<?xml version="1.0" encoding="UTF-8"?>
<!DOCTYPE html PUBLIC "-//W3C//DTD XHTML 1.0 Transitional//EN"
    "http://www.w3.org/TR/xhtml1/DTD/xhtml1-transitional.dtd">
<html xmlns="http://www.w3.org/1999/xhtml" xml:lang="en" lang="en">
 <head>
  <title>
</title>
<meta http-equiv="Content-Type" content="text/html;charset=utf-8" />
  <meta name='ocr-system' content='tesseract 3.04.00' />
  <meta name='ocr-capabilities' content='ocr_page ocr_carea ocr_par ocr_line ocrx_word'/>
</head>
<body>
  <div class='ocr_page' id='page_1' title='image "./joannisdelugodi00lugogoog_0301.png"; bbox 0 0 4263 6376; ppageno 0'>
   <div class='ocr_carea' id='block_1_1' title="bbox 1197 280 2367 354">
    <p class='ocr_par' dir='ltr' id='par_1_1' title="bbox 1197 280 2367 354">
     <span class='ocr_line' id='line_1_1' title="bbox 1197 280 2367 354; baseline -0.003 -11"><span class='ocrx_word' id='word_1_1' title='bbox 1197 282 1667 344; x_wconf 78' lang='lat' dir='ltr'>DlSPU&#39;rATto</span> <span class='ocrx_word' id='word_1_2' title='bbox 1711 281 1924 354; x_wconf 64' lang='lat' dir='ltr'>xxm,</span> <span class='ocrx_word' id='word_1_3' title='bbox 1975 280 2249 340; x_wconf 79' lang='lat' dir='ltr'>SECTlo</span> <span class='ocrx_word' id='word_1_4' title='bbox 2296 281 2367 340; x_wconf 78' lang='lat' dir='ltr'>V.</span> 
     </span>
    </p>
   </div>
   <div class='ocr_carea' id='block_1_2' title="bbox 190 456 1711 1189">
    <p class='ocr_par' dir='ltr' id='par_1_2' title="bbox 192 456 1711 614">
     <span class='ocr_line' id='line_1_2' title="bbox 192 456 1711 538; baseline -0.003 -17"><span class='ocrx_word' id='word_1_5' title='bbox 192 461 436 521; x_wconf 85' lang='lat' dir='ltr'>nultimo</span> <span class='ocrx_word' id='word_1_6' title='bbox 486 467 552 520; x_wconf 89' lang='lat' dir='ltr'>et</span> <span class='ocrx_word' id='word_1_7' title='bbox 596 461 876 521; x_wconf 76' lang='lat' dir='ltr'>Sanchez</span> <span class='ocrx_word' id='word_1_8' title='bbox 905 461 1072 520; x_wconf 89' lang='lat' dir='ltr'>dicto</span> <span class='ocrx_word' id='word_1_9' title='bbox 1105 479 1243 538; x_wconf 89' lang='lat' dir='ltr'>cap.</span> <span class='ocrx_word' id='word_1_10' title='bbox 1279 460 1407 519; x_wconf 86' lang='lat' dir='ltr'>vll.</span> <span class='ocrx_word' id='word_1_11' title='bbox 1463 456 1711 517; x_wconf 84' lang='lat' dir='ltr'>dubita-</span> 
     </span>
     <span class='ocr_line' id='line_1_3' title="bbox 192 557 406 614; baseline -0.005 0"><span class='ocrx_word' id='word_1_12' title='bbox 192 557 268 614; x_wconf 85' lang='lat' dir='ltr'>tio</span> <span class='ocrx_word' id='word_1_13' title='bbox 303 571 406 613; x_wconf 76' lang='lat' dir='ltr'>vn.</span> 
     </span>
    </p>

    <p class='ocr_par' dir='ltr' id='par_1_3' title="bbox 190 644 1711 1189">
     <span class='ocr_line' id='line_1_4' title="bbox 263 644 1710 723; baseline -0.003 -16"><span class='ocrx_word' id='word_1_14' title='bbox 263 647 593 707; x_wconf 87' lang='lat' dir='ltr'>Dubitatur</span> <span class='ocrx_word' id='word_1_15' title='bbox 619 647 801 707; x_wconf 88' lang='lat' dir='ltr'>tertio</span> <span class='ocrx_word' id='word_1_16' title='bbox 822 694 838 723; x_wconf 88' lang='lat'>,</span> <span class='ocrx_word' id='word_1_17' title='bbox 886 665 964 706; x_wconf 89' lang='lat' dir='ltr'>an</span> <span class='ocrx_word' id='word_1_18' title='bbox 1009 645 1299 706; x_wconf 82' lang='lat' dir='ltr'>venditor</span> <span class='ocrx_word' id='word_1_19' title='bbox 1336 644 1531 723; x_wconf 84' lang='lat' dir='ltr'>possit</span> <span class='ocrx_word' id='word_1_20' title='bbox 1560 662 1710 703; x_wconf 78' lang='lat' dir='ltr'>ven-</span> 
     </span>
     <span class='ocr_line' id='line_1_5' title="bbox 192 740 1710 816; baseline -0.003 -17"><span class='ocrx_word' id='word_1_21' title='bbox 192 742 325 799; x_wconf 81' lang='lat' dir='ltr'>dere</span> <span class='ocrx_word' id='word_1_22' title='bbox 359 740 636 800; x_wconf 88' lang='lat' dir='ltr'>triticum</span> <span class='ocrx_word' id='word_1_23' title='bbox 667 740 868 816; x_wconf 84' lang='lat' dir='ltr'>pretio</span> <span class='ocrx_word' id='word_1_24' title='bbox 899 744 1134 815; x_wconf 83' lang='lat' dir='ltr'>taxato,</span> <span class='ocrx_word' id='word_1_25' title='bbox 1168 758 1241 797; x_wconf 85' lang='lat' dir='ltr'>eo</span> <span class='ocrx_word' id='word_1_26' title='bbox 1275 743 1454 816; x_wconf 86' lang='lat' dir='ltr'>paeto</span> <span class='ocrx_word' id='word_1_27' title='bbox 1484 742 1550 798; x_wconf 90' lang='lat' dir='ltr'>ut</span> <span class='ocrx_word' id='word_1_28' title='bbox 1578 755 1710 795; x_wconf 89' lang='lat' dir='ltr'>em-</span> 
     </span>
     <span class='ocr_line' id='line_1_6' title="bbox 191 828 1711 911; baseline -0.003 -19"><span class='ocrx_word' id='word_1_29' title='bbox 191 839 320 911; x_wconf 80' lang='lat' dir='ltr'>ptor</span> <span class='ocrx_word' id='word_1_30' title='bbox 347 838 514 892; x_wconf 89' lang='lat' dir='ltr'>emat</span> <span class='ocrx_word' id='word_1_31' title='bbox 544 833 733 892; x_wconf 89' lang='lat' dir='ltr'>etiam</span> <span class='ocrx_word' id='word_1_32' title='bbox 765 833 844 891; x_wconf 92' lang='lat' dir='ltr'>ab</span> <span class='ocrx_word' id='word_1_33' title='bbox 873 832 1007 910; x_wconf 92' lang='lat' dir='ltr'>ipso</span> <span class='ocrx_word' id='word_1_34' title='bbox 1037 832 1274 904; x_wconf 88' lang='lat' dir='ltr'>oleum,</span> <span class='ocrx_word' id='word_1_35' title='bbox 1321 830 1417 888; x_wconf 80' lang='lat' dir='ltr'>vel</span> <span class='ocrx_word' id='word_1_36' title='bbox 1457 828 1711 889; x_wconf 78' lang='lat' dir='ltr'>vinum?</span> 
     </span>
     <span class='ocr_line' id='line_1_7' title="bbox 190 922 1708 1003; baseline -0.003 -18"><span class='ocrx_word' id='word_1_37' title='bbox 190 926 405 985; x_wconf 81' lang='lat' dir='ltr'>Melina</span> <span class='ocrx_word' id='word_1_38' title='bbox 452 925 560 984; x_wconf 90' lang='lat' dir='ltr'>ubi</span> <span class='ocrx_word' id='word_1_39' title='bbox 610 944 800 1003; x_wconf 87' lang='lat' dir='ltr'>supra</span> <span class='ocrx_word' id='word_1_40' title='bbox 828 926 886 1003; x_wconf 65' lang='grc' dir='ltr'>ἓ.</span> <span class='ocrx_word' id='word_1_41' title='bbox 925 924 1345 999; x_wconf 79' lang='lat' dir='ltr'>Qm‘triticum,</span> <span class='ocrx_word' id='word_1_42' title='bbox 1392 922 1546 982; x_wconf 80' lang='lat' dir='ltr'><strong>dixit</strong></span> <span class='ocrx_word' id='word_1_43' title='bbox 1573 941 1708 982; x_wconf 91' lang='lat' dir='ltr'>esse</span> 
     </span>
     <span class='ocr_line' id='line_1_8' title="bbox 191 1016 1710 1095; baseline -0.003 -19"><span class='ocrx_word' id='word_1_44' title='bbox 191 1024 389 1077; x_wconf 88' lang='lat' dir='ltr'>contra</span> <span class='ocrx_word' id='word_1_45' title='bbox 409 1016 745 1095; x_wconf 88' lang='lat' dir='ltr'>justitiam,</span> <span class='ocrx_word' id='word_1_46' title='bbox 779 1017 829 1076; x_wconf 91' lang='lat' dir='ltr'>si</span> <span class='ocrx_word' id='word_1_47' title='bbox 851 1018 1058 1077; x_wconf 89' lang='lat' dir='ltr'>oleum</span> <span class='ocrx_word' id='word_1_48' title='bbox 1089 1017 1188 1076; x_wconf 75' lang='lat' dir='ltr'>vel</span> <span class='ocrx_word' id='word_1_49' title='bbox 1206 1017 1418 1076; x_wconf 78' lang='lat' dir='ltr'>vinum</span> <span class='ocrx_word' id='word_1_50' title='bbox 1448 1020 1710 1091; x_wconf 81' lang='lat' dir='ltr'>cogatur</span> 
     </span>
     <span class='ocr_line' id='line_1_9' title="bbox 193 1107 1710 1189; baseline -0.001 -21"><span class='ocrx_word' id='word_1_51' title='bbox 193 1109 396 1186; x_wconf 79' lang='lat' dir='ltr'>niaj0ri</span> <span class='ocrx_word' id='word_1_52' title='bbox 428 1110 630 1187; x_wconf 88' lang='lat' dir='ltr'>pretio</span> <span class='ocrx_word' id='word_1_53' title='bbox 664 1129 902 1186; x_wconf 86' lang='lat' dir='ltr'>emere,</span> <span class='ocrx_word' id='word_1_54' title='bbox 951 1128 1140 1189; x_wconf 87' lang='lat' dir='ltr'>quam</span> <span class='ocrx_word' id='word_1_55' title='bbox 1184 1109 1458 1187; x_wconf 87' lang='lat' dir='ltr'>alioquin</span> <span class='ocrx_word' id='word_1_56' title='bbox 1491 1107 1710 1167; x_wconf 80' lang='lat' dir='ltr'>fuisset</span> 
     </span>
    </p>
   </div>
   <div class='ocr_carea' id='block_1_3' title="bbox 192 1199 1720 1281">
    <p class='ocr_par' dir='ltr' id='par_1_4' title="bbox 192 1199 1720 1281">
     <span class='ocr_line' id='line_1_10' title="bbox 192 1199 1720 1281; baseline -0.001 -22"><span class='ocrx_word' id='word_1_57' title='bbox 192 1210 533 1280; x_wconf 83' lang='lat' dir='ltr'>empturus:</span> <span class='ocrx_word' id='word_1_58' title='bbox 588 1202 859 1279; x_wconf 74' lang='lat' dir='ltr'><strong>exigitur</strong></span> <span class='ocrx_word' id='word_1_59' title='bbox 902 1204 1068 1262; x_wconf 90' lang='lat' dir='ltr'>enim</span> <span class='ocrx_word' id='word_1_60' title='bbox 1115 1203 1278 1263; x_wconf 89' lang='lat' dir='ltr'>ultra</span> <span class='ocrx_word' id='word_1_61' title='bbox 1305 1201 1574 1281; x_wconf 89' lang='lat' dir='ltr'>pretium</span> <span class='ocrx_word' id='word_1_62' title='bbox 1606 1199 1720 1261; x_wconf 85' lang='lat' dir='ltr'>tri·—</span> 
     </span>
    </p>
   </div>
   <div class='ocr_carea' id='block_1_4' title="bbox 152 1292 1710 5456">
    <p class='ocr_par' dir='ltr' id='par_1_5' title="bbox 152 1292 1710 5456">
     <span class='ocr_line' id='line_1_11' title="bbox 192 1292 1708 1374; baseline -0.003 -20"><span class='ocrx_word' id='word_1_63' title='bbox 192 1296 302 1367; x_wconf 87' lang='lat' dir='ltr'>lici,</span> <span class='ocrx_word' id='word_1_64' title='bbox 333 1296 547 1373; x_wconf 87' lang='lat' dir='ltr'>quanti</span> <span class='ocrx_word' id='word_1_65' title='bbox 579 1314 924 1374; x_wconf 78' lang='lat' dir='ltr'>gravamen</span> <span class='ocrx_word' id='word_1_66' title='bbox 954 1296 1106 1355; x_wconf 89' lang='lat' dir='ltr'>illud</span> <span class='ocrx_word' id='word_1_67' title='bbox 1139 1296 1502 1368; x_wconf 68' lang='lat' dir='ltr'>aestimatur,</span> <span class='ocrx_word' id='word_1_68' title='bbox 1540 1292 1708 1372; x_wconf 90' lang='lat' dir='ltr'>quod</span> 
     </span>
     <span class='ocr_line' id='line_1_12' title="bbox 191 1386 1703 1463; baseline -0.003 -16"><span class='ocrx_word' id='word_1_69' title='bbox 191 1388 358 1447; x_wconf 83' lang='lat' dir='ltr'>etiam</span> <span class='ocrx_word' id='word_1_70' title='bbox 397 1388 617 1447; x_wconf 87' lang='lat' dir='ltr'>dieunt</span> <span class='ocrx_word' id='word_1_71' title='bbox 647 1387 899 1448; x_wconf 86' lang='lat' dir='ltr'>Medina</span> <span class='ocrx_word' id='word_1_72' title='bbox 923 1435 938 1463; x_wconf 84' lang='lat'>‚</span> <span class='ocrx_word' id='word_1_73' title='bbox 992 1390 1342 1460; x_wconf 82' lang='lat' dir='ltr'>NavarruS,</span> <span class='ocrx_word' id='word_1_74' title='bbox 1376 1386 1703 1460; x_wconf 83' lang='lat' dir='ltr'>Ledesma,</span> 
     </span>
     <span class='ocr_line' id='line_1_13' title="bbox 193 1478 1701 1559; baseline -0.001 -20"><span class='ocrx_word' id='word_1_75' title='bbox 193 1479 403 1554; x_wconf 80' lang='lat' dir='ltr'>etalii,</span> <span class='ocrx_word' id='word_1_76' title='bbox 439 1499 599 1558; x_wconf 87' lang='lat' dir='ltr'>quos</span> <span class='ocrx_word' id='word_1_77' title='bbox 631 1482 812 1540; x_wconf 79' lang='lat' dir='ltr'>affert</span> <span class='ocrx_word' id='word_1_78' title='bbox 851 1486 912 1540; x_wconf 89' lang='lat' dir='ltr'>et</span> <span class='ocrx_word' id='word_1_79' title='bbox 941 1480 1226 1559; x_wconf 85' lang='lat' dir='ltr'>sequitur</span> <span class='ocrx_word' id='word_1_80' title='bbox 1253 1480 1429 1541; x_wconf 87' lang='lat' dir='ltr'>Salas</span> <span class='ocrx_word' id='word_1_81' title='bbox 1458 1478 1608 1537; x_wconf 84' lang='lat' dir='ltr'>dul).</span> <span class='ocrx_word' id='word_1_82' title='bbox 1643 1494 1701 1537; x_wconf 83' lang='lat' dir='ltr'>x.</span> 
     </span>
     <span class='ocr_line' id='line_1_14' title="bbox 189 1571 1707 1645; baseline -0.001 -14"><span class='ocrx_word' id='word_1_83' title='bbox 189 1572 360 1631; x_wconf 78' lang='lat' dir='ltr'>Addit</span> <span class='ocrx_word' id='word_1_84' title='bbox 387 1576 597 1631; x_wconf 84' lang='lat' dir='ltr'>tamen</span> <span class='ocrx_word' id='word_1_85' title='bbox 632 1573 810 1633; x_wconf 86' lang='lat' dir='ltr'>Salas</span> <span class='ocrx_word' id='word_1_86' title='bbox 841 1577 902 1633; x_wconf 91' lang='lat' dir='ltr'>et</span> <span class='ocrx_word' id='word_1_87' title='bbox 929 1572 1149 1634; x_wconf 88' lang='lat' dir='ltr'>merito</span> <span class='ocrx_word' id='word_1_88' title='bbox 1182 1591 1324 1632; x_wconf 87' lang='lat' dir='ltr'>cum</span> <span class='ocrx_word' id='word_1_89' title='bbox 1349 1571 1505 1645; x_wconf 86' lang='lat' dir='ltr'>aliis,</span> <span class='ocrx_word' id='word_1_90' title='bbox 1541 1571 1707 1630; x_wconf 90' lang='lat' dir='ltr'>idem</span> 
     </span>
     <span class='ocr_line' id='line_1_15' title="bbox 191 1663 1705 1742; baseline 0.001 -20"><span class='ocrx_word' id='word_1_91' title='bbox 191 1683 346 1739; x_wconf 83' lang='lat' dir='ltr'>esse,</span> <span class='ocrx_word' id='word_1_92' title='bbox 388 1664 534 1724; x_wconf 89' lang='lat' dir='ltr'>licet</span> <span class='ocrx_word' id='word_1_93' title='bbox 581 1665 792 1723; x_wconf 88' lang='lat' dir='ltr'>oleum</span> <span class='ocrx_word' id='word_1_94' title='bbox 839 1665 936 1724; x_wconf 75' lang='lat' dir='ltr'>vel</span> <span class='ocrx_word' id='word_1_95' title='bbox 985 1666 1200 1724; x_wconf 75' lang='lat' dir='ltr'>vinum</span> <span class='ocrx_word' id='word_1_96' title='bbox 1240 1664 1474 1724; x_wconf 87' lang='lat' dir='ltr'>vendat</span> <span class='ocrx_word' id='word_1_97' title='bbox 1504 1663 1705 1742; x_wconf 90' lang='lat' dir='ltr'>pretio</span> 
     </span>
     <span class='ocr_line' id='line_1_16' title="bbox 190 1756 1706 1835; baseline -0.001 -20"><span class='ocrx_word' id='word_1_98' title='bbox 190 1757 478 1827; x_wconf 88' lang='lat' dir='ltr'>currenti;</span> <span class='ocrx_word' id='word_1_99' title='bbox 514 1757 569 1815; x_wconf 89' lang='lat' dir='ltr'>si</span> <span class='ocrx_word' id='word_1_100' title='bbox 599 1762 812 1817; x_wconf 87' lang='lat' dir='ltr'>tamen</span> <span class='ocrx_word' id='word_1_101' title='bbox 845 1762 1092 1835; x_wconf 78' lang='lat' dir='ltr'>emptor</span> <span class='ocrx_word' id='word_1_102' title='bbox 1136 1758 1215 1816; x_wconf 85' lang='lat' dir='ltr'>ob</span> <span class='ocrx_word' id='word_1_103' title='bbox 1266 1756 1706 1816; x_wconf 83' lang='lat' dir='ltr'>necessitatem</span> 
     </span>
     <span class='ocr_line' id='line_1_17' title="bbox 193 1848 1706 1928; baseline -0.001 -19"><span class='ocrx_word' id='word_1_104' title='bbox 193 1849 359 1910; x_wconf 86' lang='lat' dir='ltr'>tritici</span> <span class='ocrx_word' id='word_1_105' title='bbox 389 1855 659 1927; x_wconf 79' lang='lat' dir='ltr'>cogatur</span> <span class='ocrx_word' id='word_1_106' title='bbox 700 1868 906 1909; x_wconf 80' lang='lat' dir='ltr'>emere</span> <span class='ocrx_word' id='word_1_107' title='bbox 954 1850 1077 1910; x_wconf 88' lang='lat' dir='ltr'>alia</span> <span class='ocrx_word' id='word_1_108' title='bbox 1127 1850 1353 1928; x_wconf 80' lang='lat' dir='ltr'>quibus</span> <span class='ocrx_word' id='word_1_109' title='bbox 1395 1868 1520 1908; x_wconf 88' lang='lat' dir='ltr'>non</span> <span class='ocrx_word' id='word_1_110' title='bbox 1551 1848 1706 1907; x_wconf 88' lang='lat' dir='ltr'>indi-</span> 
     </span>
     <span class='ocr_line' id='line_1_18' title="bbox 191 1941 1706 2020; baseline -0.001 -20"><span class='ocrx_word' id='word_1_111' title='bbox 191 1950 304 2018; x_wconf 76' lang='lat' dir='ltr'>get,</span> <span class='ocrx_word' id='word_1_112' title='bbox 336 1943 429 2001; x_wconf 64' lang='lat' dir='ltr'>vel</span> <span class='ocrx_word' id='word_1_113' title='bbox 459 1961 605 2020; x_wconf 82' lang='lat' dir='ltr'>quae</span> <span class='ocrx_word' id='word_1_114' title='bbox 637 1942 863 2001; x_wconf 88' lang='lat' dir='ltr'>eodem</span> <span class='ocrx_word' id='word_1_115' title='bbox 908 1943 1098 2003; x_wconf 82' lang='lat' dir='ltr'>etiam</span> <span class='ocrx_word' id='word_1_116' title='bbox 1129 1943 1328 2020; x_wconf 84' lang='lat' dir='ltr'>pretio</span> <span class='ocrx_word' id='word_1_117' title='bbox 1360 1948 1598 2002; x_wconf 88' lang='lat' dir='ltr'>emeret</span> <span class='ocrx_word' id='word_1_118' title='bbox 1627 1941 1706 2000; x_wconf 85' lang='lat' dir='ltr'>ab</span> 
     </span>
     <span class='ocr_line' id='line_1_19' title="bbox 193 2034 1706 2116; baseline 0.002 -25"><span class='ocrx_word' id='word_1_119' title='bbox 193 2035 298 2093; x_wconf 85' lang='lat' dir='ltr'>alio</span> <span class='ocrx_word' id='word_1_120' title='bbox 325 2082 340 2108; x_wconf 89' lang='lat'>,</span> <span class='ocrx_word' id='word_1_121' title='bbox 397 2036 505 2093; x_wconf 85' lang='lat' dir='ltr'>sed</span> <span class='ocrx_word' id='word_1_122' title='bbox 563 2036 959 2097; x_wconf 83' lang='lat' dir='ltr'>conciliando</span> <span class='ocrx_word' id='word_1_123' title='bbox 1007 2037 1122 2095; x_wconf 85' lang='lat' dir='ltr'>sibi</span> <span class='ocrx_word' id='word_1_124' title='bbox 1155 2036 1422 2116; x_wconf 79' lang='lat' dir='ltr'>gratiam</span> <span class='ocrx_word' id='word_1_125' title='bbox 1451 2034 1706 2095; x_wconf 87' lang='lat' dir='ltr'>alterius</span> 
     </span>
     <span class='ocr_line' id='line_1_20' title="bbox 191 2128 1705 2206; baseline 0.003 -24"><span class='ocrx_word' id='word_1_126' title='bbox 191 2128 563 2188; x_wconf 75' lang='lat' dir='ltr'>venditoris:</span> <span class='ocrx_word' id='word_1_127' title='bbox 619 2147 868 2206; x_wconf 80' lang='lat' dir='ltr'>semper</span> <span class='ocrx_word' id='word_1_128' title='bbox 911 2128 1076 2189; x_wconf 89' lang='lat' dir='ltr'>enim</span> <span class='ocrx_word' id='word_1_129' title='bbox 1124 2134 1217 2189; x_wconf 89' lang='lat' dir='ltr'>est</span> <span class='ocrx_word' id='word_1_130' title='bbox 1272 2128 1705 2188; x_wconf 67' lang='lat' dir='ltr'>{estimandum</span> 
     </span>
     <span class='ocr_line' id='line_1_21' title="bbox 190 2220 1706 2298; baseline 0.001 -21"><span class='ocrx_word' id='word_1_131' title='bbox 190 2238 504 2294; x_wconf 68' lang='lat' dir='ltr'>gravamen</span> <span class='ocrx_word' id='word_1_132' title='bbox 535 2220 693 2280; x_wconf 89' lang='lat' dir='ltr'>illud</span> <span class='ocrx_word' id='word_1_133' title='bbox 727 2226 787 2278; x_wconf 89' lang='lat' dir='ltr'>et</span> <span class='ocrx_word' id='word_1_134' title='bbox 829 2220 905 2279; x_wconf 90' lang='lat' dir='ltr'>de</span> <span class='ocrx_word' id='word_1_135' title='bbox 935 2221 1135 2298; x_wconf 90' lang='lat' dir='ltr'>pretio</span> <span class='ocrx_word' id='word_1_136' title='bbox 1168 2221 1351 2281; x_wconf 86' lang='lat' dir='ltr'>tritici</span> <span class='ocrx_word' id='word_1_137' title='bbox 1375 2220 1706 2281; x_wconf 87' lang='lat' dir='ltr'>detrahen-</span> 
     </span>
     <span class='ocr_line' id='line_1_22' title="bbox 192 2312 1710 2391; baseline 0.003 -22"><span class='ocrx_word' id='word_1_138' title='bbox 192 2312 322 2370; x_wconf 85' lang='lat' dir='ltr'>dum</span> <span class='ocrx_word' id='word_1_139' title='bbox 375 2313 545 2371; x_wconf 86' lang='lat' dir='ltr'>Idem</span> <span class='ocrx_word' id='word_1_140' title='bbox 574 2314 768 2373; x_wconf 87' lang='lat' dir='ltr'>etiam</span> <span class='ocrx_word' id='word_1_141' title='bbox 798 2318 892 2374; x_wconf 89' lang='lat' dir='ltr'>est</span> <span class='ocrx_word' id='word_1_142' title='bbox 921 2314 1173 2391; x_wconf 82' lang='lat' dir='ltr'>quando</span> <span class='ocrx_word' id='word_1_143' title='bbox 1207 2314 1495 2374; x_wconf 84' lang='lat' dir='ltr'>venditor</span> <span class='ocrx_word' id='word_1_144' title='bbox 1524 2314 1710 2373; x_wconf 74' lang='lat' dir='ltr'>vellet</span> 
     </span>
     <span class='ocr_line' id='line_1_23' title="bbox 192 2404 1707 2485; baseline 0.003 -23"><span class='ocrx_word' id='word_1_145' title='bbox 192 2404 339 2483; x_wconf 85' lang='lat' dir='ltr'>quod</span> <span class='ocrx_word' id='word_1_146' title='bbox 367 2404 641 2483; x_wconf 87' lang='lat' dir='ltr'>pretium</span> <span class='ocrx_word' id='word_1_147' title='bbox 669 2406 856 2465; x_wconf 87' lang='lat' dir='ltr'>tritici</span> <span class='ocrx_word' id='word_1_148' title='bbox 889 2405 1006 2465; x_wconf 87' lang='lat' dir='ltr'>sibi</span> <span class='ocrx_word' id='word_1_149' title='bbox 1038 2425 1159 2465; x_wconf 91' lang='lat' dir='ltr'>non</span> <span class='ocrx_word' id='word_1_150' title='bbox 1192 2406 1254 2464; x_wconf 91' lang='lat' dir='ltr'>in</span> <span class='ocrx_word' id='word_1_151' title='bbox 1275 2406 1561 2485; x_wconf 81' lang='lat' dir='ltr'>pecunia,</span> <span class='ocrx_word' id='word_1_152' title='bbox 1597 2406 1707 2466; x_wconf 88' lang='grc'>5011</span> 
     </span>
     <span class='ocr_line' id='line_1_24' title="bbox 193 2497 1710 2577; baseline 0.003 -24"><span class='ocrx_word' id='word_1_153' title='bbox 193 2497 243 2554; x_wconf 91' lang='lat' dir='ltr'>in</span> <span class='ocrx_word' id='word_1_154' title='bbox 273 2498 396 2556; x_wconf 90' lang='lat' dir='ltr'>oleo</span> <span class='ocrx_word' id='word_1_155' title='bbox 427 2497 523 2556; x_wconf 79' lang='lat' dir='ltr'>vel</span> <span class='ocrx_word' id='word_1_156' title='bbox 558 2498 707 2557; x_wconf 75' lang='lat' dir='ltr'>vino</span> <span class='ocrx_word' id='word_1_157' title='bbox 727 2498 806 2556; x_wconf 87' lang='lat' dir='ltr'>ab</span> <span class='ocrx_word' id='word_1_158' title='bbox 829 2503 1110 2576; x_wconf 77' lang='lat' dir='ltr'>emptore</span> <span class='ocrx_word' id='word_1_159' title='bbox 1135 2499 1527 2574; x_wconf 73' lang='lat' dir='ltr'>redderetur,</span> <span class='ocrx_word' id='word_1_160' title='bbox 1556 2518 1710 2577; x_wconf 74' lang='grc'>11110-</span> 
     </span>
     <span class='ocr_line' id='line_1_25' title="bbox 190 2590 1705 2670; baseline 0.001 -21"><span class='ocrx_word' id='word_1_161' title='bbox 190 2590 377 2650; x_wconf 78' lang='lat' dir='ltr'>seitim</span> <span class='ocrx_word' id='word_1_162' title='bbox 397 2590 443 2649; x_wconf 88' lang='lat' dir='ltr'>si</span> <span class='ocrx_word' id='word_1_163' title='bbox 466 2590 700 2651; x_wconf 79' lang='lat' dir='ltr'>minori</span> <span class='ocrx_word' id='word_1_164' title='bbox 719 2591 918 2668; x_wconf 84' lang='lat' dir='ltr'>pretio</span> <span class='ocrx_word' id='word_1_165' title='bbox 937 2609 1125 2670; x_wconf 87' lang='lat' dir='ltr'>quam</span> <span class='ocrx_word' id='word_1_166' title='bbox 1143 2592 1325 2652; x_wconf 78' lang='lat' dir='ltr'>vendi</span> <span class='ocrx_word' id='word_1_167' title='bbox 1337 2591 1533 2670; x_wconf 78' lang='lat' dir='ltr'>possit</span> <span class='ocrx_word' id='word_1_168' title='bbox 1547 2591 1705 2668; x_wconf 76' lang='lat' dir='ltr'>aliis,</span> 
     </span>
     <span class='ocr_line' id='line_1_26' title="bbox 190 2682 1706 2762; baseline 0.003 -22"><span class='ocrx_word' id='word_1_169' title='bbox 190 2682 511 2762; x_wconf 74' lang='lat' dir='ltr'>etdenique</span> <span class='ocrx_word' id='word_1_170' title='bbox 544 2700 947 2761; x_wconf 81' lang='lat' dir='ltr'>quocumque</span> <span class='ocrx_word' id='word_1_171' title='bbox 984 2684 1277 2762; x_wconf 65' lang='lat' dir='ltr'>emptoris</span> <span class='ocrx_word' id='word_1_172' title='bbox 1313 2684 1706 2744; x_wconf 84' lang='lat' dir='ltr'>incommodo</span> 
     </span>
     <span class='ocr_line' id='line_1_27' title="bbox 192 2774 1555 2855; baseline 0.004 -23"><span class='ocrx_word' id='word_1_173' title='bbox 192 2774 600 2834; x_wconf 70' lang='lat' dir='ltr'>consider-abili</span> <span class='ocrx_word' id='word_1_174' title='bbox 635 2794 975 2852; x_wconf 77' lang='lat' dir='ltr'>gravamen</span> <span class='ocrx_word' id='word_1_175' title='bbox 1000 2776 1150 2836; x_wconf 88' lang='lat' dir='ltr'>illud</span> <span class='ocrx_word' id='word_1_176' title='bbox 1173 2777 1555 2855; x_wconf 85' lang='lat' dir='ltr'>imponatur.</span> 
     </span>
     <span class='ocr_line' id='line_1_28' title="bbox 261 2868 1708 2947; baseline 0.003 -21"><span class='ocrx_word' id='word_1_177' title='bbox 261 2868 578 2928; x_wconf 85' lang='lat' dir='ltr'>Dubitatur</span> <span class='ocrx_word' id='word_1_178' title='bbox 611 2874 863 2947; x_wconf 84' lang='lat' dir='ltr'>quarte,</span> <span class='ocrx_word' id='word_1_179' title='bbox 897 2887 978 2927; x_wconf 90' lang='lat' dir='ltr'>an</span> <span class='ocrx_word' id='word_1_180' title='bbox 1009 2869 1057 2928; x_wconf 88' lang='lat' dir='ltr'>si</span> <span class='ocrx_word' id='word_1_181' title='bbox 1094 2869 1366 2931; x_wconf 87' lang='lat' dir='ltr'>triticum</span> <span class='ocrx_word' id='word_1_182' title='bbox 1394 2870 1708 2931; x_wconf 87' lang='lat' dir='ltr'>sitmelius</span> 
     </span>
     <span class='ocr_line' id='line_1_29' title="bbox 196 2960 1706 3040; baseline 0.004 -23"><span class='ocrx_word' id='word_1_183' title='bbox 196 2978 357 3039; x_wconf 82' lang='lat' dir='ltr'>quam</span> <span class='ocrx_word' id='word_1_184' title='bbox 385 2960 533 3019; x_wconf 88' lang='lat' dir='ltr'>illud</span> <span class='ocrx_word' id='word_1_185' title='bbox 570 2961 744 3040; x_wconf 82' lang='lat' dir='ltr'>quod</span> <span class='ocrx_word' id='word_1_186' title='bbox 787 2962 1205 3022; x_wconf 88' lang='lat' dir='ltr'>communiter</span> <span class='ocrx_word' id='word_1_187' title='bbox 1246 2962 1447 3040; x_wconf 87' lang='lat' dir='ltr'>pretio</span> <span class='ocrx_word' id='word_1_188' title='bbox 1497 2968 1706 3023; x_wconf 79' lang='lat' dir='ltr'>taxato</span> 
     </span>
     <span class='ocr_line' id='line_1_30' title="bbox 196 3052 1708 3133; baseline 0.003 -24"><span class='ocrx_word' id='word_1_189' title='bbox 196 3053 357 3111; x_wconf 74' lang='lat' dir='ltr'>vendi</span> <span class='ocrx_word' id='word_1_190' title='bbox 394 3052 571 3126; x_wconf 88' lang='lat' dir='ltr'>solet,</span> <span class='ocrx_word' id='word_1_191' title='bbox 630 3053 824 3132; x_wconf 80' lang='lat' dir='ltr'>possit</span> <span class='ocrx_word' id='word_1_192' title='bbox 853 3054 1145 3114; x_wconf 79' lang='lat' dir='ltr'>venditor</span> <span class='ocrx_word' id='word_1_193' title='bbox 1173 3073 1285 3133; x_wconf 91' lang='lat' dir='ltr'>pro</span> <span class='ocrx_word' id='word_1_194' title='bbox 1316 3054 1420 3114; x_wconf 89' lang='lat' dir='ltr'>illo</span> <span class='ocrx_word' id='word_1_195' title='bbox 1452 3074 1708 3116; x_wconf 78' lang='lat' dir='ltr'>excessu</span> 
     </span>
     <span class='ocr_line' id='line_1_31' title="bbox 153 3145 1706 3227; baseline 0.003 -24"><span class='ocrx_word' id='word_1_196' title='bbox 153 3217 155 3222; x_wconf 10' lang='lat' dir='ltr'>y</span> <span class='ocrx_word' id='word_1_197' title='bbox 195 3145 245 3204; x_wconf 86' lang='lat' dir='ltr'>in</span> <span class='ocrx_word' id='word_1_198' title='bbox 275 3145 538 3208; x_wconf 87' lang='lat' dir='ltr'>bonitate</span> <span class='ocrx_word' id='word_1_199' title='bbox 571 3147 919 3207; x_wconf 84' lang='lat' dir='ltr'>ascendere</span> <span class='ocrx_word' id='word_1_200' title='bbox 952 3146 1014 3207; x_wconf 89' lang='lat' dir='ltr'>in</span> <span class='ocrx_word' id='word_1_201' title='bbox 1043 3148 1244 3227; x_wconf 87' lang='lat' dir='ltr'>pretio</span> <span class='ocrx_word' id='word_1_202' title='bbox 1281 3167 1293 3209; x_wconf 90' lang='lat'><strong>:</strong></span> <span class='ocrx_word' id='word_1_203' title='bbox 1342 3149 1509 3227; x_wconf 88' lang='lat' dir='ltr'>quod</span> <span class='ocrx_word' id='word_1_204' title='bbox 1541 3149 1706 3208; x_wconf 88' lang='lat' dir='ltr'>idem</span> 
     </span>
     <span class='ocr_line' id='line_1_32' title="bbox 153 3238 1706 3322; baseline 0.005 -26"><span class='ocrx_word' id='word_1_205' title='bbox 153 3271 154 3274; x_wconf 61' lang='lat'><em>=</em></span> <span class='ocrx_word' id='word_1_206' title='bbox 195 3238 260 3296; x_wconf 88' lang='lat' dir='ltr'>de</span> <span class='ocrx_word' id='word_1_207' title='bbox 310 3240 439 3299; x_wconf 83' lang='lat' dir='ltr'>aliis</span> <span class='ocrx_word' id='word_1_208' title='bbox 495 3240 849 3313; x_wconf 88' lang='lat' dir='ltr'>mercibus;</span> <span class='ocrx_word' id='word_1_209' title='bbox 924 3260 1190 3320; x_wconf 90' lang='lat' dir='ltr'>quarum</span> <span class='ocrx_word' id='word_1_210' title='bbox 1246 3244 1514 3320; x_wconf 85' lang='lat' dir='ltr'>pretium</span> <span class='ocrx_word' id='word_1_211' title='bbox 1569 3244 1706 3322; x_wconf 81' lang='lat' dir='ltr'>lege</span> 
     </span>
     <span class='ocr_line' id='line_1_33' title="bbox 152 3333 1706 3412; baseline 0.006 -25"><span class='ocrx_word' id='word_1_212' title='bbox 152 3367 156 3386; x_wconf 87' lang='lat'>.</span> <span class='ocrx_word' id='word_1_213' title='bbox 193 3337 442 3391; x_wconf 66' lang='lat' dir='ltr'>matum</span> <span class='ocrx_word' id='word_1_214' title='bbox 473 3339 604 3407; x_wconf 88' lang='lat' dir='ltr'>est,</span> <span class='ocrx_word' id='word_1_215' title='bbox 644 3333 841 3411; x_wconf 81' lang='lat' dir='ltr'>quaeri</span> <span class='ocrx_word' id='word_1_216' title='bbox 871 3338 1096 3411; x_wconf 86' lang='lat' dir='ltr'>potest.</span> <span class='ocrx_word' id='word_1_217' title='bbox 1152 3337 1352 3412; x_wconf 84' lang='lat' dir='ltr'>Negat</span> <span class='ocrx_word' id='word_1_218' title='bbox 1396 3335 1706 3396; x_wconf 82' lang='lat' dir='ltr'>universa-</span> 
     </span>
     <span class='ocr_line' id='line_1_34' title="bbox 194 3423 1708 3491; baseline 0.007 -11"><span class='ocrx_word' id='word_1_219' title='bbox 194 3423 314 3483; x_wconf 60' lang='lat' dir='ltr'>liter</span> <span class='ocrx_word' id='word_1_220' title='bbox 339 3426 510 3485; x_wconf 86' lang='lat' dir='ltr'>Salas</span> <span class='ocrx_word' id='word_1_221' title='bbox 541 3425 698 3485; x_wconf 90' lang='lat' dir='ltr'>dub.</span> <span class='ocrx_word' id='word_1_222' title='bbox 733 3441 847 3487; x_wconf 82' lang='lat' dir='ltr'>xn.</span> <span class='ocrx_word' id='word_1_223' title='bbox 882 3445 1053 3487; x_wconf 90' lang='lat' dir='ltr'>num.</span> <span class='ocrx_word' id='word_1_224' title='bbox 1093 3429 1186 3488; x_wconf 81' lang='lat'>10.</span> <span class='ocrx_word' id='word_1_225' title='bbox 1224 3428 1469 3488; x_wconf 87' lang='lat' dir='ltr'>etiamsi</span> <span class='ocrx_word' id='word_1_226' title='bbox 1498 3447 1596 3488; x_wconf 86' lang='lat' dir='ltr'>res</span> <span class='ocrx_word' id='word_1_227' title='bbox 1627 3430 1708 3491; x_wconf 91' lang='lat' dir='ltr'>sit</span> 
     </span>
     <span class='ocr_line' id='line_1_35' title="bbox 195 3517 1705 3597; baseline 0.007 -24"><span class='ocrx_word' id='word_1_228' title='bbox 195 3517 520 3578; x_wconf 76' lang='lat' dir='ltr'>notabiliter</span> <span class='ocrx_word' id='word_1_229' title='bbox 546 3518 780 3578; x_wconf 89' lang='lat' dir='ltr'>melior</span> <span class='ocrx_word' id='word_1_230' title='bbox 809 3518 946 3579; x_wconf 86' lang='lat' dir='ltr'>aliis</span> <span class='ocrx_word' id='word_1_231' title='bbox 975 3538 1114 3597; x_wconf 83' lang='lat' dir='ltr'>quae</span> <span class='ocrx_word' id='word_1_232' title='bbox 1155 3521 1573 3582; x_wconf 89' lang='lat' dir='ltr'>communiter</span> <span class='ocrx_word' id='word_1_233' title='bbox 1602 3522 1705 3583; x_wconf 92' lang='lat' dir='ltr'>illo</span> 
     </span>
     <span class='ocr_line' id='line_1_36' title="bbox 194 3610 1704 3693; baseline 0.005 -26"><span class='ocrx_word' id='word_1_234' title='bbox 194 3610 366 3684; x_wconf 84' lang='lat' dir='ltr'>pretio</span> <span class='ocrx_word' id='word_1_235' title='bbox 395 3612 777 3671; x_wconf 75' lang='lat' dir='ltr'>venduntur.</span> <span class='ocrx_word' id='word_1_236' title='bbox 823 3612 940 3672; x_wconf 88' lang='lat' dir='ltr'>Alii</span> <span class='ocrx_word' id='word_1_237' title='bbox 973 3612 1225 3681; x_wconf 78' lang='lat' dir='ltr'>dicunt:</span> <span class='ocrx_word' id='word_1_238' title='bbox 1275 3614 1337 3674; x_wconf 92' lang='lat' dir='ltr'>id</span> <span class='ocrx_word' id='word_1_239' title='bbox 1367 3633 1492 3674; x_wconf 87' lang='lat' dir='ltr'>non</span> <span class='ocrx_word' id='word_1_240' title='bbox 1522 3633 1704 3693; x_wconf 87' lang='lat' dir='ltr'>posse</span> 
     </span>
     <span class='ocr_line' id='line_1_37' title="bbox 194 3699 1703 3775; baseline 0.007 -18"><span class='ocrx_word' id='word_1_241' title='bbox 194 3699 307 3760; x_wconf 87' lang='lat' dir='ltr'>fieri</span> <span class='ocrx_word' id='word_1_242' title='bbox 327 3749 340 3775; x_wconf 88' lang='lat'>,</span> <span class='ocrx_word' id='word_1_243' title='bbox 373 3703 484 3762; x_wconf 90' lang='lat' dir='ltr'>nisi</span> <span class='ocrx_word' id='word_1_244' title='bbox 515 3723 620 3764; x_wconf 89' lang='lat' dir='ltr'>res</span> <span class='ocrx_word' id='word_1_245' title='bbox 648 3705 729 3763; x_wconf 89' lang='lat' dir='ltr'>sit</span> <span class='ocrx_word' id='word_1_246' title='bbox 757 3703 1115 3765; x_wconf 77' lang='lat' dir='ltr'>notabiliter</span> <span class='ocrx_word' id='word_1_247' title='bbox 1143 3705 1382 3766; x_wconf 89' lang='lat' dir='ltr'>melior.</span> <span class='ocrx_word' id='word_1_248' title='bbox 1436 3708 1526 3767; x_wconf 86' lang='lat' dir='ltr'>Ita</span> <span class='ocrx_word' id='word_1_249' title='bbox 1556 3708 1703 3769; x_wconf 87' lang='lat' dir='ltr'>Mol.</span> 
     </span>
     <span class='ocr_line' id='line_1_38' title="bbox 196 3792 1702 3878; baseline 0.007 -28"><span class='ocrx_word' id='word_1_250' title='bbox 196 3792 402 3872; x_wconf 87' lang='lat' dir='ltr'>disput.</span> <span class='ocrx_word' id='word_1_251' title='bbox 440 3799 579 3857; x_wconf 75' lang='lat'><strong>364.</strong></span> <span class='ocrx_word' id='word_1_252' title='bbox 645 3797 702 3874; x_wconf 66' lang='grc' dir='ltr'>ἓ.</span> <span class='ocrx_word' id='word_1_253' title='bbox 730 3796 923 3876; x_wconf 75' lang='lat' dir='ltr'>posito</span> <span class='ocrx_word' id='word_1_254' title='bbox 952 3796 1273 3857; x_wconf 70' lang='lat' dir='ltr'>taxationis</span> <span class='ocrx_word' id='word_1_255' title='bbox 1331 3799 1460 3878; x_wconf 88' lang='lat' dir='ltr'>(qui</span> <span class='ocrx_word' id='word_1_256' title='bbox 1490 3804 1702 3861; x_wconf 86' lang='lat' dir='ltr'>tamen</span> 
     </span>
     <span class='ocr_line' id='line_1_39' title="bbox 194 3884 1706 3969; baseline 0.007 -28"><span class='ocrx_word' id='word_1_257' title='bbox 194 3884 319 3944; x_wconf 84' lang='lat' dir='ltr'>dicit</span> <span class='ocrx_word' id='word_1_258' title='bbox 363 3907 500 3947; x_wconf 88' lang='lat' dir='ltr'>raro</span> <span class='ocrx_word' id='word_1_259' title='bbox 552 3889 615 3947; x_wconf 89' lang='lat' dir='ltr'>id</span> <span class='ocrx_word' id='word_1_260' title='bbox 651 3889 713 3947; x_wconf 80' lang='lat' dir='ltr'>in</span> <span class='ocrx_word' id='word_1_261' title='bbox 743 3888 951 3949; x_wconf 79' lang='lat' dir='ltr'>tritico</span> <span class='ocrx_word' id='word_1_262' title='bbox 983 3889 1363 3968; x_wconf 85' lang='lat' dir='ltr'>contingere)</span> <span class='ocrx_word' id='word_1_263' title='bbox 1420 3892 1706 3969; x_wconf 81' lang='lat' dir='ltr'>lteginal·</span> 
     </span>
     <span class='ocr_line' id='line_1_40' title="bbox 194 3976 1698 4060; baseline 0.007 -25"><span class='ocrx_word' id='word_1_264' title='bbox 194 3976 290 4037; x_wconf 86' lang='lat' dir='ltr'>dus</span> <span class='ocrx_word' id='word_1_265' title='bbox 326 3980 428 4041; x_wconf 90' lang='lat' dir='ltr'>lib.</span> <span class='ocrx_word' id='word_1_266' title='bbox 461 3983 658 4042; x_wconf 83' lang='lat' dir='ltr'><strong>XXV.</strong></span> <span class='ocrx_word' id='word_1_267' title='bbox 711 3999 850 4060; x_wconf 83' lang='lat' dir='ltr'>cap.</span> <span class='ocrx_word' id='word_1_268' title='bbox 888 3998 1016 4042; x_wconf 69' lang='lat' dir='ltr'>xvi.</span> <span class='ocrx_word' id='word_1_269' title='bbox 1064 3989 1216 4043; x_wconf 89' lang='lat' dir='ltr'>sect.</span> <span class='ocrx_word' id='word_1_270' title='bbox 1251 3986 1310 4043; x_wconf 87' lang='lat'>3.</span> <span class='ocrx_word' id='word_1_271' title='bbox 1355 4002 1525 4044; x_wconf 89' lang='lat' dir='ltr'>num.</span> <span class='ocrx_word' id='word_1_272' title='bbox 1559 3988 1698 4045; x_wconf 76' lang='lat'><strong>284.</strong></span> 
     </span>
     <span class='ocr_line' id='line_1_41' title="bbox 193 4070 1705 4141; baseline 0.006 -12"><span class='ocrx_word' id='word_1_273' title='bbox 193 4070 362 4131; x_wconf 86' lang='lat' dir='ltr'>Diana</span> <span class='ocrx_word' id='word_1_274' title='bbox 391 4085 539 4134; x_wconf 84' lang='lat' dir='ltr'>tom.</span> <span class='ocrx_word' id='word_1_275' title='bbox 573 4090 596 4133; x_wconf 93' lang='lat'>1</span> <span class='ocrx_word' id='word_1_276' title='bbox 655 4077 838 4134; x_wconf 85' lang='lat' dir='ltr'>tract.</span> <span class='ocrx_word' id='word_1_277' title='bbox 873 4073 942 4133; x_wconf 80' lang='lat' dir='ltr'>de</span> <span class='ocrx_word' id='word_1_278' title='bbox 962 4083 1244 4136; x_wconf 70' lang='lat' dir='ltr'>contrat-t,</span> <span class='ocrx_word' id='word_1_279' title='bbox 1292 4075 1475 4137; x_wconf 89' lang='lat' dir='ltr'>resol.</span> <span class='ocrx_word' id='word_1_280' title='bbox 1508 4080 1608 4141; x_wconf 72' lang='lat'>52.</span> <span class='ocrx_word' id='word_1_281' title='bbox 1643 4084 1705 4138; x_wconf 90' lang='lat' dir='ltr'>et</span> 
     </span>
     <span class='ocr_line' id='line_1_42' title="bbox 194 4164 1702 4241; baseline 0.008 -23"><span class='ocrx_word' id='word_1_282' title='bbox 194 4180 513 4241; x_wconf 80' lang='lat' dir='ltr'>supponere</span> <span class='ocrx_word' id='word_1_283' title='bbox 563 4164 817 4226; x_wconf 72' lang='lat' dir='ltr'>videtur</span> <span class='ocrx_word' id='word_1_284' title='bbox 861 4166 1177 4227; x_wconf 86' lang='lat' dir='ltr'>Filliucius</span> <span class='ocrx_word' id='word_1_285' title='bbox 1228 4172 1288 4227; x_wconf 86' lang='lat' dir='ltr'>et</span> <span class='ocrx_word' id='word_1_286' title='bbox 1340 4169 1702 4230; x_wconf 88' lang='lat' dir='ltr'>Fernandez</span> 
     </span>
     <span class='ocr_line' id='line_1_43' title="bbox 193 4256 1701 4331; baseline 0.009 -20"><span class='ocrx_word' id='word_1_287' title='bbox 193 4256 335 4331; x_wconf 83' lang='lat' dir='ltr'>apud</span> <span class='ocrx_word' id='word_1_288' title='bbox 365 4258 658 4318; x_wconf 86' lang='lat' dir='ltr'>eumdem</span> <span class='ocrx_word' id='word_1_289' title='bbox 680 4257 942 4319; x_wconf 80' lang='lat' dir='ltr'>Dianam</span> <span class='ocrx_word' id='word_1_290' title='bbox 974 4259 1156 4319; x_wconf 87' lang='lat' dir='ltr'>resol.</span> <span class='ocrx_word' id='word_1_291' title='bbox 1183 4264 1281 4320; x_wconf 80' lang='lat'>35.</span> <span class='ocrx_word' id='word_1_292' title='bbox 1319 4261 1469 4321; x_wconf 89' lang='lat' dir='ltr'>dum</span> <span class='ocrx_word' id='word_1_293' title='bbox 1498 4264 1701 4324; x_wconf 85' lang='lat' dir='ltr'>solum</span> 
     </span>
     <span class='ocr_line' id='line_1_44' title="bbox 197 4350 1703 4430; baseline 0.007 -26"><span class='ocrx_word' id='word_1_294' title='bbox 197 4355 400 4425; x_wconf 76' lang='lat' dir='ltr'>negant</span> <span class='ocrx_word' id='word_1_295' title='bbox 426 4350 487 4410; x_wconf 90' lang='lat' dir='ltr'>id</span> <span class='ocrx_word' id='word_1_296' title='bbox 518 4351 734 4427; x_wconf 87' lang='lat' dir='ltr'>licere,</span> <span class='ocrx_word' id='word_1_297' title='bbox 768 4351 1019 4430; x_wconf 86' lang='lat' dir='ltr'>quando</span> <span class='ocrx_word' id='word_1_298' title='bbox 1049 4353 1335 4414; x_wconf 86' lang='lat' dir='ltr'>modicus</span> <span class='ocrx_word' id='word_1_299' title='bbox 1367 4359 1459 4414; x_wconf 78' lang='lat' dir='ltr'>est</span> <span class='ocrx_word' id='word_1_300' title='bbox 1489 4373 1703 4415; x_wconf 80' lang='lat' dir='ltr'>exces-</span> 
     </span>
     <span class='ocr_line' id='line_1_45' title="bbox 194 4433 1694 4525; baseline 0.008 -30"><span class='ocrx_word' id='word_1_301' title='bbox 194 4457 280 4498; x_wconf 84' lang='lat' dir='ltr'>sus</span> <span class='ocrx_word' id='word_1_302' title='bbox 305 4442 358 4500; x_wconf 88' lang='lat' dir='ltr'>in</span> <span class='ocrx_word' id='word_1_303' title='bbox 388 4433 694 4505; x_wconf 87' lang='lat' dir='ltr'>bonitate.</span> <span class='ocrx_word' id='word_1_304' title='bbox 747 4445 823 4504; x_wconf 87' lang='lat' dir='ltr'>Et</span> <span class='ocrx_word' id='word_1_305' title='bbox 862 4444 1016 4504; x_wconf 87' lang='lat' dir='ltr'>mihi</span> <span class='ocrx_word' id='word_1_306' title='bbox 1059 4445 1247 4506; x_wconf 87' lang='lat' dir='ltr'>ctiam</span> <span class='ocrx_word' id='word_1_307' title='bbox 1287 4445 1406 4507; x_wconf 88' lang='grc'>1100</span> <span class='ocrx_word' id='word_1_308' title='bbox 1447 4447 1694 4525; x_wconf 87' lang='lat' dir='ltr'>placet:</span> 
     </span>
     <span class='ocr_line' id='line_1_46' title="bbox 193 4532 1702 4620; baseline 0.008 -31"><span class='ocrx_word' id='word_1_309' title='bbox 193 4532 314 4608; x_wconf 83' lang='lat' dir='ltr'>quia</span> <span class='ocrx_word' id='word_1_310' title='bbox 343 4535 480 4597; x_wconf 87' lang='lat' dir='ltr'>licet</span> <span class='ocrx_word' id='word_1_311' title='bbox 507 4543 655 4598; x_wconf 68' lang='lat' dir='ltr'>taxa</span> <span class='ocrx_word' id='word_1_312' title='bbox 687 4537 1120 4599; x_wconf 74' lang='lat' dir='ltr'>universaliter</span> <span class='ocrx_word' id='word_1_313' title='bbox 1149 4540 1290 4615; x_wconf 87' lang='lat' dir='ltr'>fiat,</span> <span class='ocrx_word' id='word_1_314' title='bbox 1339 4545 1402 4601; x_wconf 90' lang='lat' dir='ltr'>et</span> <span class='ocrx_word' id='word_1_315' title='bbox 1446 4547 1702 4620; x_wconf 89' lang='lat' dir='ltr'>propter</span> 
     </span>
     <span class='ocr_line' id='line_1_47' title="bbox 192 4630 1700 4710; baseline 0.008 -29"><span class='ocrx_word' id='word_1_316' title='bbox 192 4642 491 4688; x_wconf 86' lang='lat' dir='ltr'>commune</span> <span class='ocrx_word' id='word_1_317' title='bbox 535 4630 775 4689; x_wconf 88' lang='lat' dir='ltr'>bonum</span> <span class='ocrx_word' id='word_1_318' title='bbox 805 4631 1303 4710; x_wconf 85' lang='lat' dir='ltr'>comprehendat</span> <span class='ocrx_word' id='word_1_319' title='bbox 1332 4633 1510 4710; x_wconf 87' lang='lat' dir='ltr'>plura</span> <span class='ocrx_word' id='word_1_320' title='bbox 1545 4634 1700 4693; x_wconf 90' lang='lat' dir='ltr'>indi-</span> 
     </span>
     <span class='ocr_line' id='line_1_48' title="bbox 191 4717 1699 4803; baseline 0.008 -30"><span class='ocrx_word' id='word_1_321' title='bbox 191 4717 356 4779; x_wconf 64' lang='lat' dir='ltr'>vidua</span> <span class='ocrx_word' id='word_1_322' title='bbox 383 4720 663 4799; x_wconf 89' lang='lat' dir='ltr'>ejusdem</span> <span class='ocrx_word' id='word_1_323' title='bbox 712 4722 974 4802; x_wconf 89' lang='lat' dir='ltr'>speciei,</span> <span class='ocrx_word' id='word_1_324' title='bbox 1037 4724 1224 4785; x_wconf 88' lang='lat' dir='ltr'>etiam</span> <span class='ocrx_word' id='word_1_325' title='bbox 1275 4724 1606 4803; x_wconf 66' lang='lat' dir='ltr'>inaequalia</span> <span class='ocrx_word' id='word_1_326' title='bbox 1637 4726 1699 4785; x_wconf 91' lang='lat' dir='ltr'>in</span> 
     </span>
     <span class='ocr_line' id='line_1_49' title="bbox 191 4812 1698 4886; baseline 0.007 -19"><span class='ocrx_word' id='word_1_327' title='bbox 191 4812 540 4886; x_wconf 72' lang='lat' dir='ltr'>perfectione</span> <span class='ocrx_word' id='word_1_328' title='bbox 583 4836 595 4875; x_wconf 76' lang='grc' dir='ltr'>ε</span> <span class='ocrx_word' id='word_1_329' title='bbox 632 4816 766 4876; x_wconf 76' lang='grc'>11100</span> <span class='ocrx_word' id='word_1_330' title='bbox 800 4820 1006 4876; x_wconf 86' lang='lat' dir='ltr'>tamen</span> <span class='ocrx_word' id='word_1_331' title='bbox 1036 4817 1468 4877; x_wconf 77' lang='lat' dir='ltr'>universalitas</span> <span class='ocrx_word' id='word_1_332' title='bbox 1497 4818 1698 4878; x_wconf 89' lang='lat' dir='ltr'>solum</span> 
     </span>
     <span class='ocr_line' id='line_1_50' title="bbox 190 4906 1700 4989; baseline 0.008 -28"><span class='ocrx_word' id='word_1_333' title='bbox 190 4920 244 4962; x_wconf 85' lang='lat' dir='ltr'>se</span> <span class='ocrx_word' id='word_1_334' title='bbox 273 4906 502 4968; x_wconf 76' lang='lat' dir='ltr'>videtur</span> <span class='ocrx_word' id='word_1_335' title='bbox 523 4910 861 4969; x_wconf 80' lang='lat' dir='ltr'>extendere</span> <span class='ocrx_word' id='word_1_336' title='bbox 891 4910 970 4969; x_wconf 89' lang='lat' dir='ltr'>ad</span> <span class='ocrx_word' id='word_1_337' title='bbox 998 4909 1102 4970; x_wconf 90' lang='lat' dir='ltr'>illa</span> <span class='ocrx_word' id='word_1_338' title='bbox 1124 4929 1264 4989; x_wconf 84' lang='lat' dir='ltr'>quae</span> <span class='ocrx_word' id='word_1_339' title='bbox 1286 4912 1700 4973; x_wconf 88' lang='lat' dir='ltr'>communiter</span> 
     </span>
     <span class='ocr_line' id='line_1_51' title="bbox 190 4999 1698 5082; baseline 0.01 -30"><span class='ocrx_word' id='word_1_340' title='bbox 190 4999 347 5057; x_wconf 72' lang='lat' dir='ltr'>vendi</span> <span class='ocrx_word' id='word_1_341' title='bbox 375 5001 598 5063; x_wconf 88' lang='lat' dir='ltr'>solent.</span> <span class='ocrx_word' id='word_1_342' title='bbox 625 5002 806 5064; x_wconf 89' lang='lat' dir='ltr'>Unde</span> <span class='ocrx_word' id='word_1_343' title='bbox 837 5002 888 5062; x_wconf 92' lang='lat' dir='ltr'>si</span> <span class='ocrx_word' id='word_1_344' title='bbox 917 5004 982 5063; x_wconf 92' lang='lat' dir='ltr'>in</span> <span class='ocrx_word' id='word_1_345' title='bbox 1011 5005 1221 5082; x_wconf 87' lang='lat' dir='ltr'>aliqua</span> <span class='ocrx_word' id='word_1_346' title='bbox 1243 5005 1564 5082; x_wconf 78' lang='lat' dir='ltr'>provincia</span> <span class='ocrx_word' id='word_1_347' title='bbox 1592 5005 1698 5067; x_wconf 90' lang='lat' dir='ltr'>bo·</span> 
     </span>
     <span class='ocr_line' id='line_1_52' title="bbox 192 5092 1697 5176; baseline 0.009 -31"><span class='ocrx_word' id='word_1_348' title='bbox 192 5107 280 5149; x_wconf 74' lang='lat' dir='ltr'>ves</span> <span class='ocrx_word' id='word_1_349' title='bbox 308 5092 419 5154; x_wconf 78' lang='lat' dir='ltr'>sint</span> <span class='ocrx_word' id='word_1_350' title='bbox 447 5096 623 5172; x_wconf 74' lang='lat' dir='ltr'>parvi</span> <span class='ocrx_word' id='word_1_351' title='bbox 653 5101 762 5157; x_wconf 88' lang='lat' dir='ltr'>aut</span> <span class='ocrx_word' id='word_1_352' title='bbox 789 5098 1173 5172; x_wconf 81' lang='lat' dir='ltr'>mediocreS,</span> <span class='ocrx_word' id='word_1_353' title='bbox 1221 5103 1284 5158; x_wconf 84' lang='lat' dir='ltr'>et</span> <span class='ocrx_word' id='word_1_354' title='bbox 1307 5098 1697 5176; x_wconf 84' lang='lat' dir='ltr'>singulorum</span> 
     </span>
     <span class='ocr_line' id='line_1_53' title="bbox 192 5185 1699 5266; baseline 0.008 -26"><span class='ocrx_word' id='word_1_355' title='bbox 192 5185 431 5257; x_wconf 71' lang='lat' dir='ltr'>pretium</span> <span class='ocrx_word' id='word_1_356' title='bbox 459 5187 598 5266; x_wconf 84' lang='lat' dir='ltr'>lege</span> <span class='ocrx_word' id='word_1_357' title='bbox 629 5194 909 5248; x_wconf 85' lang='lat' dir='ltr'>taxatum</span> <span class='ocrx_word' id='word_1_358' title='bbox 940 5189 1052 5263; x_wconf 91' lang='lat' dir='ltr'>sit,</span> <span class='ocrx_word' id='word_1_359' title='bbox 1102 5209 1225 5249; x_wconf 90' lang='lat' dir='ltr'>non</span> <span class='ocrx_word' id='word_1_360' title='bbox 1256 5191 1699 5252; x_wconf 82' lang='lat' dir='ltr'>extenderetur</span> 
     </span>
     <span class='ocr_line' id='line_1_54' title="bbox 191 5279 1695 5362; baseline 0.009 -32"><span class='ocrx_word' id='word_1_361' title='bbox 191 5279 311 5335; x_wconf 79' lang='lat' dir='ltr'>laxa</span> <span class='ocrx_word' id='word_1_362' title='bbox 340 5279 413 5337; x_wconf 89' lang='lat' dir='ltr'>ad</span> <span class='ocrx_word' id='word_1_363' title='bbox 441 5281 666 5341; x_wconf 80' lang='lat' dir='ltr'>bovem</span> <span class='ocrx_word' id='word_1_364' title='bbox 708 5283 897 5360; x_wconf 89' lang='lat' dir='ltr'>duplo</span> <span class='ocrx_word' id='word_1_365' title='bbox 927 5283 1263 5362; x_wconf 88' lang='lat' dir='ltr'>majorem,</span> <span class='ocrx_word' id='word_1_366' title='bbox 1313 5283 1416 5362; x_wconf 87' lang='lat' dir='ltr'>qui</span> <span class='ocrx_word' id='word_1_367' title='bbox 1461 5303 1533 5343; x_wconf 87' lang='lat' dir='ltr'>ex</span> <span class='ocrx_word' id='word_1_368' title='bbox 1571 5285 1695 5344; x_wconf 86' lang='lat' dir='ltr'>alia</span> 
     </span>
     <span class='ocr_line' id='line_1_55' title="bbox 191 5370 1693 5456; baseline 0.009 -32"><span class='ocrx_word' id='word_1_369' title='bbox 191 5370 478 5443; x_wconf 72' lang='lat' dir='ltr'>provincia</span> <span class='ocrx_word' id='word_1_370' title='bbox 536 5375 846 5435; x_wconf 81' lang='lat' dir='ltr'>adductus</span> <span class='ocrx_word' id='word_1_371' title='bbox 894 5377 1144 5453; x_wconf 81' lang='lat' dir='ltr'>suisset,</span> <span class='ocrx_word' id='word_1_372' title='bbox 1204 5376 1307 5455; x_wconf 86' lang='grc'>11111</span> <span class='ocrx_word' id='word_1_373' title='bbox 1363 5377 1693 5456; x_wconf 78' lang='lat' dir='ltr'>aequivalet</span> 
     </span>
    </p>
   </div>
   <div class='ocr_carea' id='block_1_5' title="bbox 3225 280 3339 340">
    <p class='ocr_par' dir='ltr' id='par_1_6' title="bbox 3225 280 3339 340">
     <span class='ocr_line' id='line_1_56' title="bbox 3225 280 3339 340; baseline 0.009 -1"><span class='ocrx_word' id='word_1_374' title='bbox 3225 280 3339 340; x_wconf 79' lang='lat'>283</span> 
     </span>
    </p>
   </div>
   <div class='ocr_carea' id='block_1_6' title="bbox 1799 455 3564 2018">
    <p class='ocr_par' dir='ltr' id='par_1_7' title="bbox 1799 455 3342 1553">
     <span class='ocr_line' id='line_1_57' title="bbox 1811 455 3340 534; baseline -0.001 -18"><span class='ocrx_word' id='word_1_375' title='bbox 1811 456 2056 516; x_wconf 89' lang='lat' dir='ltr'>duobus</span> <span class='ocrx_word' id='word_1_376' title='bbox 2086 476 2161 516; x_wconf 83' lang='lat' dir='ltr'>ex</span> <span class='ocrx_word' id='word_1_377' title='bbox 2192 457 2308 516; x_wconf 88' lang='lat' dir='ltr'>illis</span> <span class='ocrx_word' id='word_1_378' title='bbox 2335 456 2492 518; x_wconf 80' lang='lat' dir='ltr'>aliis.</span> <span class='ocrx_word' id='word_1_379' title='bbox 2529 460 2685 518; x_wconf 86' lang='lat' dir='ltr'>Item</span> <span class='ocrx_word' id='word_1_380' title='bbox 2713 457 2765 518; x_wconf 91' lang='lat' dir='ltr'>si</span> <span class='ocrx_word' id='word_1_381' title='bbox 2787 473 3049 517; x_wconf 87' lang='lat' dir='ltr'>ovorum</span> <span class='ocrx_word' id='word_1_382' title='bbox 3070 455 3340 534; x_wconf 86' lang='lat' dir='ltr'>pretium</span> 
     </span>
     <span class='ocr_line' id='line_1_58' title="bbox 1808 549 3340 628; baseline 0 -20"><span class='ocrx_word' id='word_1_383' title='bbox 1808 549 1946 626; x_wconf 83' lang='lat' dir='ltr'>lege</span> <span class='ocrx_word' id='word_1_384' title='bbox 1975 553 2257 609; x_wconf 88' lang='lat' dir='ltr'>taxatum</span> <span class='ocrx_word' id='word_1_385' title='bbox 2289 549 2400 624; x_wconf 85' lang='lat' dir='ltr'>sit,</span> <span class='ocrx_word' id='word_1_386' title='bbox 2436 569 2557 610; x_wconf 92' lang='lat' dir='ltr'>non</span> <span class='ocrx_word' id='word_1_387' title='bbox 2591 550 2780 612; x_wconf 90' lang='lat' dir='ltr'>debet</span> <span class='ocrx_word' id='word_1_388' title='bbox 2807 549 3340 628; x_wconf 80' lang='lat' dir='ltr'>comprehendere</span> 
     </span>
     <span class='ocr_line' id='line_1_59' title="bbox 1812 640 3336 720; baseline -0.003 -17"><span class='ocrx_word' id='word_1_389' title='bbox 1812 660 1999 703; x_wconf 84' lang='lat' dir='ltr'>ovum</span> <span class='ocrx_word' id='word_1_390' title='bbox 2030 641 2269 702; x_wconf 86' lang='lat' dir='ltr'>babens</span> <span class='ocrx_word' id='word_1_391' title='bbox 2290 642 2602 720; x_wconf 90' lang='lat' dir='ltr'>duplicem</span> <span class='ocrx_word' id='word_1_392' title='bbox 2627 642 2929 714; x_wconf 79' lang='lat' dir='ltr'>vitellum,</span> <span class='ocrx_word' id='word_1_393' title='bbox 2963 641 3131 719; x_wconf 92' lang='lat' dir='ltr'>quod</span> <span class='ocrx_word' id='word_1_394' title='bbox 3152 640 3336 719; x_wconf 80' lang='lat' dir='ltr'>oequi·</span> 
     </span>
     <span class='ocr_line' id='line_1_60' title="bbox 1810 734 3342 814; baseline -0.001 -20"><span class='ocrx_word' id='word_1_395' title='bbox 1810 734 1980 795; x_wconf 74' lang='lat' dir='ltr'>valet</span> <span class='ocrx_word' id='word_1_396' title='bbox 2010 734 2257 794; x_wconf 87' lang='lat' dir='ltr'>duobus</span> <span class='ocrx_word' id='word_1_397' title='bbox 2288 735 2441 795; x_wconf 74' lang='lat' dir='ltr'>ovis,</span> <span class='ocrx_word' id='word_1_398' title='bbox 2505 736 2680 797; x_wconf 89' lang='lat' dir='ltr'>Unde</span> <span class='ocrx_word' id='word_1_399' title='bbox 2708 782 2722 811; x_wconf 93' lang='lat'>,</span> <span class='ocrx_word' id='word_1_400' title='bbox 2774 734 3027 814; x_wconf 87' lang='lat' dir='ltr'>quando</span> <span class='ocrx_word' id='word_1_401' title='bbox 3078 734 3342 812; x_wconf 88' lang='lat' dir='ltr'>piscium</span> 
     </span>
     <span class='ocr_line' id='line_1_61' title="bbox 1810 825 3340 905; baseline -0.001 -19"><span class='ocrx_word' id='word_1_402' title='bbox 1810 827 2078 905; x_wconf 89' lang='lat' dir='ltr'>pretium</span> <span class='ocrx_word' id='word_1_403' title='bbox 2134 833 2382 887; x_wconf 84' lang='lat' dir='ltr'>taxatur</span> <span class='ocrx_word' id='word_1_404' title='bbox 2403 874 2418 903; x_wconf 94' lang='lat'>,</span> <span class='ocrx_word' id='word_1_405' title='bbox 2488 829 2645 888; x_wconf 89' lang='grc'>50101</span> <span class='ocrx_word' id='word_1_406' title='bbox 2699 828 3017 887; x_wconf 81' lang='lat' dir='ltr'>diversum</span> <span class='ocrx_word' id='word_1_407' title='bbox 3072 825 3340 904; x_wconf 88' lang='lat' dir='ltr'>pretium</span> 
     </span>
     <span class='ocr_line' id='line_1_62' title="bbox 1809 918 3338 998; baseline -0.001 -19"><span class='ocrx_word' id='word_1_408' title='bbox 1809 919 1992 979; x_wconf 85' lang='lat' dir='ltr'>statui</span> <span class='ocrx_word' id='word_1_409' title='bbox 2026 938 2138 997; x_wconf 89' lang='lat' dir='ltr'>pro</span> <span class='ocrx_word' id='word_1_410' title='bbox 2169 919 2327 978; x_wconf 87' lang='lat' dir='ltr'>libra</span> <span class='ocrx_word' id='word_1_411' title='bbox 2350 919 2610 998; x_wconf 86' lang='lat' dir='ltr'>piscium</span> <span class='ocrx_word' id='word_1_412' title='bbox 2636 920 3042 993; x_wconf 85' lang='lat' dir='ltr'>minutorum,</span> <span class='ocrx_word' id='word_1_413' title='bbox 3078 918 3175 977; x_wconf 80' lang='lat' dir='ltr'>vel</span> <span class='ocrx_word' id='word_1_414' title='bbox 3204 936 3338 977; x_wconf 85' lang='lat' dir='ltr'>ma-</span> 
     </span>
     <span class='ocr_line' id='line_1_63' title="bbox 1801 1009 3335 1090; baseline -0.001 -19"><span class='ocrx_word' id='word_1_415' title='bbox 1801 1009 2035 1089; x_wconf 88' lang='lat' dir='ltr'>jorum,</span> <span class='ocrx_word' id='word_1_416' title='bbox 2091 1012 2237 1071; x_wconf 80' lang='lat' dir='ltr'>lieet</span> <span class='ocrx_word' id='word_1_417' title='bbox 2264 1012 2512 1090; x_wconf 85' lang='lat' dir='ltr'>utrique</span> <span class='ocrx_word' id='word_1_418' title='bbox 2564 1013 2690 1072; x_wconf 88' lang='lat' dir='ltr'>sint</span> <span class='ocrx_word' id='word_1_419' title='bbox 2745 1009 3026 1090; x_wconf 86' lang='lat' dir='ltr'>ejusdem</span> <span class='ocrx_word' id='word_1_420' title='bbox 3083 1009 3335 1087; x_wconf 84' lang='lat' dir='ltr'>speciei.</span> 
     </span>
     <span class='ocr_line' id='line_1_64' title="bbox 1810 1102 3339 1182; baseline -0.002 -19"><span class='ocrx_word' id='word_1_421' title='bbox 1810 1106 1945 1164; x_wconf 89' lang='lat' dir='ltr'>Non</span> <span class='ocrx_word' id='word_1_422' title='bbox 1976 1110 2069 1163; x_wconf 83' lang='lat' dir='ltr'>est</span> <span class='ocrx_word' id='word_1_423' title='bbox 2098 1123 2246 1180; x_wconf 64' lang='lat' dir='ltr'>erg-‚i</span> <span class='ocrx_word' id='word_1_424' title='bbox 2291 1104 2749 1163; x_wconf 83' lang='lat' dir='ltr'>consideranda</span> <span class='ocrx_word' id='word_1_425' title='bbox 2789 1104 3029 1182; x_wconf 86' lang='lat' dir='ltr'>species</span> <span class='ocrx_word' id='word_1_426' title='bbox 3058 1103 3149 1162; x_wconf 91' lang='lat' dir='ltr'>rei</span> <span class='ocrx_word' id='word_1_427' title='bbox 3178 1102 3339 1180; x_wconf 75' lang='lat' dir='ltr'>phy-</span> 
     </span>
     <span class='ocr_line' id='line_1_65' title="bbox 1808 1194 3340 1275; baseline -0.001 -19"><span class='ocrx_word' id='word_1_428' title='bbox 1808 1197 1933 1256; x_wconf 89' lang='lat' dir='ltr'>sice</span> <span class='ocrx_word' id='word_1_429' title='bbox 1964 1197 2070 1255; x_wconf 89' lang='lat' dir='ltr'>sed</span> <span class='ocrx_word' id='word_1_430' title='bbox 2103 1197 2455 1272; x_wconf 81' lang='lat' dir='ltr'>moraliter,</span> <span class='ocrx_word' id='word_1_431' title='bbox 2505 1201 2571 1257; x_wconf 89' lang='lat' dir='ltr'>ut</span> <span class='ocrx_word' id='word_1_432' title='bbox 2613 1197 2864 1275; x_wconf 87' lang='lat' dir='ltr'>quaudo</span> <span class='ocrx_word' id='word_1_433' title='bbox 2905 1196 2966 1255; x_wconf 90' lang='lat' dir='ltr'>in</span> <span class='ocrx_word' id='word_1_434' title='bbox 3012 1196 3229 1255; x_wconf 89' lang='lat' dir='ltr'>ordine</span> <span class='ocrx_word' id='word_1_435' title='bbox 3260 1194 3340 1254; x_wconf 86' lang='lat' dir='ltr'>ad</span> 
     </span>
     <span class='ocr_line' id='line_1_66' title="bbox 1808 1289 3340 1364; baseline -0.001 -16"><span class='ocrx_word' id='word_1_436' title='bbox 1808 1308 1957 1349; x_wconf 92' lang='lat' dir='ltr'>usus</span> <span class='ocrx_word' id='word_1_437' title='bbox 2002 1289 2314 1349; x_wconf 89' lang='lat' dir='ltr'>humanos</span> <span class='ocrx_word' id='word_1_438' title='bbox 2362 1289 2652 1350; x_wconf 85' lang='lat' dir='ltr'>notabilis</span> <span class='ocrx_word' id='word_1_439' title='bbox 2698 1290 2777 1350; x_wconf 91' lang='lat' dir='ltr'>sit</span> <span class='ocrx_word' id='word_1_440' title='bbox 2828 1308 3146 1364; x_wconf 76' lang='lat' dir='ltr'>excessuS,</span> <span class='ocrx_word' id='word_1_441' title='bbox 3215 1307 3340 1347; x_wconf 90' lang='lat' dir='ltr'>non</span> 
     </span>
     <span class='ocr_line' id='line_1_67' title="bbox 1808 1381 3340 1461; baseline -0.001 -19"><span class='ocrx_word' id='word_1_442' title='bbox 1808 1387 2138 1443; x_wconf 87' lang='lat' dir='ltr'>censeatur</span> <span class='ocrx_word' id='word_1_443' title='bbox 2166 1382 2385 1441; x_wconf 82' lang='lat' dir='ltr'>eadem</span> <span class='ocrx_word' id='word_1_444' title='bbox 2407 1388 2548 1442; x_wconf 84' lang='lat' dir='ltr'>taxa</span> <span class='ocrx_word' id='word_1_445' title='bbox 2570 1382 3037 1461; x_wconf 86' lang='lat' dir='ltr'>comprehendi,</span> <span class='ocrx_word' id='word_1_446' title='bbox 3072 1381 3181 1441; x_wconf 86' lang='lat' dir='ltr'>sed</span> <span class='ocrx_word' id='word_1_447' title='bbox 3210 1399 3340 1441; x_wconf 86' lang='lat' dir='ltr'>ma-</span> 
     </span>
     <span class='ocr_line' id='line_1_68' title="bbox 1799 1473 2996 1553; baseline 0.001 -19"><span class='ocrx_word' id='word_1_448' title='bbox 1799 1473 1948 1553; x_wconf 87' lang='lat' dir='ltr'>jori,</span> <span class='ocrx_word' id='word_1_449' title='bbox 1975 1474 1999 1553; x_wconf 86' lang='lat' dir='ltr'><strong>j</strong></span> <span class='ocrx_word' id='word_1_450' title='bbox 2012 1481 2156 1536; x_wconf 74' lang='lat' dir='ltr'>uxta</span> <span class='ocrx_word' id='word_1_451' title='bbox 2188 1477 2657 1553; x_wconf 88' lang='lat' dir='ltr'>proportionem</span> <span class='ocrx_word' id='word_1_452' title='bbox 2688 1493 2996 1535; x_wconf 77' lang='lat' dir='ltr'>excessus,</span> 
     </span>
    </p>

    <p class='ocr_par' dir='ltr' id='par_1_8' title="bbox 1805 1567 3564 2018">
     <span class='ocr_line' id='line_1_69' title="bbox 1888 1567 3341 1646; baseline -0.003 -19"><span class='ocrx_word' id='word_1_453' title='bbox 1888 1568 2045 1627; x_wconf 85' lang='grc'>111110</span> <span class='ocrx_word' id='word_1_454' title='bbox 2073 1573 2284 1629; x_wconf 86' lang='lat' dir='ltr'>tamen</span> <span class='ocrx_word' id='word_1_455' title='bbox 2315 1569 2510 1629; x_wconf 91' lang='lat' dir='ltr'>oritur</span> <span class='ocrx_word' id='word_1_456' title='bbox 2539 1568 2820 1639; x_wconf 89' lang='lat' dir='ltr'>dubium;</span> <span class='ocrx_word' id='word_1_457' title='bbox 2854 1587 2934 1629; x_wconf 86' lang='lat' dir='ltr'>an</span> <span class='ocrx_word' id='word_1_458' title='bbox 2965 1567 3162 1646; x_wconf 87' lang='lat' dir='ltr'>possit</span> <span class='ocrx_word' id='word_1_459' title='bbox 3191 1585 3341 1627; x_wconf 76' lang='lat' dir='ltr'>ven-</span> 
     </span>
     <span class='ocr_line' id='line_1_70' title="bbox 1806 1658 3564 1739; baseline -0.002 -19"><span class='ocrx_word' id='word_1_460' title='bbox 1806 1659 1972 1720; x_wconf 92' lang='lat' dir='ltr'>ditor</span> <span class='ocrx_word' id='word_1_461' title='bbox 2001 1679 2075 1719; x_wconf 86' lang='lat' dir='ltr'>ex</span> <span class='ocrx_word' id='word_1_462' title='bbox 2113 1679 2339 1720; x_wconf 77' lang='lat' dir='ltr'>acervo</span> <span class='ocrx_word' id='word_1_463' title='bbox 2375 1662 2688 1722; x_wconf 81' lang='lat' dir='ltr'>fruetuum</span> <span class='ocrx_word' id='word_1_464' title='bbox 2731 1679 3021 1739; x_wconf 88' lang='lat' dir='ltr'>separare</span> <span class='ocrx_word' id='word_1_465' title='bbox 3050 1660 3340 1720; x_wconf 87' lang='lat' dir='ltr'>meliores</span> <span class='ocrx_word' id='word_1_466' title='bbox 3488 1658 3564 1717; x_wconf 89' lang='lat'>66</span> 
     </span>
     <span class='ocr_line' id='line_1_71' title="bbox 1805 1753 3338 1832; baseline -0.001 -19"><span class='ocrx_word' id='word_1_467' title='bbox 1805 1753 2099 1827; x_wconf 89' lang='lat' dir='ltr'>seorsim,</span> <span class='ocrx_word' id='word_1_468' title='bbox 2150 1753 2255 1832; x_wconf 90' lang='lat' dir='ltr'>qui</span> <span class='ocrx_word' id='word_1_469' title='bbox 2285 1754 2551 1830; x_wconf 86' lang='lat' dir='ltr'>separati</span> <span class='ocrx_word' id='word_1_470' title='bbox 2582 1754 2705 1814; x_wconf 90' lang='lat' dir='ltr'>sint</span> <span class='ocrx_word' id='word_1_471' title='bbox 2731 1754 3021 1814; x_wconf 87' lang='lat' dir='ltr'>meliores</span> <span class='ocrx_word' id='word_1_472' title='bbox 3051 1753 3338 1814; x_wconf 90' lang='lat' dir='ltr'>notabili-</span> 
     </span>
     <span class='ocr_line' id='line_1_72' title="bbox 1805 1844 3335 1924; baseline 0 -18"><span class='ocrx_word' id='word_1_473' title='bbox 1805 1851 1901 1907; x_wconf 87' lang='lat' dir='ltr'>ter</span> <span class='ocrx_word' id='word_1_474' title='bbox 1930 1864 2119 1924; x_wconf 88' lang='lat' dir='ltr'>quam</span> <span class='ocrx_word' id='word_1_475' title='bbox 2166 1844 2271 1924; x_wconf 90' lang='lat' dir='ltr'>qui</span> <span class='ocrx_word' id='word_1_476' title='bbox 2315 1845 2732 1907; x_wconf 88' lang='lat' dir='ltr'>communiter</span> <span class='ocrx_word' id='word_1_477' title='bbox 2776 1851 2922 1906; x_wconf 86' lang='lat' dir='ltr'>taxa</span> <span class='ocrx_word' id='word_1_478' title='bbox 2955 1846 3335 1921; x_wconf 83' lang='lat' dir='ltr'>venduntur,</span> 
     </span>
     <span class='ocr_line' id='line_1_73' title="bbox 1807 1938 3341 2018; baseline 0.001 -19"><span class='ocrx_word' id='word_1_479' title='bbox 1807 1957 2037 2017; x_wconf 88' lang='lat' dir='ltr'>eosque</span> <span class='ocrx_word' id='word_1_480' title='bbox 2068 1938 2155 1998; x_wconf 88' lang='lat' dir='ltr'>sic</span> <span class='ocrx_word' id='word_1_481' title='bbox 2178 1942 2498 2017; x_wconf 89' lang='lat' dir='ltr'>separatos</span> <span class='ocrx_word' id='word_1_482' title='bbox 2518 1939 2723 1999; x_wconf 89' lang='lat' dir='ltr'>carius</span> <span class='ocrx_word' id='word_1_483' title='bbox 2744 1938 3038 2015; x_wconf 84' lang='lat' dir='ltr'>vendere,</span> <span class='ocrx_word' id='word_1_484' title='bbox 3067 1939 3341 2018; x_wconf 89' lang='lat' dir='ltr'>reliquos</span> 
     </span>
    </p>
   </div>
   <div class='ocr_carea' id='block_1_7' title="bbox 3389 1782 3686 2041">
    <p class='ocr_par' dir='ltr' id='par_1_9' title="bbox 3389 1782 3686 1993">
     <span class='ocr_line' id='line_1_74' title="bbox 3418 1782 3660 1846; baseline -0.004 -21"><span class='ocrx_word' id='word_1_485' title='bbox 3418 1783 3482 1826; x_wconf 81' lang='lat' dir='ltr'>An</span> <span class='ocrx_word' id='word_1_486' title='bbox 3500 1782 3660 1846; x_wconf 50' lang='lat' dir='ltr'>possint</span> 
     </span>
     <span class='ocr_line' id='line_1_75' title="bbox 3390 1849 3686 1900; baseline 0 -21"><span class='ocrx_word' id='word_1_487' title='bbox 3390 1849 3570 1900; x_wconf 73' lang='lat' dir='ltr'>separari</span> <span class='ocrx_word' id='word_1_488' title='bbox 3597 1849 3686 1879; x_wconf 77' lang='lat' dir='ltr'>ane·</span> 
     </span>
     <span class='ocr_line' id='line_1_76' title="bbox 3389 1890 3686 1993; baseline -0.007 -6"><span class='ocrx_word' id='word_1_489' title='bbox 3389 1890 3686 1993; x_wconf 58' lang='grc'>1111111.</span> 
     </span>
    </p>

    <p class='ocr_par' dir='ltr' id='par_1_10' title="bbox 3468 1997 3606 2041">
     <span class='ocr_line' id='line_1_77' title="bbox 3468 1997 3606 2041; baseline -0.007 -3"><span class='ocrx_word' id='word_1_490' title='bbox 3468 1997 3606 2041; x_wconf 76' lang='lat' dir='ltr'>vendi.</span> 
     </span>
    </p>
   </div>
   <div class='ocr_carea' id='block_1_8' title="bbox 1759 2031 3336 2110">
    <p class='ocr_par' dir='ltr' id='par_1_11' title="bbox 1759 2031 3336 2110">
     <span class='ocr_line' id='line_1_78' title="bbox 1759 2031 3336 2110; baseline 0.001 -19"><span class='ocrx_word' id='word_1_491' title='bbox 1759 2068 1764 2073; x_wconf 88' lang='lat'>-</span> <span class='ocrx_word' id='word_1_492' title='bbox 1809 2036 2017 2092; x_wconf 89' lang='lat' dir='ltr'>autem</span> <span class='ocrx_word' id='word_1_493' title='bbox 2048 2032 2246 2109; x_wconf 83' lang='lat' dir='ltr'>pretio</span> <span class='ocrx_word' id='word_1_494' title='bbox 2267 2036 2478 2093; x_wconf 81' lang='lat' dir='ltr'>taxato</span> <span class='ocrx_word' id='word_1_495' title='bbox 2498 2032 2527 2090; x_wconf 89' lang='lat'><strong>?</strong></span> <span class='ocrx_word' id='word_1_496' title='bbox 2556 2034 2799 2110; x_wconf 81' lang='lat' dir='ltr'>Negant</span> <span class='ocrx_word' id='word_1_497' title='bbox 2820 2031 3134 2093; x_wconf 88' lang='lat' dir='ltr'>Filliucius</span> <span class='ocrx_word' id='word_1_498' title='bbox 3158 2035 3336 2093; x_wconf 84' lang='lat' dir='ltr'>tract.</span> 
     </span>
    </p>
   </div>
   <div class='ocr_carea' id='block_1_9' title="bbox 1796 2125 3679 5455">
    <p class='ocr_par' dir='ltr' id='par_1_12' title="bbox 1799 2125 3345 4713">
     <span class='ocr_line' id='line_1_79' title="bbox 1807 2125 3341 2203; baseline 0.001 -19"><span class='ocrx_word' id='word_1_499' title='bbox 1807 2126 2051 2184; x_wconf 84' lang='lat' dir='ltr'><strong>XXXV.</strong></span> <span class='ocrx_word' id='word_1_500' title='bbox 2074 2142 2212 2202; x_wconf 86' lang='lat' dir='ltr'>eap.</span> <span class='ocrx_word' id='word_1_501' title='bbox 2246 2142 2331 2185; x_wconf 74' lang='lat' dir='ltr'>iv.</span> <span class='ocrx_word' id='word_1_502' title='bbox 2368 2142 2539 2184; x_wconf 89' lang='lat' dir='ltr'>num.</span> <span class='ocrx_word' id='word_1_503' title='bbox 2564 2127 2663 2186; x_wconf 87' lang='lat'>88.</span> <span class='ocrx_word' id='word_1_504' title='bbox 2689 2129 2751 2184; x_wconf 91' lang='lat' dir='ltr'>et</span> <span class='ocrx_word' id='word_1_505' title='bbox 2769 2125 3132 2185; x_wconf 86' lang='lat' dir='ltr'>Fernandez</span> <span class='ocrx_word' id='word_1_506' title='bbox 3153 2141 3341 2203; x_wconf 88' lang='lat' dir='ltr'>quem</span> 
     </span>
     <span class='ocr_line' id='line_1_80' title="bbox 1806 2217 3345 2296; baseline -0.001 -18"><span class='ocrx_word' id='word_1_507' title='bbox 1806 2219 1988 2278; x_wconf 83' lang='lat' dir='ltr'>affert</span> <span class='ocrx_word' id='word_1_508' title='bbox 2015 2221 2075 2277; x_wconf 90' lang='lat' dir='ltr'>et</span> <span class='ocrx_word' id='word_1_509' title='bbox 2103 2217 2385 2295; x_wconf 87' lang='lat' dir='ltr'>sequitur</span> <span class='ocrx_word' id='word_1_510' title='bbox 2414 2218 2609 2277; x_wconf 88' lang='lat' dir='ltr'>Diana</span> <span class='ocrx_word' id='word_1_511' title='bbox 2649 2218 2816 2279; x_wconf 84' lang='lat' dir='ltr'>dieta</span> <span class='ocrx_word' id='word_1_512' title='bbox 2844 2218 3026 2279; x_wconf 88' lang='lat' dir='ltr'>resol.</span> <span class='ocrx_word' id='word_1_513' title='bbox 3061 2221 3159 2279; x_wconf 84' lang='lat'>35.</span> <span class='ocrx_word' id='word_1_514' title='bbox 3196 2218 3345 2296; x_wconf 86' lang='lat' dir='ltr'>quia</span> 
     </span>
     <span class='ocr_line' id='line_1_81' title="bbox 1805 2310 3345 2390; baseline 0.001 -22"><span class='ocrx_word' id='word_1_515' title='bbox 1805 2310 2075 2389; x_wconf 89' lang='lat' dir='ltr'>pretium</span> <span class='ocrx_word' id='word_1_516' title='bbox 2118 2315 2397 2371; x_wconf 85' lang='lat' dir='ltr'>taxatum</span> <span class='ocrx_word' id='word_1_517' title='bbox 2429 2315 2524 2370; x_wconf 89' lang='lat' dir='ltr'>est</span> <span class='ocrx_word' id='word_1_518' title='bbox 2559 2328 2671 2388; x_wconf 90' lang='lat' dir='ltr'>pro</span> <span class='ocrx_word' id='word_1_519' title='bbox 2704 2312 3023 2390; x_wconf 87' lang='lat' dir='ltr'>utriusque</span> <span class='ocrx_word' id='word_1_520' title='bbox 3072 2311 3345 2389; x_wconf 81' lang='lat' dir='ltr'>permix-</span> 
     </span>
     <span class='ocr_line' id='line_1_82' title="bbox 1804 2402 3340 2478; baseline 0.003 -16"><span class='ocrx_word' id='word_1_521' title='bbox 1804 2402 1903 2463; x_wconf 87' lang='lat' dir='ltr'>tis.</span> <span class='ocrx_word' id='word_1_522' title='bbox 1935 2402 2252 2463; x_wconf 72' lang='lat' dir='ltr'>Mollesius</span> <span class='ocrx_word' id='word_1_523' title='bbox 2283 2422 2430 2462; x_wconf 82' lang='lat' dir='ltr'>vero</span> <span class='ocrx_word' id='word_1_524' title='bbox 2461 2402 2519 2461; x_wconf 83' lang='grc' dir='ltr'><strong><em>ιή</em></strong></span> <span class='ocrx_word' id='word_1_525' title='bbox 2541 2406 2808 2478; x_wconf 74' lang='lat' dir='ltr'>Summa,</span> <span class='ocrx_word' id='word_1_526' title='bbox 2842 2408 2994 2465; x_wconf 89' lang='lat' dir='ltr'>tom.</span> <span class='ocrx_word' id='word_1_527' title='bbox 3021 2406 3095 2464; x_wconf 92' lang='lat' dir='ltr'>ll.</span> <span class='ocrx_word' id='word_1_528' title='bbox 3117 2409 3196 2464; x_wconf 90' lang='lat' dir='ltr'>tr.</span> <span class='ocrx_word' id='word_1_529' title='bbox 3227 2419 3340 2466; x_wconf 78' lang='lat' dir='ltr'>xit.</span> 
     </span>
     <span class='ocr_line' id='line_1_83' title="bbox 1806 2495 3343 2573; baseline 0.001 -18"><span class='ocrx_word' id='word_1_530' title='bbox 1806 2514 1944 2573; x_wconf 89' lang='lat' dir='ltr'>cap.</span> <span class='ocrx_word' id='word_1_531' title='bbox 1984 2512 2039 2555; x_wconf 83' lang='lat' dir='ltr'>v.</span> <span class='ocrx_word' id='word_1_532' title='bbox 2076 2514 2248 2555; x_wconf 90' lang='lat' dir='ltr'>num.</span> <span class='ocrx_word' id='word_1_533' title='bbox 2282 2499 2380 2556; x_wconf 81' lang='grc'>89.</span> <span class='ocrx_word' id='word_1_534' title='bbox 2416 2495 2704 2556; x_wconf 85' lang='grc'>0011001111</span> <span class='ocrx_word' id='word_1_535' title='bbox 2734 2496 2922 2555; x_wconf 86' lang='grc'>110010</span> <span class='ocrx_word' id='word_1_536' title='bbox 2951 2497 3188 2557; x_wconf 88' lang='lat' dir='ltr'>fructus</span> <span class='ocrx_word' id='word_1_537' title='bbox 3216 2515 3343 2556; x_wconf 91' lang='lat' dir='ltr'>me-</span> 
     </span>
     <span class='ocr_line' id='line_1_84' title="bbox 1804 2587 3343 2667; baseline 0.002 -21"><span class='ocrx_word' id='word_1_538' title='bbox 1804 2587 1988 2647; x_wconf 91' lang='lat' dir='ltr'>liores</span> <span class='ocrx_word' id='word_1_539' title='bbox 2016 2593 2337 2667; x_wconf 86' lang='lat' dir='ltr'>separatos</span> <span class='ocrx_word' id='word_1_540' title='bbox 2368 2588 2571 2647; x_wconf 86' lang='lat' dir='ltr'>carius</span> <span class='ocrx_word' id='word_1_541' title='bbox 2592 2588 2861 2648; x_wconf 79' lang='lat' dir='ltr'>vendere</span> <span class='ocrx_word' id='word_1_542' title='bbox 2885 2594 3144 2666; x_wconf 86' lang='lat' dir='ltr'>propter</span> <span class='ocrx_word' id='word_1_543' title='bbox 3171 2590 3343 2649; x_wconf 85' lang='lat' dir='ltr'>labo-</span> 
     </span>
     <span class='ocr_line' id='line_1_85' title="bbox 1805 2679 3341 2759; baseline 0.001 -19"><span class='ocrx_word' id='word_1_544' title='bbox 1805 2699 1939 2740; x_wconf 87' lang='lat' dir='ltr'>rem</span> <span class='ocrx_word' id='word_1_545' title='bbox 1969 2680 2064 2740; x_wconf 66' lang='grc' dir='ltr'>1·οΙ</span> <span class='ocrx_word' id='word_1_546' title='bbox 2111 2681 2410 2741; x_wconf 90' lang='lat' dir='ltr'>damnum</span> <span class='ocrx_word' id='word_1_547' title='bbox 2452 2679 2617 2759; x_wconf 90' lang='lat' dir='ltr'>quod</span> <span class='ocrx_word' id='word_1_548' title='bbox 2651 2680 2940 2741; x_wconf 79' lang='lat' dir='ltr'>venditor</span> <span class='ocrx_word' id='word_1_549' title='bbox 2980 2682 3044 2740; x_wconf 92' lang='lat' dir='ltr'>in</span> <span class='ocrx_word' id='word_1_550' title='bbox 3090 2682 3341 2743; x_wconf 89' lang='lat' dir='ltr'>residuo</span> 
     </span>
     <span class='ocr_line' id='line_1_86' title="bbox 1807 2773 3337 2852; baseline 0.001 -19"><span class='ocrx_word' id='word_1_551' title='bbox 1807 2774 2092 2845; x_wconf 83' lang='lat' dir='ltr'>sustinet,</span> <span class='ocrx_word' id='word_1_552' title='bbox 2157 2773 2324 2852; x_wconf 90' lang='lat' dir='ltr'>quod</span> <span class='ocrx_word' id='word_1_553' title='bbox 2356 2773 2630 2833; x_wconf 76' lang='lat' dir='ltr'>deterius</span> <span class='ocrx_word' id='word_1_554' title='bbox 2662 2778 2756 2833; x_wconf 82' lang='lat' dir='ltr'>est</span> <span class='ocrx_word' id='word_1_555' title='bbox 2809 2778 2869 2834; x_wconf 90' lang='lat' dir='ltr'>et</span> <span class='ocrx_word' id='word_1_556' title='bbox 2920 2773 3126 2835; x_wconf 90' lang='lat' dir='ltr'>minus</span> <span class='ocrx_word' id='word_1_557' title='bbox 3152 2775 3337 2835; x_wconf 84' lang='lat' dir='ltr'>valet.</span> 
     </span>
     <span class='ocr_line' id='line_1_87' title="bbox 1806 2865 3335 2945; baseline 0 -18"><span class='ocrx_word' id='word_1_558' title='bbox 1806 2868 1939 2944; x_wconf 83' lang='lat' dir='ltr'>Ego</span> <span class='ocrx_word' id='word_1_559' title='bbox 1962 2865 2143 2943; x_wconf 85' lang='lat' dir='ltr'>juxta</span> <span class='ocrx_word' id='word_1_560' title='bbox 2173 2884 2362 2944; x_wconf 86' lang='lat' dir='ltr'>supra</span> <span class='ocrx_word' id='word_1_561' title='bbox 2392 2866 2591 2926; x_wconf 86' lang='lat' dir='ltr'>dictas</span> <span class='ocrx_word' id='word_1_562' title='bbox 2623 2872 2772 2944; x_wconf 88' lang='lat' dir='ltr'>puto</span> <span class='ocrx_word' id='word_1_563' title='bbox 2803 2866 2865 2926; x_wconf 92' lang='lat' dir='ltr'>in</span> <span class='ocrx_word' id='word_1_564' title='bbox 2896 2867 3115 2945; x_wconf 88' lang='lat' dir='ltr'>primis</span> <span class='ocrx_word' id='word_1_565' title='bbox 3138 2914 3153 2940; x_wconf 94' lang='lat'>,</span> <span class='ocrx_word' id='word_1_566' title='bbox 3205 2868 3335 2937; x_wconf 64' lang='lat' dir='ltr'>fru7</span> 
     </span>
     <span class='ocr_line' id='line_1_88' title="bbox 1807 2959 3342 3037; baseline -0.001 -18"><span class='ocrx_word' id='word_1_567' title='bbox 1807 2964 1940 3019; x_wconf 86' lang='lat' dir='ltr'>ctus</span> <span class='ocrx_word' id='word_1_568' title='bbox 1971 2960 2105 3019; x_wconf 90' lang='lat' dir='ltr'>illos</span> <span class='ocrx_word' id='word_1_569' title='bbox 2135 2959 2423 3018; x_wconf 89' lang='lat' dir='ltr'>meliores</span> <span class='ocrx_word' id='word_1_570' title='bbox 2468 2965 2789 3037; x_wconf 88' lang='lat' dir='ltr'>separatos</span> <span class='ocrx_word' id='word_1_571' title='bbox 2814 3006 2831 3034; x_wconf 88' lang='lat'>,</span> <span class='ocrx_word' id='word_1_572' title='bbox 2891 2960 2939 3018; x_wconf 89' lang='grc'>51</span> <span class='ocrx_word' id='word_1_573' title='bbox 2984 2959 3342 3021; x_wconf 86' lang='lat' dir='ltr'>notabiliter</span> 
     </span>
     <span class='ocr_line' id='line_1_89' title="bbox 1808 3052 3342 3131; baseline 0.001 -20"><span class='ocrx_word' id='word_1_574' title='bbox 1808 3052 2114 3112; x_wconf 80' lang='lat' dir='ltr'>excedant</span> <span class='ocrx_word' id='word_1_575' title='bbox 2160 3070 2267 3112; x_wconf 85' lang='lat' dir='ltr'>eos</span> <span class='ocrx_word' id='word_1_576' title='bbox 2316 3052 2418 3130; x_wconf 81' lang='lat' dir='ltr'>qui</span> <span class='ocrx_word' id='word_1_577' title='bbox 2452 3052 2870 3113; x_wconf 85' lang='lat' dir='ltr'>communiter</span> <span class='ocrx_word' id='word_1_578' title='bbox 2904 3057 3113 3115; x_wconf 79' lang='lat' dir='ltr'>taxato</span> <span class='ocrx_word' id='word_1_579' title='bbox 3144 3053 3342 3131; x_wconf 90' lang='lat' dir='ltr'>pretio</span> 
     </span>
     <span class='ocr_line' id='line_1_90' title="bbox 1805 3144 3343 3224; baseline 0 -18"><span class='ocrx_word' id='word_1_580' title='bbox 1805 3144 2201 3222; x_wconf 73' lang='lat' dir='ltr'>venduntur,</span> <span class='ocrx_word' id='word_1_581' title='bbox 2254 3163 2434 3224; x_wconf 82' lang='grc'>1111550</span> <span class='ocrx_word' id='word_1_582' title='bbox 2467 3144 2672 3207; x_wconf 87' lang='lat' dir='ltr'>carius</span> <span class='ocrx_word' id='word_1_583' title='bbox 2701 3145 2910 3207; x_wconf 83' lang='lat' dir='ltr'>vendi.</span> <span class='ocrx_word' id='word_1_584' title='bbox 2962 3146 3104 3207; x_wconf 91' lang='lat' dir='ltr'>Illos</span> <span class='ocrx_word' id='word_1_585' title='bbox 3133 3151 3343 3207; x_wconf 87' lang='lat' dir='ltr'>autem</span> 
     </span>
     <span class='ocr_line' id='line_1_91' title="bbox 1807 3239 3341 3319; baseline 0.001 -22"><span class='ocrx_word' id='word_1_586' title='bbox 1807 3240 1912 3317; x_wconf 90' lang='lat' dir='ltr'>qui</span> <span class='ocrx_word' id='word_1_587' title='bbox 1940 3243 2302 3314; x_wconf 85' lang='lat' dir='ltr'>remanent,</span> <span class='ocrx_word' id='word_1_588' title='bbox 2350 3239 2402 3299; x_wconf 92' lang='lat' dir='ltr'>si</span> <span class='ocrx_word' id='word_1_589' title='bbox 2445 3239 2653 3299; x_wconf 88' lang='lat' dir='ltr'>adhuc</span> <span class='ocrx_word' id='word_1_590' title='bbox 2696 3247 2953 3301; x_wconf 88' lang='lat' dir='ltr'>manent</span> <span class='ocrx_word' id='word_1_591' title='bbox 2978 3240 3251 3319; x_wconf 80' lang='lat' dir='ltr'>aequales</span> <span class='ocrx_word' id='word_1_592' title='bbox 3280 3240 3341 3299; x_wconf 93' lang='lat' dir='ltr'>in</span> 
     </span>
     <span class='ocr_line' id='line_1_92' title="bbox 1804 3331 3341 3412; baseline 0.001 -21"><span class='ocrx_word' id='word_1_593' title='bbox 1804 3331 2083 3392; x_wconf 87' lang='lat' dir='ltr'>bonitate</span> <span class='ocrx_word' id='word_1_594' title='bbox 2115 3332 2252 3391; x_wconf 86' lang='lat' dir='ltr'>aliis</span> <span class='ocrx_word' id='word_1_595' title='bbox 2300 3333 2405 3410; x_wconf 90' lang='lat' dir='ltr'>qui</span> <span class='ocrx_word' id='word_1_596' title='bbox 2456 3333 2873 3393; x_wconf 86' lang='lat' dir='ltr'>communiter</span> <span class='ocrx_word' id='word_1_597' title='bbox 2902 3332 3102 3412; x_wconf 90' lang='lat' dir='ltr'>pretio</span> <span class='ocrx_word' id='word_1_598' title='bbox 3132 3337 3341 3395; x_wconf 85' lang='lat' dir='ltr'>taxato</span> 
     </span>
     <span class='ocr_line' id='line_1_93' title="bbox 1805 3425 3340 3504; baseline 0 -19"><span class='ocrx_word' id='word_1_599' title='bbox 1805 3425 2195 3500; x_wconf 86' lang='lat' dir='ltr'>venduntur,</span> <span class='ocrx_word' id='word_1_600' title='bbox 2248 3443 2430 3502; x_wconf 86' lang='lat' dir='ltr'>pesse</span> <span class='ocrx_word' id='word_1_601' title='bbox 2472 3425 2693 3485; x_wconf 88' lang='lat' dir='ltr'>eodem</span> <span class='ocrx_word' id='word_1_602' title='bbox 2723 3425 2925 3504; x_wconf 91' lang='lat' dir='ltr'>pretio</span> <span class='ocrx_word' id='word_1_603' title='bbox 2954 3425 3185 3498; x_wconf 81' lang='lat' dir='ltr'>vendi;</span> <span class='ocrx_word' id='word_1_604' title='bbox 3246 3426 3340 3486; x_wconf 88' lang='lat' dir='ltr'>sin</span> 
     </span>
     <span class='ocr_line' id='line_1_94' title="bbox 1804 3516 3344 3596; baseline 0.001 -19"><span class='ocrx_word' id='word_1_605' title='bbox 1804 3535 1952 3577; x_wconf 82' lang='lat' dir='ltr'>vero</span> <span class='ocrx_word' id='word_1_606' title='bbox 1984 3522 2238 3596; x_wconf 87' lang='lat' dir='ltr'>propter</span> <span class='ocrx_word' id='word_1_607' title='bbox 2265 3516 2727 3595; x_wconf 83' lang='lat' dir='ltr'>separationem</span> <span class='ocrx_word' id='word_1_608' title='bbox 2767 3518 3100 3578; x_wconf 88' lang='lat' dir='ltr'>meliorum</span> <span class='ocrx_word' id='word_1_609' title='bbox 3123 3564 3139 3595; x_wconf 91' lang='lat'>,</span> <span class='ocrx_word' id='word_1_610' title='bbox 3189 3518 3344 3578; x_wconf 85' lang='lat' dir='ltr'>defi-</span> 
     </span>
     <span class='ocr_line' id='line_1_95' title="bbox 1805 3609 3343 3687; baseline 0.001 -17"><span class='ocrx_word' id='word_1_611' title='bbox 1805 3610 1978 3671; x_wconf 89' lang='lat' dir='ltr'>ciunt</span> <span class='ocrx_word' id='word_1_612' title='bbox 2001 3630 2039 3670; x_wconf 88' lang='lat' dir='ltr'>a</span> <span class='ocrx_word' id='word_1_613' title='bbox 2064 3609 2344 3671; x_wconf 88' lang='lat' dir='ltr'>bonitate</span> <span class='ocrx_word' id='word_1_614' title='bbox 2365 3610 2629 3670; x_wconf 86' lang='lat' dir='ltr'>aliorum</span> <span class='ocrx_word' id='word_1_615' title='bbox 2654 3611 3104 3687; x_wconf 84' lang='lat' dir='ltr'>communium,</span> <span class='ocrx_word' id='word_1_616' title='bbox 3140 3611 3343 3671; x_wconf 81' lang='lat' dir='ltr'>detra·</span> 
     </span>
     <span class='ocr_line' id='line_1_96' title="bbox 1805 3701 3341 3781; baseline 0.001 -19"><span class='ocrx_word' id='word_1_617' title='bbox 1805 3701 2082 3762; x_wconf 84' lang='lat' dir='ltr'>bendum</span> <span class='ocrx_word' id='word_1_618' title='bbox 2114 3721 2248 3762; x_wconf 90' lang='lat' dir='ltr'>esse</span> <span class='ocrx_word' id='word_1_619' title='bbox 2293 3702 2371 3762; x_wconf 92' lang='lat' dir='ltr'>de</span> <span class='ocrx_word' id='word_1_620' title='bbox 2402 3707 2546 3763; x_wconf 86' lang='lat' dir='ltr'>taxa</span> <span class='ocrx_word' id='word_1_621' title='bbox 2573 3721 2685 3781; x_wconf 88' lang='lat' dir='ltr'>pro</span> <span class='ocrx_word' id='word_1_622' title='bbox 2715 3703 2957 3764; x_wconf 89' lang='lat' dir='ltr'>ratione</span> <span class='ocrx_word' id='word_1_623' title='bbox 2988 3708 3051 3765; x_wconf 90' lang='lat' dir='ltr'>et</span> <span class='ocrx_word' id='word_1_624' title='bbox 3077 3721 3341 3781; x_wconf 88' lang='lat' dir='ltr'>propor-</span> 
     </span>
     <span class='ocr_line' id='line_1_97' title="bbox 1803 3795 3337 3858; baseline -0.001 -2"><span class='ocrx_word' id='word_1_625' title='bbox 1803 3795 1971 3856; x_wconf 86' lang='lat' dir='ltr'>tione</span> <span class='ocrx_word' id='word_1_626' title='bbox 2028 3796 2192 3856; x_wconf 88' lang='lat' dir='ltr'>illius</span> <span class='ocrx_word' id='word_1_627' title='bbox 2236 3796 2537 3858; x_wconf 80' lang='lat' dir='ltr'>defectus,</span> <span class='ocrx_word' id='word_1_628' title='bbox 2599 3796 2778 3857; x_wconf 90' lang='lat' dir='ltr'>Unde</span> <span class='ocrx_word' id='word_1_629' title='bbox 2825 3796 3165 3856; x_wconf 86' lang='lat' dir='ltr'>macellarii</span> <span class='ocrx_word' id='word_1_630' title='bbox 3214 3814 3337 3856; x_wconf 92' lang='lat' dir='ltr'>non</span> 
     </span>
     <span class='ocr_line' id='line_1_98' title="bbox 1801 3888 3340 3968; baseline 0 -20"><span class='ocrx_word' id='word_1_631' title='bbox 1801 3893 2067 3967; x_wconf 91' lang='lat' dir='ltr'>possunt</span> <span class='ocrx_word' id='word_1_632' title='bbox 2095 3888 2406 3968; x_wconf 88' lang='lat' dir='ltr'>aliquibus</span> <span class='ocrx_word' id='word_1_633' title='bbox 2446 3889 2832 3967; x_wconf 87' lang='lat' dir='ltr'>emptoribus</span> <span class='ocrx_word' id='word_1_634' title='bbox 2875 3889 3167 3949; x_wconf 90' lang='lat' dir='ltr'>meliores</span> <span class='ocrx_word' id='word_1_635' title='bbox 3194 3908 3340 3968; x_wconf 88' lang='lat' dir='ltr'>par-</span> 
     </span>
     <span class='ocr_line' id='line_1_99' title="bbox 1801 3982 3338 4059; baseline 0 -18"><span class='ocrx_word' id='word_1_636' title='bbox 1801 3986 1894 4042; x_wconf 89' lang='lat' dir='ltr'>tes</span> <span class='ocrx_word' id='word_1_637' title='bbox 1923 3983 2209 4042; x_wconf 89' lang='lat' dir='ltr'>carnium</span> <span class='ocrx_word' id='word_1_638' title='bbox 2241 4001 2428 4059; x_wconf 84' lang='lat' dir='ltr'>puras</span> <span class='ocrx_word' id='word_1_639' title='bbox 2448 4028 2462 4057; x_wconf 90' lang='lat'>,</span> <span class='ocrx_word' id='word_1_640' title='bbox 2498 3987 2560 4043; x_wconf 91' lang='lat' dir='ltr'>et</span> <span class='ocrx_word' id='word_1_641' title='bbox 2587 3982 2718 4042; x_wconf 91' lang='lat' dir='ltr'>sine</span> <span class='ocrx_word' id='word_1_642' title='bbox 2749 3982 2994 4043; x_wconf 92' lang='lat' dir='ltr'>ossibus</span> <span class='ocrx_word' id='word_1_643' title='bbox 3022 3983 3206 4058; x_wconf 89' lang='lat' dir='ltr'>dare,</span> <span class='ocrx_word' id='word_1_644' title='bbox 3240 3982 3338 4043; x_wconf 70' lang='lat' dir='ltr'>vel</span> 
     </span>
     <span class='ocr_line' id='line_1_100' title="bbox 1800 4074 3339 4154; baseline 0.001 -21"><span class='ocrx_word' id='word_1_645' title='bbox 1800 4074 2055 4154; x_wconf 87' lang='lat' dir='ltr'>majoris</span> <span class='ocrx_word' id='word_1_646' title='bbox 2087 4075 2291 4152; x_wconf 83' lang='lat' dir='ltr'>pretii,</span> <span class='ocrx_word' id='word_1_647' title='bbox 2325 4076 2421 4135; x_wconf 72' lang='lat' dir='ltr'>vel</span> <span class='ocrx_word' id='word_1_648' title='bbox 2454 4074 2908 4135; x_wconf 60' lang='lat' dir='ltr'>benevolentiae</span> <span class='ocrx_word' id='word_1_649' title='bbox 2937 4093 3148 4151; x_wconf 90' lang='lat' dir='ltr'>causa,</span> <span class='ocrx_word' id='word_1_650' title='bbox 3182 4076 3233 4135; x_wconf 93' lang='lat' dir='ltr'>si</span> <span class='ocrx_word' id='word_1_651' title='bbox 3264 4095 3339 4134; x_wconf 83' lang='lat' dir='ltr'>ex</span> 
     </span>
     <span class='ocr_line' id='line_1_101' title="bbox 1802 4167 3339 4246; baseline 0.001 -19"><span class='ocrx_word' id='word_1_652' title='bbox 1802 4186 1874 4227; x_wconf 93' lang='lat' dir='ltr'>eo</span> <span class='ocrx_word' id='word_1_653' title='bbox 1916 4167 2020 4226; x_wconf 88' lang='lat' dir='ltr'>alii</span> <span class='ocrx_word' id='word_1_654' title='bbox 2050 4174 2361 4246; x_wconf 88' lang='lat' dir='ltr'>emptores</span> <span class='ocrx_word' id='word_1_655' title='bbox 2389 4172 2769 4245; x_wconf 79' lang='lat' dir='ltr'>gravantur,</span> <span class='ocrx_word' id='word_1_656' title='bbox 2816 4168 3186 4246; x_wconf 85' lang='lat' dir='ltr'>accipiendo</span> <span class='ocrx_word' id='word_1_657' title='bbox 3229 4169 3339 4229; x_wconf 87' lang='lat' dir='ltr'>de-</span> 
     </span>
     <span class='ocr_line' id='line_1_102' title="bbox 1801 4261 3338 4340; baseline 0.003 -19"><span class='ocrx_word' id='word_1_658' title='bbox 1801 4261 2064 4321; x_wconf 87' lang='lat' dir='ltr'>teriores</span> <span class='ocrx_word' id='word_1_659' title='bbox 2092 4262 2297 4322; x_wconf 89' lang='lat' dir='ltr'>solum</span> <span class='ocrx_word' id='word_1_660' title='bbox 2327 4267 2532 4338; x_wconf 86' lang='lat' dir='ltr'>partes</span> <span class='ocrx_word' id='word_1_661' title='bbox 2556 4308 2572 4336; x_wconf 95' lang='lat'>,</span> <span class='ocrx_word' id='word_1_662' title='bbox 2606 4268 2669 4322; x_wconf 89' lang='lat' dir='ltr'>et</span> <span class='ocrx_word' id='word_1_663' title='bbox 2693 4261 2833 4340; x_wconf 91' lang='lat' dir='ltr'>plus</span> <span class='ocrx_word' id='word_1_664' title='bbox 2872 4262 3044 4340; x_wconf 90' lang='lat' dir='ltr'>justo</span> <span class='ocrx_word' id='word_1_665' title='bbox 3094 4262 3338 4326; x_wconf 84' lang='lat' dir='ltr'>ossibus</span> 
     </span>
     <span class='ocr_line' id='line_1_103' title="bbox 1801 4355 3338 4427; baseline 0.002 -14"><span class='ocrx_word' id='word_1_666' title='bbox 1801 4359 2129 4427; x_wconf 89' lang='lat' dir='ltr'>oneratas;</span> <span class='ocrx_word' id='word_1_667' title='bbox 2178 4355 2411 4415; x_wconf 88' lang='lat' dir='ltr'>debent</span> <span class='ocrx_word' id='word_1_668' title='bbox 2459 4355 2624 4414; x_wconf 90' lang='lat' dir='ltr'>enim</span> <span class='ocrx_word' id='word_1_669' title='bbox 2679 4372 2875 4414; x_wconf 85' lang='lat' dir='ltr'>onera</span> <span class='ocrx_word' id='word_1_670' title='bbox 2916 4358 2978 4415; x_wconf 91' lang='lat' dir='ltr'>et</span> <span class='ocrx_word' id='word_1_671' title='bbox 3006 4356 3338 4416; x_wconf 88' lang='lat' dir='ltr'>commoda</span> 
     </span>
     <span class='ocr_line' id='line_1_104' title="bbox 1803 4447 3336 4527; baseline 0.001 -21"><span class='ocrx_word' id='word_1_672' title='bbox 1803 4447 2128 4524; x_wconf 64' lang='lat' dir='ltr'>aequaliter</span> <span class='ocrx_word' id='word_1_673' title='bbox 2158 4447 2468 4521; x_wconf 89' lang='lat' dir='ltr'>distribui,</span> <span class='ocrx_word' id='word_1_674' title='bbox 2506 4447 2617 4508; x_wconf 88' lang='lat' dir='ltr'>nisi</span> <span class='ocrx_word' id='word_1_675' title='bbox 2649 4447 2776 4523; x_wconf 89' lang='lat' dir='ltr'>his,</span> <span class='ocrx_word' id='word_1_676' title='bbox 2824 4447 2929 4526; x_wconf 88' lang='lat' dir='ltr'>qui</span> <span class='ocrx_word' id='word_1_677' title='bbox 2961 4448 3162 4526; x_wconf 85' lang='lat' dir='ltr'>magis</span> <span class='ocrx_word' id='word_1_678' title='bbox 3190 4467 3336 4527; x_wconf 84' lang='lat' dir='ltr'>gra-</span> 
     </span>
     <span class='ocr_line' id='line_1_105' title="bbox 1799 4540 3339 4620; baseline 0.002 -21"><span class='ocrx_word' id='word_1_679' title='bbox 1799 4544 2027 4600; x_wconf 85' lang='lat' dir='ltr'>vantur</span> <span class='ocrx_word' id='word_1_680' title='bbox 2048 4586 2063 4611; x_wconf 95' lang='lat'>,</span> <span class='ocrx_word' id='word_1_681' title='bbox 2100 4540 2467 4601; x_wconf 84' lang='lat' dir='ltr'>detrahatur</span> <span class='ocrx_word' id='word_1_682' title='bbox 2495 4541 2573 4600; x_wconf 91' lang='lat' dir='ltr'>de</span> <span class='ocrx_word' id='word_1_683' title='bbox 2603 4541 2801 4620; x_wconf 88' lang='lat' dir='ltr'>pretio</span> <span class='ocrx_word' id='word_1_684' title='bbox 2832 4545 3043 4602; x_wconf 85' lang='lat' dir='ltr'>taxato</span> <span class='ocrx_word' id='word_1_685' title='bbox 3092 4559 3204 4619; x_wconf 93' lang='lat' dir='ltr'>pro</span> <span class='ocrx_word' id='word_1_686' title='bbox 3232 4560 3339 4602; x_wconf 77' lang='lat' dir='ltr'>ra-</span> 
     </span>
     <span class='ocr_line' id='line_1_106' title="bbox 1801 4633 2887 4713; baseline 0.002 -20"><span class='ocrx_word' id='word_1_687' title='bbox 1801 4634 1970 4694; x_wconf 87' lang='lat' dir='ltr'>tione</span> <span class='ocrx_word' id='word_1_688' title='bbox 2000 4633 2164 4692; x_wconf 90' lang='lat' dir='ltr'>illius</span> <span class='ocrx_word' id='word_1_689' title='bbox 2193 4633 2577 4712; x_wconf 80' lang='lat' dir='ltr'>gravaminis</span> <span class='ocrx_word' id='word_1_690' title='bbox 2607 4633 2887 4713; x_wconf 80' lang='lat' dir='ltr'>majoris,</span> 
     </span>
    </p>

    <p class='ocr_par' dir='ltr' id='par_1_13' title="bbox 1796 4725 3679 5455">
     <span class='ocr_line' id='line_1_107' title="bbox 1881 4725 3332 4806; baseline 0 -21"><span class='ocrx_word' id='word_1_691' title='bbox 1881 4729 2009 4785; x_wconf 87' lang='lat' dir='ltr'>Hac</span> <span class='ocrx_word' id='word_1_692' title='bbox 2040 4725 2230 4786; x_wconf 89' lang='lat' dir='ltr'>etiam</span> <span class='ocrx_word' id='word_1_693' title='bbox 2259 4726 2585 4786; x_wconf 81' lang='lat' dir='ltr'>occasione</span> <span class='ocrx_word' id='word_1_694' title='bbox 2617 4726 2939 4787; x_wconf 84' lang='lat' dir='ltr'>dubitatur</span> <span class='ocrx_word' id='word_1_695' title='bbox 2967 4727 3183 4806; x_wconf 80' lang='lat' dir='ltr'>quinto</span> <span class='ocrx_word' id='word_1_696' title='bbox 3203 4773 3219 4804; x_wconf 91' lang='lat'>,</span> <span class='ocrx_word' id='word_1_697' title='bbox 3254 4745 3332 4786; x_wconf 90' lang='lat' dir='ltr'>an</span> 
     </span>
     <span class='ocr_line' id='line_1_108' title="bbox 1797 4817 3557 4879; baseline -0.002 -1"><span class='ocrx_word' id='word_1_698' title='bbox 1797 4819 1982 4879; x_wconf 86' lang='lat' dir='ltr'>liceat</span> <span class='ocrx_word' id='word_1_699' title='bbox 2028 4818 2231 4879; x_wconf 82' lang='lat' dir='ltr'>tritico</span> <span class='ocrx_word' id='word_1_700' title='bbox 2287 4819 2521 4878; x_wconf 91' lang='lat' dir='ltr'>mundo</span> <span class='ocrx_word' id='word_1_701' title='bbox 2572 4823 2633 4878; x_wconf 87' lang='lat' dir='ltr'>et</span> <span class='ocrx_word' id='word_1_702' title='bbox 2677 4818 2920 4879; x_wconf 90' lang='lat' dir='ltr'>sincero</span> <span class='ocrx_word' id='word_1_703' title='bbox 2951 4819 3214 4879; x_wconf 89' lang='lat' dir='ltr'>miscere</span> <span class='ocrx_word' id='word_1_704' title='bbox 3258 4839 3335 4877; x_wconf 77' lang='lat' dir='ltr'>ex</span> <span class='ocrx_word' id='word_1_705' title='bbox 3480 4817 3557 4876; x_wconf 79' lang='lat'>67</span> 
     </span>
     <span class='ocr_line' id='line_1_109' title="bbox 1798 4911 3679 4991; baseline 0 -20"><span class='ocrx_word' id='word_1_706' title='bbox 1798 4911 2099 4972; x_wconf 88' lang='lat' dir='ltr'>industria</span> <span class='ocrx_word' id='word_1_707' title='bbox 2133 4911 2342 4991; x_wconf 86' lang='lat' dir='ltr'>aliqua</span> <span class='ocrx_word' id='word_1_708' title='bbox 2371 4911 2633 4986; x_wconf 88' lang='lat' dir='ltr'>inutilia,</span> <span class='ocrx_word' id='word_1_709' title='bbox 2668 4917 2729 4973; x_wconf 89' lang='lat' dir='ltr'>et</span> <span class='ocrx_word' id='word_1_710' title='bbox 2756 4912 3073 4988; x_wconf 87' lang='lat' dir='ltr'>inferiora,</span> <span class='ocrx_word' id='word_1_711' title='bbox 3108 4918 3170 4972; x_wconf 90' lang='lat' dir='ltr'>et</span> <span class='ocrx_word' id='word_1_712' title='bbox 3196 4930 3333 4990; x_wconf 89' lang='lat' dir='ltr'>pre·</span> <span class='ocrx_word' id='word_1_713' title='bbox 3382 4943 3679 4986; x_wconf 49' lang='lat' dir='ltr'>mmmmm-</span> 
     </span>
     <span class='ocr_line' id='line_1_110' title="bbox 1797 4997 3659 5082; baseline -0.002 -16"><span class='ocrx_word' id='word_1_714' title='bbox 1797 5005 1882 5066; x_wconf 89' lang='lat' dir='ltr'>tio</span> <span class='ocrx_word' id='word_1_715' title='bbox 1913 5009 2121 5066; x_wconf 86' lang='lat' dir='ltr'>taxato</span> <span class='ocrx_word' id='word_1_716' title='bbox 2153 5003 2473 5064; x_wconf 79' lang='lat' dir='ltr'>vendere?</span> <span class='ocrx_word' id='word_1_717' title='bbox 2500 5006 2751 5064; x_wconf 86' lang='lat' dir='ltr'>Certum</span> <span class='ocrx_word' id='word_1_718' title='bbox 2776 5004 3042 5081; x_wconf 68' lang='lat' dir='ltr'>videtur,</span> <span class='ocrx_word' id='word_1_719' title='bbox 3079 5003 3330 5082; x_wconf 86' lang='lat' dir='ltr'>quando</span> <span class='ocrx_word' id='word_1_720' title='bbox 3410 4998 3490 5038; x_wconf 68' lang='lat'>¹³⁶⁰</span> <span class='ocrx_word' id='word_1_721' title='bbox 3510 4997 3659 5038; x_wconf 57' lang='lat' dir='ltr'>&#39;‘md“</span> 
     </span>
     <span class='ocr_line' id='line_1_111' title="bbox 1797 5096 3660 5197; baseline -0.001 -39"><span class='ocrx_word' id='word_1_722' title='bbox 1797 5117 1872 5158; x_wconf 82' lang='lat' dir='ltr'>ex</span> <span class='ocrx_word' id='word_1_723' title='bbox 1912 5097 2017 5157; x_wconf 90' lang='lat' dir='ltr'>illa</span> <span class='ocrx_word' id='word_1_724' title='bbox 2058 5096 2347 5157; x_wconf 85' lang='lat' dir='ltr'>mistione</span> <span class='ocrx_word' id='word_1_725' title='bbox 2393 5097 2722 5159; x_wconf 79' lang='lat' dir='ltr'>resultaret</span> <span class='ocrx_word' id='word_1_726' title='bbox 2763 5097 3034 5158; x_wconf 86' lang='lat' dir='ltr'>triticum</span> <span class='ocrx_word' id='word_1_727' title='bbox 3076 5097 3331 5157; x_wconf 88' lang='lat' dir='ltr'>inferius</span> <span class='ocrx_word' id='word_1_728' title='bbox 3399 5103 3660 5197; x_wconf 53' lang='lat' dir='ltr'>‹ista-“ffibus</span> 
     </span>
     <span class='ocr_line' id='line_1_112' title="bbox 1796 5170 3677 5270; baseline -0.001 -18"><span class='ocrx_word' id='word_1_729' title='bbox 1796 5192 1916 5252; x_wconf 87' lang='lat' dir='ltr'>alio</span> <span class='ocrx_word' id='word_1_730' title='bbox 1973 5191 2180 5252; x_wconf 90' lang='lat' dir='ltr'>tritico</span> <span class='ocrx_word' id='word_1_731' title='bbox 2239 5191 2409 5270; x_wconf 91' lang='lat' dir='ltr'>quod</span> <span class='ocrx_word' id='word_1_732' title='bbox 2464 5191 2881 5251; x_wconf 87' lang='lat' dir='ltr'>communiter</span> <span class='ocrx_word' id='word_1_733' title='bbox 2937 5190 3124 5250; x_wconf 75' lang='lat' dir='ltr'>vendi</span> <span class='ocrx_word' id='word_1_734' title='bbox 3175 5190 3334 5250; x_wconf 85' lang='lat' dir='ltr'>solet</span> <span class='ocrx_word' id='word_1_735' title='bbox 3382 5170 3677 5253; x_wconf 51' lang='lat' dir='ltr'>&#39;nmniii-tai&#39;ti&#39;r&#39;fm</span> 
     </span>
     <span class='ocr_line' id='line_1_113' title="bbox 1797 5282 3325 5366; baseline -0.002 -22"><span class='ocrx_word' id='word_1_736' title='bbox 1797 5285 1998 5366; x_wconf 87' lang='lat' dir='ltr'>pretio</span> <span class='ocrx_word' id='word_1_737' title='bbox 2029 5288 2261 5358; x_wconf 84' lang='lat' dir='ltr'>taxatO,</span> <span class='ocrx_word' id='word_1_738' title='bbox 2295 5303 2417 5343; x_wconf 91' lang='lat' dir='ltr'>non</span> <span class='ocrx_word' id='word_1_739' title='bbox 2441 5303 2622 5363; x_wconf 85' lang='lat' dir='ltr'>posse</span> <span class='ocrx_word' id='word_1_740' title='bbox 2654 5283 2875 5343; x_wconf 90' lang='lat' dir='ltr'>eodem</span> <span class='ocrx_word' id='word_1_741' title='bbox 2898 5282 3094 5360; x_wconf 85' lang='lat' dir='ltr'>pretio</span> <span class='ocrx_word' id='word_1_742' title='bbox 3118 5282 3325 5354; x_wconf 81' lang='lat' dir='ltr'>vendi,</span> 
     </span>
     <span class='ocr_line' id='line_1_114' title="bbox 1799 5376 3324 5455; baseline 0.001 -19"><span class='ocrx_word' id='word_1_743' title='bbox 1799 5378 1905 5438; x_wconf 86' lang='lat' dir='ltr'>sed</span> <span class='ocrx_word' id='word_1_744' title='bbox 1938 5376 2397 5438; x_wconf 85' lang='lat' dir='ltr'>detrahendum</span> <span class='ocrx_word' id='word_1_745' title='bbox 2427 5395 2540 5455; x_wconf 88' lang='lat' dir='ltr'>pro</span> <span class='ocrx_word' id='word_1_746' title='bbox 2571 5377 2810 5438; x_wconf 90' lang='lat' dir='ltr'>ratione</span> <span class='ocrx_word' id='word_1_747' title='bbox 2848 5377 2986 5438; x_wconf 82' lang='lat' dir='ltr'>talis</span> <span class='ocrx_word' id='word_1_748' title='bbox 3026 5376 3324 5444; x_wconf 81' lang='lat' dir='ltr'>defectus.</span> 
     </span>
    </p>
   </div>
   <div class='ocr_carea' id='block_1_10' title="bbox 3383 5050 3677 5100">
    <p class='ocr_par' dir='ltr' id='par_1_14' title="bbox 3383 5050 3677 5100">
     <span class='ocr_line' id='line_1_115' title="bbox 3383 5050 3677 5100; baseline -0.007 -8"><span class='ocrx_word' id='word_1_749' title='bbox 3383 5050 3555 5100; x_wconf 75' lang='lat' dir='ltr'>miscere</span> <span class='ocrx_word' id='word_1_750' title='bbox 3592 5050 3677 5091; x_wconf 78' lang='lat' dir='ltr'>ali-</span> 
     </span>
    </p>
   </div>
  </div>
 </body>
</html>
