4263 6376
657 1932 765 1993 101

608 2057 789 2112 sepum·

608 2111 792 2154 clausula

583 2164 824 2219 explicatur.

633 4957 749 5027 102

533 5089 683 5135 Octava
718 5105 767 5135 co

771 5106 827 5134 n—

532 5144 633 5187 vitio
646 5159 695 5187 an
713 5148 764 5188 sil
777 5147 828 5189 de

904 374 1024 435 370

986 546 1271 610 Dubitari
1327 550 1534 626 potest
1593 548 1800 624 tertio,
1862 566 1943 609 an
1986 548 2066 609 ob
2107 549 2441 627 pensiones

905 660 1032 702 non
1078 641 1310 703 solutas
1356 641 1553 719 possit
1599 645 1845 720 emptor
1877 641 2234 704 rescindere
2289 661 2441 705 0011-

904 736 1176 794 tractum
1217 751 1463 811 00110110,
1507 738 1571 795 01
1616 739 1829 813 petere
1876 735 2151 814 pretium
2188 754 2302 813 pro
2334 736 2439 796 illo

907 826 1165 887 datum?
1192 827 1269 887 de
1307 826 1431 888 hoc
1459 830 1671 888 tamen
1692 827 2029 889 dicendum
2060 832 2159 889 est
2183 828 2346 889 intra
2374 828 2439 889 in

902 919 1319 998 explicatione
1367 920 1662 984 clausulae
1709 920 2080 999 undecimae,
2123 921 2204 982 ad
2250 939 2440 1001 quam

906 1029 1089 1073 casus
1116 1012 1220 1074 ille
1249 1015 1514 1092 spectat.

1582 1379 1638 1458 §-
1685 1383 1746 1441 3.

1100 1636 1190 1707 De
1213 1642 1459 1723 septima
1485 1642 1770 1722 clausula,
1802 1653 1857 1706 et
1887 1643 2232 1707 conditione.

983 1896 1263 1979 Septima
1298 1896 1578 1958 clausula
1604 1897 1693 1958 sic
1721 1896 1951 1960 habet:
1995 1919 2024 1956 «
2054 1898 2227 1961 Sicut
2247 1898 2436 1960 etiam

899 1991 1296 2053 annullamus
1388 1996 1573 2070 pacta
1642 1992 2027 2054 continentia
2095 1992 2435 2053 solutiones

900 2102 1163 2146 onerum
1191 2083 1270 2144 ad
1300 2103 1443 2144 eum
1473 2089 1783 2162 spectare,
1827 2086 1907 2145 ad
1940 2104 2127 2166 quem
2172 2086 2323 2146 alias
2358 2085 2434 2145 de

892 2175 1036 2257 jure
1068 2196 1142 2237 ex
1172 2179 1396 2237 natura
1425 2181 1784 2240 contractus
1823 2196 1946 2238 non
1988 2181 2364 2257 spectarent.
2396 2200 2424 2236 11

899 2270 1272 2348 Exemplum
1303 2269 1543 2331 clarum
1573 2275 1687 2347 est,
1721 2270 1771 2331 si
1803 2270 1879 2330 de
1902 2269 2047 2350 jure
2077 2272 2157 2333 ad
2189 2276 2434 2351 empto-

897 2382 1033 2424 rem
1064 2380 1186 2422 11011
1219 2362 1492 2441 pertinet
1538 2364 1781 2424 solvere
1814 2364 2070 2444 aliquod
2102 2365 2428 2442 tributum,

898 2459 962 2518 et
987 2460 1170 2536 pacto
1201 2456 1416 2517 addito
1441 2456 1751 2536 obligetur
1768 2457 1847 2518 ad
1868 2458 2016 2518 illud
2035 2458 2427 2521 solvendum.

895 2551 1073 2626 Item,
1124 2548 1174 2610 si
1222 2549 1526 2611 tributum
1569 2549 1930 2629 imponatur
1972 2550 2213 2612 civibus
2253 2550 2434 2631 juxta

893 2641 1369 2722 proportionem
1419 2643 1732 2706 bonorum
1792 2662 1933 2724 quae
1980 2644 2336 2725 possident3
2371 2648 2433 2706 et

891 2738 1105 2799 tamen
1153 2740 1403 2814 emptor
1448 2755 1673 2797 census
1719 2736 1889 2813 velit,
1935 2737 2104 2816 quod
2143 2737 2433 2799 venditor

892 2829 1095 2891 solvat
1133 2829 1440 2891 tributum
1487 2830 1804 2908 integrum
1833 2849 1907 2890 ex
1937 2829 2176 2908 praedio
2217 2830 2431 2892 censui

894 2921 1197 3003 subjecte,
1250 2922 1413 2983 sicut
1439 2921 1491 2982 si
1536 2921 1802 2983 liberum
1847 2923 2000 2983 illud
2028 2923 2379 3003 possideret
2411 2944 2423 2986 ε

893 3012 1025 3093 ipse
1073 3034 1221 3076 vero
1272 3013 1563 3076 dominus
1605 3033 1828 3076 census
1879 3016 2035 3075 nihil
2066 3016 2269 3079 solvat
2315 3036 2427 3096 pro

893 3125 1107 3186 censu,
1143 3126 1331 3188 quem
1362 3127 1550 3188 super
1579 3108 1817 3170 dictum
1860 3108 2169 3190 praedium
2212 3110 2426 3172 habet.

891 3203 1041 3263 Haec
1083 3206 1298 3263 tamen
1347 3208 1532 3281 pacta
1566 3202 1812 3265 seclusa
1848 3202 2018 3264 bulla
2049 3204 2282 3284 apponi
2315 3224 2427 3283 po-

889 3294 1105 3371 tuisse,
1138 3296 1369 3357 fatetur
1396 3295 1628 3357 Molina
1648 3296 1809 3376 disp.
1835 3299 1974 3358 391.
2012 3316 2072 3357 11.
2096 3301 2155 3357 2.
2192 3298 2244 3357 si
2272 3297 2425 3358 alias

890 3388 1089 3469 pretio
1137 3389 1363 3469 aequali
1418 3395 1999 3469 compensarentur.
2062 3390 2178 3462 Qui
2234 3392 2423 3453 etiam

889 3480 1181 3557 advertit,
1235 3501 1295 3543 n.
1352 3484 1408 3542 1.
1462 3499 1587 3543 non
1633 3481 1954 3561 prohiberi
2000 3482 2119 3544 1100
2146 3483 2424 3546 clausula

889 3572 1174 3652 accipere
1219 3574 1617 3654 fidejussores
1648 3594 1687 3636 a
1713 3575 2043 3637 venditore
2071 3576 2154 3636 ad
2184 3578 2423 3639 securi-

886 3668 1104 3744 tatem,
1142 3667 1312 3748 quod
1360 3686 1485 3745 100,
1519 3668 1583 3729 111
1616 3687 1741 3749 qua
1769 3688 1994 3731 census
2024 3670 2426 3733 constituitur

886 3776 1013 3820 non
1071 3759 1152 3823 sit
1193 3760 1434 3837 aliena,
1487 3765 1549 3824 et
1603 3761 1774 3843 quod
1835 3760 2171 3842 pensiones
2210 3763 2420 3827 debito

883 3854 1168 3935 tempore
1208 3855 1576 3918 solventur:
1633 3854 1770 3917 haec
1820 3855 1988 3917 enim
2044 3875 2237 3918 onera
2292 3876 2419 3918 om-

883 3945 989 4006 nia
1033 3946 1114 4009 ad
1159 3948 1552 4012 venditorem
1580 3951 1867 4030 spectant
1893 3968 1971 4010 ex
2015 3953 2243 4012 natura
2273 3969 2417 4013 con-

882 4041 1142 4104 tractus·

1559 4405 1616 4485 g,
1664 4407 1721 4468 4.

1102 4662 1190 4733 De
1207 4679 1413 4733 octava
1440 4671 1723 4751 clausula,
1748 4680 1803 4733 et
1831 4671 2174 4734 conditione.

955 4934 1191 4994 Octava
1235 4929 1512 4993 clausula
1552 4928 1641 4992 sic
1687 4929 1880 4992 habet
1927 4950 1940 4991 :
2002 4951 2031 4988 (ε
2081 4933 2406 4995 Ρο01101110

875 5045 1098 5087 00110110
1147 5025 1211 5085 in
1257 5026 1538 5086 futurum
1581 5024 1913 5102 creandos,
1961 5044 2026 5084 re
2076 5025 2138 5084 in
2175 5029 2399 5103 totum,

874 5119 973 5179 vel
997 5138 1110 5197 pro
1138 5122 1338 5197 parte,
1373 5122 1718 5195 perempta,
1771 5121 1881 5179 aut
1922 5118 2309 5181 infructuosa
2339 5119 2402 5179 in

530 5201 621 5252 jum
657 5206 825 5243 ”⁸¹¹¹oe
871 5217 1094 5290 totum,
1127 5211 1226 5271 vel
1257 5229 1370 5288 010
1401 5215 1577 5287 00110
1607 5211 1848 5284 effecta,
1879 5211 2171 5272 volumus
2195 5212 2272 5271 ad
2304 5231 2402 5272 ra-

868 5310 998 5368 tam
1027 5303 1254 5384 perire.
1286 5324 1314 5360 11
1347 5304 1435 5362 Ex
1466 5303 1693 5380 quibus
1709 5303 1914 5363 verbis
1944 5304 2261 5383 colligitur
2287 5305 2400 5365 im-

865 5397 1105 5477 primis,
1156 5394 1318 5455 110110
1364 5394 1790 5456 conditionem
1821 5414 1944 5455 non
1973 5415 2111 5456 esse
2150 5398 2228 5458 de
2253 5397 2396 5478 jure

866 5494 1128 5564 naturae,
1180 5506 1322 5549 cum
1378 5487 1664 5550 Pontifex
1717 5488 2011 5566 loquatur
2058 5491 2262 5552 solum
2315 5493 2394 5553 de

865 5581 1155 5645 censibus
1183 5580 1246 5642 iu
1274 5581 1553 5644 futurum
1583 5581 1902 5656 creandis;
1936 5602 2131 5663 quare
2164 5604 2391 5668 suppo·

2061 370 2165 433 DE
2205 369 2561 435 JUSTITIA
2602 369 2706 433 ET
2745 370 2946 433 JURE

2539 567 2690 610 nere
2736 548 3008 626 videtur,
3062 548 3233 628 quod
3262 547 3325 608 in
3370 547 3662 609 censibus
3692 547 3922 611 creatis
3951 566 4069 609 non

2541 646 2705 704 esset
2757 642 3013 704 omnino
3069 641 3469 703 damnandus
3538 641 3819 705 defectus
3889 640 4070 720 hujus

2539 734 2938 812 conditioniS‚
2970 734 3020 796 si
3049 735 3324 815 pretium
3353 734 3900 814 proportionatum
3931 733 4069 794 fuis-

2539 830 2635 887 set
2651 826 3018 906 ohligationi
3047 827 3334 889 solvendi
3361 827 3729 907 pensionem
3750 827 3941 889 etiam
3970 845 4069 906 pe·

2538 923 2758 982 reunte
2807 938 2876 980 re
2915 921 3153 983 censita
3199 921 3263 982 in
3302 924 3530 998 totum,
3563 920 3663 981 vel
3709 938 3824 998 pro
3872 924 4063 998 parte.

2537 1013 2718 1075 Ratio
2749 1016 2964 1075 autem
3009 1018 3125 1091 est,
3160 1014 3309 1094 quia
3336 1014 3484 1074 licet
3512 1031 3740 1075 census
3767 1012 3957 1074 realis
3987 1014 4067 1075 vi-

2538 1105 2763 1168 deatur
2808 1124 2883 1166 ex
2912 1109 3140 1168 natura
3169 1109 3529 1169 contractus
3570 1106 3690 1168 hoc
3720 1108 3973 1182 afferre,
4006 1109 4067 1168 ut

2538 1218 2664 1261 non
2711 1200 2918 1277 duret,
2953 1199 3072 1261 nisi
3110 1200 3378 1262 durante
3405 1219 3473 1261 re
3503 1199 3567 1261 in
3597 1218 3722 1279 qua
3749 1186 4068 1261 constitui-

2537 1300 2673 1367 tur;
2707 1292 2871 1355 sicut
2899 1293 3152 1373 quando
3194 1293 3489 1355 venditur
3518 1293 3940 1367 ususfructus,
3972 1292 4066 1355 hic

2536 1386 2729 1448 etiam
2758 1387 2990 1448 durare
3021 1405 3145 1448 non
3175 1390 3381 1465 potest
3410 1386 3529 1447 nisi
3559 1391 3976 1465 permanente
4004 1405 4064 1447 re

2534 1478 2672 1558 ipsa
2706 1499 2719 1543 ε
2754 1480 2959 1558 potuit
3006 1483 3218 1541 tamen
3267 1479 3529 1560 adjungi
3569 1480 3883 1541 secundus
3920 1497 4066 1542 con·

2533 1576 2771 1635 tractus
2800 1573 3285 1634 assecurationis
3337 1590 3463 1651 quo
3502 1572 3795 1635 venditor
3822 1591 4065 1635 assecu-

2532 1670 2734 1729 rasset
2778 1665 2834 1726 ei
2864 1666 3388 1745 permanentiam,
3435 1670 3499 1727 et
3526 1665 3866 1744 obligasset
3892 1685 3963 1727 se
3990 1666 4064 1726 ad

2533 1757 2833 1819 interesse
2861 1777 2931 1820 re
2967 1762 3269 1837 pereunte
3304 1779 3318 1822 :
3354 1759 3461 1838 qui
3490 1763 3873 1834 contractus,
3908 1759 4066 1820 sicut

2532 1856 2749 1931 posset
2774 1851 2907 1911 fieri
2938 1870 3083 1912 cum
3125 1852 3247 1912 alio
3278 1852 3484 1928 tertio,
3519 1852 3607 1913 sic
3637 1852 3827 1913 etiam
3858 1856 4066 1931 posset

2532 1963 2676 2005 cum
2703 1945 3054 2019 venditore,
3074 1950 3260 2005 aucto
3285 1944 3485 2022 pretio
3511 1963 3736 2005 census
3756 1945 4064 2005 sufficien-

2530 2041 2628 2098 ter
2655 2056 2768 2117 pro
2814 2038 2933 2098 hac
2963 2037 3241 2098 secunda
3271 2036 3680 2115 obligatione,
3730 2041 3802 2099 ut
3843 2038 4067 2098 fatetur
4193 2041 4205 2052 ⁶

2530 2131 2763 2192 Melina
2817 2131 2877 2192 d.
2939 2131 3100 2209 disp.
3148 2133 3287 2192 391.
3341 2150 3402 2191 n.
3455 2134 3514 2191 4.
3569 2135 3632 2192 et
3673 2132 3903 2210 probat
3948 2131 4063 2192 late

2530 2242 2672 2285 cum
2704 2224 2842 2284 aliis
2872 2224 3049 2285 Salas
3080 2223 3229 2285 dub.
3262 2240 3484 2285 xxxm.

2609 2317 2941 2378 Dubitatur
2967 2316 3192 2396 primo,
3219 2317 3370 2396 quid
3400 2316 3788 2395 intelligatur
3813 2336 3931 2397 per
3959 2318 4059 2378 illa

2529 2411 2743 2487 verba,
2790 2430 2853 2471 re
2886 2420 3213 2491 perempta,
3267 2410 3360 2471 vel
3408 2410 3773 2491 infructuosa
3815 2410 4059 2490 effecta?

2529 2505 2985 2583 Respondetur‚
3045 2503 3329 2581 intelligi,
3391 2504 3560 2582 quod
3615 2503 3914 2565 sterilitas
3960 2504 4057 2565 vel

2525 2597 2872 2680 peremptio
2906 2615 3028 2657 non
3060 2596 3139 2657 sit
3162 2597 3244 2657 ad
3273 2601 3543 2675 tempuS,
3569 2598 3679 2657 sed
3708 2601 4053 2678 perpetua:

2528 2710 2723 2770 quare
2778 2690 2830 2750 si
2884 2690 3159 2751 fluminis
3218 2689 3630 2751 inundatione
3676 2691 3758 2751 ad
3806 2695 4058 2770 tempus

2528 2784 2839 2863 aliquibus
2885 2784 3065 2844 annis
3110 2782 3419 2863 praedium
3457 2783 3696 2845 fructus
3738 2784 3907 2846 ferre
3942 2805 4060 2847 non

2524 2877 2741 2957 possit,
2800 2895 2923 2937 non
2961 2876 3126 2955 perit
3178 2894 3425 2953 census,
3474 2876 3587 2937 sed
3617 2878 3809 2938 etiam
3840 2897 3959 2956 010
3990 2880 4060 2940 iis

2524 2970 2705 3030 annis
2738 2970 3049 3029 debentur
3076 2969 3431 3048 0000101100.
3459 2970 3646 3031 Sicus
3674 2971 3725 3030 si
3752 2971 4062 3051 simplici-

2522 3066 2641 3139 ter,
2668 3066 2733 3123 et
2759 3063 2997 3142 absque
3027 3081 3134 3139 spe
3155 3062 3415 3123 remedii
3435 3081 3473 3122 a
3491 3063 3652 3123 mari
3681 3071 4060 3142 occupatum

2522 3155 2622 3232 sit,
2656 3156 2753 3216 vel
2781 3155 2835 3217 si
2864 3155 3090 3217 domus
3119 3156 3359 3218 censita
3387 3156 3644 3218 omnino
3675 3157 3938 3220 corruit.

2602 3249 2840 3310 Deinde
2869 3269 2991 3310 non
3047 3250 3212 3328 perit
3249 3250 3440 3310 etiam
3461 3254 3776 3330 progparte
3807 3270 4057 3329 00110110,

2520 3344 2668 3404 licet
2692 3362 2838 3423 pars
2868 3343 3099 3422 praedii
3146 3344 3367 3405 censiti
3414 3344 3497 3405 ad
3526 3348 3775 3424 tempus
3824 3346 4062 3407 sterilis

2519 3436 2684 3499 facta
2710 3436 2811 3512 sit,
2847 3436 3001 3496 dum
3028 3439 3241 3498 tamen
3269 3455 3414 3515 pars
3443 3438 3767 3499 fructifera
3789 3457 3937 3517 quae
3966 3457 4059 3498 re·

2519 3534 2774 3590 maneat
2800 3530 3041 3590 {ructus
3069 3530 3230 3591 ferat
3255 3531 3544 3609 pensioni
3559 3531 4056 3610 aequivalentes:

2519 3626 2582 3684 et
2608 3622 2799 3684 debet
2824 3622 3028 3701 primo
3056 3622 3194 3684 loco
3224 3624 3382 3685 solvi
3403 3623 3620 3702 pensio
3651 3643 3725 3684 ex
3745 3624 4060 3686 fructibus

2517 3716 2625 3795 qui
2670 3715 3124 3794 percipiuntur,
3161 3720 3468 3796 quantum
3499 3716 3786 3778 deductis
3816 3736 4062 3796 expen-

2515 3811 2620 3888 sis,
2647 3811 2931 3871 sufficere
2961 3814 3272 3889 poterunt.
3307 3812 3401 3872 Ita
3430 3811 3575 3874 Mol.
3603 3811 3713 3872 ubi
3742 3831 3862 3890 sup
3895 3832 3961 3874 n.
3995 3816 4055 3874 3.

2515 3907 2579 3964 et
2615 3901 2785 3966 Less.
2838 3923 2901 3966 n.
2947 3907 3044 3966 88.
3097 3904 3420 3983 supposita
3471 3909 3685 3967 tamen
3732 3906 4063 3968 sententia

2513 4015 2704 4077 quam
2735 3995 3004 4076 amplexi
3034 4015 3250 4058 sumus
3268 4000 3421 4059 sect.
3457 3999 3728 4076 praeced.
3763 3999 3829 4059 in
3861 3998 4062 4078 expli-

2513 4090 2760 4153 catione
2777 4089 2996 4168 primse
3021 4089 3399 4152 conditionis
3429 4090 3582 4154 dub.
3611 4112 3672 4155 v.
3708 4091 4061 4153 dicendum

2513 4186 2970 4263 consequenter
3014 4187 3128 4260 est,
3179 4184 3231 4245 si
3276 4203 3423 4262 pars
3461 4185 3688 4264 praedii
3723 4186 3941 4247 solum
3980 4184 4063 4246 ad

2511 4282 2761 4357 tempus
2791 4278 3031 4339 fructus
3058 4295 3185 4339 non
3213 4278 3394 4355 ferat,
3421 4278 3636 4339 deberi
3666 4283 3877 4340 totum
3907 4298 4063 4340 cen-

2511 4388 2651 4431 sum
2693 4371 3031 4449 integrum,
3067 4370 3312 4434 etiamsi
3360 4371 3600 4434 fructus
3627 4372 3739 4451 qui
3802 4392 3887 4433 ex
3936 4372 4061 4433 alia

2510 4469 2690 4542 parte
2746 4464 3126 4543 colliguntur
3179 4482 3306 4526 non
3359 4466 3675 4527 sufficiant
3720 4465 3808 4525 ad
3851 4470 4061 4529 totam

2508 4556 2897 4636 pensionem.
2957 4557 3238 4619 Diximus
3292 4557 3483 4636 enim,
3534 4558 3752 4619 deberi
3797 4560 4064 4638 pensio—

2508 4666 2654 4709 nem
2684 4650 2874 4710 etiam
2903 4667 2977 4711 eo
3008 4667 3196 4727 anno,
3231 4668 3354 4730 quo
3383 4651 3625 4713 fructus
3655 4652 3812 4713 nulli
3846 4653 4060 4731 perci·

2504 4742 2765 4822 piuntur
2791 4761 2867 4803 ex
2895 4761 2962 4802 re
2991 4743 3253 4820 censita,
3281 4743 3332 4804 si
3359 4747 3572 4806 tamen
3602 4763 3728 4806 non
3752 4745 3842 4807 sit
3868 4745 4059 4807 steri-

2502 4834 2646 4897 litas
2701 4839 3007 4914 perpetua
3058 4856 3071 4898 :
3125 4855 3276 4915 ergo
3332 4856 3372 4898 0
3418 4838 3661 4899 fortiori
3710 4837 4063 4902 debebitur

2502 4929 2719 5010 pensio
2750 4931 3016 5008 integra,
3051 4930 3294 4992 etiamsi
3325 4948 3472 5009 pars
3500 4931 3723 5011 praedii
3773 4950 3929 5012 quae
3962 4933 4061 4992 his

2504 5023 2685 5083 annis
2714 5023 3068 5100 fructificat,
3114 5042 3241 5084 non
3287 5024 3513 5086 reddat
3558 5026 3799 5085 fructus
3854 5025 4064 5104 0111111-

2501 5117 2781 5178 valentes
2835 5117 2946 5177 toti
3007 5117 3315 5196 pensioni.
3382 5117 3645 5191 Quando
3696 5136 3861 5180 vero
3906 5136 4060 5197 pars

2501 5211 2719 5289 praedii
2768 5211 2932 5272 facta
2976 5217 3069 5271 est
3122 5211 3512 5272 infructifera
3540 5212 3604 5271 in
3632 5217 4054 5290 perpetuum,

2501 5304 2746 5365 videtur
2790 5323 2915 5365 non
2964 5304 3179 5365 deberi
3224 5305 3441 5384 pensio
3472 5305 3735 5383 integra,
3790 5306 4057 5367 etiamsi

2499 5417 2575 5460 ex
2647 5402 2825 5477 parte
2894 5403 3303 5476 permanente
3372 5399 3609 5460 fructus
3679 5398 4059 5461 habeantur

2496 5491 2944 5572 aequivalentes
2974 5492 3085 5553 toti
3117 5490 3425 5570 pensioni,
3459 5495 3522 5554 et
3547 5509 3688 5553 eam
3718 5493 4057 5553 exceden—

2493 5589 2607 5650 100.
2642 5588 2734 5649 110
2763 5604 2907 5647 011111
2936 5585 3073 5647 aliis
3100 5585 3334 5649 Melina
3353 5585 3512 5666 disp.
3544 5588 3682 5649 391.
3721 5604 3784 5647 n.
3822 5590 3895 5650 3.

4185 2331 4220 2387 ll

4100 2455 4188 2505 Quid
4213 2454 4220 2495 i

4102 2515 4219 2562 gamm

4101 2680 4220 2710 ml!
