4263 6376
517 511 630 571 199

415 703 510 734 care
540 690 706 732 domum

455 744 655 786 venditori
669 775 680 794 .

761 333 881 394 326

1912 335 2015 396 DE
2057 334 2412 395 JUSTITIA
2456 332 2556 392 m*
2599 331 2797 392 JURE

842 510 1174 571 Dubitatur
1201 510 1465 589 septimo
1490 556 1506 584 ‚
1549 528 1627 569 an
1660 511 1737 572 sit
1762 515 2117 571 contractus
2148 527 2296 569 usu·
2397 527 2433 568 a
2462 512 2522 570 te
2555 507 2849 579 fundum;
2884 525 3034 586 ergo
3069 512 3131 568 et
3159 525 3234 566 eo
3266 507 3453 566 etiam
3483 509 3665 583 pacto
3689 550 3704 577 ,
3735 508 3798 561 ut
3822 507 3902 562 te·

415 636 709 680 Anneoatlo-
760 602 996 678 1511115,
1048 603 1099 663 51
1130 603 1283 662 511115
1312 601 1570 662 domum
1597 620 1635 662 a
1664 604 1847 663 Petro
1870 649 1886 679 ‚
1938 621 2078 663 cum
2111 607 2294 680 pacto
2395 606 2618 662 neatur
2656 601 2945 661 eamdem
2989 601 3247 662 domum
3279 618 3314 659 a
3346 605 3407 661 te
3438 603 3654 677 postea
3691 613 3899 656 emere.

757 694 1306 756 retrovenditionis
1333 694 1395 754 in
1428 695 1563 775 ejus
1591 696 1903 773 favorem,
1940 700 2002 756 et
2028 695 2294 756 locando

409 798 601 851 quamam
618 809 708 840 eam
757 788 1043 848 eamdem
1066 788 1321 848 domum
1338 787 1456 866 ipsi
1478 790 1660 849 Petro
1690 789 1960 865 interim,
1981 787 2133 851 dum
2154 806 2293 847 eam

413 862 492 892 11011
527 851 706 895 redimit.

499 2287 617 2346 200

429 2414 493 2457 An
517 2419 680 2468 pactum

403 2466 534 2523 possit
552 2465 700 2521 apponi

428 2521 473 2564 in
496 2520 671 2583 gratiam

448 2574 660 2683 ω’ῧῖῒέ..

508 5078 619 5137 201

410 5203 473 5245 An
492 5208 707 5257 compnta-

407 5257 464 5299 tiz
506 5257 705 5301 fructibus

449 5311 492 5353 111
510 5316 668 5364 partem

485 5364 625 5418 pretii.

753 899 878 941 non
911 880 1162 941 redimit
1213 897 1228 944 t
1276 881 1528 941 videtur
1556 882 1724 941 enim
1772 882 1892 942 hoc
1936 881 2090 941 nihil
2122 880 2291 940 aliud

752 992 886 1033 esse
919 991 1105 1052 quam
1137 972 1501 1052 pensionem
1519 974 1847 1035 locationis
1863 975 2148 1052 accipere
2176 992 2291 1053 pro

749 1067 1018 1145 pecunia
1048 1066 1101 1126 ei
1133 1066 1371 1127 credita
1394 1112 1409 1141 ‚
1463 1066 1762 1145 quamdiu
1809 1086 1931 1127 non
1973 1066 2293 1126 redditur?

750 1159 847 1220 Ad
878 1159 996 1220 hoc
1025 1160 1185 1219 bene
1216 1158 1447 1220 Molina
1477 1159 1637 1237 disp.
1674 1162 1812 1221 376.
1848 1178 2018 1220 num.
2057 1163 2110 1220 1.
2148 1178 2291 1220 cum

748 1253 1029 1314 Navarro
1054 1299 1069 1328 ‚
1119 1251 1419 1313 Silvestro
1444 1298 1459 1324 ‚
1511 1254 1616 1332 Caj
1630 1257 1813 1313 etano
1834 1299 1849 1328 ,
1883 1260 1945 1313 et
1974 1252 2285 1328 Conrado,

748 1363 904 1423 quos
931 1346 1132 1421 affert,
1167 1345 1507 1423 respondet
1533 1345 1772 1406 licitum
1803 1364 1937 1406 esse
1960 1345 2128 1406 hunc
2147 1364 2289 1406 con·

746 1443 1019 1499 tractum
1049 1484 1063 1513 ,
1124 1438 1175 1498 si
1207 1437 1452 1498 animus
1513 1457 1718 1499 usurae
1774 1438 2043 1518 palliatae
2100 1438 2284 1514 absit,

747 1535 812 1592 et
856 1535 1214 1592 contractus
1270 1532 1603 1610 emptionis
1660 1550 1734 1593 ae
1783 1531 2110 1592 locationis
2166 1531 2289 1593 sint

746 1623 880 1701 veri
912 1643 925 1685 ε
972 1623 1119 1703 quia
1149 1642 1294 1684 vere
1324 1624 1492 1684 locas
1520 1625 1779 1685 domum
1808 1628 1983 1686 tuam
2006 1671 2022 1701 ‚
2059 1629 2119 1685 et
2148 1642 2288 1703 quae

745 1716 799 1776 51
826 1735 899 1777 50
928 1720 1213 1796 tempore
1244 1722 1480 1795 pereat,
1500 1717 1611 1778 tibi
1642 1717 1757 1777 soli
1786 1717 1979 1796 perit;
2005 1716 2054 1777 si
2075 1723 2288 1778 tamen

745 1827 1014 1886 persona
1043 1810 1123 1870 sit
1170 1813 1419 1871 assueta
1448 1810 1528 1871 ad
1558 1829 1780 1871 usuras
1802 1858 1818 1887 ,
1871 1811 1970 1871 vel
2017 1810 2288 1890 pretium

745 1901 1077 1980 emptionis
1107 1902 1290 1962 valde
1338 1902 1713 1964 diminutum
1743 1902 1854 1980 sit,
1916 1906 2024 1964 aut
2070 1902 2287 1980 pensio

744 1994 1070 2056 locationis
1092 1995 1304 2071 nimia,
1324 1996 1422 2056 vel
1454 1995 1590 2056 aliae
1621 1996 1854 2056 similes
1883 1995 2288 2057 circumstan-

747 2087 849 2148 tiae
879 2092 1276 2164 concurrant,
1308 2092 1727 2167 praesumetur
1754 2092 2113 2150 contractus
2142 2108 2292 2149 usu-

746 2180 951 2240 rarius
982 2179 1043 2239 in
1072 2180 1206 2240 foro
1239 2185 1515 2241 externO.

829 2272 1162 2334 Dubitatur
1192 2276 1413 2334 octavo
1440 2323 1454 2347 ,
1506 2292 1585 2333 an
1615 2279 1868 2353 pactum
1897 2274 2291 2335 retrovendi-

748 2364 936 2426 tionis
982 2364 1149 2426 licite
1196 2367 1427 2445 apponi
1475 2367 1670 2445 possit
1706 2367 1768 2426 in
1798 2368 2069 2446 gratiam
2100 2368 2291 2428 solius

751 2458 1049 2536 emptoris
1071 2505 1086 2534 ,
1122 2458 1208 2519 ita
1241 2463 1306 2520 ut
1331 2459 1464 2537 ipso
1496 2459 1741 2520 volente
1761 2507 1775 2523 .
1822 2465 2113 2521 teneatur
2141 2479 2292 2521 ven-

751 2549 915 2611 ditor
962 2552 1228 2611 reddere
1262 2553 1528 2629 pretium
1574 2558 1635 2613 et
1678 2571 1811 2612 rem
1841 2554 2164 2614 venditam
2193 2572 2293 2613 ac-

750 2643 998 2721 cipere?
1054 2647 1239 2707 Sotus
1272 2647 1372 2706 Vl.
1421 2644 1490 2704 de
1515 2645 1780 2726 justitia,
1841 2666 1945 2727 qu.
1984 2665 2043 2709 v.
2076 2653 2194 2709 art.
2228 2653 2286 2710 3.

752 2737 950 2800 501151.
986 2740 1041 2798 1.
1079 2743 1287 2817 negat,
1326 2737 1444 2798 nisi
1471 2739 1709 2799 fructus
1739 2739 1987 2800 interim
2017 2742 2296 2820 percepti

752 2833 1193 2907 computentur
1245 2831 1310 2891 in
1364 2836 1604 2910 partem
1651 2832 1835 2912 pretii
1893 2852 1907 2893 ε
1967 2834 2136 2912 quod
2191 2835 2295 2894 alii

753 2921 942 2984 etiam
978 2928 1344 3003 sequuntur,
1367 2925 1513 3003 quia
1543 2929 1789 3004 emptor
1816 2931 2022 3005 potest
2050 2927 2294 3006 quoties

753 3015 1052 3086 voluerit,
1100 3034 1473 3094 recuperare
1513 3037 1696 3078 suum
1725 3018 1997 3097 pretinm
2026 3038 2168 3079 cum
2198 3020 2296 3080 lu-

755 3126 862 3168 cro
887 3125 961 3167 ex
990 3108 1295 3169 fructibus
1324 3116 1639 3190 percepto,
1673 3111 1792 3171 Alii
1818 3117 2026 3172 tamen
2051 3113 2289 3188 dicunt,

755 3201 809 3262 si
836 3201 1083 3263 animus
1127 3204 1447 3264 usurarius
1491 3204 1695 3281 absit,
1748 3223 1872 3265 non
1916 3206 2294 3266 intervenire

756 3313 1012 3355 usuram
1042 3295 1103 3355 in
1135 3296 1338 3373 rigore
1358 3343 1374 3373 ,
1410 3298 1462 3356 si
1490 3316 1639 3357 vera
1669 3298 1900 3376 emptio
1932 3303 1993 3359 et
2020 3299 2295 3360 venditio

757 3387 886 3448 fiat.
921 3388 1013 3448 lta
1042 3389 1310 3450 Conrad.
1332 3391 1605 3466 Medina,
1632 3393 1852 3452 Covar.
1889 3396 1951 3453 et
1977 3392 2104 3469 alii,
2140 3412 2296 3472 quos

757 3482 941 3541 affert
984 3484 1047 3541 et
1086 3482 1369 3560 sequitur
1397 3483 1628 3543 Molina
1659 3485 1816 3564 disp.
1852 3487 1990 3545 377.
2027 3505 2198 3546 num.
2233 3491 2291 3549 8.

756 3575 925 3635 Less.
964 3592 1135 3636 num.
1174 3579 1311 3636 118.
1370 3581 1432 3637 51
1476 3577 1602 3653 5111,
1666 3577 1833 3657 quod
1876 3577 1940 3638 in
1967 3579 2176 3657 rigore
2205 3580 2298 3640 lo·

758 3667 1045 3746 quendO,
1093 3687 1312 3728 verum
1360 3673 1488 3742 est;
1538 3671 1683 3749 quia
1714 3670 1796 3731 ibi
1842 3672 2078 3733 nullum
2110 3674 2298 3734 inter-

755 3760 929 3821 venit
954 3765 1263 3838 mutuum,
1296 3763 1408 3822 sed
1436 3782 1584 3823 vera
1615 3764 1845 3842 emptio
1878 3765 2122 3841 domuS,
2158 3785 2298 3845 quas

759 3852 1013 3931 quidem
1071 3872 1195 3913 non
1252 3854 1439 3915 datur
1496 3874 1609 3934 pro
1657 3857 1923 3935 pignore
1953 3859 2136 3936 pretii
2165 3877 2298 3918 mu—

757 3945 937 4021 tuati,
970 3945 1081 4005 sed
1112 3947 1433 4009 venditur:
1459 3948 1734 4028 alioquin
1765 3950 1931 4009 enim
1961 3951 2009 4011 si
2042 3951 2293 4030 periret,

760 4056 883 4098 non
916 4039 1148 4115 periret
1177 4041 1463 4120 emptori,
1492 4042 1604 4101 sed
1634 4043 1975 4116 venditori3
2011 4045 2178 4123 quod
2210 4052 2297 4105 ta-

758 4148 903 4190 men
931 4130 1157 4189 falsum
1185 4138 1297 4208 est,
1323 4139 1393 4193 ut
1411 4134 1840 4212 supponimus,
1876 4137 2055 4207 Quod
2083 4154 2297 4197 rursus

759 4223 1130 4283 confirmare
1162 4242 1491 4301 possumus
1542 4245 1555 4286 :
1613 4227 1761 4305 quia
1802 4233 2055 4306 pactum
2104 4235 2297 4291 retro·

758 4314 1134 4376 venditionis
1165 4317 1244 4376 ad
1264 4322 1485 4377 nutum
1507 4321 1804 4397 emptoris
1835 4338 1959 4380 non
1988 4326 2301 4401 repugnat

759 4428 833 4467 ex
864 4426 930 4467 se
958 4426 1099 4468 cum
1130 4427 1279 4469 vera
1309 4410 1687 4488 venditione,
1709 4417 1778 4473 ut
1797 4414 2120 4474 constatin
2147 4434 2299 4475 ven-

759 4501 995 4561 ditione
1023 4500 1111 4561 rei
1158 4520 1281 4562 non
1312 4503 1644 4565 fructiferae
1677 4551 1692 4582 ‚
1744 4505 1806 4565 in
1856 4524 1981 4586 qua
2035 4510 2131 4568 est
2177 4507 2294 4568 du-

757 4592 954 4669 bium,
989 4593 1156 4671 quod
1188 4594 1494 4672 ejusmodi
1525 4600 1777 4675 pactum
1807 4599 2040 4677 apponi
2067 4599 2291 4678 possit:

758 4704 908 4765 ergo
939 4704 1055 4746 nec
1084 4687 1463 4765 repugnabit
1489 4690 1766 4750 venditio
1812 4691 1901 4751 rei
1932 4691 2291 4770 fructiferae,

757 4796 900 4838 cum
931 4777 1238 4857 ejusmodi
1270 4785 1474 4857 pacto,
1496 4800 1639 4841 cum
1663 4802 1783 4842 non
1807 4783 2014 4843 minus
2042 4803 2143 4845 res
2172 4785 2296 4845 fru-

756 4872 995 4949 ctifera,
1030 4891 1220 4952 quam
1250 4874 1634 4935 infructifera
1652 4876 1846 4955 possit
1873 4895 2006 4937 esse
2030 4878 2298 4938 materia

755 4965 1155 5027 venditionis·

838 5060 1038 5136 Major
1065 5065 1160 5121 est
1197 5060 1551 5137 difficultas,
1587 5079 1665 5119 an
1697 5061 1836 5122 talis
1867 5063 2098 5141 emptio
2123 5063 2294 5142 justa

758 5170 892 5212 esse
938 5154 1136 5230 possit
1163 5172 1285 5213 non
1318 5154 1693 5233 computatis
1724 5155 2030 5215 fructibus
2057 5156 2119 5215 in
2150 5174 2295 5235 par-

760 5248 882 5305 tem
939 5246 1171 5322 pretii?
1226 5246 1658 5326 Respondetur
1712 5246 2007 5322 breviter,
2054 5246 2293 5327 justam

754 5357 887 5398 esse
913 5385 927 5415 ‚
962 5339 1011 5398 si
1042 5339 1269 5401 debitae
1299 5340 1688 5402 conditiones
1719 5345 2065 5402 serventur.
2134 5341 2291 5413 Quia

2393 694 2696 756 Videatur
2726 694 2871 755 Mol.
2909 694 3076 754 dicto
3109 712 3170 753 n.
3205 696 3262 754 8.
3327 691 3688 771 Requiritur
3715 692 3904 751 tamen

2392 786 2470 846 ad
2497 786 2806 866 justitiam
2859 787 3004 847 talis
3057 786 3226 865 pacti
3282 785 3480 863 primo
3505 830 3521 860 ,
3582 786 3907 860 emptorem

2391 879 2612 958 maJ'ori
2643 879 2842 958 pretio
2874 897 3084 938 emere
3114 882 3369 956 propter
3395 895 3556 938 onus
3583 873 3750 955 quod
3777 892 3907 933 ven-

2392 972 2577 1033 ditori
2633 972 2977 1050 imponitur
3034 970 3383 1031 redimendi
3439 988 3575 1030 rem
3599 1015 3615 1045 ,
3678 966 3909 1047 quando

2391 1068 2638 1143 emptor
2668 1065 2974 1137 voluerit,
3036 1065 3121 1125 ita
3169 1068 3240 1125 ut
3292 1066 3703 1142 augmentum
3745 1060 3910 1139 pretii

2388 1158 2498 1219 tali
2527 1158 2703 1218 oneri
2750 1158 3142 1237 aequivaleat.
3209 1155 3498 1218 Secundo
3517 1202 3534 1231 ,
3596 1153 3763 1235 quod
3799 1172 3909 1213 non

2389 1255 2653 1329 cogatur
2677 1251 2968 1312 venditor
2996 1251 3307 1312 redimere
3350 1268 3487 1311 rem
3533 1247 3757 1309 eodem
3786 1265 3912 1325 pre-

2389 1344 2474 1405 tio
2501 1390 2517 1421 ,
2571 1344 2681 1405 sed
2707 1344 2938 1405 minori
2963 1390 2978 1421 ,
3033 1345 3182 1424 quia
3211 1343 3345 1422 ipse
3375 1341 3596 1403 vendit
3620 1358 3755 1400 rem
3780 1358 3910 1400 cum

2388 1455 2577 1498 onere
2606 1437 2722 1498 sibi
2750 1438 3044 1518 imposito
3075 1437 3246 1498 illam
3275 1435 3670 1509 redimendi,
3721 1436 3779 1493 et
3813 1451 3912 1511 po-

2388 1535 2521 1591 stea
2551 1532 2835 1611 accipere
2868 1532 3114 1611 cogitur
3142 1550 3282 1592 eam
3323 1529 3562 1609 absque
3591 1528 3719 1588 ullo
3744 1544 3912 1588 onere

2388 1624 2655 1702 emptori
2683 1625 2997 1703 impositu.
3033 1626 3124 1685 lta
3149 1623 3418 1699 LessiuS,
3449 1626 3512 1683 et
3541 1620 3757 1681 Molin.
3777 1618 3913 1679 locis

2387 1716 2557 1778 citat.
2622 1718 2802 1788 Quod
2849 1736 2965 1797 ego
3009 1735 3230 1778 verum
3277 1719 3428 1795 puto
3474 1715 3538 1775 in
3572 1712 3911 1773 venditione

2386 1809 2478 1869 rei
2505 1809 2876 1887 fructiferae,
2929 1810 3078 1889 quia
3119 1813 3363 1888 emptor
3408 1809 3738 1885 comparat
3760 1823 3915 1865 com-

2385 1902 2755 1963 moditatem
2783 1902 3171 1982 pereipiendi
3203 1901 3449 1961 interim
3477 1900 3720 1961 fructus
3745 1902 3915 1977 etpo-

2388 1998 2521 2057 stea
2548 1995 2728 2074 pretii
2773 1995 3211 2074 recuperandi.
3271 1995 3336 2056 Si
3380 1999 3595 2055 tamen
3629 2010 3729 2052 res
3768 1995 3915 2051 esset

2388 2088 2642 2148 omnino
2672 2087 3061 2149 infructifera
3086 2134 3101 2164 ,
3137 2092 3200 2148 et
3227 2086 3406 2167 cujus
3433 2104 3585 2146 usus
3615 2102 3740 2144 non
3770 2089 3918 2143 esset

2386 2199 2501 2260 pro
2533 2181 2739 2241 fructu
2770 2180 3263 2258 computanduS,
3297 2179 3499 2259 qualis
3529 2184 3627 2239 est
3653 2197 3797 2237 usus
3824 2177 3918 2237 do-

2388 2291 2529 2333 mus
2561 2272 2739 2353 cujus
2767 2272 3072 2334 habitatio
3105 2280 3168 2334 et
3197 2291 3344 2333 usus
3372 2291 3484 2351 pro
3514 2272 3621 2331 illo
3651 2276 3916 2350 tempore

2390 2370 2484 2426 est
2512 2366 2691 2445 quasi
2722 2366 2999 2441 fructuS,
3033 2366 3141 2426 sed
3174 2370 3338 2426 esset
3367 2364 3626 2426 omnino
3658 2364 3919 2424 infructi-

2388 2459 2542 2532 fera,
2578 2477 2702 2519 non
2731 2459 2912 2520 video
2944 2477 3055 2519 cur
3081 2459 3329 2520 Lessius
3361 2458 3625 2519 damnet
3653 2457 3797 2517 illud
3818 2476 3922 2535 pa·

2390 2556 2561 2613 ctum
2590 2552 2666 2612 de
2694 2551 3061 2612 redimenda
3090 2552 3311 2613 eodem
3352 2551 3577 2630 pretio,
3626 2549 3915 2610 dissoluto

2392 2649 2714 2707 contractu
2744 2644 2826 2705 ad
2858 2648 3076 2705 nutum
3109 2645 3409 2724 emptoris
3435 2691 3450 2720 ,
3483 2662 3630 2705 cum
3661 2645 3789 2721 ipse
3816 2662 3915 2703 nu.

2393 2742 2529 2800 115.
2564 2738 2846 2798 5115011115
2876 2737 3179 2798 concedat
3207 2756 3387 2815 posse
3417 2736 3648 2816 apponi
3682 2741 3922 2815 pactum

2393 2832 2513 2892 hoc
2542 2830 2620 2890 de
2649 2830 3019 2890 redimenda
3065 2849 3134 2890 re
3182 2831 3406 2890 eodem
3456 2831 3660 2909 pretio
3704 2830 3765 2888 in
3792 2848 3921 2907 gra-

2392 2925 2546 2985 tiam
2573 2923 2918 2984 venditoris
2943 2969 2958 2999 ,
3010 2941 3084 2984 eo
3136 2924 3304 3002 quod
3345 2929 3600 3001 pactum
3631 2922 3778 2982 illud
3806 2940 3921 2982 non

2395 3021 2490 3078 est
2517 3017 2594 3076 de
2626 3035 2788 3076 nova
2816 3016 3207 3091 venditione,
3263 3015 3373 3076 sed
3421 3015 3497 3075 de
3538 3015 3926 3076 dissolvenda

2393 3110 2585 3190 priori
2633 3129 2646 3170 :
2695 3112 2758 3169 et
2783 3112 2997 3169 tamen
3028 3109 3319 3170 venditor
3347 3115 3496 3169 tunc
3525 3108 3796 3169 debebat
3823 3109 3925 3167 de·

2395 3204 2695 3264 scendere
2727 3203 2789 3262 in
2821 3204 3020 3283 pretio
3050 3209 3309 3282 propter
3338 3221 3494 3264 onus
3522 3203 3787 3281 emptori
3815 3204 3925 3262 im-

2393 3297 2685 3376 positum.
2719 3299 2788 3357 ln
2809 3296 2906 3357 his
2935 3301 3141 3357 tamen
3176 3297 3466 3357 omnibus
3495 3297 3714 3356 abesse
3743 3295 3926 3356 debet

2394 3390 2595 3450 omnis
2625 3389 2894 3468 suspicio
2923 3407 3128 3450 usurae
3159 3389 3450 3468 palliatae,
3473 3408 3614 3469 quae
3643 3390 3693 3449 si
3721 3408 3823 3449 res
3851 3390 3929 3449 511

2395 3482 2734 3559 fructifera,
2768 3482 2950 3543 facile
2980 3482 3400 3560 praesumitur,
3436 3483 3718 3562 apposito
3749 3488 3925 3560 pacto

2395 3574 2460 3635 in
2488 3575 2758 3655 gratiam
2787 3575 3117 3655 emptoriS,
3150 3580 3212 3635 et
3240 3574 3381 3636 ideo
3413 3575 3553 3635 talis
3581 3580 3928 3636 contractus

2399 3687 2720 3747 nunquam
2777 3667 3052 3747 permitti
3097 3668 3276 3728 solet.
3332 3668 3366 3727 J
3374 3667 3671 3728 ustificari
3720 3673 3924 3728 tamen

2397 3766 2604 3839 potest
2646 3761 2928 3837 aliunde,
2981 3779 3206 3839 nempe
3237 3760 3286 3820 si
3315 3766 3722 3838 augment-um
3753 3760 3925 3839 pretii

2398 3872 2521 3934 quo
2551 3872 2652 3913 res
2682 3852 2934 3930 emitur,
2970 3857 3030 3913 et
3058 3853 3268 3913 minus
3299 3853 3569 3932 pretium
3620 3871 3739 3932 quo
3769 3854 3928 3912 redi-

2397 3946 2607 4019 mitur,
2627 3946 2724 4007 vel
2755 3947 2944 4006 etiam
2973 3946 3320 4025 periculum
3341 3946 3432 4006 rei
3452 3946 3747 4025 periturae
3765 3945 3928 4025 apud

2398 4043 2766 4117 emptorem,
2789 4039 2887 4099 vel
2917 4057 3059 4117 spes
3089 4039 3258 4117 quod
3287 4038 3427 4117 plus
3443 4038 3676 4100 valebit
3693 4045 3924 4117 postea,

2398 4132 2648 4212 quando
2679 4130 2903 4192 minori
2936 4129 3131 4209 pretio
3181 4131 3506 4193 reddenda
3536 4136 3661 4208 est,
3713 4131 3812 4191 vel
3841 4131 3930 4190 lu-

2396 4244 2572 4286 crum
2601 4223 2899 4304 emptoris
2927 4243 3178 4285 cessans
3201 4271 3216 4301 ,
3250 4225 3553 4285 damnum
3583 4242 3923 4300 emergens,

2395 4318 2495 4378 vel
2525 4318 2662 4378 alite
2692 4318 3178 4379 circumstantize
3228 4319 3464 4378 similes
3515 4318 3930 4397 aequix'aleant

2396 4411 2529 4489 spei
2557 4412 2872 4471 fruetuum
2904 4410 3471 4489 percipiendorum.

2477 4504 2808 4565 Dubitatur
2836 4520 3024 4579 non0‚
3046 4504 3297 4582 quando
3327 4507 3580 4583 pactum
3613 4509 3926 4564 reti-oven-

2396 4597 2649 4658 ditionis
2679 4597 3015 4675 apponitur
3044 4597 3106 4656 in
3136 4596 3403 4674 gratiam
3436 4597 3759 4676 utriusque
3779 4643 3794 4670 ,
3843 4597 3924 4656 ita

2397 4697 2465 4752 ut
2497 4694 2777 4768 emptore
2808 4688 2905 4749 vel
2933 4689 3258 4750 venditore
3287 4689 3534 4752 volente
3554 4736 3571 4764 ‚
3604 4709 3704 4749 res
3731 4691 3812 4750 sit
3836 4709 3926 4748 re-

2396 4781 2725 4857 dimenda,
2782 4799 2861 4842 an
2891 4781 3056 4842 licite
3085 4782 3233 4842 fiat?
3285 4782 3720 4861 Respondetur
3761 4783 3926 4843 affir-

2395 4874 2627 4936 mative
2661 4894 2675 4934 :
2739 4878 2960 4936 notant
3013 4879 3224 4935 tamen
3276 4875 3597 4951 doctores,
3663 4876 3923 4953 pretium

2395 4973 2543 5030 tunc
2572 4968 2802 5029 debere
2835 4968 3088 5046 quidem
3117 4967 3321 5047 majus
3351 4987 3487 5028 esse
3508 5014 3525 5042 ,
3570 4987 3757 5047 quam
3786 4968 3834 5028 si
3862 4968 3924 5028 in

2393 5061 2585 5123 solius
2612 5060 2951 5121 venditoris
2996 5061 3265 5139 gratiam
3309 5067 3758 5140 apponeretur3
3816 5061 3924 5120 mi·

2393 5174 2509 5215 nus
2544 5173 2686 5215 vero
2718 5172 2907 5233 quam
2936 5154 2990 5214 si
3019 5153 3293 5214 venditio
3323 5155 3503 5216 fieret
3529 5155 3767 5234 absque
3801 5155 3922 5214 ullo

2391 5252 2574 5327 pacto
2606 5267 2619 5308 :
2668 5247 2819 5326 quia
2846 5246 2998 5307 illud
3030 5251 3286 5325 pactum
3317 5247 3521 5324 magis
3546 5253 3770 5326 gravat
3797 5265 3924 5306 em-

2392 5346 2635 5419 ptorem
2687 5358 2876 5419 quam
2919 5339 3311 5401 venditorem
3343 5358 3358 5412 3
3430 5340 3603 5418 quod
3662 5339 3922 5419 explicat

742 5429 913 5510 juste
962 5434 1023 5493 et
1062 5432 1228 5494 licite
1268 5439 1446 5511 potes
1489 5433 1749 5494 domum
1796 5452 1831 5492 a
1860 5436 2046 5495 Petro
2077 5451 2287 5494 emere
2387 5433 2635 5493 Lessius
2665 5452 2771 5493 nu.
2809 5435 2947 5493 120.
3000 5436 3068 5492 ut
3095 5431 3146 5491 si
3172 5450 3274 5491 res
3302 5430 3543 5511 absque
3589 5431 3715 5492 ullo
3741 5436 3921 5510 pacto

748 5541 822 5584 eo
852 5529 1058 5603 pact0,
1081 5527 1148 5585 ut
1177 5525 1306 5604 ipse
1336 5530 1475 5604 post
1489 5544 1725 5586 annum
1757 5530 2044 5589 teneatur
2072 5545 2283 5587 emere
2384 5526 2633 5587 valebat
2662 5528 2798 5587 100.
2842 5529 3076 5585 etcum
3109 5528 3293 5602 pacto
3321 5523 3384 5586 in
3424 5524 3708 5585 favorem
3734 5523 3917 5584 solius
