4263 6376
893 348 1013 407 658

895 520 1189 582 hahuisse
1237 519 1483 581 emendi
1538 517 1784 579 illorum
1839 517 2112 596 nomine,
2147 518 2200 578 si
2250 536 2432 579 acce-

894 620 1070 692 ptare
1108 616 1350 689 vellent,
1402 613 1673 692 alioquin
1717 611 2024 672 retinendi
2067 610 2202 686 tibi,
2237 629 2429 689 quare

896 707 1013 767 illis
1069 707 1556 785 acceptantibuS,
1606 723 1728 765 non
1786 706 1855 766 fit
1907 722 2072 766 nova
2123 703 2422 777 venditiO,

891 800 1001 859 sed
1031 800 1202 879 prior
1229 798 1578 860 executioni
1611 798 1949 859 mandatur
1975 797 2180 877 posita
2209 796 2430 858 condi-

889 894 1079 954 tione.

969 985 1300 1048 Dubitatur
1328 990 1523 1062 sext0,
1567 1004 1648 1045 an
1699 984 2004 1045 debeatur
2056 984 2327 1062 gabella,
2375 983 2425 1044 si

888 1078 1083 1139 dones
1129 1078 1341 1139 omnia
1395 1082 1504 1139 tua
1543 1078 1713 1138 bona
1767 1078 1953 1137 Petro
2011 1094 2085 1137 eo
2118 1081 2324 1155 pact0,
2359 1080 2429 1138 ut

886 1170 1198 1249 obligetur
1227 1170 1308 1230 ad
1349 1174 1458 1231 tua
1499 1170 1714 1230 debita
1760 1169 2081 1245 solvenda,
2129 1174 2192 1230 et
2237 1168 2317 1229 ad
2364 1174 2425 1231 te

789 1237 831 1268 ⁰⁰
884 1263 1229 1325 alendum?
1260 1264 1601 1323 Affirmant
1638 1262 1834 1341 aliqui
1871 1262 2108 1338 deberi,
2136 1280 2292 1341 quos
2341 1262 2429 1322 af-

883 1357 1004 1418 fert
1044 1355 1324 1418 Sanchez
1346 1356 1496 1416 dub.
1529 1372 1698 1416 xxlv.
1735 1354 1867 1432 ipse
1896 1372 2046 1414 vero
2095 1373 2240 1414 cum
2288 1354 2424 1415 aliis

881 1455 1090 1529 negat,
1125 1448 1270 1528 quia
1302 1468 1427 1510 non
1459 1452 1554 1509 est
1582 1466 1733 1508 vera
1763 1451 1826 1507 et
1879 1448 2098 1509 stricta
2145 1447 2422 1509 venditio

881 1547 990 1603 aut
1015 1542 1413 1621 permutatiO,
1448 1542 1560 1602 sed
1590 1541 1747 1601 alius
1776 1543 2133 1601 contractus
2154 1540 2425 1600 innomi-

880 1638 1084 1695 natuS.
1120 1634 1298 1706 Quod
1319 1633 1683 1694 difficultate
1704 1650 1825 1693 non
1856 1636 2047 1708 caret,
2081 1631 2228 1711 quia
2249 1632 2423 1692 vide-

759 1737 764 1743 ’
880 1731 982 1788 tur
1009 1727 1309 1804 venditiO,
1345 1726 1461 1787 nisi
1495 1726 1668 1786 dicas
1699 1724 1913 1785 reduci
1941 1725 2104 1785 forte
2144 1724 2225 1784 ad
2272 1743 2423 1785 con-

617 2774 730 2833 153

589 2898 709 2950 Quid,
743 2899 778 2941 si

557 2953 812 3005 applicentur

535 3005 641 3047 bona
655 3005 834 3048 credito-

536 3059 573 3101 ri
593 3072 666 3113 pro
693 3059 831 3102 debito

591 3125 616 3154 a
630 3113 788 3167 Judice.

877 1824 1147 1882 tractum
1200 1820 1330 1880 ludi
1390 1819 1736 1893 fortuitum,
1803 1825 2111 1896 quatenus
2178 1823 2425 1878 contra-

878 1912 1096 1974 hentes
1151 1932 1217 1974 se
1274 1915 1592 1991 exponunt
1644 1909 1896 1971 fortuito
1949 1908 2224 1988 periculo
2273 1910 2419 1971 vitae

876 2005 1179 2066 brevioris
1206 2004 1302 2065 vel
1332 2004 1632 2083 longioris
1662 2002 1743 2062 ad
1800 2002 2117 2078 alimenta,
2172 2007 2235 2063 et
2274 2021 2420 2081 gra-

879 2099 1035 2159 viori
1063 2098 1161 2158 vel
1189 2097 1415 2158 minori
1462 2096 1636 2157 oneri
1692 2095 2046 2156 debitorum
2087 2095 2420 2156 solvendo-

878 2207 1054 2252 rum:
1090 2190 1258 2270 quod
1288 2190 1337 2249 si
1374 2189 1725 2263 facultates,
1752 2206 1892 2266 qua)
1943 2187 2281 2263 donantur,
2316 2206 2418 2247 ex-

878 2283 1105 2344 cedant
1159 2283 1515 2344 notabiliter
1572 2300 1727 2342 onus
1801 2280 1979 2355 illud,
2031 2281 2233 2359 magis
2300 2280 2419 2342 erit

879 2376 1134 2437 donatio
1168 2376 1284 2436 sub
1313 2393 1530 2451 onere,
1566 2390 1757 2452 quam
1787 2373 2021 2450 emptio
2052 2378 2162 2433 aut
2203 2372 2419 2432 vendi-

877 2469 988 2531 tio.
1023 2471 1112 2529 Ex
1142 2468 1478 2529 donatione
1508 2472 1719 2526 autem
1761 2465 1877 2525 sub
1908 2465 2096 2526 modo
2129 2484 2252 2525 non
2308 2465 2419 2525 de-

879 2563 1063 2622 betur
1090 2562 1358 2640 gabella,
1392 2565 1460 2620 ut
1488 2560 1673 2619 docet
1700 2558 1931 2619 Molina
1982 2576 2050 2620 11.
2092 2563 2245 2621 tom.
2297 2558 2419 2619 dis-

881 2660 1013 2734 put.
1046 2658 1184 2716 397.
1219 2655 1273 2732 ἓ.
1309 2653 1370 2713 E
1371 2673 1414 2711 ,ι-
1441 2652 1528 2711 leis
1557 2651 1967 2712 contractibus.

964 2746 1297 2808 Dubitatur
1327 2745 1614 2824 septimo,
1663 2762 1742 2803 an
1795 2744 2047 2825 quando
2096 2745 2418 2806 creditori·

884 2841 1000 2901 bus
1026 2845 1280 2919 propter
1308 2838 1518 2898 debita
1547 2838 1930 2899 addicuntur
1957 2858 1993 2897 a
2015 2837 2230 2918 judice
2250 2838 2417 2899 bona

887 2933 1205 3009 debitoris,
1267 2931 1571 2992 debeatur
1624 2931 1915 3009 gabella?
1957 2931 2413 3009 Respondetur,

885 3026 947 3087 id
977 3046 1159 3106 posse
1215 3024 1548 3102 dupliciter
1599 3024 1756 3084 fieri.
1817 3023 2047 3100 Prim0,
2097 3024 2246 3104 quia
2293 3043 2417 3085 non

883 3119 1200 3179 invenitur
1226 3122 1492 3198 emptor,
1517 3116 1714 3197 judex
1758 3117 2030 3197 applicat
2075 3136 2208 3178 rem
2247 3118 2419 3177 illam

884 3213 1180 3274 creditori
1207 3213 1271 3272 in
1300 3212 1592 3288 solutum,
1614 3215 1676 3272 et
1704 3215 1852 3271 tunc
1880 3229 2005 3271 non
2034 3211 2284 3273 videtur
2309 3212 2421 3271 de-

882 3306 1016 3367 beri
1046 3306 1314 3384 gabella,
1349 3304 1497 3384 quia
1526 3323 1649 3365 non
1693 3309 1787 3365 est
1833 3304 2108 3365 venditio
2154 3303 2264 3364 sed
2311 3323 2419 3364 ex-

882 3399 1097 3460 tinctio
1126 3397 1338 3474 debiti,
1369 3416 1479 3457 seu
1508 3397 1753 3473 solutio,
1811 3396 1974 3458 sieut
2024 3415 2215 3475 supra
2263 3397 2415 3457 dixi-

881 3511 1022 3552 mus
1051 3493 1127 3552 de
1156 3492 1437 3551 solvente
1469 3510 1547 3549 ex
1576 3489 1967 3566 necessitate,
2004 3494 2071 3550 ut
2098 3507 2241 3549 cum
2280 3489 2416 3550 aliis

883 3586 1068 3646 docet
1112 3585 1344 3646 Molina
1393 3601 1460 3644 11.
1510 3589 1664 3646 tom.
1708 3583 1869 3660 disp.
1921 3585 2059 3643 566.
2111 3589 2175 3643 et
2229 3582 2292 3641 in
2336 3600 2414 3645 eo

881 3697 1066 3739 sensu
1098 3676 1441 3755 accipiendi
1472 3681 1617 3738 sunt
1643 3676 1752 3752 illi,
1788 3693 1946 3754 quos
1975 3674 2160 3736 affert
2215 3679 2278 3735 et
2319 3694 2418 3735 se-

885 3772 1098 3852 quitur
1150 3770 1433 3832 Sanchez
1473 3769 1622 3829 dub.
1663 3783 1831 3828 xxvl.
1868 3771 2169 3846 negantes
2199 3771 2417 3827 contra

886 3864 1253 3943 Gregorium
1271 3866 1497 3941 Lopez,
1512 3860 1725 3921 deberi
1754 3860 2410 3938 gabellam.Secund0‚

884 3963 1091 4037 potest
1118 3976 1251 4018 esse
1275 3956 1442 4036 quod
1461 3973 1562 4015 res
1582 3954 1644 4013 in
1664 3954 1915 4032 publiea
1941 3953 2413 4014 subhastatione

805 4099 814 4109 .
882 4051 1193 4112 vendatur
1220 4049 1471 4110 decreto
1495 4047 1727 4127 judicis
1760 4047 1840 4106 ad
1882 4046 2255 4107 solvendum
2303 4046 2415 4106 de-

610 5108 725 5166 154

525 5230 643 5283 Quid,
665 5232 708 5274 ss
718 5245 822 5275 ven-

525 5285 645 5326 datur
658 5286 824 5340 pignus,

525 5338 591 5378 vel
614 5339 822 5392 hypothe-

524 5403 573 5433 ca
592 5392 641 5432 ad
660 5393 822 5436 solven-

880 4144 1207 4218 hitoribuS,
1242 4147 1304 4204 et
1331 4146 1501 4217 tunc,
1536 4141 1584 4200 si
1614 4141 1771 4201 alius
1802 4139 2019 4201 tertius
2065 4139 2203 4218 plus
2260 4141 2414 4199 offe-

881 4256 1023 4298 rens·
1054 4255 1193 4296 eam
1214 4239 1404 4312 emat,
1438 4235 1702 4295 debetur
1728 4233 1995 4312 gabella,
2022 4238 2090 4294 ut
2108 4251 2252 4293 cum
2273 4232 2412 4293 aliis

879 4331 1109 4391 fatetur
1138 4328 1420 4391 Sanchez
1451 4327 1558 4403 ibi,
1595 4327 1704 4406 qui
1746 4326 1809 4386 id
1858 4345 2086 4406 negare
2134 4325 2402 4403 videtur,

878 4423 1132 4503 quando
1163 4440 1288 4482 non
1320 4421 1423 4481 alii
1453 4420 1562 4480 sed
1593 4420 1711 4499 ipsi
1740 4419 2034 4480 creditori
2088 4417 2408 4497 adjudica-

879 4521 1002 4578 tur.
1037 4515 1161 4578 Sed
1192 4519 1380 4574 credo
1415 4513 1584 4593 quod
1640 4515 1827 4574 etiam
1880 4518 2030 4574 tunc
2074 4511 2400 4588 debeatur,

876 4611 924 4670 si
983 4610 1261 4670 creditor
1312 4607 1376 4667 in
1430 4607 1680 4686 publica
1736 4605 2209 4667 subhastatione
2266 4605 2406 4683 plus

876 4704 1116 4779 offerat,
1151 4709 1219 4763 ut
1245 4720 1389 4761 cum
1417 4701 1553 4760 aliis
1581 4701 1811 4762 fatetur
1836 4699 2067 4761 Molina
2097 4697 2208 4775 ibi,
2260 4698 2407 4777 quia

875 4803 1022 4857 tune
1053 4794 1325 4855 creditor
1350 4812 1416 4853 se
1448 4793 1637 4855 habet
1671 4797 1741 4853 ut
1795 4796 2043 4869 emptor
2095 4791 2398 4870 privatuS,

875 4890 979 4969 qui
1025 4889 1320 4968 pecunias
1377 4906 1486 4966 pro
1543 4886 1742 4965 pretio
1799 4887 2000 4962 offert,
2059 4903 2136 4944 ex
2179 4883 2405 4964 quibus

875 4985 1070 5062 possit
1097 4983 1150 5043 ei
1182 4986 1398 5060 postea
1425 4980 1793 5042 auctoritate
1815 4977 2047 5058 judicis
2075 4977 2256 5039 solvi.

961 5079 1084 5136 Hac
1115 5075 1439 5137 occasione
1470 5073 1788 5153 quaeritur,
1835 5072 1887 5130 si
1943 5090 2044 5131 res
2101 5070 2402 5131 debitoris

875 5173 1052 5230 erant
1079 5169 1375 5249 subjectae
1400 5167 1667 5247 pignori,
1732 5165 1831 5225 vel
1892 5163 2288 5243 hypothecae,
2342 5168 2405 5225 et

873 5262 1124 5323 decreto
1148 5262 1378 5340 judicis
1427 5259 1803 5334 vendantur,
1840 5262 1901 5318 et
1953 5258 2225 5336 pretium
2277 5275 2401 5318 non

869 5355 1137 5416 sufficiat
1157 5355 1236 5414 ad
1265 5352 1775 5415 satisfaciendum
1787 5350 2035 5427 debitis,
2059 5369 2141 5412 an
2173 5350 2403 5412 debeat

2055 345 2157 404 DE
2199 342 2557 405 JUS'rl'rlA
2604 342 2703 401 ET
2744 341 2777 403 J
2789 343 2943 403 URE

2529 517 2855 579 dubitandi
2889 536 3023 578 essc
3052 520 3278 596 potest,
3312 518 3461 597 quia
3490 537 3565 579 ex
3611 519 3794 580 bonis
3822 518 4069 580 debito-

2526 611 2611 671 ris
2642 611 2814 689 prius
2867 610 3238 671 solvendum
3300 616 3395 673 est
3448 612 3866 673 creditoribus
3906 612 4071 672 anti-

2527 704 2870 782 quioribuS,
2903 703 3253 781 praesertim
3285 705 3513 783 quibus
3540 725 3643 766 res
3700 710 3885 767 erant
3923 723 4073 765 rea-

2524 796 2668 858 liter
2692 796 3004 875 obligatae.
3037 799 3293 857 Lasarte
3354 804 3592 876 tamen,
3631 817 3819 879 quem
3877 799 4077 859 affert

2526 893 2590 950 et
2614 889 2896 968 sequitur
2920 889 3155 950 Molina
3185 889 3246 950 d.
3283 890 3448 970 disp.
3483 895 3624 953 566.
3661 892 3725 953 in
3770 892 3920 967 fine,
3976 890 4077 950 di-

2526 981 2610 1043 cit
2628 981 2798 1061 prius
2827 982 3193 1043 solvendam
3222 1000 3359 1043 csse
3388 984 3725 1063 gabellum,
3752 984 3935 1064 cujus
3964 1000 4072 1042 ra-

2524 1075 2609 1135 tio
2623 1093 2756 1135 esse
2786 1078 3011 1154 potest,
3038 1075 3189 1153 quia
3219 1075 3638 1138 creditoribus
3666 1096 3794 1138 non
3816 1082 3915 1137 est
3939 1075 4072 1137 sol·

2522 1168 2820 1243 vendum,
2854 1166 2970 1226 nisi
2999 1183 3074 1227 ex
3124 1168 3328 1246 pretio
3371 1187 3594 1229 rerum
3648 1169 4070 1231 venditarum

2526 1258 2811 1320 deductis
2828 1258 3117 1337 expensis
3136 1262 3505 1322 necessariis
3522 1262 3603 1322 ad
3632 1261 4069 1324 venditionem

2521 1351 2905 1426 faciendam;
2943 1351 3107 1413 inter
3133 1353 3249 1413 has
3281 1358 3492 1416 autem
3525 1374 3833 1434 expensas
3889 1372 4069 1416 com·

2522 1443 2728 1522 putari
2759 1444 2947 1507 debet
2975 1446 3245 1523 gabella,
3278 1447 3412 1508 sine
3459 1466 3587 1527 qua
3616 1467 3727 1510 rex
3758 1467 3886 1509 non
3914 1466 4070 1527 per-

2521 1536 2709 1598 mittit
2734 1536 2971 1616 aliquid
3000 1539 3186 1598 vendi
3212 1559 3226 1598 :
3268 1558 3464 1619 quare
3492 1540 3656 1603 sicut
3683 1542 4063 1602 solvendum

2520 1634 2615 1690 est
2643 1629 2810 1709 quod
2842 1629 3109 1692 debetur
3156 1630 3357 1711 judici
3416 1633 3803 1713 praecipienti
3837 1633 4066 1693 vendi-

2518 1723 2778 1799 tionem,
2815 1724 3080 1800 notariO,
3115 1727 3179 1784 et
3203 1726 3504 1803 praeconi,
3539 1730 3602 1788 et
3653 1726 3794 1788 aliis
3824 1726 4066 1789 officia·

2518 1815 2701 1891 libus,
2753 1816 2844 1875 sic
2884 1816 3258 1877 solvendum
3289 1824 3385 1880 est
3411 1820 3582 1899 quod
3614 1820 3886 1883 debetur
3919 1819 4059 1899 regi

2520 1906 2772 1969 habenti
2795 1907 2900 1987 jus
2928 1908 2990 1969 in
3023 1914 3200 1987 parte
3231 1912 3411 1989 pretii
3471 1913 3535 1973 in
3593 1913 3877 1994 qualibet
3903 1931 4061 1973 ven-

2519 2000 2775 2077 ditione,
2810 2005 2873 2062 et
2900 2020 2972 2061 ex
3006 2021 3078 2062 eo
3114 2004 3282 2083 quod
3330 2013 3618 2084 superest
3675 2005 4058 2068 solvendum

2518 2097 2612 2153 est
2637 2093 3073 2157 credItoribuS.

2598 2186 2929 2249 Dubitatur
2952 2191 3193 2265 octavo,
3230 2208 3310 2250 an
3367 2192 3623 2270 quando
3672 2192 4057 2272 consangui-

2517 2465 2883 2527 conceditur
2919 2465 3061 2545 jure
3093 2466 3369 2545 Hispano
3400 2469 3443 2530 l.
3504 2487 3638 2532 Lxx.
3683 2472 3892 2549 Tam-i,
3952 2474 4056 2534 de-

2515 2557 2740 2619 beatur
2758 2558 3008 2637 gabella
3054 2578 3127 2618 ex
3188 2560 3307 2621 bac
3362 2564 3640 2623 secunda
3690 2565 4057 2628 venditione

2517 2650 2662 2711 huic
2715 2653 3179 2731 consanguineo
3241 2655 3454 2717 faeta?
3504 2657 3975 2736 Respondetur,
4008 2660 4055 2719 si

2516 2743 2765 2822 gabella
2791 2745 3091 2806 solvenda
3126 2747 3205 2808 sit
3237 2767 3275 2807 a
3301 2748 3432 2808 solo
3456 2749 3823 2827 venditore,
3892 2752 4057 2813 hanc

2518 2835 2745 2897 debere
2774 2838 2976 2899 solum
3006 2839 3202 2916 illum,
3239 2840 3345 2919 qui
3375 2842 3579 2920 primo
3641 2845 3959 2921 vendidit,
3995 2851 4057 2908 et

2518 2947 2630 3007 pro
2653 2929 2757 2988 illa
2793 2930 2995 3009 prima
3023 2932 3179 3010 vice,
3214 2952 3341 2994 non
3368 2934 3545 2995 illum
3576 2936 3853 3015 primum
3885 2959 4057 3019 emp-

2518 3025 2741 3098 torem,
2806 3023 3058 3101 quando
3128 3031 3344 3103 postea
3401 3028 3511 3090 dat
3568 3048 3703 3091 rem
3772 3038 4056 3111 emptam

2518 3115 3007 3195 consanguineo,
3038 3116 3122 3178 ita
3155 3137 3298 3179 cum
3319 3121 3589 3182 Antonio
3640 3125 3897 3202 Gomez,
3930 3127 4059 3187 Ma-

2514 3208 2743 3285 tienzo,
2786 3213 2848 3269 et
2876 3209 3013 3269 aliis
3057 3229 3213 3288 quos
3270 3212 3473 3290 affert,
3533 3214 3717 3278 docet
3765 3220 4055 3281 Sanchez

2517 3301 2666 3362 dub.
2699 3318 2919 3362 xxvm.
2941 3303 3224 3382 Vasquez
3254 3305 3422 3366 dicto
3448 3308 3505 3387 §-
3544 3324 3611 3368 11.
3647 3309 3799 3372 dub.
3840 3329 3938 3374 111.
3987 3331 4049 3374 n.

2512 3399 2570 3456 8.
2606 3399 2669 3456 et
2695 3399 2754 3457 9.
2791 3395 3134 3457 Turrianus
3163 3397 3399 3476 disput.
3430 3417 3568 3461 xrv.
3604 3402 3758 3464 dub.
3786 3421 3882 3466 m.
3920 3409 4058 3469 Μο-

2513 3488 2643 3550 lina
2671 3493 2823 3550 tom.
2870 3505 2938 3550 11.
2974 3489 3207 3569 disput.
3242 3494 3380 3554 371.
3420 3494 3577 3567 Quia
3622 3496 3730 3557 illa
3773 3501 4056 3561 secunda

2515 3601 2637 3643 non
2669 3586 2764 3643 est
2790 3601 2953 3643 nova
3006 3584 3282 3646 venditio
3312 3585 3563 3649 diversa
3610 3609 3647 3650 a
3676 3592 3908 3671 prima,
3942 3594 4053 3655 sed

2512 3675 2890 3753 subrogatur
2918 3677 3423 3757 consanguineus
3469 3681 3609 3743 loco
3657 3685 3848 3761 primi
3880 3706 4057 3769 emp-

2511 3766 2663 3828 toris
2685 3773 2864 3828 utens
2876 3769 3020 3848 jure
3069 3785 3201 3832 suo,
3239 3772 3337 3832 Ad
3368 3772 3487 3834 hoc
3517 3780 3731 3836 autem
3788 3782 4057 3860 requiri-

2511 3863 2616 3920 tur
2655 3861 2823 3940 quod
2883 3863 3385 3942 consanguineus
3443 3867 3611 3928 intra
3654 3874 3904 3950 tempus
3935 3873 4055 3934 sibi

2513 3970 2878 4014 concessum
2907 3955 3186 4017 retrahat
3214 3976 3352 4018 rem
3393 3959 3473 4019 ad
3505 3978 3593 4038 se,
3627 3967 3692 4024 et
3722 3969 3794 4026 ut
3820 3967 4054 4027 eodem

2508 4047 2729 4124 pretio,
2762 4046 2999 4107 eisdem
3030 4050 3494 4114 conditionibus
3552 4058 3615 4117 et
3670 4060 4051 4123 necessitate

2506 4143 2836 4216 retractuS,
2870 4141 3118 4203 volente
3139 4146 3606 4224 consanguineo
3622 4149 3714 4211 uti
3738 4149 3883 4229 jure
3905 4172 4048 4230 sue,

2502 4230 2566 4290 id
2596 4233 2722 4293 fiat.
2756 4232 3047 4313 Alioquin
3069 4237 3427 4299 censebitur
3469 4259 3632 4302 nova
3671 4245 3960 4307 venditio
3990 4250 4059 4309 et

2507 4323 2771 4386 debetur
2813 4344 2974 4386 nova
3018 4327 3288 4408 gabella,
3332 4335 3401 4392 ut
3457 4351 3601 4394 cum
3664 4337 3928 4417 Melina,
3992 4343 4059 4401 et

2505 4417 2642 4478 aliis
2671 4417 2854 4480 docet
2880 4418 3049 4480 idem
3072 4422 3437 4486 TurrianuS.

2584 4513 2785 4588 Petes,
2819 4512 2990 4592 quid,
3025 4514 3074 4573 si
3103 4519 3384 4594 tempore
3414 4518 3786 4586 intermedio
3804 4527 4055 4604 primus

2504 4608 2751 4681 emptor
2778 4604 2955 4665 alteri
2984 4609 3277 4669 extraneo
3307 4611 3611 4692 vendidit,
3668 4621 3731 4678 et
3760 4618 3860 4679 hic
3893 4621 4057 4682 alte·

2503 4697 2557 4757 ri
2586 4715 2618 4757 a
2643 4716 2766 4778 quo
2795 4702 3013 4775 postea
3031 4704 3536 4782 consanguineus
3563 4708 3729 4770 intra
3759 4710 4056 4774 debitum

2503 4795 2748 4869 tempus
2768 4791 3078 4853 retrahit?
3107 4812 3185 4853 an
3208 4813 3282 4854 ex
3303 4796 3424 4857 illis
3454 4801 3935 4866 venditionibus
3955 4806 4057 4867 in-

2503 4883 2822 4943 termediis
2865 4884 3172 4947 debeatur
3222 4889 3472 4967 gabella
3497 4892 3529 4952 ¹?
3577 4896 3935 4958 Turrianus
3987 4918 4051 4960 n.

2505 4978 2598 5037 16.
2634 4978 2788 5037 Cum
2817 4979 3074 5039 Lasarte
3102 4984 3281 5058 putat
3311 4982 3524 5046 deberi
3550 5006 3565 5060 ;
3618 4990 3769 5068 quia
3818 5009 4055 5054 omn&

2502 5069 2621 5130 illae
2653 5070 3043 5131 venditiones
3070 5072 3463 5138 intermediae
3516 5080 3771 5146 fuerunt
3818 5084 4054 5147 liberte

2500 5167 2562 5224 et
2593 5181 2716 5223 non
2740 5162 2883 5242 jure
2914 5169 3239 5229 retractus.
3275 5170 3495 5233 Melius
3540 5177 3748 5237 tamen
3802 5178 4052 5241 Molina

2499 5256 2607 5316 ubi
2634 5274 2821 5335 supra
2854 5265 3087 5337 negant
3142 5260 3379 5341 deberi,
3442 5267 3590 5345 quia
3643 5288 3864 5333 omnes
3926 5274 4049 5335 illa·⁸

2496 5349 2750 5410 fuerunt
2776 5350 3166 5414 venditiones
3195 5355 3310 5416 sub
3359 5360 3737 5440 conditione,
3775 5364 3833 5423 si
3886 5386 4045 5430 con·

522 5444 820 5491 dmum-editori
868 5448 1075 5508 adhuc
1106 5447 1262 5508 solvi
1293 5446 1540 5525 gabella
1570 5464 1646 5505 ex
1703 5444 1808 5504 illa
1837 5443 2219 5520 venditione,
2254 5443 2403 5503 licet
2499 5442 2880 5522 sanguineus
2937 5463 3061 5505 non
3122 5450 3475 5514 retraheret
3529 5452 3692 5516 intra
3746 5455 4043 5522 debitum

866 5541 930 5602 id
961 5542 1166 5602 minus
1197 5540 1564 5601 solvendum
1615 5537 1694 5600 sit
1739 5536 2170 5599 creditoribuS.
2221 5535 2400 5596 Ratio

2496 5540 2767 5614 tempuS,
2801 5541 2863 5598 ct
2889 5537 3263 5602 adveniente
3318 5548 3593 5609 retractu
3648 5567 3870 5613 omnes
3931 5573 4046 5614 an-

4212 2209 4222 2239 Ε

2518 2297 2672 2338 neus
2703 2280 2966 2342 retrahit
2996 2300 3127 2341 rem
3159 2282 3435 2362 aliquam
3496 2284 3678 2345 alicui
3731 2286 4056 2347 venditam
4104 2208 4222 2373 „t

2518 2371 2740 2431 eodem
2795 2372 3020 2450 pretio,
3055 2392 3179 2453 quo
3261 2376 3518 2437 vendita
3575 2377 3805 2455 fuerat,
3867 2385 4059 2459 prout
4119 2392 4221 2428 σω*

4204 4435 4211 4504 1

4198 4547 4212 4740 ⁴
