4263 6376
778 268 896 328 704
1905 261 2006 321 Dr:
2046 259 2403 322 JUSTITIA
2446 259 2548 320 ΕΤ
2589 259 2789 322 JURE

777 459 990 501 mune.
1022 438 1319 518 Alioquin
1350 457 1464 499 nec
1481 438 1677 517 judex
1717 441 1930 519 posset
1956 437 2063 498 illa
2091 435 2314 516 punire
2416 434 2797 499 constituere
2828 437 3129 515 fiscalem,
3164 435 3273 516 qui
3302 454 3378 497 ex
3399 436 3606 498 officio
3633 436 3967 497 denuntiet

781 533 1032 613 quando
1051 536 1281 611 sperat,
1307 531 1439 592 sine
1461 549 1534 592 ea
1556 531 1879 610 punitione
1908 530 2160 609 publica
2177 546 2321 608 pos-
2416 529 2466 590 si
2489 533 2699 609 speret
2725 549 2907 610 posse
2940 530 3232 610 probari,
3295 534 3359 592 et
3393 533 3542 592 ωηο
3570 529 3967 609 interrogare

721 679 724 684 ,
778 645 845 688 se
871 626 1191 688 subditum
1222 624 1490 702 corrigi,
1545 625 1656 684 sed
1699 623 1961 685 deberet
2002 621 2138 702 ejus
2167 622 2320 682 infa-
2414 622 2691 702 primum
2723 623 3200 686 denuntiantem
3243 628 3545 703 tanquam
3577 628 3841 699 testem,
3903 626 3971 683 et

778 720 971 781 miam
1001 724 1062 780 et
1089 717 1576 798 publicationem
1608 716 1948 795 impedire:
1981 715 2142 778 sicut
2169 732 2319 793 ergo
2414 716 2547 795 ipse
2577 715 2892 777 tenebitur
2912 717 3048 796 jam
3079 715 3486 795 respondere,
3515 715 3635 776 nisi
3663 717 3827 777 forte
3857 733 3971 776 ex·

772 812 969 894 judex
1014 815 1219 891 potest
1266 814 1523 890 propter
1567 810 1803 870 bonum
1850 808 2172 887 publicum
2201 807 2321 867 hoc
2417 811 2691 885 cusetur,
2730 809 2877 888 quia
2911 813 3007 870 est
3037 809 3325 888 complex
3354 808 3586 884 delicti,
3611 808 3709 869 vel
3737 808 3859 868 nisi
3890 826 3968 868 ex

777 906 1014 968 bonum
1042 902 1273 964 subditi
1304 903 1617 981 privatum
1649 904 2069 987 cqntemnere,
2095 901 2183 961 ita
2209 917 2322 979 po·
2415 900 2521 961 illo
2568 901 2926 962 testimonio
2970 902 3194 978 merito
3239 901 3358 962 sibi
3384 901 3608 962 timeat
3629 919 3825 980 grave
3856 900 3972 961 de·

777 999 924 1060 terit
951 999 1281 1058 aecusator
1320 995 1706 1057 intendendo
1739 994 1906 1055 idem
1936 993 2174 1055 bonum
2203 1011 2321 1073 pu-
2415 994 2781 1055 trimentum
2803 1039 2819 1072 ‚
2870 993 3048 1074 cujus
3077 993 3363 1055 vitationi
3413 1012 3537 1054 non
3579 993 3812 1055 debeat
3857 1012 3970 1053 an-

777 1090 1034 1167 blicum,
1069 1088 1241 1169 quod
1269 1107 1345 1149 ex
1373 1087 1696 1168 punitione
1726 1087 2008 1148 resultat.
2416 1089 2716 1164 teponere
2748 1086 2902 1147 illud
2943 1087 3113 1148 aliud
3156 1087 3395 1148 bonum
3443 1086 3803 1166 publicum,
3864 1085 3971 1147 vel

532 1195 610 1256 82
858 1183 1193 1244 Dubitatur
1221 1185 1444 1261 quarto
1470 1226 1486 1258 ,
1547 1186 1759 1243 utrum
1802 1179 2088 1259 superior
2123 1179 2321 1259 possit
2417 1180 2585 1242 illius
2639 1179 2991 1242 innocentis
3048 1180 3158 1261 qiss
3199 1180 3435 1259 patitur
3488 1179 3568 1241 ab
3624 1196 3699 1241 eo
3757 1177 3967 1240 delin-

451 1320 647 1374 δαμήῃ
664 1331 715 1362 an
779 1275 1045 1340 transire
1084 1294 1124 1337 a
1152 1274 1626 1335 denuntiatione
1658 1277 1922 1354 paterna
1948 1273 2028 1332 ad
2051 1271 2315 1352 judicia-
2419 1277 2672 1353 quente.

453 1374 686 1482 „J‘⁸3‘}⁸{¹'⁰·
778 1370 994 1446 lema.
1012 1387 1074 1447 g.
1099 1367 1374 1429 detulisti
1394 1366 1653 1447 praelato
1674 1372 1975 1447 tanquam
1994 1365 2159 1445 patri
2178 1383 2320 1445 pec·
2498 1366 2790 1428 Secunda
2818 1366 3098 1446 exceptio
3129 1384 3264 1428 esse
3293 1368 3522 1445 potest,
3556 1364 3817 1444 quando
3849 1383 3969 1444 per

510 1440 552 1470 88
649 1438 713 1469 Via
1171 1460 1185 1474 .
2461 1459 2474 1472 .
3839 1458 3853 1471 0

454 1481 705 1590 &33³0ss
780 1463 1400 1632 {tssffiffssssssffiffiff
1397 1460 2216 1633 it‘zssssssztftqpssitf‘ff?
2217 1477 2322 1630 {¹1¹3
2416 1459 3307 1628 {331533233313'52223‘23
3327 1462 3971 1631 332535333322?

779 1668 846 1709 se
874 1652 1086 1710 tamen
1118 1650 1454 1707 contumax
1483 1645 1580 1706 vel
1611 1664 1735 1706 non
1766 1644 2172 1721 emendatur,
2219 1643 2321 1704 vel
2419 1646 2527 1726 qui
2556 1663 2669 1724 per
2694 1646 2862 1707 viam
2871 1645 3245 1725 juridicam:
3281 1644 3360 1705 ad
3392 1644 3559 1705 hunc
3576 1644 3744 1704 enim
3770 1643 3970 1704 finem

778 1741 1028 1820 culpam
1059 1758 1184 1800 non
1215 1738 1499 1817 agnoscit
1525 1757 1539 1797 :
1566 1755 1644 1798 an
1674 1741 1824 1799 tunc
1851 1738 2148 1817 praelatus
2177 1754 2322 1815 pos-
2415 1741 2623 1817 potest
2648 1738 2913 1800 transire
2943 1737 3306 1799 similiterin
3323 1755 3686 1817 processum
3695 1735 3970 1817 judicia-

778 1834 858 1896 sit
885 1833 1241 1912 relinquere
1269 1832 1531 1891 modum
1551 1829 1934 1908 procedendi
1962 1833 2316 1909 paternum,
2415 1831 2541 1891 lem
2588 1830 2926 1909 obligando
2968 1829 3318 1892 delatorem
3350 1829 3429 1890 ad
3458 1829 3970 1891 denuntiandum

779 1929 843 1988 et
869 1944 1186 1986 assumere
1202 1942 1537 2004 personam
1546 1923 1777 2004 judicis
1796 1922 1880 1984 ad
1900 1923 2321 1984 coercendum
2413 1922 2704 2004 juridice,
2739 1927 2807 1985 ut
2836 1923 3073 1985 dictum
3114 1926 3230 1985 est.
3283 1922 3445 1997 Quia
3487 1922 3653 1984 sicut
3690 1922 3815 1983 hoc
3860 1940 3970 2001 po-

779 2017 1147 2082 subditum?
1178 2017 1471 2078 Affirmat
1495 2019 1680 2077 Azor.
1714 2015 1882 2077 dicto
1915 2015 2026 2077 lib.
2064 2017 2227 2076 XIII.
2263 2034 2318 2076 c.
2416 2019 2539 2078 test
2563 2016 2770 2077 facere
2798 2020 3057 2096 propter
3081 2015 3414 2078 vitandum
3433 2014 3743 2076 damnum
3770 2014 3967 2088 tertii,

778 2130 904 2175 xxl.
943 2112 1092 2172 dub.
1125 2115 1184 2172 9.
1222 2129 1364 2171 cum
1422 2108 1734 2189 aliquibus
1763 2108 2128 2185 canonisti8‚
2166 2125 2323 2186 quos
2416 2109 2649 2189 poterit
2675 2109 2867 2170 etiam
2895 2112 3153 2189 propter
3193 2109 3499 2169 damnum
3528 2108 3724 2188 ipsius
3754 2107 3963 2168 delin-

781 2207 981 2281 affert‚
1014 2207 1232 2282 postea
1258 2206 1471 2264 tamen
1501 2202 1655 2262 dum
1685 2202 1954 2282 explicat
1981 2219 2162 2262 suam
2186 2219 2322 2261 sen-
2419 2201 2689 2282 quentis,
2724 2202 2900 2283 cujus
2931 2220 3058 2264 non
3104 2202 3417 2263 minorem
3467 2219 3687 2262 curam
3729 2201 3971 2262 habere

778 2297 1040 2360 tentiam
1065 2341 1081 2373 ,
1137 2295 1387 2357 videtur
1432 2294 1768 2357 convenire
1817 2313 1961 2355 cum
2008 2294 2322 2356 sententia
2419 2295 2609 2358 debet
2635 2296 2954 2374 praelatuS.
2988 2297 3080 2357 Ita
3102 2297 3290 2357 Sotus
3307 2295 3416 2356 ubi
3441 2313 3656 2374 supra,
3682 2300 3746 2356 et
3759 2293 3872 2355 lib.
3891 2296 3969 2356 V.

782 2389 1099 2470 opposita;
1134 2388 1328 2466 exigit
1354 2387 1521 2448 enim
1550 2386 1684 2448 fieri
1717 2386 1923 2447 denuo
1955 2405 2185 2447 novam
2214 2386 2325 2446 de·
2417 2387 2487 2449 de
2508 2388 2738 2468 justitia
2768 2407 2931 2467 quae.
2966 2404 3052 2450 vl.
3090 2391 3208 2449 art.
3243 2405 3312 2449 11.
3349 2389 3550 2450 concl.
3583 2391 3643 2448 4.
3680 2387 3792 2448 ubi
3822 2404 3973 2446 eam

782 2482 1236 2544 nuntiationem
1257 2481 1623 2561 judicialem
1645 2499 1859 2541 coram
1889 2480 2149 2560 praelato
2181 2484 2320 2542 tan·
2419 2482 2851 2562 exceptionem
2884 2501 3175 2562 expresse
3223 2481 3452 2562 posuit.
3512 2481 3714 2543 Debet
3756 2485 3975 2542 autem

781 2595 970 2657 quam
999 2575 1204 2656 judice
1240 2595 1254 2637 :
1288 2574 1407 2635 hac
1424 2577 1635 2635 autem
1653 2573 2133 2636 denuntiatione
2160 2592 2324 2634 nova
2419 2580 2568 2638 tunc
2595 2575 2891 2655 praelatus
2922 2575 3265 2655 procedere
3314 2574 3395 2635 ad
3441 2574 3844 2654 punitionem
3871 2591 3972 2634 so·

781 2670 1002 2749 posita,
1038 2686 1221 2729 nemo
1252 2672 1442 2747 negat
1468 2685 1652 2747 posse
1678 2667 2011 2746 praelatum
2026 2667 2163 2746 jam
2178 2684 2324 2746 pro·
2419 2669 2571 2745 lum,
2606 2673 2915 2748 quatenus
2962 2668 3318 2730 necessaria
3345 2672 3442 2730 est
3467 2667 3550 2729 ad
3578 2666 3976 2728 emendatio-

781 2763 1006 2825 cedere
1037 2761 1254 2823 ordine
1276 2759 1583 2840 judiciali,
1638 2760 1855 2822 relicto
1885 2760 2078 2840 priori
2105 2759 2323 2821 ordine
2420 2781 2564 2823 nem
2593 2761 2826 2823 subditi
2869 2780 3059 2842 quam
3103 2761 3412 2839 intendit,
3446 2761 3595 2841 quia
3628 2778 3775 2822 cum
3797 2764 3973 2821 totus

782 2861 1063 2937 paterno.
1098 2853 1445 2915 Difficultas
1475 2871 1625 2931 ergo
1654 2856 1772 2930 est,
1823 2872 1904 2913 an
1939 2853 2071 2931 ipse
2102 2853 2326 2932 praela-
2420 2856 2523 2916 ille
2552 2873 2880 2934 processus
2909 2858 3267 2917 assumatur
3294 2859 3444 2916 tunc
3471 2855 3678 2915 solum
3706 2857 3973 2934 propter

781 2955 882 3012 tus
906 2995 921 3026 ,
981 2947 1087 3028 qui
1144 2947 1318 3026 prius
1364 2946 1569 3007 suerat
1614 2945 1984 3024 imploratus
2013 2951 2082 3007 ut
2108 2951 2321 3025 pater;
2363 2957 2372 2965 ·
2419 2949 2657 3010 bonum
2679 2948 2877 3028 ipsius
2897 2947 3151 3024 subditi,
3178 2966 3303 3009 non
3331 2947 3524 3009 debet
3550 2945 3852 3027 progredi
3879 2944 3973 3005 ul-

783 3042 978 3122 possit
1005 3040 1359 3120 relinquere
1380 3056 1714 3117 personam
1744 3040 1941 3119 patris
1968 3043 2032 3101 et
2058 3040 2325 3101 transire
2418 3046 2517 3104 tra
2546 3041 2685 3102 illos
2712 3041 3019 3103 terminos
3046 3041 3196 3102 boni
3222 3039 3479 3102 subditi.

784 3136 848 3197 in
871 3135 1175 3215 ιῇηᾱίοοῐη,
1212 3132 1463 3213 quando
1493 3135 1756 3212 paterna
1774 3131 2327 3214 providentiasub·
2503 3134 2681 3199 Circa
2709 3134 2831 3197 hoc
2860 3139 3072 3198 tamen
3100 3134 3374 3196 dubitari
3400 3136 3628 3214 potest,
3689 3150 3771 3193 an
3803 3149 3974 3212 prae-

786 3229 915 3290 dito
946 3246 1071 3289 non
1100 3226 1403 3305 prodest?
2418 3230 2582 3291 latus
2612 3228 2916 3309 quamdiu
2946 3227 3154 3289 adbuc
3182 3227 3469 3306 procedit
3496 3226 3559 3286 in
3588 3226 3726 3286 foro
3755 3231 3973 3304 pater-

865 3319 1225 3383 Communis
1269 3322 1481 3380 tamen
1518 3319 1828 3382 sententia
1874 3323 2065 3399 negat
2094 3319 2157 3379 id
2187 3317 2323 3379 fieri
2421 3341 2525 3400 no,
2558 3326 2622 3383 et
2646 3324 2791 3383 ante
2804 3338 3167 3401 processum
3188 3319 3575 3399 judicialem,
3599 3317 3797 3398 possit
3824 3318 3971 3379 sub·

785 3432 989 3494 posse.
1042 3415 1134 3474 lta
1183 3414 1415 3474 Suarez
1460 3412 1625 3475 dicto
1674 3430 1812 3492 cap.
1845 3429 1955 3473 xn.
2011 3430 2184 3473 num.
2218 3415 2320 3473 43.
2420 3416 2622 3477 ditum
2661 3414 2961 3475 rebellem
3005 3412 3595 3475 excommunicare?
3667 3411 3790 3473 Alii
3863 3428 3973 3471 ne-

788 3509 974 3569 sotus
1012 3504 1080 3566 de
1105 3512 1344 3582 secrete,
1390 3505 1657 3566 membr.
1690 3507 1766 3567 11.
1819 3522 1980 3584 quae.
2014 3523 2082 3568 11.
2105 3505 2319 3566 etalii.
2423 3511 2596 3587 gant,
2657 3508 2761 3568 alii
2789 3511 3002 3568 tamen
3031 3506 3419 3587 probabilius
3475 3505 3815 3565 affirmant.
3876 3505 3976 3565 lta

787 3598 966 3661 Ratio
996 3602 1205 3659 autem
1234 3602 1349 3675 est,
1382 3599 1530 3677 quia
1557 3602 1708 3660 tunc
1733 3599 1966 3659 nullam
1995 3599 2188 3659 habet
2214 3617 2328 3659 no·
2430 3603 2617 3663 Sotus
2656 3600 2766 3661 ubi
2794 3618 2984 3679 supra
3003 3644 3019 3676 ,
3070 3602 3133 3660 et
3159 3601 3393 3661 Suarez
3425 3597 3592 3659 dicto
3622 3596 3813 3677 capit.
3847 3612 3967 3658 ΧΠ.

785 3692 988 3755 titiam
1036 3711 1160 3771 qua
1208 3694 1278 3752 ut
1314 3690 1509 3770 judex
1557 3692 1753 3770 possit
1808 3692 2107 3754 inchoare
2154 3691 2326 3772 judi-
2427 3712 2600 3755 num.
2634 3696 2731 3755 39.
2785 3696 2849 3753 et
2877 3692 3151 3771 probant
3178 3711 3252 3752 ex
3279 3691 3488 3752 verbis
3518 3690 3747 3753 Christi
3813 3710 3829 3750 t
3894 3689 3979 3763 Si

787 3787 953 3847 cium
987 3805 1000 3849 :
1034 3785 1446 3865 supponimus
1489 3786 1655 3846 enim
1686 3803 1811 3847 non
1839 3785 2199 3865 praecedere
2230 3786 2325 3846 in·
2422 3786 2749 3847 Ecclesiam
2775 3806 2893 3846 non
2922 3784 3199 3863 audierit,
3229 3786 3307 3846 sit
3335 3784 3446 3846 tibi
3469 3794 3752 3865 tanquam
3780 3782 3981 3844 ethni-

786 3878 1039 3940 famiam
1064 3898 1078 3952 ;
1111 3896 1327 3938 rursus
1351 3924 1367 3953 ,
1416 3896 1531 3938 nec
1561 3881 1656 3939 est
1685 3879 1789 3958 qui
1813 3878 2199 3958 judicialiter
2224 3897 2329 3939 ac-
2423 3898 2542 3957 cus,
2575 3888 2629 3940 et
2635 3878 3007 3961 publicanus.
3063 3878 3180 3941 Ubi
3212 3890 3416 3939 sermo
3445 3878 3698 3940 videtur
3723 3897 3863 3938 esse
3892 3878 3980 3938 de

789 3976 985 4048 cuset,
1019 3971 1118 4031 vel
1147 3970 1509 4044 denuntiet;
1544 3971 1714 4032 nullo
1747 3990 1895 4051 ergo
1918 3972 2107 4033 modo
2138 3971 2332 4034 habet
2425 3972 2899 4055 denuntiatione
2946 3974 3207 4052 paterna
3255 3971 3419 4033 facta
3466 3974 3612 4050 post
3655 3988 3851 4030 unam
3909 3973 3979 4031 et

791 4065 957 4126 viam
987 4064 1391 4143 procedendi,
1424 4064 1541 4125 nisi
1571 4064 1672 4125 ille
1704 4064 1809 4145 qui
1839 4065 2233 4127 denuntiavit
2262 4070 2331 4128 ut
2427 4066 2696 4128 alterum
2747 4064 3159 4127 monitionem
3210 4064 3585 4138 fraternam3
3647 4067 3711 4124 et
3754 4068 3985 4124 tamen

790 4159 974 4239 patri,
994 4158 1145 4219 velit
1160 4156 1531 4218 denuntiare
1555 4156 1962 4236 judicialiter.
2428 4158 2802 4238 supponitur
2826 4204 2841 4235 ‚
2899 4161 3049 4219 ωηο
3078 4158 3410 4237 praelatum
3436 4174 3622 4237 posse
3649 4156 3987 4217 sul-ditum

542 4295 619 4356 83
870 4251 967 4314 Ab
1000 4251 1117 4312 hac
1147 4250 1464 4312 communi
1507 4253 1569 4311 et
1595 4269 1745 4311 vera
1784 4250 2002 4329 regula
2028 4249 2163 4311 fieri
2193 4269 2329 4331 pos·
2425 4257 2861 4314 contumacem
2918 4250 2999 4311 ab
3071 4250 3337 4311 ecclesia
3402 4268 3719 4329 separare.
3788 4249 3989 4309 Ratio

793 4346 937 4405 sunt
968 4343 1108 4403 duae
1140 4343 1562 4421 exceptiones
2424 4348 2635 4423 autem
2668 4348 2762 4405 est
2789 4343 2938 4423 quia
2962 4344 3113 4406 licet
3136 4342 3345 4404 forum
3360 4348 3692 4423 paternum
3720 4341 3991 4402 ordine·

459 4420 703 4519 dgfffflffifji
872 4437 1082 4498 Prima
1109 4439 1224 4512 est,
1261 4434 1512 4515 quando
1531 4432 1827 4495 delictum
1849 4440 2013 4498 esset
2040 4435 2103 4495 in
2133 4454 2327 4514 grave
2425 4442 2528 4500 tur
2558 4437 2638 4497 ad
2667 4436 2904 4498 bonum
2931 4435 3040 4495 filii
3075 4455 3089 4498 :
3124 4435 3207 4496 ad
3236 4436 3355 4497 hoc
3382 4440 3593 4497 tamen
3622 4435 3831 4513 ipsum
3858 4434 3993 4495 bo-

471 4532 483 4573 s

489 4479 722 4626 Tauriani
791 4529 1089 4591 damnum
1122 4526 1507 4606 reipublicae,
1534 4526 1634 4589 vel
1665 4526 1925 4607 alicujus
1954 4528 2324 4608 innocentie,
2426 4549 2577 4591 num
2606 4529 2715 4589 filii
2747 4528 3108 4608 requiritur,
3142 4529 3313 4608 quod
3341 4532 3522 4609 pater
3551 4546 3696 4589 eum
3722 4546 3990 4590 coerce-

788 4627 939 4685 ωηο
969 4623 1140 4683 enim
1188 4621 1352 4682 sicut
1371 4619 1570 4699 judex
1615 4622 1821 4698 potest
1861 4621 1939 4681 ad
1971 4640 2331 4701 praecaven-
2426 4643 2493 4683 re
2524 4622 2720 4702 possit
2747 4640 2935 4702 poena
2964 4622 3177 4703 aliqua
3197 4625 3439 4684 secreta
3469 4639 3485 4686 :
3527 4625 3590 4683 et
3614 4622 3776 4682 sicut
3800 4639 3988 4700 prae-

788 4717 940 4777 dum
968 4714 1122 4776 illud
1155 4713 1458 4774 damnum
1475 4713 1838 4792 procedere,
1862 4718 1925 4775 et
1951 4719 2327 4794 postponere
2422 4716 2587 4777 latus
2632 4718 2702 4777 ut
2745 4720 2926 4795 pater
2952 4719 3159 4795 potest
3199 4714 3285 4776 illi
3331 4715 3445 4776 sub
3482 4717 3738 4794 peccato
3788 4715 3992 4792 gravi

786 4809 1020 4871 famam
1048 4806 1466 4887 delinquentis
1495 4827 1507 4868 :
1533 4805 1623 4867 sic
1654 4807 1843 4869 etiam
1872 4811 2077 4886 potest
2109 4809 2196 4868 uti
2223 4808 2330 4869 illa
2425 4809 2755 4889 injungere
2774 4808 3057 4889 aliquam
3076 4808 3508 4889 poenitentiam
3528 4806 3991 4869 medicinalem

787 4903 1009 4965 notitia
1037 4920 1226 4983 quam
1251 4900 1491 4974 habuit,
1510 4904 1581 4962 ut
1609 4903 1809 4981 pater,
1844 4900 2185 4962 dummodo
2217 4901 2330 4962 ha·
2430 4921 2572 4983 quoe
2602 4901 2959 4963 necessaria
2979 4902 3303 4984 judicatur
3349 4900 3429 4962 ad
3460 4900 3785 4962 vitandum
3812 4902 3998 4962 reci-

783 4997 917 5059 bita
943 4996 1024 5057 sit
1052 4999 1230 5057 extra
1259 4993 1717 5056 confessionem
1741 5040 1756 5071 ,
1817 4998 1881 5056 et
1908 4994 2186 5074 obligare
2218 4995 2329 5056 de-
2430 4995 2642 5057 divum
2666 5040 2682 5073 ‚
2731 4994 2820 5056 sic
2849 4996 3041 5057 etiam
3068 4995 3297 5075 poterit
3343 4994 3460 5055 sub
3494 5012 3684 5073 poena
3724 5011 3999 5056 excom·

782 5090 1177 5152 nuntiantem
1208 5087 1289 5148 ad
1318 5086 1819 5150 denuntiandum
1841 5086 2330 5166 judicialiter,et
2428 5088 2871 5150 manicationis
2927 5089 3251 5169 imponere
3315 5087 3805 5149 satisfactionem
3865 5107 3998 5166 pro

781 5182 916 5263 ipse
964 5182 1341 5243 denuntians
1371 5180 1684 5242 tenebitur
1711 5178 1776 5239 id
1818 5178 2022 5240 facere
2047 5224 2063 5256 ,
2122 5181 2174 5242 si
2205 5182 2328 5243 alia
2429 5182 2655 5243 delicto
2691 5201 2705 5243 :
2739 5182 2868 5262 quis
2897 5183 3049 5243 enim
3071 5182 3231 5265 filius
3245 5188 3347 5258 est,
3380 5199 3552 5262 quem
3578 5200 3693 5241 non
3719 5181 3999 5261 castiyat

781 5276 887 5337 via
931 5292 1056 5336 non
1104 5273 1381 5355 suppetit
1422 5270 1808 5352 impediendi
1838 5271 2141 5335 damnum
2168 5274 2320 5336 illud
2421 5273 2641 5355 pater?
2756 5332 2765 5341 ,

780 5367 1101 5449 publicum
1128 5366 1229 5428 vel
1258 5363 1628 5425 innocentiS.
1665 5362 1902 5437 Quodsi
1928 5366 2319 5431 nolueritad-
2500 5369 2702 5447 Majus
2753 5367 3016 5430 dubium
3062 5372 3157 5431 est
3192 5386 3274 5430 an
3305 5366 3502 5448 possit
3530 5367 3833 5447 praelatus
3868 5367 3999 5428 ad-

783 5460 905 5523 huc
913 5458 1295 5542 judicialiter
1316 5455 1719 5530 denuntiare;
1765 5459 1996 5537 poterit
2021 5461 2317 5540 praelatus
2419 5461 2544 5524 huc
2577 5464 2647 5525 ut
2675 5466 2855 5541 pater
2894 5461 3441 5525 excommunicare
3472 5460 3793 5524 subditum
3824 5479 4001 5523 cou-

4062 1500 4216 1564 effla*

4047 1608 4216 1649 adsum

4141 5376 4215 5461 8³}
