4263 6376
1201 331 1525 392 DISPUTA
1543 331 1670 391 TIO
1715 331 1990 407 xxvm,
2040 331 2313 392 SECTIO
2357 332 2431 391 11.

230 519 341 563 non
365 510 690 566 revocatur
713 550 729 580 ‚
764 509 826 566 et
855 505 994 566 ideo
1021 506 1258 585 obligat
1286 507 1628 568 creditores
1655 506 1737 567 ad

228 596 656 674 acceptandam
709 598 1043 677 pecuniam
1100 618 1212 677 pro
1269 603 1443 661 tanto
1496 599 1732 660 valore.

229 689 422 750 Potest
445 689 612 748 enim
637 690 735 749 lex
755 689 943 769 justis
972 691 1050 751 de
1072 693 1276 753 causis
1303 692 1623 772 imponere
1640 693 1736 752 vel

229 798 579 841 conservare
608 782 885 842 valorem
927 782 1194 862 legalem
1237 785 1299 844 in
1342 785 1607 863 pecunia
1635 803 1739 845 sn-

228 891 332 953 pra
374 873 643 934 valorem
693 875 1039 935 naturalem
1084 895 1272 956 quem
1302 877 1524 949 habet;
1567 881 1630 939 et
1674 877 1740 937 id

231 966 363 1026 facit
410 967 471 1026 in
516 968 816 1045 praedicto
874 986 1020 1029 casu
1078 974 1337 1048 propter
1384 970 1741 1030 communia

230 1058 623 1134 commercia,
672 1061 950 1138 quandiu
995 1062 1169 1122 valor
1211 1062 1574 1140 praecedens
1600 1062 1739 1140 lege

231 1152 527 1211 communi
554 1171 679 1212 non
707 1153 1097 1214 diminuitur.

298 1243 494 1303 Tertio
526 1243 798 1304 dubitari
827 1250 1052 1324 potest,
1076 1264 1158 1306 an
1185 1247 1382 1326 possit
1410 1247 1576 1309 licite
1605 1266 1743 1308 mo-

230 1340 361 1396 neta
386 1337 651 1414 impura,
687 1338 783 1397 vel
804 1338 1011 1399 minus
1033 1339 1327 1418 ponderis
1342 1339 1580 1401 habens
1597 1359 1743 1420 per-

171 1453 188 1464 ·
230 1429 439 1489 mutari
465 1447 579 1507 pro
608 1435 863 1492 moneta
892 1432 1168 1510 puriori,
1217 1433 1316 1493 vel
1340 1433 1480 1512 plus
1510 1434 1742 1512 ponde-

232 1521 305 1582 ris
351 1521 616 1582 habente
640 1568 657 1599 ,
700 1523 869 1586 nulla
894 1526 1404 1603 compensatione
1434 1526 1601 1587 facta
1628 1543 1741 1605 pro

172 1623 188 1631 ”
232 1614 323 1674 1110
350 1632 636 1690 excessu,
688 1617 940 1694 quando
971 1617 1148 1677 valor
1172 1618 1392 1695 legalis
1420 1619 1742 1698 utriusque

230 1712 477 1767 monetoe
505 1707 767 1786 aequalis
795 1709 935 1769 est?
963 1712 1209 1788 Negant
1236 1712 1367 1772 Sot.
1400 1711 1507 1771 lib.
1544 1728 1629 1772 vr.
1665 1710 1743 1770 de

227 1798 363 1879 just.
393 1818 494 1877 qu.
529 1816 641 1862 xu.
675 1804 792 1862 art.
831 1805 886 1862 1.
920 1802 1120 1863 conel.
1148 1805 1205 1864 1.
1240 1808 1304 1864 et
1328 1804 1549 1864 Ledes,
1580 1807 1638 1864 2.
1673 1822 1735 1881 p.

233 1891 455 1952 Samma
504 1896 581 1953 tr.
619 1895 775 1954 VIII.
829 1895 1029 1955 concl.
1064 1911 1150 1956 lx.
1183 1894 1254 1956 de
1281 1894 1541 1972 cambiis,
1594 1915 1744 1976 quo-

231 2003 355 2044 rum
380 1985 749 2047 sententiam
780 1987 971 2048 refert
999 1987 1121 2049 late
1153 1988 1334 2050 Salas
1361 1988 1510 2050 dub.
1543 2005 1740 2050 xxvn.

233 2097 415 2157 neque
458 2078 592 2157 ipse
634 2080 1019 2141 contrarium
1047 2081 1357 2155 affirmat,
1417 2081 1515 2141 vel
1570 2081 1745 2160 quid-

233 2189 402 2249 quam
445 2190 518 2230 ex
547 2173 803 2251 propria
832 2172 1143 2234 sententia
1184 2173 1381 2235 addit.
1435 2175 1731 2250 Probent,

234 2262 363 2341 quia
411 2263 712 2343 injustum
782 2269 946 2326 esset
1000 2269 1389 2326 commutare
1443 2265 1740 2342 triticum,

233 2355 425 2415 vinum
455 2402 470 2431 ‚
530 2356 633 2416 vel
683 2356 891 2417 oleum
947 2357 1227 2418 deterius
1273 2376 1388 2437 pro
1436 2358 1558 2419 alio
1612 2375 1747 2418 me-

233 2447 374 2509 liori.

302 2542 614 2603 Contraria
645 2542 955 2603 sententia
982 2543 1191 2604 verior
1218 2542 1466 2604 videtur
1487 2589 1503 2619 ,
1556 2561 1745 2623 quam

233 2633 440 2695 docent
464 2636 717 2695 Bannes
762 2639 820 2695 2.
855 2639 913 2696 2.
949 2640 1100 2698 tom.
1136 2653 1206 2697 11.
1252 2640 1333 2697 tr.
1379 2635 1450 2696 de
1476 2635 1734 2712 cambiis,

233 2727 364 2787 dub.
398 2744 480 2787 vl.
517 2728 722 2789 concl.
757 2731 812 2788 1.
848 2732 912 2789 et
938 2729 1207 2791 Conrad.
1241 2729 1301 2788 in
1332 2729 1442 2791 fin.
1468 2748 1628 2790 sum.
1660 2734 1740 2790 tr.

232 2818 559 2881 accumbitis.
626 2820 881 2882 Probari
938 2826 1149 2882 autem
1192 2826 1400 2901 potest
1441 2822 1747 2902 imprimis

234 2932 336 2974 usu
361 2919 420 2973 et
445 2914 627 2992 praxi
663 2932 678 2973 :
731 2932 878 2974 nam
907 2914 970 2975 in
1000 2914 1301 2994 Hispania
1331 2932 1624 2975 nummus
1652 2933 1747 2974 ar·

233 3010 473 3084 genteus
524 3005 747 3066 volens
801 3011 942 3067 octo
1001 3007 1296 3085 Regales,
1356 3025 1467 3067 seu
1521 3007 1743 3083 Julios,

235 3116 403 3177 quem
430 3099 643 3161 ltalice
663 3145 678 3176 ,
731 3099 972 3160 Piastra
999 3104 1262 3176 vocant,
1326 3118 1448 3160 non
1499 3118 1748 3178 semper

235 3192 469 3271 aequalis
525 3197 624 3253 est
676 3192 964 3271 puritatis
1020 3198 1082 3254 et
1136 3193 1434 3272 ponderis
1462 3213 1477 3266 ;
1539 3193 1747 3253 minus

235 3285 384 3344 enim
408 3285 656 3363 argenti
694 3283 921 3362 habet,
983 3285 1087 3365 qui
1140 3286 1425 3365 Segoviae
1470 3286 1743 3361 cuditur,

236 3395 406 3457 quam
426 3377 829 3452 Mexicanu53
863 3384 925 3439 et
953 3383 1160 3439 tamen
1190 3379 1423 3457 passim
1448 3398 1609 3439 unus
1632 3397 1748 3459 pro

236 3471 342 3531 alio
380 3474 801 3533 commutatur
881 3472 1062 3544 Quod
1108 3471 1275 3531 idem
1322 3472 1385 3531 in
1434 3472 1611 3533 ltalia
1634 3473 1742 3544 fit;

235 3562 326 3622 ubi
354 3581 474 3624 non
494 3582 717 3624 omnes
736 3568 1005 3625 monetae
1027 3563 1309 3642 ejusdem
1331 3563 1560 3625 valoris
1586 3565 1749 3644 lega-

233 3654 300 3714 lis
319 3701 334 3730 ‚
383 3655 617 3717 habent
665 3656 953 3717 eamdem
983 3655 1319 3734 puritatem
1348 3656 1591 3734 argenti
1639 3657 1750 3718 sed

234 3747 611 3828 inaequalem,
648 3754 711 3810 et
737 3754 950 3810 tamen
971 3749 1209 3828 absque
1240 3748 1365 3811 ullo
1390 3750 1749 3811 discrimine

234 3840 357 3902 aliae
383 3860 492 3920 pro
530 3842 677 3902 aliis
705 3846 1189 3903 commutantur.
1244 3842 1425 3903 Ratio
1472 3848 1683 3904 autem
1714 3862 1749 3902 a

235 3933 402 4011 priori
432 3940 545 4011 est,
580 3934 731 4013 quia
760 3934 903 3995 licet
930 3934 1108 3994 valor
1145 3935 1446 3996 naturalis
1475 3936 1748 4014 inaequa-

232 4023 300 4084 lis
324 4026 416 4102 sit,
446 4031 510 4088 et
527 4026 672 4087 ideo
694 4032 908 4106 posset
929 4045 1044 4105 pro
1066 4028 1303 4106 puriori
1332 4032 1586 4090 moneta
1612 4028 1749 4105 plus

235 4118 413 4196 exigi,
463 4120 613 4198 quia
650 4123 801 4180 tunc
829 4119 1336 4181 consideraretur
1361 4121 1477 4182 sub
1505 4122 1749 4182 ratione

234 4211 437 4272 mercis
459 4257 475 4287 ,
509 4216 574 4273 et
603 4230 723 4272 non
756 4212 874 4272 sub
902 4213 1144 4273 ratione
1175 4214 1490 4291 pecuniae3
1543 4217 1750 4293 potest

236 4306 425 4363 tamen
454 4305 559 4383 qui
591 4322 735 4365 eam
762 4305 991 4384 accipit
1011 4304 1173 4365 nolle
1203 4323 1341 4365 eam
1363 4306 1650 4386 accipere
1680 4311 1751 4367 ut

235 4413 521 4473 mercem,
574 4397 689 4456 sed
720 4401 788 4458 ut
818 4398 1151 4476 pecuniam
1177 4443 1193 4474 ,
1254 4417 1381 4477 quo
1428 4417 1576 4459 casu
1625 4417 1749 4459 non

235 4487 357 4566 plus
383 4489 584 4565 valet,
640 4508 830 4568 quam
857 4490 963 4550 illa
992 4490 1115 4551 alia
1141 4490 1348 4551 minus
1376 4509 1532 4571 pura
1551 4537 1566 4568 ,
1633 4510 1749 4552 nec

234 4583 461 4644 tenetur
488 4602 605 4662 pro
634 4583 859 4662 majori
880 4583 1092 4644 valore
1114 4602 1254 4644 eam
1274 4588 1624 4663 acceptare.
1660 4584 1751 4646 Si-

236 4679 329 4734 cut
351 4693 495 4754 ergo
525 4677 576 4736 si
608 4676 799 4736 velles
827 4675 1105 4738 triticum
1127 4694 1357 4752 emere,
1393 4682 1455 4738 et
1473 4678 1747 4739 solveres

235 4783 302 4826 ea
323 4768 582 4845 pecunia
612 4768 852 4846 puriori
875 4814 890 4843 ‚
945 4787 1071 4830 non
1115 4773 1431 4830 teneretur
1458 4771 1747 4831 venditor

236 4876 300 4918 ea
319 4859 391 4919 de
409 4879 600 4922 causa
620 4861 758 4940 plus
773 4860 964 4923 tritici
992 4861 1143 4922 dare
1174 4880 1364 4941 quam
1380 4863 1432 4922 si
1459 4863 1747 4924 solvisses

234 4956 465 5013 moneta
491 4953 702 5013 minus
728 4972 908 5032 pura,
943 4953 1057 5014 nisi
1080 4954 1252 5015 aliud
1281 4955 1344 5013 in
1364 4959 1616 5033 pactum
1639 4956 1748 5015 de-

235 5040 473 5105 ductum
499 5045 622 5114 sit;
673 5049 737 5107 et
762 5046 925 5108 sicut
953 5046 1006 5106 si
1036 5047 1315 5109 dedisses
1344 5047 1500 5108 mibi
1527 5052 1746 5109 mutuo

235 5140 468 5197 centum
504 5139 537 5199 J
548 5138 703 5199 ulios
733 5138 798 5198 in
825 5143 1078 5201 moneta
1108 5139 1345 5217 puriori
1372 5186 1386 5208 ,
1433 5141 1745 5201 satisface-

236 5245 353 5288 rem
380 5231 678 5292 solvendo
707 5231 968 5292 totidem
1000 5232 1303 5293 habentes
1321 5232 1612 5300 eumdem
1641 5252 1745 5293 va-

235 5319 411 5382 lorem
440 5324 707 5403 legalem
749 5324 812 5385 in
841 5329 1097 5385 moneta
1144 5325 1352 5385 minus
1383 5344 1540 5403 pura
1562 5371 1577 5401 ,
1628 5326 1745 5385 nisi

237 5413 399 5475 aliter
425 5416 639 5479 fuisset
657 5421 1034 5479 conventum
1054 5437 1070 5490 ;
1095 5418 1185 5477 sic
1215 5417 1467 5497 quando
1490 5417 1600 5477 das
1623 5436 1746 5479 mo-

240 5513 428 5568 netam
456 5511 812 5588 meliorem,
847 5530 967 5572 non
1001 5511 1160 5572 facio
1191 5514 1409 5572 eontra
1434 5510 1741 5590 justitiam

3251 334 3367 395 395

1838 507 1994 567 dans
2023 524 2136 584 pro
2172 506 2276 566 illa
2304 508 2624 568 monetam
2653 507 2861 567 minus
2879 507 3109 567 bonam
3129 507 3370 569 haben-

1836 602 1964 660 tem
2002 598 2293 659 eumdem
2326 599 2603 659 valorem
2641 598 2932 678 legalem.
2994 599 3168 673 Quod
3202 600 3370 661 enim

1836 691 1900 752 in
1928 696 2147 753 mutuo
2177 692 2344 753 licite
2372 693 2445 754 fit
2466 740 2479 767 ,
2530 710 2654 753 non
2686 695 2949 772 apparet
2976 693 3178 754 curin
3205 710 3371 754 com-

1836 783 2183 845 mutatione
2231 785 2367 845 fieri
2397 803 2521 844 non
2550 784 2782 863 possit,
2842 803 2984 845 cum
3013 804 3137 847 non
3169 786 3373 863 major

1838 876 2163 955 aequalitas
2191 876 2253 936 ln
2284 881 2608 938 contractu
2640 894 2764 937 uno
2793 877 3152 957 requiratur
3179 894 3370 957 quam

1838 969 1901 1029 in
1933 969 2151 1031 altere.

1917 1062 2014 1123 Ad
2045 1062 2332 1140 exempla
2363 1080 2510 1122 vero
2542 1062 2619 1122 de
2651 1063 2812 1139 oleo,
2841 1063 3071 1139 tritico,
3103 1063 3274 1136 vino,
3310 1065 3373 1123 et
3513 1068 3593 1125 20

1839 1154 2165 1230 similibus,
2198 1173 2337 1233 quae
2369 1173 2492 1216 non
2523 1159 2786 1234 possunt
2803 1155 3078 1216 deterius
3106 1173 3218 1233 pro
3239 1172 3367 1215 me-
3418 1190 3522 1244 Qffl
3544 1191 3585 1234 ί,
3604 1191 3713 1242 σιω,

1837 1247 1975 1309 liori
2004 1248 2374 1326 permutari,
2408 1247 2773 1325 responderi
2804 1253 3030 1326 potest,
3065 1248 3118 1307 si
3147 1251 3374 1308 caetera
3465 1244 3618 1340 11ᾛξιξ
3635 1248 3678 1285 ⁰²

1838 1340 1964 1402 sint
1987 1340 2186 1419 paria,
2224 1339 2390 1399 idem
2412 1340 2750 1399 dicendum
2780 1358 2916 1401 esse
2944 1340 3007 1400 in
3038 1339 3177 1415 illis,
3205 1339 3374 1420 quod
3608 1329 3619 1339 ”

1839 1433 1903 1493 in
1933 1432 2203 1510 pecunia
2234 1452 2248 1492 ε
2298 1451 2444 1492 nam
2475 1433 2527 1493 si
2555 1432 2834 1494 triticum
2854 1480 2871 1508 ,
2921 1452 2982 1494 v.
3015 1451 3078 1511 g.
3116 1432 3376 1494 haberet

1839 1525 2156 1604 duplicem
2185 1526 2373 1586 etiam
2408 1525 2690 1585 valorem
2716 1571 2731 1601 ‚
2782 1526 3049 1587 alterum
3079 1526 3370 1603 legalem,

1841 1618 2107 1679 alterum
2140 1618 2511 1690 naturalem,
2548 1618 2835 1697 quamvis
2865 1623 3031 1680 esset
3059 1618 3376 1697 inaequali·

1839 1714 1935 1771 tas
1972 1710 2038 1769 in
2066 1710 2381 1787 bonitate,
2439 1714 2654 1789 posset
2694 1728 2889 1770 unum
2933 1710 3210 1772 triticum
3261 1728 3375 1790 pro

1841 1803 1962 1864 alio
1992 1803 2240 1863 meliori
2261 1802 2432 1882 juste
2462 1802 2836 1865 commutari
2857 1849 2873 1879 ,
2908 1803 3162 1881 quando
3193 1803 3379 1863 nimi·

1841 1914 1982 1956 rum
2011 1900 2349 1974 utrumque
2378 1894 2603 1956 eodem
2627 1894 2884 1955 omnino
2915 1896 3117 1973 pretio
3147 1896 3212 1955 in
3241 1895 3375 1956 foro

1839 1987 2258 2064 venderetur,
2294 1991 2358 2048 et
2386 1988 2609 2048 eadem
2635 1987 2937 2050 facilitate
2970 2007 2983 2048 ε
3042 1988 3192 2068 quia
3220 1987 3380 2048 sicut

1841 2097 2056 2160 posses
2083 2079 2360 2141 triticum
2388 2080 2599 2140 minus
2617 2080 2854 2141 bonum
2884 2080 2989 2141 illo
3011 2080 3211 2159 pretio
3231 2098 3379 2140 ven·

1842 2173 2015 2242 dere,
2039 2178 2100 2232 et
2119 2171 2345 2233 eodem
2360 2172 2559 2252 pretio
2582 2173 2859 2234 triticum
2879 2172 3103 2233 melius
3126 2189 3336 2233 emere
3357 2191 3373 2244 ς

1841 2265 1929 2327 ita
1974 2264 2227 2325 brevius
2255 2283 2470 2344 posses
2516 2265 2720 2326 tritico
2776 2271 2883 2328 tuo
2930 2265 3140 2325 minus
3186 2264 3374 2339 bono,

1844 2358 2010 2438 quod
2042 2358 2154 2418 tali
2182 2358 2384 2435 pretio
2420 2358 2776 2438 aequivalet,
2812 2376 3178 2437 comparare
3207 2357 3378 2419 aliud

1843 2451 2068 2512 melius
2086 2496 2102 2527 ,
2137 2468 2282 2511 cum
2303 2451 2439 2529 jam
2467 2455 2617 2513 tunc
2647 2451 2830 2511 dares
2858 2469 2972 2529 pro
3001 2451 3107 2511 illo
3136 2450 3378 2512 meliori

1841 2546 2043 2604 totum
2071 2543 2343 2622 pretium
2370 2543 2594 2622 legale,
2628 2561 2855 2622 nempe
2883 2549 3062 2603 tuum
3092 2543 3375 2605 triticum

1844 2635 2014 2716 quod
2055 2635 2163 2697 tali
2194 2635 2395 2714 pretio
2426 2636 2680 2697 omnino
2710 2636 3063 2715 aequivalet.
3115 2635 3378 2709 Quando

1842 2732 2052 2791 tamen
2083 2727 2362 2789 triticum
2392 2727 2668 2789 deterius
2711 2746 2837 2788 non
2864 2732 2998 2789 toto
3024 2728 3214 2807 legali
3243 2746 3380 2806 pre-

1842 2821 1930 2884 tio
1960 2820 2254 2882 venditur
2276 2866 2291 2894 ‚
2341 2820 2441 2880 vel
2471 2838 2594 2880 non
2627 2819 2713 2882 ita
2740 2820 2922 2881 facile
2948 2866 2963 2896 ,
3012 2824 3204 2900 prout
3247 2820 3380 2900 ple-

1844 2932 2109 2992 rumque
2140 2912 2447 2991 contingit
2478 2932 2491 2974 :
2523 2916 2675 2974 tunc
2691 2912 2937 2992 aliquid
2960 2912 3125 2972 aliud
3150 2913 3383 2973 adden·

1844 3006 1997 3067 dum
2026 3008 2122 3066 est
2147 3023 2292 3065 cum
2314 3004 2443 3081 illo,
2478 3009 2546 3066 ut
2565 3004 2839 3065 triticum
2866 3005 3091 3066 melius
3113 3004 3373 3079 habeas,

1846 3097 1994 3179 quia
2020 3097 2296 3160 triticum
2336 3103 2516 3160 tuum
2563 3115 2689 3158 non
2738 3098 2932 3159 habet
2980 3102 3181 3160 totum
3213 3097 3381 3157 valo-

1844 3211 1979 3254 rem
2012 3191 2194 3270 pretii
2225 3191 2413 3255 taxati
2440 3237 2455 3267 ,
2491 3209 2697 3272 neque
2727 3192 2894 3252 enim
2923 3191 3156 3253 taxatio
3192 3196 3287 3253 est
3314 3195 3385 3251 ut

1842 3290 2045 3349 totum
2094 3285 2245 3346 illud
2288 3284 2558 3364 pretium
2610 3303 2726 3364 pro
2757 3285 2860 3345 illo
2890 3284 3074 3345 detur
3097 3329 3114 3359 ,
3171 3284 3286 3344 sed
3313 3289 3385 3345 ut

1846 3397 1972 3440 non
2001 3378 2188 3439 detur
2215 3378 2375 3456 pluS.
2411 3379 2616 3449 Quare
2637 3376 2889 3456 quando
2912 3382 3250 3455 utrumque
3269 3376 3383 3437 tri-

1844 3470 2040 3533 ticum
2086 3471 2289 3551 pretio
2341 3470 2446 3531 illo
2493 3475 2704 3532 taxato
2748 3468 2931 3530 facile
2979 3468 3378 3545 venderetur,

1847 3582 1972 3625 non
2003 3568 2214 3642 posset
2260 3581 2374 3643 pro
2419 3563 2623 3624 tritico
2653 3561 2894 3622 meliori
2940 3561 3078 3622 dari
3107 3561 3383 3622 triticum

1846 3658 2056 3717 minus
2082 3657 2319 3717 bonum
2342 3702 2360 3729 ,
2422 3660 2485 3716 et
2510 3654 2750 3733 aliquid
2779 3655 2950 3715 aliud
2983 3671 2998 3717 :
3059 3654 3206 3735 quia
3248 3652 3383 3732 jam

1846 3751 2123 3813 triticum
2151 3749 2374 3809 melius
2401 3748 2782 3808 venderetur
2809 3748 2870 3809 in
2906 3746 3194 3807 fraudem
3223 3745 3381 3823 legis

1849 3842 2049 3922 pretio
2075 3841 2302 3920 majori
2328 3859 2517 3919 supra
2545 3839 2950 3914 taxationem,
2984 3856 3129 3900 cum
3156 3857 3232 3898 ex
3251 3855 3384 3897 ma·

1842 3933 1965 4014 jori
1999 3933 2186 3995 tritici
2221 3934 2567 4014 quantitate
2597 3937 2857 4011 accepta
2884 3935 3093 4011 posset
3112 3931 3250 4009 plus
3277 3949 3384 4010 pe·

1848 4028 2051 4088 cuniae
2090 4026 2270 4086 facile
2302 4025 2593 4087 obtineri.
2645 4027 2712 4085 ln
2752 4025 3220 4104 permutatione
3264 4042 3376 4084 au-

1846 4125 1976 4183 tem
2005 4117 2287 4200 pecuniae
2317 4136 2430 4196 pro
2453 4117 2721 4199 pecunia
2747 4117 2930 4178 aliter
2956 4134 3022 4176 se
3047 4135 3149 4177 res
3170 4116 3380 4191 habet,

1848 4232 1992 4274 cum
2036 4229 2464 4292 supponamus
2510 4209 2848 4288 pecuniam
2893 4208 3100 4269 minus
3145 4209 3382 4271 bonam

1849 4305 2057 4365 adhuc
2086 4303 2320 4364 habere
2351 4305 2551 4363 totum
2592 4320 2776 4364 suum
2810 4302 3087 4372 valorem
3115 4302 3384 4381 legalem

1844 4397 2160 4476 integrum
2190 4396 2252 4455 in
2274 4396 2433 4469 for0,
2459 4398 2522 4456 et
2546 4414 2659 4474 per
2681 4413 3093 4474 consequens,
3131 4395 3384 4474 quando

1844 4489 2032 4550 datur
2077 4508 2193 4568 pro
2239 4489 2508 4568 pecunia
2554 4487 2793 4548 meliori
2819 4535 2835 4565 ‚
2898 4506 3151 4566 semper
3201 4488 3387 4549 datur

1845 4582 2228 4662 oequivalens
2275 4582 2337 4641 in
2381 4582 2498 4642 fori
2546 4581 2962 4643 {estimatione
2986 4628 3001 4658 ,
3036 4585 3101 4642 et
3127 4584 3384 4644 contra·-

1847 4681 1985 4739 ctus
2014 4681 2108 4736 est
2128 4674 2358 4754 justuS.

1928 4769 2161 4841 Quarto
2189 4768 2463 4829 dubitari
2490 4771 2698 4848 potest
2721 4813 2736 4843 ,
2788 4786 2869 4827 an
2901 4769 3142 4829 variato
3172 4772 3236 4829 et
3262 4787 3374 4828 au·
3531 4792 3598 4848 21

1846 4866 1947 4923 cto
1975 4861 2188 4922 valore
2219 4866 2485 4921 monetae
2509 4907 2525 4937 ,
2576 4861 2761 4921 liceat
2808 4859 3102 4921 creditori
3133 4860 3381 4936 exigere
3449 4914 3635 4956 emano·-
3658 4926 3708 4955 m

1846 4954 2154 5033 aequalem
2207 4970 2519 5013 summam
2574 4958 2845 5014 monetae
2901 4970 3045 5012 cum
3116 4951 3375 5026 eadem,
3432 4967 3561 5021 pona
3580 4967 3728 5019 oxim-

1844 5065 2036 5127 quam
2063 5045 2241 5107 dedit
2268 5046 2521 5124 quando
2552 5045 2802 5105 valebat
2831 5044 3037 5104 minus
3056 5045 3086 5104 ?
3127 5046 3257 5105 Hoc
3290 5048 3381 5105 ta·
3449 5020 3707 5116 “iffiffiffl'

1844 5158 1986 5200 men
2013 5141 2257 5218 spectat
2283 5139 2483 5216 magis
2530 5137 2610 5198 ad
2658 5137 2986 5197 materiam
3018 5137 3094 5197 de
3135 5141 3377 5211 mutuo,
3429 5133 3519 5169 ’¹¹⁰¹
3556 5129 3727 5223 „2'³'‘{“³

1845 5238 1907 5293 et
1929 5232 2071 5292 ideo
2119 5232 2197 5290 de
2230 5231 2349 5291 hoc
2378 5231 2646 5290 diximus
2682 5231 2832 5290 satis
2881 5230 3043 5309 disp.
3091 5231 3280 5291 XXV.
3313 5229 3384 5289 de

1843 5335 2042 5385 mutuo
2068 5333 2124 5385 et
2152 5344 2349 5400 usura,
2381 5329 2532 5385 sect.
2558 5339 2667 5384 vn.
2703 5323 2809 5382 ubi
2831 5322 3020 5382 etiam
3044 5323 3286 5401 egimus
3303 5323 3380 5383 de

1844 5423 2027 5498 paeto
2056 5417 2338 5478 solvendi
2371 5417 2654 5477 eamdem
2680 5416 3094 5494 quantitatem
3122 5423 3184 5476 et
3211 5434 3382 5475 sum-

1844 5530 2011 5571 mam
2067 5516 2336 5571 moneta}
2359 5556 2375 5586 ,
2437 5514 2499 5571 et
2554 5509 2806 5589 quando
2863 5509 2927 5573 id
2982 5509 3219 5571 licitum
3274 5509 3376 5584 sit,
