4263 6376
640 1699 718 1758 74

518 1824 638 1877 Quid.
656 1823 814 1878 quaudo

518 1877 717 1920 cambium
750 1882 815 1920 eat

518 1943 813 1986 magnasun-

863 314 982 373 4¹6

863 487 980 549 sibi
1010 490 1379 563 assumeret,
1413 486 1562 546 dum
1611 489 1897 565 acceptat
1946 490 2087 547 tuas
2153 483 2391 546 litteras

865 587 928 644 et
947 580 1296 642 debitorem
1326 598 1391 639 se
1425 578 1747 641 constituit
1776 582 1958 640 Petro
2006 596 2116 656 pro
2147 595 2394 638 summa

864 693 903 735 a
944 678 1004 735 te
1051 672 1413 750 designata;
1440 671 1574 751 jam
1620 676 1768 733 tunc
1813 672 2117 750 majorem
2175 668 2392 748 procul

861 766 1054 828 dubio
1082 765 1330 828 titulum
1382 764 1644 826 haberet
1685 763 2035 843 accipiendi
2090 761 2391 841 provisio·

863 877 1030 935 nem,
1063 876 1254 937 quam
1287 856 1539 937 quando
1570 856 1753 917 solvit
1780 856 2030 917 realiter
2084 874 2156 915 ex
2207 872 2391 932 pecu·

864 953 981 1013 niis
1007 953 1131 1013 tuis
1160 969 1318 1031 quas
1354 949 1566 1011 habet.
1599 951 1734 1010 Non
1765 949 2012 1010 videtur
2039 967 2190 1026 ergo
2220 947 2391 1007 dam·

862 1044 1109 1107 naudus
1151 1044 1252 1104 hic
1305 1048 1727 1104 mercatorum
1757 1046 1819 1102 et
1874 1039 2391 1120 respondentium

862 1158 1010 1200 usus
1044 1137 1211 1198 circa
1239 1135 1625 1214 provisiones
1661 1136 1724 1194 in
1753 1133 2121 1206 recambiis;
2156 1133 2234 1192 de
2264 1150 2389 1212 quo

862 1232 1052 1294 etiam
1082 1230 1281 1291 videri
1308 1233 1567 1308 possunt
1597 1228 1915 1288 Filliucius
1946 1231 2106 1288 tract
2136 1227 2382 1287 XXXV.

861 1329 1022 1405 part.
1051 1341 1120 1385 11.
1155 1341 1295 1401 cap.
1325 1338 1382 1382 x.
1420 1340 1483 1382 n.
1514 1324 1655 1382 471.
1687 1319 2075 1381 Romualdus
2092 1319 2245 1394 Coli,
2266 1320 2389 1378 An-

860 1418 1070 1480 tonius
1102 1415 1180 1476 de
1224 1414 1569 1490 Salvatore,
1602 1411 2066 1489 Boninsignius,
2105 1411 2385 1486 Scaccia,

864 1516 927 1572 et
953 1510 1058 1570 alii
1084 1507 1251 1587 apud
1281 1508 1545 1568 Dianam
1566 1511 1629 1567 to
1656 1522 1700 1566 1.
1752 1509 1934 1566 tract.
1971 1504 2049 1564 de
2077 1507 2382 1565 contract.

863 1622 963 1664 res
978 1608 1036 1664 7.
1063 1607 1126 1663 et
1150 1605 1209 1662 8.

943 1694 1275 1757 Dubitatur
1297 1694 1508 1753 tamen
1538 1690 1778 1770 quint0,
1811 1689 1978 1751 circa
2007 1689 2126 1750 hoc
2156 1688 2385 1767 ipsum,

864 1807 944 1850 an
965 1787 1132 1868 juste
1159 1783 1546 1862 accipiantur
1572 1782 1671 1842 hae
1714 1781 2048 1862 pensiones
2073 1783 2138 1840 in
2168 1780 2393 1840 eadem

859 1878 1285 1963 proportione,
1336 1875 1586 1955 quando
1630 1875 1945 1935 cambium
1988 1876 2082 1935 est
2125 1887 2387 1933 summae

859 1976 1044 2054 longe
1068 1969 1325 2050 majoris
1375 1989 1391 2030 :
1442 1968 1562 2028 hoc
1590 1971 1703 2043 est,
1739 1985 1816 2026 an
1848 1968 2008 2028 sicut
2036 1986 2110 2027 ex
2141 1965 2386 2027 cambio

859 2071 1111 2129 centum
1139 2078 1475 2122 aureorum
1502 2059 1806 2138 accipitur
1832 2059 2017 2120 tertia
2037 2077 2185 2138 pars
2213 2057 2387 2118 aurei

856 2159 939 2220 ad
965 2155 1410 2238 provisionem,
1444 2153 1532 2214 ita
1562 2171 1636 2212 ex
1665 2151 1912 2212 cambio
1935 2156 2187 2213 centum
2216 2151 2385 2211 mille

854 2266 1190 2312 aureorum
1218 2246 1418 2325 accipi
1448 2245 1688 2323 possint
1713 2247 1852 2305 333.
1898 2244 2071 2305 aurei
2101 2263 2215 2324 pro
2246 2262 2385 2322 pro-

854 2342 1117 2418 visione,
1177 2339 1285 2419 qui
1338 2337 1577 2398 faciunt
1629 2337 1880 2398 tertiam
1917 2340 2163 2415 partem
2213 2335 2384 2396 mille

853 2452 1209 2497 aureorum.
1277 2434 1522 2510 Negant
1566 2429 1780 2509 aliqui,
1834 2448 1989 2509 quos
2035 2429 2225 2490 tacito
2271 2447 2384 2490 no-

851 2529 1020 2589 mine
1049 2526 1240 2587 refert
1266 2524 1465 2585 Diana
1483 2523 1588 2584 ubi
1605 2541 1794 2602 supra
1816 2524 2070 2584 resolut.
2106 2525 2202 2583 10.
2237 2521 2384 2601 quia

853 2640 976 2682 non
995 2618 1218 2682 crescit
1235 2617 1414 2678 labor
1428 2616 1862 2695 respondentis
1881 2619 2199 2676 crescente
2219 2633 2385 2675 sum·

851 2734 957 2775 ma
983 2710 1210 2775 cambii
1261 2729 1275 2771 ε
1327 2708 1550 2770 eodem
1593 2708 1759 2769 enim
1799 2708 2016 2769 labore
2045 2707 2382 2785 expediun-

851 2813 956 2871 tur
980 2807 1202 2868 litterae
1249 2813 1364 2881 pro
1394 2800 1641 2881 majori,
1691 2819 1767 2861 ac
1795 2819 1910 2880 pro
1958 2800 2189 2861 minori
2218 2818 2383 2860 sum-

849 2920 989 2974 ma;
1041 2916 1190 2978 ergo
1231 2914 1358 2957 non
1404 2895 1593 2955 debet
1633 2894 1791 2956 adeo
1832 2911 2113 2954 crescere
2142 2911 2381 2955 merces

847 2993 1102 3068 laboriS,
1134 3006 1274 3070 quae
1305 2992 1399 3049 est
1423 2986 1717 3067 provisio.
1777 2989 1908 3048 Hoc
1953 2991 2164 3048 tamen
2192 3005 2383 3065 argu-

847 3090 1130 3148 mentum
1159 3080 1475 3161 probaret,
1522 3097 1637 3140 nec
1666 3097 1779 3157 pro
1810 3097 1933 3140 uno
1963 3078 2241 3139 millione
2266 3097 2380 3139 au-

847 3196 1102 3241 reorum
1131 3174 1406 3237 dandam
1435 3192 1568 3234 esse
1610 3172 2054 3253 provisionem,
2112 3171 2228 3233 nisi
2259 3176 2379 3234 ter-

844 3274 999 3336 tiam
1028 3274 1272 3351 partem
1300 3267 1485 3328 unius
1514 3266 1710 3342 aurei,
1769 3266 1929 3328 sicut
1975 3266 2235 3326 daretur
2263 3283 2376 3344 pro

847 3364 1092 3428 cambio
1124 3366 1259 3424 100.
1295 3377 1630 3421 aureorum
1650 3405 1666 3436 ,
1715 3358 1884 3437 quod
1911 3363 2121 3419 tamen
2153 3357 2379 3418 ridicu-

843 3459 974 3520 lum
1003 3460 1186 3519 esset.
1222 3452 1569 3515 Fatendum
1586 3469 1735 3530 ergo
1758 3455 1871 3527 est,
1904 3449 2211 3530 majorem
2231 3468 2378 3529 pro-

841 3551 1146 3613 visionem
1174 3545 1373 3625 accipi
1403 3563 1584 3624 posse
1612 3562 1726 3624 pro
1755 3543 1975 3623 majori
2003 3561 2271 3619 summa,
2309 3546 2380 3606 ut

841 3642 1127 3706 concedit
1142 3639 1384 3703 Scortia
1402 3638 1467 3697 in
1486 3638 1658 3699 bulla
1678 3636 1901 3698 Pontis.
1937 3637 2206 3716 Epitom.
2235 3640 2370 3698 107.

841 3737 1147 3798 theorem.
1177 3736 1315 3796 291.
1351 3731 1585 3808 dicenS,
1615 3749 1690 3791 ex
1719 3747 1843 3791 uno
1872 3730 2147 3791 millione
2177 3730 2372 3809 accipi

838 3832 1017 3891 3333.
1053 3833 1116 3889 et
1144 3827 1250 3887 alii
1293 3824 1462 3885 idem
1505 3827 1883 3902 supponunt,
1937 3821 2087 3882 dum
2125 3824 2374 3884 univer·

838 3923 1051 3984 saliter
1086 3920 1322 3995 dicunt,
1374 3935 1487 3995 pro
1535 3916 1795 3995 singulis
1841 3915 2221 3977 centenariis
2269 3915 2374 3975 de·

837 4016 974 4077 beri
998 4014 1246 4076 tertiam
1272 4013 1516 4089 partem
1544 4008 1728 4068 unius
1756 4008 1952 4085 aurei,
1984 4009 2371 4069 Romualdus

836 4108 1002 4184 Coli,
1055 4110 1119 4167 et
1165 4102 1424 4167 Scaccia
1467 4101 1640 4180 apud
1687 4101 1952 4161 Dianam
1999 4101 2103 4161 ubi
2153 4120 2363 4181 supra.

837 4201 1017 4263 Ratio
1048 4202 1258 4259 autem
1304 4213 1440 4256 esse
1487 4198 1715 4274 potest,
1775 4194 1923 4273 quia
1978 4193 2369 4272 provisiones

833 4294 955 4355 illae
986 4292 1216 4353 dantur
1243 4287 1323 4348 ad
1354 4286 1736 4367 stipendium
1767 4286 2226 4364 respondentis,
2260 4287 2368 4366 qui

833 4386 983 4447 huic
1009 4381 1254 4444 muneri
1284 4400 1359 4441 ex
1389 4379 1591 4441 officio
1622 4379 1909 4455 attendit,
1961 4383 2024 4441 et
2049 4398 2125 4439 ex
2153 4398 2226 4440 eo
2258 4380 2368 4440 de-

832 4479 940 4540 bet
965 4496 1079 4557 pro
1111 4475 1411 4554 dignitate
1441 4473 1672 4532 vivere.
1732 4474 1866 4532 Non
1912 4471 2112 4550 potuit
2154 4479 2365 4535 autem

831 4572 1055 4632 melius
1085 4569 1204 4630 hoc
1233 4565 1615 4646 stipendium
1635 4564 1953 4626 interillos
1983 4565 2201 4643 dividi,
2228 4566 2366 4644 qui-

831 4666 950 4726 bus
978 4660 1365 4742 respondens
1394 4658 1672 4734 inservit,
1726 4676 1915 4736 quam
1939 4656 1987 4717 si
2035 4657 2264 4737 singuli
2283 4659 2365 4720 ad

832 4756 1214 4837 stipendium
1243 4752 1396 4813 illud
1413 4755 1790 4812 concurrant
1818 4750 1977 4828 plus,
2010 4751 2108 4810 vel
2127 4751 2357 4829 minuS,

831 4853 1018 4931 prout
1055 4848 1216 4927 plus,
1267 4845 1365 4905 vel
1410 4844 1615 4905 minus
1658 4861 1876 4904 eorum
1919 4843 2180 4906 interest
2225 4845 2361 4905 dili·

829 4942 1064 5024 gentia,
1096 4944 1160 5002 et
1185 4957 1411 4999 munus
1440 4935 1894 5015 respondentis.
1928 4936 2118 4997 Multo
2150 4942 2361 4998 autem

829 5037 970 5119 plus
996 5035 1259 5095 interest
1286 5031 1435 5092 illud
1467 5048 1697 5090 munus
1741 5034 2029 5108 respectu
2059 5030 2225 5091 iliius
2253 5031 2361 5110 qui

830 5128 1146 5192 cambium
1197 5124 1426 5202 accipit
1464 5127 1720 5184 centum
1774 5122 1942 5182 mille
1995 5140 2356 5199 aureorum,

830 5240 1020 5303 quam
1049 5220 1214 5280 illius
1243 5217 1350 5297 qui
1377 5215 1695 5278 cambium
1716 5214 1943 5294 accipit
1971 5222 2223 5278 centum
2253 5236 2358 5279 au-

828 5331 1102 5390 reorum,
1151 5327 1301 5391 ergo
1347 5310 1542 5371 multo
1574 5309 1713 5388 plus
1757 5308 1946 5369 debet
1981 5309 2107 5385 ille,
2167 5329 2358 5391 quam

828 5409 930 5470 bic
982 5421 1353 5469 concurrere
1399 5403 1481 5463 ad
1536 5400 1918 5481 stipendium
1974 5404 2362 5481 responden-

825 5503 925 5565 tis.
981 5500 1084 5564 Sic
1112 5498 1281 5560 enim
1308 5495 1689 5575 stipendium
1731 5495 1922 5558 etiam
1951 5497 2179 5559 notarii
2202 5497 2361 5560 divi-

2019 310 2121 369 DE
2163 309 2517 371 JUSTITIA
2561 309 2662 370 m*
2702 310 2901 371 JURE

2496 483 2666 545 ditur
2691 483 2853 545 inter
2882 502 2989 545 eos
3018 485 3244 564 quibus
3290 484 3706 546 instrumenta
3749 484 4024 560 conficit,

2495 582 2557 638 et
2583 577 2721 654 plus
2756 577 2961 654 solvit,
3012 577 3121 656 qui
3148 579 3520 656 scripturam
3570 579 3724 656 petit
3768 577 4027 657 majoris

2492 670 2814 745 momenti,
2867 688 3057 748 quam
3103 671 3207 749 qui
3239 671 3535 743 minoris;
3597 672 3744 750 quia
3774 687 4027 749 aequum

2494 767 2649 838 erat,
2702 767 2769 823 ut
2794 763 2874 823 ad
2923 762 3303 842 stipendium
3355 763 3581 826 notarii
3627 764 3765 842 plus
3796 762 4027 823 contri-

2492 855 2731 931 bueret,
2794 855 2898 935 qui
2946 855 3151 935 majus
3199 856 3497 917 interesse
3543 857 3606 916 in
3650 857 3787 937 ejus
3836 874 4027 934 opera

2495 947 2787 1009 habebat.
2846 948 3046 1024 Adde,
3100 949 3487 1027 diligentiam
3534 950 3733 1029 ipsam
3765 967 4026 1027 respon-

2492 1039 2695 1102 dentis
2742 1041 2803 1100 in
2847 1042 3092 1102 cambio
3139 1041 3395 1121 majoris
3438 1061 3698 1102 summae
3746 1043 3889 1120 plus
3921 1059 4025 1100 va-

2491 1133 2648 1205 lere;
2697 1134 2841 1212 quia
2870 1134 3032 1195 sicut
3058 1134 3198 1213 plus
3245 1134 3503 1213 periculi
3537 1154 3670 1195 esse
3711 1138 3946 1212 potest,
3979 1132 4025 1192 si

2489 1227 2553 1285 in
2583 1244 2657 1286 eo
2686 1227 3072 1304 expediendo
3119 1232 3305 1303 erret,
3356 1227 3445 1288 sic
3472 1227 3794 1306 diligentia
3838 1231 3905 1286 et
3934 1230 4024 1286 at·

2489 1319 2683 1381 tentio
2732 1320 2811 1378 ad
2857 1319 3061 1399 majus
3108 1320 3258 1381 illud
3305 1321 3653 1399 periculum
3691 1319 4021 1380 vitandum

2491 1411 2629 1489 plus
2658 1410 2905 1473 videtur
2934 1413 3163 1473 valere.
3226 1413 3401 1474 Sicut
3428 1414 3710 1473 medicus
3748 1413 3811 1472 in
3842 1430 4023 1472 cura-

2488 1503 2657 1564 tione
2685 1504 2887 1564 morbi
2917 1505 3119 1582 magis
3165 1506 3498 1583 periculosi
3543 1506 3681 1584 plus
3727 1504 4019 1584 stipendii

2490 1596 2738 1675 exigere
2766 1600 2996 1675 posset,
3049 1616 3237 1676 quam
3267 1598 3326 1657 in
3360 1597 3481 1658 alio
3510 1597 3754 1673 morbo,
3801 1597 3865 1656 in
3901 1613 4019 1676 quo

2490 1707 2666 1749 error
2699 1689 2908 1749 minus
2949 1690 3209 1768 periculi
3255 1692 3479 1750 afferre
3526 1689 3851 1770 potuisset.
3917 1689 4019 1749 His

2488 1782 2839 1842 consentire
2880 1782 3082 1842 videri
3122 1788 3333 1860 posset
3377 1782 3555 1844 Salas
3601 1783 3750 1843 dub.
3803 1798 4013 1843 xxxxv.

2487 1893 2631 1934 cum
2659 1874 2816 1950 aliis,
2851 1892 3006 1954 quos
3031 1876 3213 1935 affert
3246 1895 3259 1935 :
3313 1875 3424 1935 sed
3461 1875 3547 1935 ibi
3575 1894 3699 1936 non
3728 1879 3860 1935 tam
3892 1873 4019 1952 agit

2487 1967 2564 2027 de
2609 1967 3090 2045 provisionibus,
3152 1985 3342 2047 quam
3390 1967 3467 2027 de
3521 1968 3718 2046 pretio
3762 1966 4015 2041 cambii,

2484 2079 2594 2120 seu
2624 2060 2703 2120 de
2730 2060 3041 2136 mercede,
3076 2078 3216 2138 quae
3236 2060 3548 2138 campsori
3570 2061 3754 2121 datur
3775 2059 3855 2120 ob
3887 2077 4017 2118 ma-

2476 2150 2633 2230 J'oris
2660 2170 2921 2212 summae
2942 2151 3283 2228 cambium,
3314 2171 3425 2213 seu
3448 2151 3908 2232 trajectionem,
3943 2150 4016 2211 de

2484 2264 2610 2324 qua
2655 2264 2776 2306 non
2826 2245 3071 2306 videtur
3117 2264 3250 2306 esse
3298 2246 3561 2306 dubium
3610 2245 3781 2325 quod
3812 2245 4017 2324 major

2482 2356 2616 2399 esse
2638 2337 2866 2399 debeat
2893 2357 3004 2416 pro
3027 2337 3248 2418 majori
3269 2358 3539 2415 summa,
3572 2338 3881 2418 quidquid
3914 2336 4014 2397 alii

2474 2429 2780 2508 judicent,
2840 2449 2997 2511 quos
3051 2433 3234 2493 affert
3287 2431 3454 2492 idem
3509 2432 3688 2494 Salas
3739 2432 3881 2492 loco
3929 2431 4013 2492 ci-

2481 2526 2631 2584 tato.

2559 2616 2891 2677 Dubitatur
2932 2622 3130 2695 sext0,
3191 2637 3270 2679 an
3323 2619 3562 2698 petenti
3617 2618 3923 2698 pecunias
3976 2635 4010 2676 a

2479 2727 2826 2788 campsore,
2877 2714 2939 2772 et
2968 2710 3249 2772 offerenti
3280 2711 3594 2771 cambium
3625 2712 3687 2770 in
3718 2710 3842 2770 alio
3873 2710 4008 2771 loco

2479 2820 2621 2862 cum
2641 2803 2836 2878 lucro,
2858 2803 3053 2880 possit
3071 2821 3362 2882 campsor
3382 2803 3589 2863 dicore
3625 2823 3638 2864 :
3673 2803 3829 2864 Nolo
3855 2802 4007 2863 dare

2479 2895 2557 2954 ad
2589 2894 2756 2956 hunc
2784 2896 2988 2956 locum
3020 2896 3130 2956 sed
3158 2897 3240 2956 ad
3284 2897 3459 2956 illum
3503 2897 3719 2973 alium,
3771 2901 3835 2957 et
3864 2895 4003 2972 hoc,

2476 3006 2551 3049 eo
2583 2988 2750 3068 quod
2778 2989 2859 3048 ad
2890 2990 3061 3049 illum
3092 2989 3282 3049 alium
3311 2989 3516 3049 locum
3538 2990 3811 3068 pretium
3839 3007 4008 3050 cam-

2473 3080 2559 3141 bii
2591 3081 2793 3160 majus
2823 3086 2935 3157 est,
2971 3087 3033 3142 et
3061 3082 3198 3160 plus
3228 3082 3313 3144 ita
3341 3082 3707 3143 lucrabitur.
3760 3085 4006 3161 Negare

2474 3173 2723 3236 videtur
2765 3174 3051 3236 Salonius
3097 3180 3277 3237 tract.
3328 3173 3397 3235 de
3433 3174 3691 3251 cambiis,
3737 3196 3847 3256 qu.
3900 3177 4000 3237 lv.

2473 3273 2590 3330 art.
2621 3284 2690 3328 11.
2720 3274 3001 3329 controv.
3038 3272 3133 3329 13.
3186 3268 3334 3347 quia
3377 3287 3521 3329 cum
3569 3269 3796 3349 injuria
3836 3287 4007 3331 cam-

2475 3361 2664 3439 psarii
2692 3360 2819 3421 suis
2848 3361 3192 3421 commodis
3220 3361 3540 3440 prospicit,
3593 3381 3864 3441 eumque
3894 3381 4003 3424 co-

2472 3454 2565 3533 git
2592 3455 2856 3530 solvere‚
2890 3454 2998 3514 ubi
3026 3454 3232 3519 minus
3261 3455 3593 3516 commode
3623 3460 3849 3533 potest.
3884 3456 4003 3517 Alii

2473 3554 2683 3608 tamen
2713 3546 3126 3625 distinguunt,
3160 3546 3212 3606 si
3244 3546 3411 3606 enim
3441 3566 3731 3626 campsor
3759 3567 3837 3608 ex
3870 3549 4006 3610 offi-

2474 3640 2569 3700 cio
2623 3643 2873 3700 tenetur
2926 3639 3279 3717 petentibus
3337 3639 3418 3699 ad
3461 3640 3780 3701 cambium
3826 3641 4000 3717 dare,

2472 3752 2596 3793 non
2624 3737 2831 3811 potest
2849 3732 3081 3811 petenti
3113 3732 3428 3793 cambium
3449 3733 3530 3793 ad
3552 3752 3747 3793 unum
3766 3733 4000 3810 locum,

2471 3829 2694 3887 offerre
2715 3825 2795 3885 ad
2816 3825 3031 3901 alium,
3060 3830 3368 3904 etnegare
3390 3826 3469 3886 ad
3495 3826 3669 3887 illum
3690 3827 3797 3887 ubi
3814 3829 4005 3889 etiam

2469 3920 2766 3998 pecunias
2796 3919 2891 3979 vel
2921 3919 3482 3998 correspondentes
3511 3919 3723 3982 habet.
3761 3922 3824 3981 Si
3851 3940 4003 3982 vero

2468 4031 2545 4072 ex
2574 4012 2777 4072 officio
2807 4011 2887 4071 ad
2934 4012 2998 4071 id
3027 4031 3151 4072 non
3196 4017 3461 4088 tenetur,
3514 4017 3719 4090 potest
3747 4014 3835 4074 uti
3855 4014 4004 4094 jure

2468 4123 2604 4181 suo,
2638 4109 2700 4167 et
2727 4104 2889 4164 nolle
2920 4104 3071 4165 dare
3101 4105 3417 4165 cambium
3446 4105 3525 4164 ad
3555 4105 3732 4165 illum
3761 4106 4000 4183 locum,

2466 4198 2577 4258 sed
2608 4197 2686 4256 ad
2717 4197 2909 4258 alium
2937 4197 2988 4257 si
3018 4197 3080 4256 in
3108 4197 3213 4257 illo
3244 4198 3433 4258 etiam
3482 4199 3869 4277 campsarius
3895 4217 4005 4277 pe·

2466 4289 2715 4351 cuniam
2761 4289 2860 4349 vol
2907 4290 3499 4368 correspondentem
3536 4291 3790 4367 habeat,
3842 4293 4006 4353 alio·

2466 4384 2616 4464 quin
2647 4382 2811 4443 enim
2841 4383 3156 4444 cambium
3201 4389 3363 4445 esset
3389 4384 3624 4444 siccum
3668 4390 3732 4446 et
3757 4386 4000 4461 fictum,

2468 4481 2655 4555 atque
2699 4475 2856 4536 adeo
2899 4476 3222 4555 injustum.
3282 4478 3374 4537 Ita
3418 4478 3595 4539 Salas
3641 4497 3786 4539 cum
3832 4479 4000 4555 aliis,

2466 4588 2621 4650 quos
2651 4571 2832 4630 affert
2860 4568 3010 4632 dub.
3044 4586 3215 4631 x1.111.
3275 4570 3590 4631 Filliucius
3618 4572 3692 4632 11.
3725 4576 3882 4633 tom.
3918 4579 3998 4634 tr.

2462 4679 2648 4724 xxxv.
2682 4667 2842 4741 part.
2876 4663 2950 4722 11.
2987 4678 3081 4723 ca.
3115 4679 3175 4722 x.
3222 4682 3327 4723 nu.
3360 4666 3501 4725 473.
3543 4665 3759 4727 etalii.
3814 4665 4005 4738 Quod

2461 4755 2525 4816 in
2555 4755 2761 4835 rigore
2810 4773 3029 4815 verum
3082 4755 3361 4829 videtum
3417 4757 3565 4836 quia
3611 4777 3795 4820 nemo
3835 4759 4007 4819 obli-

2461 4855 2646 4929 gatur
2693 4848 2773 4908 ad
2804 4848 3161 4909 faciendum
3208 4854 3600 4911 contractum
3641 4851 3721 4911 ad
3750 4852 4006 4914 libitum

2463 4942 2739 5019 alterius,
2772 4942 2881 5002 sed
2910 4946 3117 5021 potest
3133 4941 3324 5003 alium
3347 4948 3740 5005 contractum
3768 4946 4002 5005 offerre

2462 5035 2576 5097 sibi
2607 5036 2913 5111 viliorem,
2948 5035 3289 5099 dummodo
3320 5036 3421 5098 hic
3449 5037 3636 5098 etiam
3668 5057 3741 5098 ex
3768 5056 3831 5098 se
3866 5038 4005 5098 lici·

2461 5134 2561 5191 tus
2590 5133 2651 5190 et
2671 5128 2877 5208 justus
2907 5129 3006 5190 sit.
3068 5129 3171 5192 Sic
3202 5128 3490 5192 venditor
3519 5131 3752 5192 volenti
3781 5148 4002 5190 emere

2459 5226 2664 5282 vestes
2700 5222 2949 5283 viliores
2978 5226 3184 5299 potest
3212 5221 3420 5283 dicere
3470 5243 3484 5282 ε
3535 5223 3691 5284 Nolo
3734 5223 3846 5284 has
3879 5224 4001 5285 tibi

2457 5313 2753 5391 vendere,
2786 5313 2894 5374 sed
2925 5314 3062 5375 illas
3084 5314 3236 5374 alias
3255 5315 3457 5394 magis
3479 5315 3800 5393 pretiosaS,
3836 5334 4004 5395 qua-

2459 5424 2599 5466 rum
2627 5406 2900 5467 venditio
2931 5406 3137 5485 majus
3156 5406 3400 5467 lucrum
3427 5407 3582 5467 mihi
3611 5410 3788 5469 affert
3817 5427 3834 5469 :
3876 5428 4003 5470 nec

2460 5500 2628 5561 enim
2681 5505 2928 5579 emptor
2981 5500 3228 5579 cogitur
3270 5519 3309 5561 a
3344 5501 3669 5562 venditore
3722 5499 3798 5561 ad
3848 5500 4001 5563 illas

4131 2645 4189 2703 75

4074 2825 4165 2865 uode
4188 2837 4200 2864 ⁴

4052 2929 4150 2972 inum
4168 2933 4200 2970 le

4052 2983 4200 3026 tudndal
