4263 6376
1104 381 1575 444 DISPUTATIO
1619 381 1865 457 XXXV,
1913 380 2186 442 SECTIO
2229 381 2332 443 IV.

192 559 427 642 gendum
453 575 621 635 esse,
682 559 799 620 nec
839 558 904 619 id
934 575 1116 638 posse
1139 578 1176 618 a
1201 577 1302 620 me
1330 559 1455 620 ullo
1484 558 1671 619 modo

194 651 461 733 impediri.
515 652 691 712 Hanc
737 651 818 712 ob
867 669 1124 712 causam
1170 651 1520 712 cardinales
1549 668 1672 712 non

192 749 435 827 potentes
462 742 686 821 eligere
705 762 891 822 quem
904 744 1277 823 judicabant
1296 744 1669 823 digniorem,

192 857 287 899 nec
312 836 591 915 impedire
627 836 1011 906 ‚electionem
1050 838 1258 898 minus
1302 837 1511 916 digni,
1563 837 1674 897 sed

192 933 368 992 tamen
396 927 556 1007 digni
613 928 676 988 in
724 946 1040 989 summum
1071 929 1438 990 Pontificem
1461 975 1477 1006 ,
1535 947 1675 1009 pos-

191 1011 310 1083 sunt
333 1039 435 1099 pro
462 1020 563 1081 illo
594 1020 786 1081 etiam
815 1021 1185 1100 suffragium
1214 1022 1387 1098 dare,
1421 1021 1673 1100 quando

191 1114 318 1176 certi
333 1113 665 1175 mortaliter
679 1117 824 1175 sunt
843 1113 921 1174 de
949 1114 1083 1194 ejus
1105 1113 1405 1175 electione
1427 1114 1671 1176 futura:

191 1207 312 1286 quia
334 1206 583 1266 multum
612 1206 807 1267 refert
833 1206 913 1267 ad
933 1206 1260 1286 pacificam
1280 1206 1678 1286 gubernatio·

188 1317 327 1374 nem,
359 1299 515 1378 quod
545 1299 865 1359 communi
896 1317 1204 1361 consensu
1227 1299 1516 1379 eligatur.
1549 1299 1676 1361 Ali-

190 1391 403 1472 quando
425 1392 499 1452 eti
508 1411 609 1452 am
632 1391 849 1454 dilatio
879 1392 1017 1472 ipsa
1037 1392 1355 1455 electionis
1373 1411 1676 1472 magnum

189 1487 593 1546 nocumentum
624 1486 807 1546 affert
833 1485 1149 1563 Ecclesiae,
1183 1489 1372 1566 atque
1401 1486 1542 1547 ideo
1573 1505 1677 1546 ex-

187 1596 365 1638 cessus
413 1577 715 1657 dignioris
770 1577 876 1657 qui
926 1578 1232 1640 omittitur
1284 1578 1678 1658 compensari

186 1670 380 1748 poterit
418 1669 721 1732 brevitate
769 1670 1130 1748 6160110015,
1175 1689 1301 1750 qua
1349 1671 1471 1731 alia
1511 1672 1679 1731 mala

185 1764 459 1838 vitantur3
502 1781 643 1844 quae
672 1762 885 1824 omnia
912 1763 1258 1843 prudenter
1283 1763 1679 1825 consideran-

185 1856 250 1916 da
275 1859 436 1929 sunt;
481 1855 705 1935 regula
751 1855 919 1916 enim
965 1855 1148 1917 bonae
1196 1856 1515 1918 electionis
1553 1875 1679 1917 non

183 1953 305 2010 sunt
327 1948 542 2010 merita
572 1949 778 2010 solum
805 1947 1053 2029 majora
1089 1950 1224 2029 ejus
1267 1948 1373 2030 qui
1405 1948 1674 2028 eligitur,

184 2041 273 2102 sed
287 2041 476 2122 majus
504 2042 745 2103 bonum
760 2041 1228 2104 communitatis
1248 2042 1417 2122 quod
1441 2059 1517 2103 ex
1545 2041 1682 2122 ipsa

181 2134 389 2214 sperari
419 2137 647 2214 potest.

248 2228 488 2300 Quando
519 2245 668 2288 vero
700 2227 920 2288 electio
963 2229 1034 2289 fit
1060 2247 1174 2308 per
1201 2246 1573 2290 concursum
1600 2227 1680 2288 ad

180 2320 533 2396 cathedram,
566 2320 667 2380 vel
695 2319 1157 2397 canonicatum,
1190 2321 1525 2400 propositis
1554 2319 1681 2381 edi-

137 2430 143 2441 ·
180 2412 306 2489 ctis,
337 2416 396 2474 et
421 2411 748 2493 praemisso
780 2413 1097 2490 examine,
1125 2417 1196 2475 ut
1222 2418 1391 2476 certo
1422 2414 1542 2476 scis
1571 2414 1682 2474 eli-

175 2505 421 2584 gendum
450 2505 716 2584 dignum
747 2505 979 2568 omisso
1017 2506 1324 2584 digniori;
1357 2525 1483 2567 non
1511 2506 1681 2567 vide-

176 2603 263 2658 tur
298 2603 354 2660 te
382 2617 566 2676 posse
612 2598 780 2659 licite
828 2617 942 2677 pro
992 2599 1199 2660 minus
1237 2599 1426 2679 digno
1455 2602 1679 2661 suffra-

174 2691 323 2769 gium
350 2691 499 2752 dare
524 2737 542 2768 ,
603 2709 748 2752 cum
790 2691 854 2751 id
884 2710 1010 2754 non
1039 2693 1354 2754 conducat
1381 2694 1461 2755 ad
1490 2693 1681 2772 impe-

175 2783 440 2844 diendam
468 2785 842 2846 electionem
871 2785 1139 2865 alicujus
1170 2786 1436 2866 indigni,
1468 2786 1568 2846 vel
1595 2786 1682 2847 al-

172 2875 340 2936 terius
366 2877 575 2938 minus
604 2878 818 2957 digni,
872 2897 986 2940 nec
1026 2878 1191 2940 aliud
1242 2879 1536 2940 Ecclesiae
1576 2880 1683 2941 bo·

173 2987 304 3029 num
332 2989 346 3030 ε
380 2975 442 3032 61
467 2971 726 3032 aliunde
756 2972 1125 3051 praejudicet
1146 2972 1437 3052 digniori,
1472 2972 1578 3053 qui
1608 2992 1684 3034 ex

171 3079 455 3125 concursu
483 3069 677 3145 atque
707 3065 925 3128 edictis
946 3065 1052 3147 jus
1073 3067 1423 3147 acquisivit.
1458 3068 1683 3141 Quam·

170 3157 250 3219 vis
277 3159 437 3221 enim
464 3162 647 3223 tuum
676 3162 1043 3242 suffragium
1074 3180 1200 3224 non
1229 3162 1425 3243 possit
1452 3162 1507 3223 ei
1535 3180 1680 3242 pro·

169 3250 329 3314 desse
358 3254 437 3314 ad
484 3256 962 3332 canonicatum,
1013 3256 1113 3317 vel
1165 3255 1531 3319 cathedram
1577 3256 1683 3316 ha·

167 3347 453 3424 116οᾶ01ος
515 3349 800 3429 proderit
843 3354 1057 3411 tamen
1104 3350 1185 3410 ad
1233 3350 1539 3412 honorem
1578 3351 1687 3410 ha-

165 3438 358 3502 huisse
405 3443 608 3503 multa
654 3442 1002 3522 suffragia:
1052 3442 1337 3523 proderit
1381 3443 1571 3505 etiam
1616 3448 1686 3505 ut

168 3539 522 3597 occurrente
571 3536 694 3596 alia
740 3535 1069 3597 occasione
1094 3582 1110 3613 ,
1155 3534 1463 3615 majorem
1492 3536 1685 3597 actio-

166 3645 296 3687 nem
332 3628 694 3709 novumque
726 3629 975 3691 titulum
1012 3629 1263 3708 habeat,
1296 3630 1384 3691 ita
1403 3630 1685 3692 Sanchez

166 3738 295 3780 cum
325 3723 500 3800 Soto,
540 3722 815 3799 Salonio,
856 3726 918 3784 et
947 3722 1102 3784 aliis,

236 3817 519 3897 Septima
547 3817 829 3896 exceptio
859 3816 1223 3896 principalis
1253 3836 1388 3879 esse
1418 3819 1576 3881 solet
1607 3819 1685 3879 de

163 3913 455 3987 patrono,
519 3912 583 3970 et
628 3913 851 3972 octava
896 3909 974 3970 de
1014 3910 1410 3972 renuntiante
1455 3911 1687 3973 benefi-

164 4000 356 4080 cium,
409 4021 685 4083 quorum
733 4006 954 4064 neuter
1000 4006 1245 4064 tenetur
1286 4021 1568 4083 quaerere
1598 4004 1687 4065 di-

162 4095 530 4173 gnissimum
549 4142 565 4173 ,
617 4096 695 4157 de
738 4096 834 4157 his
862 4098 1076 4158 tamen
1106 4096 1386 4158 dicemus
1413 4098 1687 4160 sectione

164 4190 463 4270 sequenti.

624 4538 1044 4625 sBcho
1119 4537 1228 4624 Ν.

160 4835 257 4894 An
287 4842 590 4915 patronus
625 4831 828 4894 debeat
861 4838 1225 4914 praesentare
1268 4830 1613 4913 diqmbrem,
1643 4839 1697 4892 et

238 4939 391 5000 illem
408 4938 706 5021 quoeritur
732 4936 803 4999 de
816 4957 902 5015 60,
928 4957 1029 5019 qm
1048 4937 1343 4999 renuntzat
1361 4936 1698 5019 beneficium

238 5066 298 5106 m
325 5045 591 5127 qratiam
621 5044 881 5106 aumas.

241 5300 431 5363 Circa
479 5302 816 5379 patronum
863 5294 1377 5375 distinguendum
1421 5296 1516 5356 est
1540 5292 1702 5355 inter

160 5398 577 5475 patronatum
608 5391 1125 5468 ecclesiasticum,
1158 5390 1219 5451 id
1251 5394 1365 5467 est,
1400 5391 1508 5470 qui
1536 5408 1703 5450 com-

159 5489 320 5569 petit
351 5488 508 5550 solis
535 5485 974 5549 ecclesiasticis
997 5530 1013 5561 ,
1064 5487 1126 5546 et
1152 5484 1315 5546 inter
1340 5483 1570 5545 laicum
1599 5482 1704 5562 qui

157 5581 476 5663 competit
502 5580 694 5644 etiam
718 5578 915 5644 laiciS.
965 5580 1220 5642 Certum
1265 5576 1436 5640 enim
1481 5578 1577 5639 est
1601 5594 1709 5657 pa-

3186 382 3298 442 581

1771 560 2023 619 tronum
2058 558 2552 620 ecclesiasticum
2568 558 2798 620 debere
2820 558 3051 638 eligere
3068 556 3306 637 dignio-
3399 585 3459 629 p.
3461 589 3579 628 trouu

1772 669 1957 712 rem:
2010 651 2097 712 ita
2125 650 2293 711 enim
2322 651 2681 712 decernitur
2725 653 2789 712 in
2817 652 3096 713 Trident.
3149 669 3299 712 sess,
3353 639 3483 736 ἔξω
3479 597 3652 746 ἐξὲξ

1771 760 1942 805 xxiv.
1978 763 2117 823 cap.
2164 747 2259 807 18.
2295 744 2403 805 ubi
2431 748 2642 805 tamen
2687 744 2765 805 de
2809 744 2958 806 solis
2985 743 3307 805 beneficiis
3355 755 3652 843 ffapffaem‘

1774 836 2005 898 curatis
2032 856 2239 898 sermo
2259 840 2371 913 est,
2406 840 2475 898 ut
2495 841 2737 899 constat
2764 857 2837 897 ex
2865 837 3040 898 initio
3062 836 3301 916 capitis„
3396 852 3627 897 mutantia.

1773 931 1862 990 De
1892 934 2154 1010 patrono
2185 933 2398 990 autem
2416 930 2575 991 laico
2605 930 2794 990 variae
2811 933 2955 991 sunt
2980 930 3308 991 doctorum

1773 1023 2118 1084 sententiae.

1855 1115 2067 1176 Prima
2094 1115 2265 1192 dicit,
2298 1115 2504 1195 ipsum
2531 1134 2658 1177 non
2686 1115 2931 1195 alligari
2960 1115 3040 1176 ad
3069 1108 3310 1194 dignio-

1773 1227 1909 1269 rem
1940 1208 2481 1287 praesentandum,
2530 1208 2641 1269 sed
2687 1208 2950 1287 dignum
2973 1255 2988 1286 ,
3025 1208 3188 1269 hanc
3215 1211 3308 1269 te·-

1774 1306 1927 1363 nent
1952 1301 2391 1363 Lambertinus
2437 1299 2508 1362 de
2531 1301 2994 1383 Jurepatronat.
3041 1302 3181 1362 libr.
3227 1301 3302 1361 11.

1775 1399 1937 1475 part.
1972 1412 2016 1455 ι.
2061 1414 2168 1475 qu.
2202 1411 2262 1455 x.
2310 1397 2428 1455 art.
2465 1398 2525 1456 3.
2561 1413 2733 1455 num.
2770 1398 2865 1455 17.
2901 1397 2963 1455 et
2989 1391 3307 1474 sequenti-

1776 1487 1914 1548 bus,
1949 1486 2197 1547 Riccius
2217 1532 2233 1563 ,
2266 1487 2484 1549 Bellet.
2517 1488 2794 1548 loannes
2822 1487 3118 1564 Valerus,
3155 1503 3312 1566 quos

1777 1581 1960 1641 affert
1988 1582 2052 1641 et
2077 1578 2360 1659 sequitur
2387 1580 2587 1641 Diana
2629 1584 2780 1641 tom.
2816 1581 2861 1640 1.
2899 1583 3079 1640 tract.
3113 1595 3157 1639 1.
3191 1577 3313 1639 Mi-

1774 1671 2009 1736 scellan.
2056 1672 2240 1733 resol.
2274 1675 2373 1734 37.
2422 1672 2532 1733 ubi
2560 1675 2817 1735 affertur
2845 1673 3035 1734 etiam
3065 1672 3307 1748 Gamla,

1778 1769 1841 1826 et
1867 1767 2169 1842 Navarra,
2204 1763 2315 1824 sed
2345 1764 2410 1824 hi
2438 1783 2561 1825 non
2591 1765 2884 1827 videntur
2909 1764 3079 1845 loqui
3110 1765 3187 1825 de
3208 1765 3313 1825 be-

1776 1857 2013 1919 neficiis
2042 1858 2295 1919 curatiS.
2331 1857 2635 1919 Eamdem
2671 1857 3064 1938 probabilem
3095 1857 3315 1919 dicunt

1776 1952 2059 2027 BanneS,
2113 1953 2177 2012 et
2215 1950 2524 2012 Ledesma
2569 1951 2737 2029 apud
2774 1951 3039 2011 Dianam
3070 1949 3198 2027 ibi,
3250 1954 3315 2012 et

1778 2061 1919 2104 eam
1967 2042 2183 2105 docuit
2225 2045 2291 2104 P.
2341 2043 2696 2122 Henriquez
2741 2043 2806 2102 in
2845 2043 3307 2122 manuscriptiS,

1779 2136 1995 2197 dicens
2042 2154 2117 2196 ex
2162 2135 2280 2198 hoc
2328 2136 2532 2215 capite
2564 2135 2847 2197 excusari
2877 2155 3060 2215 reges
3088 2136 3314 2215 Hispa-

1778 2229 1899 2290 0163
1923 2274 1939 2305 ,
1988 2228 2241 2309 quando
2271 2229 2353 2290 ad
2384 2229 2783 2308 episcopatus
2812 2232 3195 2308 praesentant
3221 2228 3317 2288 di-

1776 2340 1957 2401 3005,
1991 2321 2237 2383 omissis
2267 2321 2661 2400 dignioribus
2685 2368 2701 2399 ,
2754 2327 2817 2383 et
2861 2325 3130 2384 testatur
3156 2324 3315 2383 San-

1781 2415 1932 2476 chez
1962 2414 2129 2476 dicto
2160 2433 2301 2493 cap.
2337 2417 2383 2475 I.
2434 2415 2584 2476 duh.
2619 2433 2681 2477 v.
2735 2433 2906 2476 num.
2938 2419 2998 2476 2.
3049 2418 3113 2476 et
3138 2414 3316 2474 deni-

1781 2526 1902 2588 que
1946 2507 2235 2567 eamdem
2285 2508 2661 2569 sententiam
2703 2512 2902 2570 tutam
2949 2524 3086 2570 esse
3133 2506 3317 2567 docet

1780 2600 2124 2678 Castropal.
2180 2600 2346 2662 dicta
2391 2600 2622 2679 disput.
2657 2601 2733 2662 11.
2785 2603 2998 2679 punct.
3030 2617 3118 2661 XI.
3163 2601 3219 2679 ἓ.
3250 2603 3310 2661 2.

1781 2711 1952 2753 num.
1988 2696 2085 2755 10.
2121 2693 2331 2772 quoad
2359 2697 2657 2771 patronos
2684 2692 2878 2754 laicos
2902 2739 2918 2770 ,
2966 2693 3072 2772 qui
3100 2710 3315 2753 succe-

1781 2786 1939 2847 dunt
1965 2786 2167 2865 primo
2198 2785 2554 2862 fundatori,
2597 2786 2707 2865 qui
2735 2803 2807 2845 ex
2837 2785 3106 2865 propriis
3131 2784 3316 2846 bonis
3387 2863 3392 2866 ι

1779 2878 2161 2939 beneficium
2187 2878 2510 2954 fundavit,
2545 2896 2726 2938 secus
2755 2878 2963 2958 quoad
2993 2877 3160 2955 11105,
3208 2878 3315 2958 qui

1782 2990 1859 3031 ex
1897 2970 2226 3050 privilegio
2273 2971 2373 3031 vel
2416 2971 2711 3032 Ecclesiae
2767 2971 3170 3033 concessione
3210 2970 3315 3052 jus

1780 3063 2206 3144 praesentandi
2233 3064 2486 3126 habent.

1864 3157 2194 3236 Secunda,
2240 3161 2303 3220 et
2348 3157 2742 3220 communior
2786 3157 3091 3221 sententia
3133 3157 3319 3220 docet

1780 3253 2181 3314 fundatorem
2234 3251 2491 3331 quidem
2543 3252 2833 3314 beneficii
2887 3271 3071 3332 posse
3128 3269 3317 3331 quem

1781 3345 2050 3408 voluerit
2077 3345 2339 3424 dignum
2369 3345 2622 3424 eligere,
2657 3344 2806 3424 quia
2827 3345 2905 3405 de
2925 3345 3193 3424 propriis
3210 3344 3320 3405 bo·

1782 3438 1877 3500 nis
1906 3441 2113 3517 potest
2141 3438 2474 3517 disponere
2502 3456 2616 3517 pro
2645 3437 2845 3513 libito,
2878 3456 2994 3498 nec
3023 3437 3129 3498 ulli
3160 3435 3320 3517 inju-

1782 3532 1942 3592 riam
1971 3531 2191 3593 infert:
2226 3548 2654 3593 successorem
2685 3550 2833 3592 vero
2861 3531 2927 3591 in
2950 3530 3092 3612 jure
3112 3535 3319 3609 patro-

1784 3629 1968 3686 natus
1998 3625 2228 3685 dehere
2257 3623 2609 3703 digniorem
2638 3622 2867 3702 eligere
2891 3669 2907 3700 ,
2969 3641 3045 3684 ex
3091 3622 3195 3684 illa
3224 3624 3321 3683 ta-

1783 3737 1929 3780 men
1957 3717 2197 3779 familia
2227 3722 2289 3779 et
2316 3735 2461 3777 cum
2489 3734 2563 3778 eo
2595 3716 2813 3777 ordine
2833 3762 2852 3790 ,.
2888 3715 2997 3795 qui
3027 3734 3064 3788 a
3093 3715 3319 3776 funda—

1784 3818 1921 3875 tore
1949 3810 2355 3890 praescriptus
2381 3809 2518 3870 fuit.
2568 3811 2742 3869 Hanc
2768 3812 2985 3870 tenent
3013 3810 3323 3870 Covarru-

1786 3906 1941 3981 viae,
1974 3902 2209 3966 Melina
2229 3901 2665 3982 jurisperitus,
2698 3900 3068 3978 FedericuS,
3103 3899 3318 3980 Spino‚

1784 3996 2175 4072 MandosiuS,
2207 3995 2602 4073 AragoniuS‚
2639 3993 2930 4057 Salonius
2954 4039 2970 4069 ,
3001 3992 3318 4070 MercadO,

1792 4095 1854 4153 61
1881 4090 2007 4165 alii,
2043 4106 2201 4169 quos
2230 4087 2452 4164 refert,
2500 4090 2565 4149 et
2591 4087 2874 4167 sequitur
2903 4086 3184 4148 Sanchez
3214 4084 3322 4147 ubi

1788 4201 1980 4262 supra
2004 4228 2020 4259 ,
2071 4180 2308 4243 Rebell.
2341 4178 2412 4240 de
2435 4178 2710 4255 lustitia,
2763 4196 2806 4241 1.
2840 4183 2999 4259 part.
3048 4178 3189 4241 libr.
3224 4195 3321 4241 111.

1790 4296 1899 4358 qu.
1932 4292 2017 4338 lv.
2051 4291 2224 4335 num.
2250 4276 2312 4337 5.
2344 4272 2591 4334 Lessius
2621 4291 2677 4335 c.
2710 4274 2984 4334 XXXIV.
3021 4271 3170 4334 dub.
3191 4288 3321 4334 xlv.

1790 4388 1965 4432 num.
1998 4371 2097 4430 65.
2134 4366 2449 4429 Malderus
2471 4414 2486 4442 ,
2518 4367 2706 4427 Azor.
2743 4365 3079 4442 Guttierez,
3114 4367 3322 4439 50105,

1790 4462 2083 4526 Azevedo
2111 4459 2283 4540 apud
2304 4459 2568 4520 Dianam
2593 4459 2731 4520 loco
2762 4460 2974 4535 citato,
3010 4458 3117 4538 qui
3146 4459 3328 4520 affert

1792 4555 1981 4617 etiam
2010 4553 2387 4616 Turrianum
2418 4556 2481 4613 et
2506 4553 2793 4631 Vasquez
2818 4597 2834 4628 ,
2894 4551 3004 4611 sed
3049 4550 3112 4609 hi
3142 4551 3328 4631 paulo
3445 4634 3450 4638 .

1794 4649 1977 4710 aliter
1997 4646 2308 4708 sentiunt:
2345 4644 2561 4706 dicunt
2580 4644 2780 4720 enim,
2796 4643 2845 4703 si
2867 4644 3162 4704 fundator
3179 4643 3330 4704 libe-

1793 4759 1929 4802 ram
1961 4759 2072 4819 pro
2096 4738 2274 4800 libito
2331 4736 2604 4816 eligendi
2657 4736 3019 4798 facultatem
3063 4739 3329 4814 patrono

1796 4832 2071 4913 reliquit,
2104 4848 2290 4910 posse
2321 4848 2447 4891 non
2477 4829 2706 4908 eligere
2736 4828 3089 4908 digniorem
3111 4873 3127 4904 ,
3172 4828 3333 4888 sicut

1797 4928 2047 5007 poterat
2071 4922 2369 4983 fundator
2400 4942 2414 4982 ε
2450 4922 2503 4982 si
2529 4940 2679 4982 vero
2710 4921 2771 4980 in
2800 4938 3033 4999 genere
3054 4918 3159 4999 jus
3178 4936 3335 4997 prae-

1800 5016 2094 5080 sentandi
2124 5009 2301 5076 dedit
2323 5060 2338 5091 ,
2373 5013 2850 5092 intelligendum
2880 5030 3014 5073 esse
3038 5011 3218 5092 juxta
3244 5010 3335 5071 le-

1799 5129 1912 5191 ges
1934 5108 2193 5190 justitiae
2223 5107 2636 5169 distributiva.»
2656 5153 2672 5183 ,
2712 5110 2779 5167 ut
2801 5104 3214 5184 praeferantur
3241 5102 3335 5163 di-

1799 5204 2075 5283 gniores.
2101 5200 2363 5264 Addunt
2379 5200 2592 5276 etiam,
2618 5202 2938 5278 patronoS‚
2964 5196 3190 5276 quibus
3211 5214 3336 5255 non

1803 5316 1878 5357 ex
1906 5293 2273 5356 fundatione
2318 5310 2394 5352 ex
2435 5291 2701 5370 propriis
2730 5288 2911 5350 bonis
2939 5288 3332 5363 institutoris,

1803 5388 1914 5451 sed
1945 5407 2019 5448 ex
2050 5385 2375 5466 privilegio
2414 5385 2475 5445 id
2519 5383 2818 5462 competit
2842 5380 3333 5461 praescriptione,

1803 5482 1905 5542 vel
1934 5480 2059 5542 ulio
2079 5479 2282 5554 titulo,
2316 5478 2545 5539 debere
2566 5495 2816 5555 semper
2842 5475 3071 5556 eligere
3097 5473 3338 5594 dignio—

1804 5593 1961 5639 rem.
2000 5576 2117 5638 Pro
2146 5570 2528 5635 resolutione
