4263 6376
1301 315 1770 377 DISPUTATIO
1814 315 2004 390 XXX,
2053 315 2327 377 SECTIO
2371 316 2447 377 V.

253 510 376 551 non
447 491 821 569 computatis
875 490 1063 552 lucris
1128 491 1189 551 in
1253 493 1520 564 sortem
1583 508 1779 569 quare

252 583 446 644 multo
508 583 779 643 melioris
848 587 942 644 est
1010 583 1386 644 conditionis
1458 600 1647 663 quam
1703 583 1782 643 sit

253 680 501 752 emptor
543 693 764 735 census
792 674 1058 737 vitalitii.
1094 674 1417 750 Secundo,
1480 673 1625 753 quia
1656 693 1782 734 em-

250 772 391 846 ptor
459 785 715 841 censuS‚
795 767 1381 846 quomodocumque
1451 766 1774 833 moriatur,

250 858 475 919 amittit
507 859 771 937 capitale
808 879 821 919 ε
856 860 918 919 in
951 859 1070 920 hoc
1089 864 1302 920 autem
1322 864 1645 920 contractu
1678 877 1780 918 ex-

252 950 370 1029 cipi
399 951 603 1011 solent
641 968 856 1011 omnes
896 955 1131 1011 mortes
1163 952 1484 1028 violentae,
1541 954 1602 1012 et
1642 951 1780 1011 aliae

251 1043 562 1104 nonnullae
592 1043 654 1102 in
686 1044 913 1122 quibus
940 1043 1205 1122 capitale
1235 1044 1628 1104 reddendum
1660 1049 1774 1105 est.

250 1135 455 1196 Tertio
477 1182 493 1211 ‚
556 1135 704 1214 quia
763 1135 827 1195 in
885 1154 1076 1197 censu
1120 1137 1383 1197 vitalitio
1431 1136 1779 1214 periculum

250 1226 467 1287 mortis
480 1244 622 1287 non
654 1230 860 1305 potest
886 1228 1209 1288 transferri
1248 1229 1313 1288 in
1346 1229 1534 1288 aliam
1564 1246 1779 1306 perso-

252 1336 414 1394 nam,
449 1318 612 1379 sicut
642 1323 846 1397 potest
878 1320 940 1379 in
973 1319 1092 1380 hoc
1124 1323 1473 1381 contractu.
1518 1314 1772 1397 Quarto,

250 1410 394 1488 quia
421 1410 486 1468 in
516 1427 705 1470 censu
735 1410 997 1471 vitalitio
1028 1412 1256 1472 emitur
1285 1430 1384 1471 res
1413 1412 1623 1491 aliqua
1655 1412 1778 1471 fru-

249 1502 480 1578 ctifera,
516 1502 577 1561 in
612 1521 734 1581 qua
754 1502 1053 1564 fundatur
1072 1521 1294 1564 census
1323 1504 1546 1564 saltem
1568 1503 1775 1582 quoad

249 1594 593 1654 dominium
623 1594 772 1654 utile
795 1641 810 1671 ,
872 1599 944 1656 ιιι
996 1613 1188 1672 supra
1216 1595 1488 1655 vidimus
1518 1599 1775 1673 agentes

249 1685 322 1746 de
377 1686 670 1747 censibus
718 1707 731 1747 :
795 1704 989 1767 quare
1032 1687 1276 1747 lucrum
1331 1687 1776 1764 correspondet

247 1778 433 1838 fundo
464 1778 814 1855 partialiter
844 1783 1077 1858 empto,
1128 1780 1301 1841 Sicut
1341 1779 1530 1839 etiam
1570 1779 1633 1837 in
1679 1798 1773 1839 so-

248 1869 461 1931 cietate
503 1871 747 1930 lucrum
777 1874 984 1950 potest
1012 1870 1215 1951 majus
1245 1890 1380 1931 esse
1402 1922 1416 1948 ‚
1480 1890 1667 1951 quam
1709 1872 1771 1930 in

246 1981 427 2023 censu
451 2009 467 2038 ‚
501 1964 651 2041 quia
679 1964 1023 2042 percipitur
1055 1982 1130 2023 ex
1160 1964 1582 2042 negotiatione
1607 2010 1621 2040 ,
1674 1963 1773 2022 vel

247 2074 306 2114 re
335 2054 675 2130 fructifera,
713 2057 775 2115 in
804 2073 929 2134 qua
957 2057 1026 2115 fit
1057 2055 1542 2116 communicatio
1578 2060 1641 2116 et
1672 2074 1775 2116 so-

246 2147 449 2207 cietas.
499 2149 569 2207 In
609 2151 818 2209 nostro
860 2151 1068 2207 autem
1107 2166 1256 2208 casu
1303 2148 1457 2207 nihil
1497 2148 1773 2208 fructife-

246 2257 375 2298 rum
404 2239 636 2299 emitur
662 2240 759 2299 vel
803 2234 1246 2318 participatur,
1309 2241 1415 2300 sed
1450 2242 1651 2302 totum
1677 2238 1772 2299 lu-

246 2349 410 2391 crum
442 2331 633 2391 debet
661 2331 1151 2409 correspondere
1207 2332 1293 2391 illi
1332 2332 1450 2392 soli
1491 2332 1768 2410 periculo

245 2423 560 2483 amit-tendi
594 2427 824 2484 sortem
862 2444 876 2484 :
932 2425 1100 2502 quod
1141 2443 1267 2485 non
1297 2428 1499 2502 potest
1528 2428 1770 2485 tantum

245 2515 476 2575 lucrum
505 2515 803 2591 reddere,
839 2522 1144 2595 quantum
1177 2516 1240 2575 in
1272 2534 1463 2576 censu
1484 2562 1499 2591 ,
1545 2517 1609 2576 in
1644 2534 1767 2594 quo

246 2610 329 2667 est
355 2606 559 2687 majus
593 2608 939 2685 periculum
984 2612 1046 2668 et
1086 2607 1290 2687 major
1318 2607 1496 2668 radix
1522 2608 1768 2667 lucran-

245 2698 322 2774 di,
379 2717 608 2777 nempe
665 2699 895 2759 fundus
950 2699 1253 2771 censitus;
1317 2717 1520 2777 neque
1579 2699 1766 2759 etiam

246 2795 539 2869 quantum
618 2790 680 2849 in
762 2791 1059 2851 societate
1141 2808 1292 2850 vera
1375 2791 1563 2851 officii
1593 2836 1609 2867 ,
1701 2790 1767 2850 in

248 2902 361 2961 qua
424 2883 673 2943 lucrum
741 2884 1084 2961 percipitur
1158 2901 1232 2943 ex
1301 2901 1368 2943 re
1450 2883 1769 2944 fructifera

249 2993 463 3052 nempe
519 2994 595 3034 ex
640 2975 866 3036 officiO.
940 2975 1133 3036 Multo
1194 2994 1344 3053 ergo
1388 2976 1595 3036 minus
1653 2975 1766 3035 de-

244 3067 407 3127 beret
463 3086 599 3127 esse
645 3067 891 3127 lucrum
923 3086 999 3127 ex
1046 3071 1370 3128 contractu
1416 3068 1543 3143 illo,
1579 3085 1766 3146 quam

245 3158 301 3218 in
375 3176 568 3220 censu
650 3159 914 3222 vitalitio
949 3207 964 3236 ,
1060 3159 1447 3221 detrahendo
1532 3159 1767 3221 scilicet

245 3257 537 3329 quantum
566 3252 632 3312 in
660 3271 850 3313 censu
878 3271 1160 3313 crescere
1181 3257 1387 3332 potest
1407 3253 1651 3313 lucrum
1683 3252 1763 3313 ob

244 3343 433 3423 majus
462 3343 618 3404 illud
650 3344 995 3423 periculum
1018 3391 1033 3421 ,
1096 3346 1176 3405 ob
1205 3345 1639 3424 impotentiam
1670 3363 1766 3406 re-

244 3436 479 3514 petendi
510 3442 743 3498 sortem
765 3483 780 3512 ,
846 3440 907 3497 et
937 3438 1017 3497 ob
1045 3455 1180 3497 rem
1209 3437 1598 3498 fructiferam
1629 3457 1765 3498 em-

247 3532 432 3604 ptam,
466 3529 568 3588 vel
597 3529 1058 3607 participatam.
1108 3530 1287 3601 Quod
1325 3532 1522 3591 multo
1561 3532 1764 3609 magis

246 3621 634 3697 procederet,
696 3621 950 3700 quando
1003 3622 1210 3682 socius
1250 3626 1604 3683 reservaret
1643 3623 1763 3683 sibi

246 3712 593 3773 lacultatem
633 3714 1049 3774 transferendi
1093 3714 1156 3773 in
1198 3714 1389 3774 alium
1420 3714 1764 3792 periculum

247 3803 398 3880 vitae,
432 3810 492 3865 et
523 3809 779 3867 sortem.

317 3896 469 3958 Hinc
488 3900 624 3977 jam
654 3897 835 3957 facile
865 3899 982 3959 erit
1009 3898 1347 3960 decernere
1377 3898 1455 3958 de
1488 3899 1762 3959 secunda

247 3988 587 4050 conditione
628 3990 811 4069 hujus
842 3991 1159 4052 societatis
1182 4037 1197 4066 ,
1258 4009 1398 4069 quae
1428 3991 1695 4069 exigitur
1726 4009 1763 4050 a

179 4120 192 4130 .
248 4079 345 4141 Pio
374 4082 445 4143 V.
480 4100 560 4142 ne
589 4082 824 4143 scilicet
864 4084 973 4143 fiat
1003 4100 1194 4161 supra
1223 4082 1412 4144 officii
1441 4082 1756 4144 valorem:

180 4180 189 4191 '
247 4189 372 4250 quae
399 4174 673 4235 conditio
698 4174 1043 4254 justissima
1074 4178 1187 4251 e'st,
1224 4193 1370 4234 nam
1402 4176 1454 4235 si
1485 4175 1759 4235 officium

247 4266 395 4326 valet
427 4269 601 4327 1000.
650 4270 710 4326 et
756 4267 1149 4347 accipiuntur
1179 4271 1356 4329 2000.
1392 4267 1471 4327 ad
1500 4269 1759 4329 societa-

246 4359 377 4435 tem,
411 4376 800 4438 consequens
830 4364 962 4437 est,
1013 4363 1081 4421 ut
1111 4378 1224 4438 pro
1260 4363 1435 4422 1000.
1473 4361 1624 4420 nihil
1658 4381 1757 4421 su-

247 4451 421 4524 persit
444 4452 507 4512 in
539 4453 743 4513 officio
769 4499 784 4528 ,
833 4453 899 4512 in
928 4470 1052 4532 quo
1085 4452 1355 4513 societas
1384 4470 1534 4513 vera
1562 4454 1761 4514 subsi-

244 4543 390 4604 stere
417 4545 641 4623 possit,
674 4549 861 4624 atque
891 4545 1051 4606 adeo
1085 4545 1204 4605 erit
1232 4545 1499 4606 societas
1518 4547 1666 4606 ficta
1696 4551 1758 4608 et

247 4651 555 4713 apparens,
590 4637 765 4698 Circa
792 4638 960 4717 quod
992 4641 1099 4698 est
1117 4637 1349 4698 abusus
1379 4639 1750 4715 communie,

245 4724 377 4787 dum
406 4730 687 4791 officialis
733 4730 960 4808 accipit
1006 4730 1266 4808 duplum
1289 4776 1305 4805 ,
1337 4730 1594 4809 triplum
1618 4777 1633 4807 ,
1695 4735 1757 4792 et

245 4821 643 4902 quadruplum
673 4822 753 4883 ad
783 4822 1142 4883 sociatetem
1174 4840 1365 4900 supra
1382 4841 1600 4883 verum
1623 4824 1754 4884 offi-

244 4911 309 4971 cii
339 4915 426 4973 sui
453 4915 751 4975 valorem.
806 4917 1009 4986 Quare
1056 4915 1277 4974 merito
1319 4916 1478 4974 Rota
1506 4933 1753 4994 semper

245 5003 524 5081 ejusmodi
557 5007 883 5068 societates
923 5024 1112 5084 supra
1126 5007 1405 5066 valorem
1427 5005 1649 5086 rejicit,
1685 5011 1752 5068 ut

244 5102 459 5159 constat
510 5118 584 5158 ex
639 5099 851 5159 multis
907 5097 1038 5177 ejus
1093 5097 1543 5174 decisionibuS,
1606 5117 1745 5178 quae

246 5193 370 5249 sunt
397 5193 484 5250 11.
520 5193 617 5252 28.
653 5193 751 5252 39.
790 5194 851 5251 et
880 5194 979 5250 45.
1016 5190 1180 5250 inter
1207 5189 1365 5264 illas,
1401 5207 1555 5268 quas
1576 5191 1742 5251 cirea

244 5277 384 5339 hanc
429 5284 754 5345 materiam
799 5282 1116 5361 congessit
1158 5282 1422 5342 Zachias
1469 5281 1604 5344 loco
1635 5283 1741 5345 cit.

249 5372 339 5448 qui
368 5373 424 5433 id
451 5376 574 5436 late
606 5375 1006 5455 prosequitur
1048 5393 1217 5435 num.
1253 5378 1353 5435 66.
1404 5378 1466 5435 et
1495 5394 1754 5453 sequen·

248 5463 409 5527 tibus,
466 5470 542 5531 Et
590 5472 831 5530 constat
869 5487 944 5528 ex
988 5468 1267 5548 proxime
1310 5467 1537 5530 dictis:
1600 5468 1745 5549 quia

3293 317 3410 376 489

1880 490 2116 551 fructus
2144 490 2210 550 in
2241 491 2361 552 hoc
2374 494 2697 554 contractu
2724 492 2957 554 debent
2976 490 3126 553 oriri
3154 509 3231 551 ex
3250 490 3412 570 ipsa·

1880 586 2009 643 met
2038 582 2365 660 societate,
2399 589 2460 645 et
2488 604 2601 663 per
2631 603 3019 664 consequens
3051 603 3125 645 ex
3157 583 3414 662 partici-

1881 674 2129 753 patione
2159 676 2366 751 officii,
2400 695 2509 736 seu
2541 677 2857 738 fructuum
2886 676 3077 736 officii
3113 695 3126 736 :
3174 675 3228 735 si
3257 693 3407 752 ergo

1881 766 2153 827 officium
2180 786 2304 827 non
2335 771 2428 828 est
2457 768 2890 848 participabile
2911 814 2927 844 ,
2976 786 3181 847 neque
3221 766 3409 828 etiam

1881 857 2016 937 ejus
2044 858 2314 930 fructus;
2350 860 2499 937 quia
2519 861 2815 920 nimirum
2837 860 3254 938 participatur
3275 860 3410 937 jam

1879 950 1960 1010 ab
1991 951 2129 1011 aliis
2156 998 2170 1026 ,
2225 969 2339 1011 nec
2383 957 2476 1012 est
2506 971 2703 1031 capax
2733 952 3045 1013 ulterioris
3080 951 3410 1031 participa-

1877 1042 2085 1118 tioni5‚
2120 1061 2507 1124 consequens
2537 1048 2651 1121 est,
2685 1048 2753 1105 ut
2783 1045 3020 1105 fructus
3050 1063 3175 1105 non
3207 1044 3409 1105 orian-

1878 1137 1981 1195 tur
2008 1153 2154 1194 vere
2214 1155 2288 1195 ex
2328 1136 2531 1197 officio
2573 1136 2711 1211 illo,
2778 1136 2887 1197 sed
2948 1155 3023 1196 ex
3056 1137 3175 1197 alio
3203 1136 3404 1211 titulo,

1878 1226 2045 1287 unde
2074 1228 2338 1288 societas
2368 1246 2492 1288 non
2523 1229 2640 1289 erit
2669 1247 2839 1305 vera,
2870 1227 2977 1287 sed
2999 1230 3165 1289 ficta.
3204 1228 3408 1301 Quare

1876 1317 2022 1378 licet
2050 1318 2289 1380 Filliuc.
2330 1320 2391 1379 d.
2429 1338 2485 1382 c.
2519 1337 2605 1381 vl.
2640 1338 2812 1379 num.
2851 1323 2986 1381 115.
3023 1320 3209 1395 dicat,
3245 1319 3408 1379 hanc

1877 1410 2239 1471 societatem
2279 1412 2728 1471 consulendam
2771 1431 2897 1472 non
2938 1431 3109 1487 esse,
3154 1411 3263 1472 sed
3292 1428 3409 1471 nec

1878 1503 2065 1564 etiam
2098 1502 2521 1563 damnandam
2551 1508 2691 1582 post
2731 1504 2996 1579 factum,
3033 1522 3185 1563 cum
3216 1501 3410 1580 possit

1874 1595 1940 1655 in
1970 1595 2095 1655 vim
2134 1596 2483 1672 sponsionis
2523 1597 2847 1657 sustineri:
2898 1596 3033 1675 jam
3076 1601 3284 1657 tamen
3318 1594 3409 1653 di-

1872 1687 2075 1747 ximus
2107 1706 2181 1748 eo
2218 1688 2570 1766 sponsionis
2618 1689 2795 1750 titulo
2817 1735 2832 1764 ,
2893 1693 2957 1749 et
2986 1688 3224 1749 secluso
3257 1705 3404 1746 vero

1871 1779 2050 1840 titulo
2078 1780 2391 1841 societatis
2414 1828 2429 1857 ,
2493 1800 2618 1842 non
2667 1800 2849 1860 posse
2882 1785 3128 1842 tantum
3158 1780 3403 1840 lucrum

1872 1872 2074 1950 exigi,
2130 1876 2434 1951 quantum
2476 1893 2551 1933 ex
2581 1875 2877 1935 societate
2914 1894 2926 1935 :
2997 1874 3121 1933 imo
3155 1874 3314 1932 Rota
3343 1871 3406 1930 in

1872 1966 2188 2044 praedictis
2216 1965 2636 2027 decisionibus
2677 1967 2849 2043 dicit,
2885 1967 3122 2026 nullum
3151 1982 3406 2044 prorsus

1873 2057 2037 2136 exigi
2066 2075 2250 2136 posse
2292 2058 2538 2118 lucrum
2577 2077 2687 2137 pro
2720 2059 2995 2137 periculo
3027 2058 3211 2128 vitae;
3259 2056 3408 2135 quia

1871 2150 2216 2229 periculum
2259 2150 2411 2210 illud
2442 2156 2885 2228 compensatur
2930 2150 3052 2212 alio
3087 2148 3389 2227 periculo,

1871 2242 2038 2322 quod
2068 2241 2352 2302 officialis
2380 2243 2547 2303 subit
2572 2242 2875 2302 reddendi
2909 2241 3175 2321 capitale
3194 2287 3209 2315 ‚
3264 2258 3400 2300 ces-

1868 2338 2044 2395 sante
2075 2333 2283 2394 oft'icio
2305 2380 2321 2409 ‚
2372 2334 2471 2394 vel
2515 2339 2780 2395 vacante
2811 2335 2891 2394 ob
2922 2352 3103 2394 suum
3137 2333 3399 2393 obitum.

1870 2429 2018 2487 Haec
2048 2430 2258 2486 tamen
2302 2427 2726 2504 compensatio
2770 2427 3029 2505 periculi
3085 2443 3199 2504 pro
3246 2424 3404 2502 peri-

1871 2519 2008 2579 culo
2040 2518 2240 2578 solum
2260 2518 2508 2579 videtur
2528 2518 2760 2578 habere
2788 2518 3019 2593 locum,
3055 2517 3307 2596 quando
3335 2517 3406 2576 fit

1868 2628 2019 2669 vera
2049 2610 2316 2671 societas
2357 2611 2420 2668 in
2468 2610 2673 2672 officio
2726 2609 2939 2688 capaci
2985 2611 3164 2687 juxta
3221 2625 3403 2668 suum

1868 2702 2179 2778 valorem,
2222 2720 2296 2762 eo
2342 2702 2509 2781 quod
2533 2700 2711 2779 juxta
2743 2706 3031 2762 naturam
3062 2699 3399 2775 societatiS,

1870 2798 2171 2872 pereunte
2202 2794 2488 2873 capitali,
2549 2812 2659 2853 seu
2691 2794 2897 2854 officio
2920 2839 2936 2869 ,
2971 2792 3271 2852 damnum
3300 2791 3405 2851 de·

1868 2886 2044 2947 beret
2072 2905 2208 2946 esse
2237 2904 2565 2947 commune
2598 2886 2845 2965 utrique
2875 2885 3078 2957 socio;
3112 2884 3282 2944 unde
3314 2884 3404 2944 of-

1868 2978 2086 3039 ficialis
2117 2983 2346 3056 praeter
2373 2983 2663 3039 naturam
2693 2981 3050 3038 contractus
3070 2976 3259 3037 sumit
3287 2975 3405 3036 sibi

1868 3070 2020 3130 illud
2051 3071 2419 3149 periculum.
2470 3072 2539 3131 In
2591 3074 2914 3131 contractu
2951 3074 3162 3131 autem
3208 3086 3399 3147 spon-

1869 3163 2058 3223 sionis
2089 3164 2328 3224 nullum
2358 3162 2641 3243 peric-um
2679 3161 2846 3223 subit
2886 3161 3169 3223 officialis
3194 3208 3210 3238 ,
3259 3179 3406 3223 nam

1868 3256 2135 3316 reddere
2206 3256 2503 3334 pecunias
2573 3259 2866 3332 acceptas
2898 3301 2913 3332 ,
2996 3273 3124 3315 non
3205 3254 3409 3332 posita

1868 3348 2228 3408 conditione
2255 3394 2270 3424 ,
2344 3348 2426 3407 ad
2496 3365 2602 3407 eas
2670 3346 3007 3407 lucrandas
3030 3392 3046 3421 ,
3119 3364 3246 3406 non
3315 3349 3409 3406 est

1868 3458 2101 3500 novum
2157 3458 2314 3500 onus
2385 3439 2494 3499 sed
2550 3439 2753 3500 solum
2823 3439 2990 3499 subit
3058 3455 3213 3498 onus
3283 3437 3409 3498 sol-

1866 3533 2054 3595 vendi
2122 3533 2289 3594 ultra
2342 3532 2607 3610 capitale
2641 3578 2657 3608 ,
2723 3532 2776 3591 si
2854 3531 2959 3610 qui
3007 3530 3160 3591 illud
3210 3530 3401 3605 dedit,

1866 3626 2037 3685 vivat
2099 3625 2262 3685 ultra
2321 3629 2642 3685 semestre.
2714 3625 3020 3686 Caeterum
3091 3623 3168 3682 de
3237 3623 3402 3683 facto

1869 3713 2134 3777 societas
2204 3716 2308 3775 illa
2377 3717 2523 3776 ficta
2579 3733 2720 3776 cum
2791 3719 2963 3776 tanto
3018 3716 3191 3774 lucro
3251 3715 3405 3775 inita

1867 3811 2171 3886 praetextu
2203 3808 2390 3868 officii
2419 3826 2611 3886 supra
2636 3807 2774 3886 ejus
2814 3807 3122 3883 valorem,
3173 3805 3403 3866 admit-

1866 3900 2057 3961 tenda
2088 3918 2213 3960 non
2240 3900 2491 3959 videtur
2512 3945 2527 3975 ,
2584 3903 2843 3977 propter
2885 3898 3159 3959 rationes
3211 3915 3401 3976 supra

1869 3991 2173 4052 adductas
2193 4038 2209 4067 ‚
2261 3996 2324 4052 et
2391 3991 2611 4051 merito
2681 4008 2718 4050 a
2788 3992 2946 4050 Rota
3000 3989 3393 4069 reprobatur.

1868 4085 2047 4146 Circa
2076 4084 2196 4144 hoc
2222 4088 2434 4144 tamen

1945 4176 2228 4236 Dubitari
2260 4179 2465 4255 potest
2493 4178 2665 4236 sexto
2698 4175 2980 4253 anpossit
3010 4173 3229 4234 saltem
3261 4173 3401 4235 haec

1864 4269 2131 4329 societas
2161 4286 2350 4346 supra
2379 4268 2567 4329 officii
2595 4269 2876 4328 valorem
2903 4264 3037 4327 fieri
3063 4312 3079 4342 ,
3141 4265 3393 4344 quando

3549 4182 3627 4241 64

3505 4304 3624 4357 Quid,
3660 4306 3695 4347 ⁸³

1863 4379 1987 4422 non
2019 4361 2123 4422 fit
2108 4380 2173 4420 ιιι
2193 4360 2617 4436 commodum,
2649 4361 2746 4419 vel
2769 4358 3237 4421 incommodum
3269 4357 3401 4417 offi-
3451 4370 3522 4400 ⁸0
3526 4359 3564 4400 1⁰
3566 4364 3658 4400 ²³⁸⁸
3662 4358 3692 4399 12
3708 4359 3750 4400 in

1863 4454 2072 4530 cialiS‚
2107 4454 2218 4514 sed
2248 4453 2504 4514 alterius
2530 4453 2721 4516 tertii.
2774 4456 2890 4513 Pro
2921 4470 3044 4532 quo
3075 4451 3401 4512 sciendum

1864 4552 1978 4622 est,
2014 4547 2342 4607 occasione
2374 4549 2435 4606 et
2452 4550 2755 4625 praetextu
2778 4545 3004 4606 harum
3034 4543 3400 4604 societatum

1864 4639 1927 4699 in
1959 4638 2201 4714 officiiS,
2235 4637 2660 4699 introductum
2690 4656 2825 4697 esse
2851 4684 2867 4713 ‚
2929 4641 3001 4697 ut
3049 4635 3155 4695 alii
3184 4635 3396 4709 etiam,

1863 4731 1972 4810 qui
2000 4731 2206 4791 officia
2237 4749 2361 4790 non
2392 4729 2645 4805 habent,
2680 4732 2743 4790 et
2771 4728 3052 4806 pecuniis
3081 4726 3400 4806 proesenti-

1860 4822 1976 4882 bus
2005 4821 2308 4899 indigent,
2341 4820 2656 4898 accipiant
2684 4822 2990 4898 pecunias
3020 4818 3101 4879 ad
3135 4818 3403 4879 societa-

1860 4919 1989 4976 tem
2032 4914 2095 4973 in
2126 4913 2331 4973 officio
2373 4913 2575 4972 alieno
2628 4929 2643 4977 τ
2703 4912 2871 4991 quod
2920 4911 3165 4972 duobus
3194 4909 3399 4969 modis

1858 5006 1995 5067 fieri
2024 5006 2201 5066 solet.
2264 5005 2471 5065 Primo
2496 5051 2511 5081 ‚
2566 5006 2787 5064 Petrus
2816 5003 3105 5081 indigens
3133 5001 3406 5079 pecunia

1858 5099 2016 5177 petit
2045 5116 2079 5157 a
2108 5100 2142 5160 J
2150 5116 2354 5158 oanne
2385 5096 2659 5158 habente
2692 5095 2993 5171 officium,
3041 5098 3108 5154 ut
3134 5093 3404 5172 accipiat

1854 5210 1891 5252 a
1922 5192 2110 5252 Paulo
2142 5193 2282 5251 200.
2336 5189 2416 5249 ad
2465 5189 2831 5250 societatem
2860 5188 2953 5248 sui
2986 5186 3175 5248 officii
3199 5232 3215 5261 ,
3270 5185 3394 5246 sol-

1854 5284 2058 5344 vendo
2091 5284 2149 5343 ei
2187 5286 2283 5344 12.
2336 5300 2448 5361 pro
2495 5286 2631 5344 100.
2667 5282 2727 5340 in
2759 5298 2924 5342 anno
2951 5326 2967 5356 ,
3018 5278 3099 5339 ad
3130 5296 3396 5356 quorum

1854 5375 2251 5451 solutionem,
2287 5379 2350 5435 et
2375 5375 2456 5435 ad
2477 5374 2743 5452 capitale
2773 5392 2943 5448 casu,
2979 5389 3102 5451 quo
3135 5370 3400 5430 redden-

1856 5468 2004 5530 dum
2036 5468 2152 5547 sit,
2203 5467 2442 5546 obligat
2480 5486 2545 5527 se
2575 5466 2744 5526 idem
2776 5467 3000 5527 Petrus
3024 5510 3040 5542 ‚
3100 5467 3163 5524 et
3199 5462 3406 5525 reddit

3469 4412 3686 4475 wmmodu
3690 4424 3732 4453 ιιι

3493 4465 3603 4507 tertii
3609 4478 3709 4517 ,ιιιιι

3492 4517 3595 4559 solvi
3560 4524 3709 4571 vitpro

3514 4571 3698 4614 officiali.
