4263 6376
633 4927 706 4986 13

572 5051 794 5094 Solvuntur

852 288 972 349 392
1975 285 2079 344 DE
2120 284 2478 346 JUSTITIA
2521 284 2623 345 ΕΤ
2664 284 2865 347 JURE

852 459 1004 535 aior,
1038 477 1177 538 quae
1208 459 1399 520 habet
1425 459 1701 518 valorem
1740 458 2006 536 legalem
2053 458 2381 535 majorem.

858 553 925 615 Si
954 571 1102 613 vero
1132 571 1350 611 sensus
1379 552 1459 612 sit
1487 551 1656 630 quod
1684 569 1757 611 eo
1789 551 1922 629 ipso
1955 550 2124 630 quod
2168 569 2389 610 mone-

860 650 938 708 tae
967 645 1292 724 impuriori
1319 644 1660 722 imponitur
1709 643 1810 703 ille
1840 644 2049 719 valor,
2100 648 2392 704 censetur

860 742 1312 817 consequenter
1341 738 1559 815 augeri
1588 737 1778 797 etiam
1806 737 1983 797 valor
2010 736 2230 814 legalis
2260 754 2391 796 mo-

860 836 1020 892 netae
1047 830 1352 909 purioris;
1387 830 1505 890 hoc
1537 829 1725 891 etiam
1773 830 2024 889 difficile
2069 834 2164 890 est
2199 850 2211 890 z
2246 828 2393 907 quia

860 924 1097 1002 absque
1126 942 1288 983 nova
1318 923 1456 1000 lege
1488 928 1595 982 aut
1622 923 2044 982 declaratione
2068 920 2390 998 principis,

861 1035 986 1076 non
1035 1018 1327 1093 poterunt
1373 1015 1713 1075 creditores
1760 1014 2048 1093 compelli
2095 1014 2174 1072 ad
2223 1031 2395 1072 acce-

859 1107 1117 1170 tandam
1137 1108 1411 1186 priorem
1438 1111 1757 1167 monetam
1788 1106 2102 1184 puriorem
2133 1124 2244 1184 pro
2266 1124 2397 1165 ma-

855 1200 978 1280 jori
1008 1200 1254 1275 valore,
1290 1218 1479 1278 quam
1527 1200 1699 1278 prius
1739 1199 2002 1259 haberet
2034 1219 2046 1258 :
2083 1215 2230 1275 erge
2273 1215 2396 1257 non

864 1298 958 1354 est
986 1296 1205 1353 auctus
1235 1293 1410 1353 valor
1438 1292 1655 1369 legalis
1685 1291 1848 1351 illius
1877 1310 1990 1369 per
2020 1291 2139 1352 hoc
2168 1291 2392 1364 solum,

865 1385 1034 1464 quod
1061 1388 1315 1445 moneta
1342 1385 1651 1462 impurior
1698 1402 1847 1444 cusa
1888 1383 2073 1443 fuerit
2113 1401 2259 1443 cum
2289 1400 2394 1443 eo-

866 1478 1010 1538 dem
1041 1479 1274 1537 valore.

946 1570 1141 1631 Aliter
1168 1574 1379 1631 tamen
1407 1568 1668 1648 intelligi
1716 1571 1921 1646 potest
1964 1567 2248 1629 doctrina
2295 1567 2399 1627 illa

866 1664 930 1723 in
958 1681 1107 1723 vero
1136 1681 1346 1737 sensu,
1381 1681 1504 1722 non
1536 1661 1705 1741 quod
1732 1661 1903 1740 prior
1917 1664 2169 1720 moneta
2186 1660 2401 1740 purior

867 1755 1121 1816 desierit
1148 1773 1282 1815 esse
1311 1759 1585 1829 moneta,
1620 1758 1682 1814 et
1708 1754 1975 1814 retinere
2005 1753 2283 1815 valorem
2311 1753 2400 1813 le-

865 1848 1072 1927 galem
1120 1865 1307 1927 quem
1352 1847 1523 1925 prius
1578 1846 1853 1907 habebat
1892 1867 1905 1907 ε
1950 1865 2153 1925 neque
2212 1847 2399 1907 etiam

868 1941 1034 2021 quod
1065 1940 1332 2000 creverit
1362 1940 1537 1999 valor
1567 1938 1699 2017 ejus
1729 1938 1981 2017 legaliS‚
2040 1939 2123 1999 ita
2170 1942 2236 1999 ut
2262 1956 2401 2001 cre-

869 2034 1102 2094 ditores
1149 2033 1386 2110 possint
1431 2032 1573 2111 cogi
1619 2032 1702 2092 ad
1750 2050 1890 2091 eam
1944 2032 2400 2110 acceptandam

868 2145 981 2206 pro
1010 2125 1236 2204 majori
1261 2125 1472 2186 valore
1498 2145 1512 2197 ;
1565 2130 1857 2186 neutrum
1886 2126 2051 2185 enim
2081 2143 2226 2185 cum
2255 2124 2398 2184 fun·

870 2220 1165 2280 damento
1194 2218 1391 2279 asseri
1419 2222 1624 2297 potest
1656 2239 1669 2278 :
1703 2218 1813 2278 sed
1843 2218 2044 2278 solum
2064 2264 2079 2293 ‚
2128 2218 2296 2296 quod
2327 2235 2400 2279 eo

869 2312 1004 2391 ipso
1035 2314 1366 2372 censeatur
1395 2329 1638 2371 cessare
1672 2311 1991 2389 obligatiO,
2025 2311 2073 2370 si
2096 2329 2238 2390 quae
2269 2315 2406 2372 erat

871 2425 944 2466 ex
974 2405 1111 2482 lege
1140 2422 1263 2464 non
1294 2404 1687 2481 expendendi
1715 2405 1885 2464 illam
1918 2422 2025 2482 pro
2048 2404 2269 2483 majori
2294 2422 2403 2464 va-

869 2498 1023 2559 lore.
1058 2499 1216 2557 Nam
1242 2496 1389 2557 licet
1418 2499 1602 2557 antea
1629 2496 1728 2556 lex
1757 2496 1836 2556 ad
1861 2497 1924 2556 id
1953 2497 2265 2575 obligaret
2289 2515 2400 2558 :eo

870 2595 1081 2652 tamen
1112 2589 1247 2667 ipso
1279 2589 1447 2667 quod
1477 2589 1743 2650 cudatur
1779 2594 2032 2651 moneta
2072 2589 2398 2669 impurior,

870 2683 970 2744 vel
998 2683 1204 2743 minor
1234 2699 1378 2743 cum
1406 2682 1509 2742 illo
1534 2682 1766 2756 valore,
1793 2686 2083 2743 censetur
2112 2683 2404 2761 princeps

873 2776 1317 2855 obligationem
1345 2775 1620 2854 priorem
1665 2776 1982 2836 remittere
2008 2821 2023 2851 ,
2068 2780 2134 2836 et
2178 2793 2409 2836 conce-

872 2870 1021 2931 dere
1050 2869 1409 2930 facultatem
1428 2914 1444 2945 ,
1492 2872 1558 2929 ut
1584 2886 1775 2945 supra
1803 2867 2082 2928 valorem
2130 2867 2404 2946 legalem

872 2962 1069 3043 possit
1096 2961 1357 3040 quilibet
1393 2960 1677 3037 accipere
1724 2960 1960 3038 aliquid
2000 2978 2115 3038 pro
2159 2960 2405 3021 ratione

876 3072 1164 3115 excessus
1193 3053 1481 3132 puritatis
1505 3098 1519 3127 ,
1568 3058 1631 3114 et
1659 3053 2119 3114 commoditatis
2149 3052 2407 3132 majoris

876 3164 1065 3226 quam
1097 3146 1267 3224 prior
1312 3150 1567 3208 moneta
1613 3144 1839 3221 habet,
1891 3145 2038 3206 licet
2068 3165 2194 3208 non
2223 3147 2409 3224 cogat

875 3239 1253 3316 accipientes
1284 3239 1362 3297 ad
1394 3238 1671 3298 dandum
1723 3238 1784 3298 id
1814 3239 1953 3317 plus
1983 3286 1999 3315 ,
2049 3241 2154 3300 sed
2205 3244 2403 3300 totum

876 3331 995 3391 hoc
1049 3329 1361 3410 relinquat
1408 3330 1678 3391 libertati
1726 3331 2267 3408 contrahentium,
2302 3332 2410 3411 qui

876 3430 1085 3486 tamen
1117 3441 1366 3486 servare
1395 3423 1630 3485 dehent
1667 3423 1976 3503 justitiam
2025 3425 2205 3502 pretii
2235 3429 2410 3486 natu-

876 3518 1045 3578 ralis.
1082 3517 1320 3577 Dicitur
1361 3535 1508 3594 ergo
1551 3520 1701 3578 tunc
1748 3517 1954 3577 redire
2000 3517 2082 3577 ad
2129 3518 2407 3579 valorem

877 3609 1248 3684 naturalem,
1283 3627 1404 3669 non
1438 3608 1693 3687 quidem
1731 3609 1817 3670 ita
1859 3612 1928 3669 ut
1974 3629 2098 3671 non
2143 3611 2411 3672 retineat

876 3704 1066 3765 etiam
1094 3702 1360 3780 legalem
1389 3706 1718 3778 cogentem
1767 3702 1845 3760 ad
1890 3721 2034 3761 eum
2075 3708 2410 3781 acceptan-

876 3798 1067 3869 dum;
1100 3795 1210 3855 secl
1241 3795 1411 3873 quod
1447 3794 1716 3854 liberum
1770 3794 1850 3855 sit
1894 3796 2409 3857 contrahentibus

876 3890 1050 3950 illum
1079 3905 1333 3966 augere.
1363 3890 1577 3967 Neque
1609 3888 1800 3948 etiam
1842 3888 2070 3948 dicitur
2100 3890 2273 3950 valor
2302 3908 2409 3949 na-

876 3981 1122 4058 turuliS,
1158 4000 1230 4041 eo
1262 3980 1432 4060 quod
1464 3981 1666 4041 solum
1697 3981 2062 4042 desumatur
2090 4001 2165 4042 ex
2208 3983 2407 4061 pretio

876 4074 1112 4135 metalli
1138 4073 1479 4134 secundam
1500 4092 1566 4133 se
1588 4073 1983 4149 considerati,
2017 4079 2223 4151 patest
2241 4075 2409 4135 enim

877 4167 1122 4228 desumi
1152 4168 1339 4227 etiam
1368 4186 1442 4226 ex
1488 4167 1951 4245 pulchritudine
1972 4214 1987 4243 ,
2040 4187 2114 4228 ex
2144 4167 2408 4229 faciliori

878 4260 1427 4339 expendibilitate,
1481 4264 1643 4320 etex
1675 4260 1810 4322 aliis
1858 4261 2409 4323 commoditatibus

880 4371 1035 4434 quas
1064 4352 1255 4414 habet
1281 4351 1343 4412 in
1376 4353 1616 4414 ratione
1659 4359 1928 4415 monetae
1958 4374 1972 4426 ;
2024 4355 2136 4414 sed
2182 4355 2411 4416 dicitur

877 4447 1054 4507 valor
1083 4445 1404 4520 naturalis,
1440 4463 1513 4506 eo
1544 4446 1710 4524 quod
1742 4464 1868 4506 non
1897 4446 1977 4508 sit
1999 4447 2137 4526 lege
2160 4447 2408 4526 imposi-

878 4545 978 4602 tus
1007 4558 1045 4600 a
1071 4538 1350 4617 principe
1380 4557 1523 4599 cum
1554 4539 1968 4618 obligatione,
2019 4542 2129 4601 sed
2172 4541 2412 4603 oriatur

879 4652 953 4694 ex
983 4631 1251 4692 naturali
1295 4631 1749 4709 aestimatione,
1801 4651 1992 4712 quam
2039 4634 2231 4695 habet
2280 4635 2409 4695 sive

877 4729 1135 4806 propter
1164 4725 1482 4786 metallum
1508 4771 1523 4801 ,
1556 4725 1686 4785 sive
1716 4725 1905 4788 etiam
1935 4732 2190 4806 propter
2218 4728 2410 4789 ratio·

879 4838 1023 4879 nem
1051 4821 1321 4879 monetae
1350 4818 1645 4879 melioriS.

958 4916 1192 4988 Restat,
1226 4916 1295 4972 ut
1323 4911 1403 4972 ad
1431 4917 1805 4989 argumenta
1833 4914 1867 4975 J
1875 4931 2016 4973 oan.
2048 4913 2318 4975 Medinae
2349 4917 2412 4975 et

879 5006 1179 5069 Valentiae
1210 5024 1401 5085 supra
1431 5005 1704 5066 adducta
1722 5006 1997 5067 breviter
2025 5007 2410 5085 respondea-

548 5105 810 5202 fggffffigffa
878 5119 1040 5176 muS,
1073 5100 1298 5179 quibus
1326 5098 1595 5178 probare
1626 5099 1939 5173 volebant,
1972 5118 2094 5160 non
2116 5118 2299 5178 posse
2331 5100 2412 5160 ti-

873 5193 1001 5255 tulo
1032 5193 1289 5270 majoris
1319 5191 1802 5269 commoditatiS,
1837 5197 1954 5254 etc.
1990 5193 2187 5270 accipi
2219 5211 2410 5271 supra

873 5287 1138 5364 legalem
1168 5291 1435 5348 monetae
1463 5286 1763 5346 valorem.
1801 5284 2074 5347 Primum
2105 5289 2169 5347 et
2192 5286 2412 5365 praeci-

875 5400 1067 5460 puum
1100 5386 1254 5455 erat,
1290 5380 1433 5459 quia
1459 5379 1750 5459 princeps
1780 5380 1842 5439 in
1892 5380 2164 5441 taxando
2194 5380 2406 5441 valore

872 5475 1055 5554 legali
1089 5474 1353 5537 attendit
1380 5474 1458 5533 ad
1508 5492 1613 5533 eas
1642 5492 1857 5533 omncs
1899 5474 2400 5550 commoditateS,

2489 463 2552 519 et
2579 478 2727 520 usus
2753 459 3012 539 majoris
3043 464 3331 536 monetae,
3366 460 3649 540 alioquin
3665 463 3885 525 taxatio
3901 481 3991 524 va·

2488 550 2637 610 loris
2667 569 2792 611 non
2819 552 3039 614 fuisset
3057 552 3247 632 justa.

2571 642 2667 703 Ad
2694 643 2815 704 hoc
2845 650 3311 723 argumentum,
3345 646 3594 706 omissis
3621 647 3994 709 aliissolutie·

2493 735 2695 812 nibus,
2729 725 2891 816 resp.
2926 757 3002 798 ex
3031 739 3212 798 dictis
3237 784 3252 814 ,
3299 738 3650 818 principem
3694 740 3998 818 dupliciter

2493 846 2675 906 posse
2706 831 2981 891 valorem
3028 832 3310 910 pecuniae
3353 837 3590 892 taxare.
3624 832 3827 892 Primo
3866 833 3997 892 obli·

2494 921 2700 999 gando
2729 922 2932 983 solum
2978 924 3318 985 creditores
3345 924 3426 983 ad
3456 924 3878 1003 accipiendam
3905 945 3996 1003 pe-

2495 1014 2744 1074 cuniam
2770 1033 2882 1093 pro
2920 1016 3023 1075 illo
3055 1017 3267 1076 valore
3306 1036 3319 1076 ε
3351 1035 3465 1095 per
3493 1018 3612 1078 hoc
3646 1022 3852 1077 autem
3879 1037 4002 1096 pro-

2498 1106 2671 1166 hibet
2698 1108 2868 1186 quod
2896 1109 3139 1169 ratione
3168 1108 3427 1187 majoris
3473 1110 3638 1170 illius
3684 1110 4002 1171 commodi-

2495 1200 2639 1261 tatis
2668 1200 2863 1279 possit
2890 1200 3046 1261 dans
3097 1203 3425 1281 pecuniam
3476 1203 3617 1282 plus
3645 1204 3892 1281 exigere
3911 1248 3926 1276 ,
3954 1212 4005 1263 et

2497 1291 2774 1370 alioquin
2805 1293 2965 1354 nolle
2993 1294 3102 1355 tali
3131 1295 3397 1371 pecunia
3424 1296 3698 1370 solvere,
3739 1296 3849 1355 sed
3877 1296 4001 1371 alia,

2498 1384 2751 1462 quando
2782 1386 3094 1464 obligatus
3115 1406 3239 1448 non
3283 1393 3419 1448 erat
3458 1388 3540 1449 ad
3570 1388 3930 1448 solvendum
3953 1389 4005 1448 iu

2498 1469 2607 1537 tali
2634 1478 2842 1554 specie
2872 1479 3179 1556 pecuniae.
3213 1482 3360 1540 Haec
3382 1485 3595 1542 autem
3610 1482 3841 1542 taxatio
3860 1481 4006 1560 juste

2498 1573 2560 1629 et
2585 1569 2928 1647 prudenter
2952 1570 3043 1647 fit,
3076 1589 3200 1631 non
3231 1571 3444 1633 habita
3463 1572 3706 1633 ratione
3727 1573 3886 1634 illius
3898 1591 4006 1632 ma-

2490 1661 2648 1740 joris
2699 1664 3197 1740 commoditatiS,
3258 1684 3401 1725 cum
3456 1666 3626 1726 enim
3681 1666 3784 1725 illa
3832 1667 4007 1745 major

2498 1755 2911 1817 commoditas
2942 1775 3066 1818 non
3095 1758 3175 1818 sit
3222 1758 3515 1818 omnibus
3545 1760 3893 1819 communis
3913 1807 3927 1829 ,
3955 1778 4003 1819 v.

2497 1866 2558 1926 g.
2593 1848 2645 1907 si
2674 1848 2946 1910 creditor
2973 1849 3129 1910 nolit
3156 1869 3296 1911 eam
3327 1851 3665 1928 pecuniam
3697 1852 3814 1911 alio
3839 1857 4008 1911 trans·

2497 1940 2680 2014 ferre,
2713 1940 2825 2001 sed
2852 1941 2915 2000 in
2946 1941 3170 2003 eodem
3197 1943 3333 2004 loco
3366 1944 3748 2022 expendere,
3780 1963 3896 2003 non
3921 1962 4009 2003 ex-

2500 2033 2673 2112 pedit
2700 2052 2843 2094 eum
2875 2034 3154 2113 obligare
3175 2082 3190 2111 ,
3237 2042 3307 2097 ut
3335 2037 3534 2114 pluris
3563 2041 3738 2097 emat
3762 2055 4009 2097 commo-

2499 2127 2758 2187 ditatem
2802 2127 2970 2188 illam
2996 2175 3011 2203 ,
3059 2146 3199 2207 quae
3243 2129 3361 2189 sibi
3407 2129 3646 2190 inutilis
3675 2134 3802 2203 est,
3833 2130 3933 2189 sed
3959 2131 4009 2188 in

2500 2218 2808 2298 ejusmodi
2837 2221 3154 2281 taxatione
3182 2222 3382 2282 solum
3408 2221 3759 2284 attenditur
3774 2221 3849 2283 ad
3870 2240 4009 2282 com·

2497 2312 2685 2372 moda
2713 2313 3016 2391 pecuniae,
3055 2333 3195 2393 quae
3227 2314 3449 2374 eodem
3492 2314 3635 2375 loco
3682 2315 4011 2375 communia

2499 2410 2663 2466 sunt.
2699 2404 2763 2466 Si
2812 2423 2961 2484 ergo
3004 2408 3113 2468 fiat
3157 2412 3412 2467 moneta
3450 2412 3759 2484 argentea
3803 2407 4011 2466 habeus

2501 2497 2746 2576 pondus
2776 2497 2994 2558 decem
3021 2498 3354 2575 Juliorum,
3393 2517 3518 2560 non
3548 2498 3745 2560 debet
3769 2498 3898 2577 ejus
3923 2517 4010 2557 va·

2499 2592 2596 2652 lor
2622 2590 2826 2669 major
2853 2592 3087 2668 taxari,
3122 2611 3314 2671 quam
3344 2591 3523 2651 valor
3568 2592 3790 2652 decem
3813 2593 3846 2653 J
3853 2592 4008 2651 ulior.

2499 2682 2907 2759 minutorum,
2941 2701 3013 2744 eo
3046 2684 3212 2763 quod
3245 2684 3481 2763 absque
3513 2684 3822 2744 divisione
3849 2685 4014 2745 habe·

2502 2781 2643 2838 atur
2688 2776 2748 2836 in
2800 2795 2926 2837 una
2974 2781 3226 2838 moneta
3286 2780 3456 2837 totus
3503 2777 3611 2836 ille
3642 2777 3839 2851 valor,
3870 2776 4015 2856 quod

2503 2869 2904 2932 commodum
2934 2870 3195 2931 fortasse
3225 2869 3347 2930 erit
3384 2870 3762 2949 accipienti,
3795 2870 3898 2930 sed
3923 2869 4015 2928 de-

2503 2963 2612 3023 bet
2641 2963 2815 3022 valor
2856 2962 3057 3023 taxari
3096 2962 3354 3040 aequalis
3396 2962 3580 3040 juxta
3623 2963 4014 3041 aequalitatem

2504 3055 2799 3135 ponderis
2842 3059 2905 3115 et
2944 3056 3206 3133 argenti.
3262 3054 3553 3115 Secundo
3585 3060 3800 3116 autem
3841 3062 4017 3134 potest

2504 3149 2794 3228 princeps
2820 3153 3034 3210 taxare
3064 3147 3339 3209 valorem
3368 3152 3644 3209 monetae
3677 3147 4011 3228 obligando.

2505 3246 2573 3303 ut
2599 3241 2788 3303 etiam
2817 3242 2978 3302 inter
3004 3242 3282 3302 volentes
3312 3245 3374 3302 et
3401 3242 3869 3303 consentientes
3913 3259 4015 3300 non

2506 3334 2888 3414 expendatur
2909 3379 2924 3409 ,
2959 3334 3058 3393 vel
3087 3332 3268 3394 detur
3293 3352 3406 3412 pro
3446 3334 3674 3413 majori
3705 3334 3913 3394 valore
3938 3334 4014 3391 in-

2503 3428 2662 3490 tuitu
2718 3426 2974 3505 majoris
3027 3426 3491 3487 commoditatis
3545 3445 3741 3506 quam
3812 3426 4016 3485 habere

2506 3520 2721 3599 possit,
2755 3523 2817 3579 et
2845 3517 2964 3579 hoc
2993 3518 3247 3598 quidem
3294 3537 3418 3579 non
3462 3518 3736 3580 intendit
3765 3536 4020 3579 commu·

2507 3612 2671 3672 niter
2696 3612 3005 3691 princepe,
3032 3629 3147 3671 nec
3164 3610 3489 3672 intendere
3507 3612 3910 3689 praesumitut
3923 3608 4018 3669 nisi

2508 3705 2818 3782 exprimat
2849 3725 2862 3765 :
2897 3707 2959 3764 et
3003 3707 3152 3764 tunc
3194 3703 3383 3766 debet
3422 3704 3812 3764 intervenire
3839 3701 4019 3781 gravis

2508 3816 2698 3859 causa
2725 3797 2870 3856 boni
2903 3795 3174 3875 publici,
3211 3802 3467 3876 propter
3496 3815 3685 3875 quam
3740 3798 3808 3856 id
3839 3795 4020 3875 prohi-

2507 3892 2748 3951 beatur.
2784 3893 2938 3951 Cum
2967 3890 3137 3950 enim
3164 3890 3368 3968 major
3396 3889 3500 3949 illa
3530 3889 3943 3950 commoditas
3958 3888 4022 3946 sit

2508 3984 2696 4045 etiam
2726 3984 2925 4063 pretio
2972 3982 3396 4058 aestimabilis,
3451 4000 3574 4043 non
3620 3986 3716 4042 est
3764 4001 3879 4042 cur
3920 3998 4019 4039 non

2508 4077 2702 4155 possit
2728 4095 2862 4137 esse
2890 4075 3222 4136 vendibilis
3246 4122 3260 4149 ,
3314 4074 3475 4135 sicut
3512 4093 3613 4135 res
3656 4075 3802 4135 aliae
3852 4072 4020 4153 pretio

2507 4169 2924 4244 aestimabileS,
2959 4173 3021 4229 et
3050 4168 3339 4248 quamvis
3370 4168 3431 4227 in
3463 4167 3786 4229 taxatione
3819 4166 4022 4227 valoris

2507 4280 2631 4322 non
2660 4261 2999 4322 attenderit
3028 4261 3320 4339 princeps
3350 4261 3432 4320 ad
3462 4278 3601 4320 eam
3630 4259 4024 4319 commodita-

2508 4361 2670 4430 tem,
2706 4359 2775 4415 ut
2804 4354 3081 4414 valorem
3125 4357 3388 4431 augeret
3442 4357 3505 4414 et
3555 4358 3818 4429 cogeret
3869 4368 4023 4412 acce·

2508 4453 2684 4526 ptare
2731 4449 3049 4508 monetam
3096 4463 3207 4524 pro
3263 4450 3391 4507 toto
3440 4444 3546 4505 illo
3594 4444 3814 4505 valore
3838 4492 3854 4520 ,
3902 4463 4024 4523 pro-

2507 4545 2647 4619 pter
2691 4539 2998 4601 rationem
3044 4558 3234 4618 supra
3276 4538 3573 4599 traditam
3620 4557 3634 4598 :
3680 4556 3816 4598 non
3865 4536 4024 4597 debet

2507 4640 2718 4695 tamen
2750 4632 3104 4711 prohiberi,
3155 4631 3322 4711 quod
3368 4641 3622 4710 quando
3668 4630 4024 4691 contrahen-

2506 4731 2602 4788 tes
2630 4726 2691 4786 id
2726 4725 2939 4787 volunt
2960 4772 2976 4800 ,
3009 4725 3248 4803 possint
3276 4723 3354 4784 de
3382 4723 3488 4783 illa
3530 4724 3718 4785 etiam
3769 4740 4025 4785 commo-

2510 4819 2702 4881 ditate
2733 4818 2965 4897 pacisci
2993 4821 3055 4878 et
3083 4836 3194 4895 pro
3226 4835 3299 4877 ea
3340 4816 3611 4894 pretium
3658 4820 3880 4894 petere
3899 4863 3916 4892 ,
3942 4813 4022 4875 vel

2511 4913 2782 4990 exigere.

2590 5006 2685 5066 Ad
2713 5003 3058 5065 secundum
3087 5002 3353 5064 Medinae
3385 5006 3839 5081 argumentum
3868 5001 4022 5087 tacile

2512 5098 2954 5177 respondetur,
3014 5097 3158 5157 licet
3206 5096 3470 5175 pecunia
3526 5096 3771 5155 minuta
3819 5095 4023 5156 babeat

2511 5193 2699 5253 etiam
2727 5210 2872 5252 suas
2901 5190 3379 5251 commoditates
3410 5189 3766 5265 peculiares
3792 5235 3809 5265 ,
3844 5195 3904 5248 et
3927 5203 4020 5265 pru

2511 5285 2630 5346 illis
2677 5285 2864 5346 etiam
2913 5282 3250 5362 aliquando
3308 5281 3579 5358 pretium
3627 5281 3796 5360 exigi
3854 5279 4020 5360 pessit

2510 5398 2698 5458 supra
2728 5377 2992 5453 legalem
3023 5375 3322 5450 valorem,
3357 5393 3493 5433 esse
3523 5380 3737 5434 tamen
3773 5376 4018 5434 minores

2509 5476 2570 5533 et
2596 5471 2863 5532 rariores
2893 5468 3369 5530 commoditates
3392 5466 3554 5542 illas,
3591 5471 3656 5528 et
3683 5467 3826 5527 ideo
3843 5465 4018 5526 rarius
