4263 6376
104 1167 185 1311 sss

1171 395 1640 458 DISPUTATIO
1685 395 1987 472 XXXVII,
2038 395 2313 458 SEGTIO
2358 396 2488 459 XV.

229 569 442 630 omnia
470 588 612 650 quas
641 569 722 631 ob
753 571 1203 648 detentionem,
1253 573 1353 633 vel
1383 572 1766 634 ablationem

227 662 399 722 illam
427 660 718 724 beneficii
773 663 1068 742 injustam
1108 683 1329 742 passus
1367 665 1574 730 fuerit.
1634 668 1769 726 Hoc

231 756 511 836 sequitur
542 776 614 816 ex
638 757 840 834 dictis,
875 762 938 819 et
965 762 1212 819 constat
1235 777 1308 818 ex
1337 760 1592 838 reguliS,
1628 778 1766 839 quae

231 849 648 910 communiter
691 850 920 912 dantur
964 851 1029 912 in
1075 851 1342 913 materia
1388 853 1465 913 de
1513 852 1768 915 restitu-

231 943 425 1005 tione.

311 1037 612 1108 Quartum
644 1036 905 1098 dubium
961 1038 1305 1119 principale
1354 1057 1489 1102 esse
1536 1043 1761 1120 potest,

231 1130 547 1209 quomodo
589 1134 855 1210 peccent
887 1130 1155 1210 judiceS,
1204 1133 1542 1209 auditores,
1585 1150 1767 1193 sena-

231 1229 416 1298 tores,
445 1223 550 1284 vel
581 1223 684 1283 alii
716 1223 970 1285 alterius
993 1225 1251 1302 ordiniS,
1286 1244 1324 1285 a
1351 1226 1577 1305 quibus
1604 1225 1765 1286 acci-

228 1316 397 1394 pitur
418 1315 850 1394 juramentum
896 1318 1191 1378 servandi
1237 1322 1476 1380 secreto
1517 1337 1593 1379 ea
1623 1335 1763 1398 quae

227 1409 289 1468 in
321 1408 614 1469 tribunali
638 1413 930 1488 aguntur,
965 1411 1064 1472 vel
1085 1410 1474 1476 tractantur?
1494 1413 1768 1488 Respon-

227 1501 411 1562 detur
437 1501 734 1579 breviter,
769 1522 844 1563 ea
864 1503 1230 1582 juramenta
1259 1523 1372 1582 per
1401 1523 1467 1564 se
1498 1504 1766 1582 loquen-

227 1596 309 1656 do
339 1594 642 1674 obligare,
688 1614 814 1656 non
841 1600 1052 1657 tamen
1082 1598 1199 1657 sub
1227 1596 1477 1657 mortali
1508 1596 1572 1657 in
1603 1614 1761 1676 qua-

227 1707 498 1769 cumque
526 1689 792 1751 materia
825 1709 839 1752 :
887 1690 998 1750 sed
1020 1690 1200 1770 juxta
1228 1689 1602 1768 gravitatem
1631 1708 1766 1751 ma-

225 1781 400 1844 16τί66
430 1798 569 1862 quae
598 1781 915 1862 detegitur
947 1803 960 1846 ε
1012 1783 1066 1843 si
1117 1782 1285 1844 enim
1331 1782 1438 1843 illa
1465 1782 1764 1845 revelatio

225 1876 303 1936 sit
344 1875 410 1935 in
461 1894 531 1936 re
572 1876 718 1953 tali,
791 1894 984 1957 quam
1038 1877 1154 1938 sub
1208 1880 1451 1938 secreto
1500 1894 1764 1938 manere

223 1969 504 2048 graviter
568 1969 851 2047 intersit,
941 1970 1059 2032 erit
1127 1974 1458 2050 peccatum
1542 1990 1760 2049 grave3

229 2063 471 2123 veniale
501 2067 712 2124 autem
760 2063 809 2123 si
839 2062 919 2124 sit
948 2062 1025 2124 de
1053 2063 1319 2126 materia
1365 2064 1511 2141 levi,
1568 2081 1761 2144 quam

227 2175 350 2217 non
381 2156 649 2216 multum
696 2155 958 2218 interest
993 2174 1249 2217 manere
1287 2156 1620 2218 occultam.
1672 2159 1765 2218 Ita

228 2249 460 2311 Saneh.
491 2249 600 2310 lib.
634 2250 735 2310 llI.
771 2248 831 2308 in
861 2248 1137 2330 Decaloq.
1172 2268 1311 2328 cap.
1350 2266 1481 2311 xlv.
1516 2269 1579 2311 n.
1608 2253 1666 2311 5.
1704 2253 1766 2311 et

228 2343 356 2403 alii.
392 2342 719 2414 Quomodo
747 2360 896 2403 vero
930 2343 1287 2422 obligentur
1316 2343 1506 2404 iidem
1519 2342 1764 2422 judices

220 2437 583 2514 juramento
635 2435 924 2494 servandi
955 2439 1190 2496 statuta
1220 2440 1282 2497 et
1311 2436 1758 2512 ordinationeS‚

227 2533 456 2592 tractat
482 2528 607 2589 late
635 2527 805 2589 idern
835 2529 1065 2590 Sanch.
1115 2529 1177 2589 d.
1213 2547 1353 2606 cap.
1388 2545 1518 2592 xlv.
1555 2528 1662 2609 qui
1687 2529 1765 2589 de

227 2622 347 2686 hoc
376 2626 611 2700 puncto
640 2622 836 2682 videri
868 2627 1095 2701 potest.

310 2716 538 2789 Quinto
591 2715 861 2776 dubitari
913 2719 1138 2793 potest,
1197 2734 1278 2777 an
1335 2715 1531 2795 possit
1569 2715 1765 2795 judex

228 2825 420 2887 poena
447 2807 765 2869 ordinaria
812 2809 1035 2887 punire
1082 2809 1390 2870 minorem
1417 2809 1518 2870 vel
1554 2810 1764 2889 impu-

127 2913 180 2942 0·
227 2901 447 2962 berem
492 2901 570 2962 de
618 2901 845 2963 delicto
877 2902 1277 2964 convictum?
1333 2902 1766 2980 Respondetur

227 2994 455 3073 primo,
487 2995 536 3056 si
565 2995 866 3057 delictum
895 2996 1304 3056 commissum
1337 3000 1430 3057 est
1456 2997 1517 3055 in
1549 2995 1753 3056 infan-

227 3088 335 3165 tia,
371 3089 492 3151 hoc
521 3092 616 3151 est
662 3093 809 3151 ante
856 3089 1194 3168 septimum
1223 3107 1459 3150 annum
1487 3090 1764 3168 comple-

225 3186 382 3260 tum,
432 3181 604 3243 nulla
630 3202 821 3262 poena
848 3182 1079 3262 puniri,
1142 3202 1216 3242 ex
1258 3182 1382 3262 leg.
1431 3182 1660 3264 Infans,
1693 3185 1757 3246 ff.

222 3274 304 3335 ad
329 3276 443 3356 leq.
481 3274 800 3337 Cornel.de
827 3276 1002 3338 sicar.
1039 3281 1102 3338 et
1129 3295 1203 3336 ex
1236 3277 1539 3339 Clement.
1576 3276 1652 3337 Si
1666 3277 1761 3357 fu-

221 3369 433 3441 riosus,
464 3368 535 3429 cle
560 3368 829 3430 homicid.
865 3369 1159 3449 idemque
1209 3369 1427 3431 dicunt
1476 3387 1762 3430 commu-

225 3462 390 3523 niter
417 3464 541 3522 DD.
576 3462 858 3540 proximo
889 3463 1189 3538 infantiae,
1224 3461 1346 3523 hoc
1376 3466 1490 3538 est,
1528 3462 1590 3521 in
1622 3481 1760 3522 ma-

223 3555 417 3615 sculis
462 3559 605 3616 ante
653 3555 970 3617 decimum
1026 3573 1262 3619 annum
1292 3574 1436 3616 cum
1469 3555 1754 3632 dimidio,

225 3647 288 3706 in
349 3648 599 3707 feminis
665 3652 808 3709 ante
883 3666 1119 3709 nonum
1175 3667 1319 3709 cum
1373 3648 1633 3709 dimidio
1701 3652 1764 3708 et

224 3740 543 3816 colligitur
588 3760 663 3800 ex
706 3742 762 3821 ἓ.
795 3740 1069 3822 Pupillus
1095 3788 1111 3818 ,
1155 3742 1424 3803 Institut.
1468 3740 1539 3802 de
1568 3741 1755 3802 inutil.

217 3833 423 3914 stipat.
459 3839 521 3894 et
550 3852 624 3893 ex
650 3835 704 3913 ἓ.
740 3835 953 3912 penul.
987 3834 1185 3895 Instit.
1221 3833 1290 3894 cle
1317 3834 1492 3913 obliq.
1528 3854 1660 3911 quw
1688 3854 1763 3895 ez·

223 3926 457 4003 delicto,
492 3931 554 3988 et
579 3928 620 3988 1.
651 3926 966 4008 pupillum,
1005 3930 1068 3988 ss'.
1102 3926 1174 3988 de
1198 3928 1388 4008 requl.
1403 3929 1534 4008 jur.
1568 3929 1762 3990 Addit

221 4026 441 4081 tamen
473 4020 703 4081 Melina
733 4027 885 4081 tom.
921 4023 1023 4082 lv.
1079 4024 1161 4082 tr.
1194 4038 1289 4081 111.
1345 4022 1506 4100 disp.
1543 4039 1754 4083 xxxw.

223 4117 287 4175 et
312 4117 470 4175 tom.
505 4129 599 4174 111.
637 4113 868 4192 disput.
902 4117 1037 4174 697.
1086 4113 1207 4174 hoc
1248 4133 1371 4174 non
1405 4115 1666 4191 intelligi
1697 4116 1755 4175 iu

221 4210 364 4267 toro
396 4205 817 4282 conscientiae,
852 4206 913 4266 in
946 4224 1068 4284 quo
1095 4206 1145 4266 si
1177 4208 1526 4268 intercessit
1545 4227 1760 4286 pecca-

222 4304 363 4362 tum
391 4301 655 4362 mortale
686 4303 904 4361 contra
919 4298 1253 4378 justitiam,
1281 4318 1403 4361 non
1433 4301 1641 4361 minus
1668 4305 1762 4362 te-

223 4392 480 4454 nebitur
500 4393 578 4452 ad
596 4392 1053 4453 restitutionem
1073 4392 1136 4452 in
1159 4412 1555 4475 quacumque
1581 4399 1760 4456 oetate

222 4484 586 4566 peccaverit
610 4502 752 4545 cum
783 4485 1059 4564 perfecto
1089 4486 1349 4549 rationis
1378 4505 1516 4547 usu.

306 4579 376 4641 Si
408 4595 557 4639 vero
586 4578 667 4640 sit
713 4579 1026 4657 pubertati
1073 4578 1432 4658 proximus,
1481 4580 1602 4642 hoc
1644 4586 1757 4659 est,

223 4671 548 4733 masculus
576 4672 837 4733 excedat
882 4672 1196 4733 decimum
1238 4690 1472 4735 annum
1503 4691 1645 4734 eum
1677 4676 1766 4735 di-

221 4766 447 4843 midio,
481 4771 543 4827 et
578 4766 811 4826 femina
856 4783 1092 4827 nonum
1136 4782 1281 4826 cum
1320 4766 1613 4844 dimidio,
1647 4786 1764 4847 pu-

221 4860 490 4922 niuntur
515 4876 638 4921 non
666 4877 857 4939 poena
884 4859 1222 4935 ordinaria,
1267 4860 1378 4920 sed
1408 4861 1758 4940 arbitraria,

223 4973 302 5014 ex
318 4954 384 5014 d.
404 4953 447 5014 l.
467 4952 782 5035 Papinum,
804 4956 866 5015 et
886 4952 1014 5013 exl.
1042 4952 1427 5033 Impuberem,
1451 4956 1514 5015 ff.
1541 4954 1611 5014 de
1635 4956 1763 5036 sur-

224 5048 322 5124 tis,
361 5049 425 5108 et
452 5065 526 5107 ex
556 5047 634 5105 de
663 5048 719 5125 g.
752 5046 993 5125 penult.
1028 5046 1225 5107 Instit.
1261 5045 1332 5105 de
1362 5046 1599 5125 obliqat.
1635 5068 1767 5129 qma

223 5159 301 5201 az·
328 5138 557 5201 delicta.
594 5142 686 5200 An
728 5157 879 5200 vero
926 5140 1124 5218 possit
1164 5139 1466 5200 beneficio
1515 5142 1767 5202 restitu—

226 5233 418 5295 tionis
443 5233 505 5292 in
532 5232 847 5309 integrum
887 5232 1133 5311 juvari,
1182 5236 1244 5292 et
1271 5233 1512 5293 restitui
1543 5235 1766 5295 adver-

226 5344 337 5388 sus
367 5326 823 5387 confessionem
853 5343 889 5387 a
920 5343 985 5385 se
1015 5326 1244 5386 factam
1280 5346 1293 5386 :
1325 5326 1515 5405 aliqui
1539 5326 1598 5385 id
1619 5345 1768 5387 con-

227 5419 485 5495 cedunt,
519 5419 770 5498 quando
801 5418 1100 5481 delictum
1147 5419 1398 5479 aliunde
1442 5437 1563 5479 non
1597 5420 1769 5480 suffi-

227 5514 471 5574 cienter
523 5512 847 5591 probatur.
894 5512 1072 5575 Alex.
1110 5511 1332 5574 Alciat.
1375 5512 1569 5574 etalii
1599 5513 1768 5591 apud

229 5606 573 5683 Fagundez
617 5610 931 5685 praecepto
963 5608 1121 5671 VIII.
1173 5622 1311 5686 cap.
1360 5622 1413 5667 ι..
1469 5624 1619 5667 num
1668 5608 1763 5667 17.

3286 391 3403 452 743

1865 573 2001 652 ipse
2029 577 2245 636 tamen
2276 578 2337 636 et
2365 573 2599 637 Molina
2628 573 2689 633 d.
2726 573 2887 652 disp.
2921 590 3063 631 xxx.
3098 590 3163 631 11.
3196 574 3256 632 4.
3277 587 3403 629 me-

1865 667 2063 728 liusid
2094 669 2296 728 solum
2328 667 2688 742 admittunt,
2724 665 2977 744 quando
2999 682 3123 724 non
3145 663 3407 726 teneba-

1869 763 1968 821 tur
1999 760 2306 837 confiteri,
2343 760 2491 840 quia
2521 777 2647 820 non
2685 758 3086 837 praecedebat
3114 757 3406 836 semiple-

1866 873 1949 915 na
1978 853 2267 935 probatio
2319 857 2536 914 eontra
2582 852 2826 930 ipsum3
2876 855 3026 912 tunc
3072 850 3242 911 enim
3286 847 3402 910 sibi

1866 966 1982 1009 sua
2010 946 2399 1009 confessione
2448 943 2907 1024 praejudicavit,
2967 947 3033 1006 et
3082 943 3404 1006 laesionem

1865 1057 2085 1120 passus
2114 1044 2230 1101 est.

1943 1133 2353 1213 Excipiuntur
2380 1132 2443 1193 iu
2464 1133 2608 1211 jure
2642 1132 2852 1212 aliqua
2881 1131 3139 1208 delicta,
3174 1130 3236 1191 in
3267 1129 3406 1211 qui·
3538 1129 3651 1189 195

1865 1227 1982 1289 bus
2027 1227 2315 1305 impubes
2363 1226 2551 1287 etiam
2582 1225 2894 1304 pubertati
2924 1224 3245 1304 proximus
3278 1240 3403 1284 non
3456 1256 3733 1321 Βηρώθῃ,

1860 1320 2127 1382 incurrit
2149 1336 2426 1400 poenam.
2448 1319 2681 1397 Primo,
2714 1318 2849 1379 siin
2880 1320 3014 1399 ejus
3037 1318 3248 1395 domo,
3269 1318 3403 1396 ipso
3528 1311 3695 1365 ‘'¹¹‘¹¹¹⁰‘·

1861 1414 2099 1474 sciente
2130 1418 2194 1475 et
2220 1430 2345 1473 non
2377 1412 2758 1491 impediente
2789 1429 2906 1472 nee
2939 1412 3399 1484 manifestante,

1866 1507 2197 1570 excuditur
2223 1507 2381 1567 falsa
2408 1509 2663 1567 moneta
2687 1553 2702 1583 ,
2749 1506 2832 1566 ad
2864 1523 3053 1585 quam
3100 1505 3233 1584 ipse
3280 1522 3405 1565 non

1865 1605 2260 1679 cooperatur,
2282 1616 2407 1661 non
2421 1598 2649 1661 amittit
2661 1598 2940 1673 domum,
2961 1598 3004 1659 l.
3027 1599 3148 1659 1.C.
3168 1594 3238 1657 de
3253 1596 3408 1677 falsa

1863 1702 2112 1755 moneta.
2147 1692 2459 1767 Secundo,
2493 1691 2720 1753 delicta
2764 1690 3006 1767 carniS,
3051 1693 3122 1751 ut
3165 1689 3409 1751 adulte-

1863 1787 2049 1863 rium,
2084 1790 2393 1865 stuprum,
2426 1784 2791 1858 bestialitaS,
2823 1783 2865 1843 l.
2901 1782 2977 1844 Si
2991 1801 3205 1859 mmor,
3233 1785 3295 1844 ff.
3331 1780 3413 1843 ad

1863 1880 2042 1960 leqem
2067 1879 2294 1939 ,Iuliam
2320 1876 2390 1938 de
2416 1876 2737 1954 adzdterizs,
2771 1894 2825 1939 c.
2861 1894 3000 1955 cap.
3032 1892 3074 1937 1.
3110 1875 3180 1936 de
3206 1874 3400 1937 delict.

1854 1992 2098 2055 pueror.
2135 1972 2421 2052 quamvis
2449 1970 2641 2050 aliqui
2667 1973 2910 2049 putent,
2932 1969 2980 2030 si
3005 1973 3151 2032 ante
3177 1969 3406 2050 puber-

1863 2072 2059 2130 tatem
2089 2066 2351 2126 haberet
2377 2063 2724 2144 potentiam
2739 2063 3194 2141 generativam,
3221 2079 3404 2141 posse

1863 2178 1976 2240 pro
2022 2159 2130 2220 tali
2179 2158 2406 2219 delicto
2468 2160 2902 2218 consummato
2960 2155 3165 2240 puniri
3218 2174 3408 2235 poena

1865 2272 1990 2314 non
2019 2251 2360 2328 ordinaria,
2394 2250 2506 2311 sed
2534 2248 2783 2325 minori,
2810 2267 3001 2328 quam
3030 2250 3406 2310 sententiam

1863 2347 2086 2408 stando
2115 2346 2179 2406 in
2202 2344 2348 2424 jure
2378 2342 2697 2405 communi
2728 2360 2854 2403 non
2898 2342 3146 2421 Judieat
3172 2342 3408 2420 impro-

1863 2440 2138 2501 babilem
2161 2438 2397 2500 Molina
2426 2437 2489 2497 d.
2524 2437 2683 2514 disp.
2730 2452 2942 2497 xxxvl.
2989 2454 3095 2496 nu.
3129 2439 3188 2497 5.
3224 2434 3407 2495 Exci-

1864 2535 2032 2612 pitur
2060 2533 2266 2608 tertio,
2301 2530 2601 2591 delictum
2631 2528 2978 2590 consistens
3024 2529 3085 2589 in
3117 2529 3408 2590 omissio-

1863 2646 1964 2703 ne,
1999 2645 2109 2705 pro
2144 2644 2267 2706 quo
2296 2628 2443 2686 ante
2472 2624 2869 2702 pubertatem
2901 2621 3072 2683 nulla
3091 2640 3280 2700 poena
3298 2622 3408 2681 im·

1863 2721 2138 2802 ponitur,
2174 2719 2226 2780 si
2268 2716 2542 2797 suspicio
2598 2733 2829 2794 magna
2882 2734 3005 2776 non
3056 2716 3165 2793 sit,
3215 2715 3405 2776 fuisse

1863 2813 2236 2894 participem
2270 2809 2584 2885 criminiS,
2636 2813 2699 2870 et
2740 2808 3056 2886 colligitur
3084 2827 3159 2867 ex
3190 2809 3231 2869 1.
3267 2826 3310 2868 1.
3343 2808 3398 2887 ἓ.

1863 2905 2234 2988 IrnpuboeeS,
2286 2908 2348 2966 et
2389 2903 2431 2965 l.
2474 2902 2914 2983 Ecccipiuntur,
2963 2902 3025 2962 ff.
3075 2901 3156 2962 ad
3197 2901 3399 2963 Senot.

1867 2999 2127 3062 Consult.
2200 2997 2419 3060 sillan.
2475 2995 2782 3059 Videatur
2834 2994 3067 3056 Molina
3122 2994 3261 3055 loco
3318 2994 3406 3055 ci-

1861 3098 2013 3156 tato.

1943 3185 2247 3266 Denique,
2280 3183 2333 3245 si
2362 3183 2441 3245 sit
2463 3181 2685 3262 pubes,
2709 3181 2918 3243 minor
2938 3184 3150 3243 tamen
3169 3182 3269 3242 25.
3292 3198 3405 3241 an-

1863 3282 1980 3357 616,
2033 3282 2237 3359 potest
2264 3278 2473 3338 minor
2512 3293 2701 3354 poena
2742 3294 2932 3357 quam
2982 3274 3301 3337 ordinaria
3347 3273 3404 3334 ei

1861 3373 2120 3452 imponi,
2163 3371 2294 3432 etl.
2324 3369 2656 3445 Auxilium,
2715 3370 2772 3449 ἓ.
2823 3369 2882 3427 in
2928 3367 3169 3445 delictis,
3219 3369 3283 3429 ff.
3335 3367 3405 3427 de

1861 3464 2201 3526 minoribus.
2248 3466 2343 3524 An
2388 3480 2537 3523 vero
2587 3466 2875 3522 teneatur
2916 3460 3112 3540 judex
3161 3460 3240 3520 ad
3285 3460 3404 3520 mi-

1861 3558 2179 3619 nuendam
2210 3574 2461 3634 pspnam
2498 3574 2510 3615 :
2545 3554 2735 3635 aliqui
2772 3558 3027 3631 negant,
3055 3554 3166 3614 sed
3188 3553 3403 3613 dicunt

1862 3671 1996 3712 esse
2027 3649 2448 3711 arbitrarium.
2475 3648 2594 3709 Alii
2625 3647 2847 3707 melius
2868 3648 3205 3722 affirmant,
3232 3646 3400 3725 quod

1861 3762 2004 3805 cum
2033 3744 2169 3802 aliis
2199 3742 2425 3802 docent
2448 3744 2678 3802 Auton.
2718 3742 2946 3800 Gomez
2975 3744 3129 3801 tom.
3163 3740 3267 3798 111.
3294 3739 3401 3798 Va·

1859 3837 2009 3898 riar.
2044 3855 2182 3915 cap.
2218 3852 2261 3895 1.
2315 3839 2376 3895 et
2402 3850 2572 3895 mu.
2609 3836 2671 3893 et
2701 3835 2954 3894 Covarr.
2995 3832 3058 3892 in
3089 3832 3391 3893 Clement.

1860 3931 1937 3992 Si
1959 3930 2251 4012 furiosuS,
2301 3946 2437 4006 par.
2495 3942 2590 3988 111.
2638 3926 2702 3986 in
2740 3925 3008 4004 princip.
3043 3942 3303 3986 numero
3334 3928 3393 3987 5.

1859 4026 1921 4085 in
1967 4026 2112 4100 ssne,
2167 4022 2313 4102 quia
2368 4022 2465 4081 lex
2521 4020 2586 4079 id
2642 4019 2996 4080 concedens
3026 4018 3276 4080 videtur
3322 4037 3396 4078 eo

1858 4118 1993 4197 ipso
2047 4115 2407 4193 deobligare
2465 4113 2773 4175 minorem
2821 4130 2860 4172 a
2913 4128 3102 4192 poena
3146 4111 3400 4173 ordina-

1861 4228 1974 4272 r1a.

1942 4306 2151 4378 Sexte,
2184 4298 2455 4360 dubitari
2476 4302 2700 4377 potest,
2727 4316 2802 4357 an
2829 4298 3024 4377 possit
3034 4297 3229 4378 judex
3252 4314 3397 4357 con-
3545 4312 3661 4373 196

1861 4398 2161 4457 demnare
2186 4411 2365 4454 reum
2395 4392 2476 4453 ad
2517 4409 2772 4471 poenam
2816 4391 3247 4471 pecuniariam
3275 4390 3391 4469 ipsi
3445 4441 3509 4481 An
3581 4438 3743 4493 „uju-

1853 4488 2050 4569 judici
2096 4485 2586 4566 applicandam?
2633 4487 2818 4564 Resp.
2872 4504 2996 4546 non
3038 4504 3242 4564 posse,
3277 4482 3393 4543 nisi
3442 4450 3744 4587 aexi'ssponqgg

1862 4583 2104 4660 exlege
2135 4581 2232 4640 vel
2262 4583 2493 4640 statuto
2547 4579 2776 4639 debeat
2814 4578 3010 4657 judici
3041 4577 3389 4656 applicari:
3443 4549 3740 4657 ,ffiifflm

1862 4676 2116 4736 daretur
2146 4673 2311 4733 enim
2342 4691 2491 4733 ansa
2531 4671 2851 4751 judicibus
2880 4671 2979 4730 vel
3006 4669 3396 4748 aggravandi

1863 4786 2104 4848 poenas,
2134 4767 2234 4826 vel
2262 4765 2603 4844 aliquando
2633 4764 2822 4823 etiam
2842 4762 3189 4838 minuendi,
3224 4781 3397 4823 com-

1862 4859 2162 4922 mutando
2195 4858 2347 4919 alias
2374 4875 2595 4937 poenas
2622 4855 2944 4934 graviores
2971 4856 3035 4915 in
3065 4856 3397 4934 pecuniam

1862 4953 1976 5015 sibi
2008 4951 2474 5031 applicandum.
2526 4951 2620 5011 lta
2659 4948 2892 5009 Bartol.
2928 4952 2990 5008 et
3033 4948 3244 5008 Platea
3268 4946 3310 5007 l.
3346 4948 3391 5007 1.

1864 5049 1930 5107 C.
1963 5044 2029 5105 de
2059 5063 2248 5104 accus,
2278 5061 2501 5103 muner.
2553 5041 2661 5102 lib.
2712 5060 2771 5100 x.
2823 5039 3099 5117 Angelus
3127 5039 3302 5101 auth.
3336 5047 3400 5098 ut

1863 5138 2011 5198 melli
2035 5136 2353 5218 judicium,
2389 5135 2507 5196 col.
2540 5138 2598 5195 9.
2633 5151 2806 5194 num.
2840 5135 2938 5193 27.
2974 5136 3035 5193 et
3063 5132 3206 5207 alii,
3241 5149 3399 5211 quos

1865 5233 2046 5291 affert
2074 5235 2137 5290 et
2164 5228 2448 5308 sequitur
2477 5225 2707 5289 Sanch.
2763 5226 2870 5287 lib.
2905 5226 3009 5287 111.
3048 5223 3265 5285 Consul.
3297 5242 3393 5285 ca.

1866 5324 2030 5386 unic.
2066 5324 2216 5383 dub.
2251 5338 2386 5382 vui.

1949 5418 2251 5496 Septimo,
2304 5412 2577 5475 dubitari
2637 5416 2842 5491 polest
2895 5429 2973 5471 an
3034 5410 3231 5489 possit
3282 5409 3397 5494 ali-

1868 5512 2118 5593 quando
2159 5509 2352 5589 judex
2396 5525 2622 5586 cogere
2663 5506 2979 5585 litigantes
3020 5505 3101 5566 ad
3149 5523 3401 5565 concor·
3513 5536 3528 5550 ·

1869 5606 2040 5667 diam
2075 5601 2476 5665 faciendam?
2529 5599 2985 5678 Respondetur,
3035 5598 3406 5678 regulariter

3548 5419 3664 5481 197
