4263 6376
639 1329 752 1387 227

696 1459 811 1497 esset

544 1507 716 1550 haemdis
733 1509 840 1551 obli-

540 1562 652 1616 gatio
671 1561 722 1604 de
745 1562 837 1615 iure

601 1616 782 1671 antiquo.

638 3483 757 3546 228

582 3611 799 3656 inventarii

566 3666 810 3711 beneficium

540 3720 592 3765 dc
608 3724 699 3776 jure
730 3732 836 3764 novo

653 5448 770 5507 229

887 307 1002 365 126

1561 787 1618 868 ς.
1654 792 1715 852 5.

1244 1055 1333 1118 De
1359 1053 1682 1118 inventario
1710 1052 1997 1135 faciende.

966 1311 1097 1371 Hoc
1143 1307 1335 1370 etiam
1362 1307 1443 1368 ad
1501 1305 1786 1367 haeredes
1827 1305 2118 1384 pertinet,
2152 1307 2214 1365 et
2255 1321 2418 1364 com-

884 1419 1075 1465 mune
1124 1406 1221 1464 est
1275 1400 1636 1463 haeredibus
1682 1418 1759 1459 ex
1808 1402 2184 1461 testamento
2213 1397 2312 1457 vel
2341 1396 2420 1456 ab

886 1498 1201 1559 intestato.
1257 1494 1599 1558 Sciendum
1647 1496 1858 1554 autem
1888 1497 2004 1570 est,
2053 1490 2200 1551 olim
2231 1489 2424 1550 haere·

886 1591 1054 1667 dem,
1089 1608 1162 1650 eo
1194 1590 1330 1668 ipso
1361 1586 1529 1667 quod
1550 1585 1988 1647 haereditatem
2010 1583 2245 1659 adibat,
2268 1582 2422 1643 obli-

885 1688 1103 1765 gatum
1131 1682 1434 1744 mansisse
1457 1678 1747 1741 omnibus
1778 1678 2006 1739 debitis
2035 1676 2315 1737 defuncti
2336 1676 2422 1735 ul-

884 1784 982 1840 tra
1010 1776 1175 1838 vires
1203 1774 1611 1850 haereditatis,
1648 1774 1709 1833 et
1736 1789 1811 1832 ex
1838 1770 2021 1833 bonis
2051 1768 2342 1848 propriis,
2377 1770 2418 1830 l.

887 1871 1027 1946 (hue
1053 1869 1224 1946 docte,
1257 1869 1321 1929 ff.
1365 1867 1552 1928 soluto
1598 1863 1991 1925 matrimom'ot
2044 1863 2085 1923 1.
2135 1862 2213 1923 Si
2239 1871 2293 1922 te
2329 1861 2422 1922 ho-

880 1964 993 2041 nis,
1025 1967 1092 2025 G.
1118 1961 1336 2043 dejure
1354 1957 1731 2035 deliberandi,
1763 1957 1853 2018 ita
1870 1957 2026 2017 utet
2053 1972 2167 2033 pro
2197 1954 2422 2016 debitis

884 2055 1170 2119 defuncti
1198 2052 1579 2115 incarcerari
1612 2052 1844 2130 posset,
1880 2049 2023 2128 quia
2056 2066 2180 2109 una
2212 2051 2274 2109 et
2319 2067 2423 2107 eu-

884 2152 1030 2211 dem
1058 2165 1329 2229 persona
1357 2165 1502 2208 cum
1531 2145 1822 2206 defuncto
1855 2141 2307 2217 aestimabatur,
2341 2142 2422 2199 le-

882 2243 1141 2324 gatariis
1168 2246 1380 2304 tamen
1412 2257 1536 2299 non
1566 2237 1898 2298 tenebatur
1926 2234 2091 2296 ultra
2111 2233 2279 2294 vires
2299 2233 2422 2294 hae-

884 2335 1190 2412 reditatiS,
1242 2333 1284 2394 l.
1319 2331 1397 2394 Sa·
1432 2331 1736 2408 univer-sce,
1772 2331 1840 2391 G.
1873 2326 1943 2388 de
2003 2326 2232 2408 leqatiS,
2275 2326 2423 2406 quia

886 2434 1145 2492 testator
1172 2428 1385 2506 legare
1416 2444 1541 2486 non
1570 2427 1838 2503 poterat,
1875 2421 1991 2482 nisi
2023 2421 2089 2481 id
2110 2420 2280 2501 quod
2311 2420 2422 2480 ha·

883 2523 1158 2584 habebat
1191 2542 1204 2582 ε
1239 2523 1457 2600 postea
1476 2536 1625 2580 vero
1657 2535 1731 2577 ex
1761 2517 1801 2577 l,
1837 2516 1949 2577 ult.
1986 2519 2049 2578 C,-
2084 2513 2302 2595 dejure
2326 2512 2420 2573 cle·

882 2614 1188 2692 liberandi,
1230 2614 1434 2693 junct.
1485 2611 1676 2673 Auth.
1710 2608 1779 2671 de
1823 2608 2038 2672 lzoereds
2087 2616 2142 2669 et
2191 2606 2417 2667 Falczd.

881 2710 959 2772 Si
993 2729 1128 2772 vero
1173 2706 1508 2788 confecerit,
1560 2703 1879 2781 legatariis
1929 2703 2119 2764 etiam
2149 2706 2419 2777 tenetur,

881 2823 995 2866 nec
1026 2803 1231 2882 potest
1257 2798 1587 2860 detrahere
1618 2795 1983 2857 Falcidiam.
2017 2794 2244 2855 Milites
2273 2811 2422 2852 vero

881 2896 1071 2959 etiam
1101 2892 1516 2956 creditoribus
1547 2908 1670 2951 non
1699 2889 2099 2963 tenebantur,
2121 2887 2236 2947 nisi
2244 2885 2424 2964 juxta

881 2990 1048 3051 vires
1078 2984 1488 3060 haereditatis,
1528 2983 1652 3062 leg.-
1687 2982 1800 3043 ult.
1834 2984 1901 3043 G.
1949 2978 2179 3061 dejure
2204 2978 2421 3040 delibe-

884 3080 1078 3157 randi,
1097 3079 1267 3159 quod
1293 3082 1509 3139 tamen
1538 3074 1940 3154 privilegium
1969 3074 2059 3134 eis
2079 3076 2298 3152 postea
2327 3090 2425 3132 re-

882 3177 1174 3238 vocatum
1202 3171 1340 3249 fuit,
1379 3170 1430 3231 si
1459 3168 1887 3231 inventarium
1916 3185 2040 3229 non
2057 3166 2415 3242 conficiant,

883 3274 947 3334 in
977 3268 1169 3331 Auth.
1200 3264 1269 3327 de
1313 3262 1530 3326 hoered.
1565 3272 1621 3324 et
1667 3260 1961 3338 Falcidia,
2009 3261 2089 3322 ad
2133 3261 2323 3321 finem
2365 3261 2420 3339 ξ.

890 3363 1039 3441 Quia
1065 3381 1201 3423 vero
1229 3358 1468 3441 duplex.

966 3459 1192 3518 Postea
1235 3453 1458 3515 eadem
1486 3452 1528 3513 l.
1563 3450 1674 3511 ult.
1721 3450 2023 3511 statutum
2052 3446 2171 3508 fuit
2197 3446 2422 3526 primo,

888 3554 960 3613 ut
987 3550 1038 3611 si
1068 3548 1207 3629 quis
1247 3547 1413 3609 intra
1452 3544 1712 3623 triginta
1759 3542 1915 3618 diae,
1947 3560 2058 3601 seu
2101 3544 2227 3601 tres
2254 3557 2426 3599 men-

884 3664 983 3708 ses
1011 3663 1049 3704 a
1078 3641 1301 3703 notitia
1328 3636 1714 3700 haereditatis
1743 3635 1863 3696 sibi
1891 3634 2114 3695 delatae
2160 3652 2299 3694 earn
2329 3651 2427 3692 re-

885 3738 1126 3820 pudiat,
1161 3732 1404 3796 etiamsi
1433 3729 1856 3791 inventarium
1887 3746 2013 3789 non
2043 3727 2283 3804 fecerit,
2309 3738 2425 3785 nec

886 3834 1154 3906 lucrum,
1188 3845 1305 3888 nec
1334 3825 1637 3887 damnum
1660 3841 1734 3883 ex
1756 3839 1831 3883 ea
1850 3820 2099 3882 sentiat.
2137 3819 2425 3880 Secundo

887 3926 940 3987 si
993 3920 1501 4004 prorogationem
1546 3913 1849 3994 temporis
1904 3931 1941 3974 a
1981 3912 2196 3992 judice
2251 3912 2348 3972 vel
2391 3930 2428 3971 a

888 4017 1168 4099 principe
1198 4033 1324 4076 non
1351 4010 1619 4092 petierit,
1642 4014 1705 4071 et
1731 4007 2082 4069 inventario
2106 4005 2271 4066 facto
2289 4022 2429 4065 eam

890 4109 1133 4186 adierit,
1168 4126 1293 4168 non
1320 4109 1571 4167 tenetur
1599 4100 2036 4176 creditoribuS,
2063 4099 2163 4159 vel
2193 4099 2431 4175 legata-

892 4205 999 4265 riis
1027 4203 1190 4263 ultra
1214 4200 1379 4260 vires
1409 4195 1812 4258 haereditatiS.
1849 4193 2056 4254 Tertio
2074 4194 2281 4270 potest
2296 4190 2430 4250 Fal-

892 4296 1121 4359 cidiam
1160 4291 1451 4371 elegatis
1498 4289 1850 4351 detrahere.
1903 4289 2136 4358 Quarto
2167 4284 2219 4344 si
2249 4284 2433 4345 solvit

891 4386 1211 4469 legatariis
1240 4386 1340 4447 vel
1388 4381 1802 4446 creditoribus
1854 4378 2256 4459 parentibuS,
2318 4396 2432 4437 nec

894 4482 1162 4564 supersit
1188 4480 1271 4542 ad
1316 4477 1687 4540 solveudum
1716 4475 1854 4537 aliis
1879 4477 2098 4554 postea
2125 4472 2429 4533 venienti-

895 4580 1034 4654 bus,
1069 4575 1224 4636 nihil
1250 4572 1329 4635 ab
1360 4589 1432 4632 eo
1462 4572 1732 4650 possunt
1777 4568 2049 4647 exigere,
2083 4566 2194 4626 sed
2224 4564 2304 4625 ab
2333 4565 2429 4641 iis,

896 4671 1125 4751 quibus
1155 4668 1428 4729 solutum
1459 4668 1553 4725 est
1581 4664 1633 4722 si
1661 4664 1725 4723 in
1756 4679 1971 4722 eorum
1998 4657 2433 4739 praejudicium

896 4763 1295 4843 acceperunt.
1329 4756 1672 4820 Tenebitur
1697 4757 1909 4816 tamen
1930 4753 2133 4813 haeres
2161 4750 2209 4811 si
2232 4750 2435 4811 sciens

897 4855 1333 4919 hoereditatem
1360 4868 1485 4911 non
1525 4848 1812 4909 sufficere
1860 4863 1974 4924 pro
2016 4842 2307 4905 omnibus
2338 4843 2437 4922 (et

894 4952 1157 5012 fortasse
1187 4940 1433 5007 etiamsi
1462 4940 1741 5019 dubitat)
1759 4939 1944 5001 solvit
1963 4936 2165 5016 primo
2184 4935 2434 4996 venien-

897 5044 1086 5119 tibus,
1119 5038 1491 5119 argumento
1520 5033 1677 5113 legis
1705 5032 1881 5108 Dola,
1916 5032 1980 5091 ff.
2015 5029 2095 5089 ad
2123 5030 2167 5089 l.
2199 5027 2429 5089 Falcid.

898 5138 962 5201 Si
993 5140 1203 5198 autem
1233 5128 1654 5192 inventarium
1699 5144 1826 5187 non
1855 5124 2024 5200 fecit,
2075 5124 2327 5184 tenetur
2370 5120 2433 5181 in

899 5230 1170 5293 solidum
1226 5224 1517 5288 omnibus
1573 5217 1987 5283 creditoribus
2053 5216 2217 5278 ultra
2271 5215 2437 5276 vires

903 5316 1312 5384 haereditatis·

983 5414 1122 5475 Alia
1154 5412 1344 5474 etiam
1373 5405 1708 5471 commoda
1736 5425 1810 5466 ex
1838 5401 2188 5465 inventario
2220 5420 2438 5463 eonse-

904 5509 1139 5591 quitur,
1189 5522 1421 5582 nempe·
1463 5501 1631 5583 quod
1682 5499 1734 5561 si
1763 5498 2000 5579 aliquid
2055 5496 2440 5559 haereditatis

2044 297 2145 359 DE
2188 293 2542 360 JUs'rl'rlA
2585 296 2685 359 m*
2727 298 2925 360 JURE

2515 476 2657 553 post
2700 478 2967 536 mortem
3024 477 3340 537 testatoris
3380 476 3542 554 perit
3586 476 3723 536 sine
3781 477 4007 538 haeredis
4061 505 4094 542 e

2516 568 2720 647 culpa,
2780 565 3192 628 creditoribus
3240 572 3303 628 et
3347 581 3472 628 non
3518 567 3755 628 haeredi
3809 575 4004 648 pereat.
4087 581 4090 582 ’

2517 661 2672 721 Item
2702 660 2870 739 quod
2900 675 3024 720 non
3055 660 3516 722 confundantur
3543 680 3660 721 nec
3692 662 4010 740 extinguan-

2518 756 2618 814 tur
2648 752 2944 829 uetiones,
2971 771 3126 833 quas
3147 753 3348 814 haeres
3364 754 3669 814 adversus
3690 754 4008 817 defunctum

2520 844 2814 921 habebat,
2862 845 2973 905 sed
3022 846 3235 907 debita
3264 846 3320 906 ei
3368 847 3530 907 sicut
3570 847 3713 907 aliis
3753 848 4010 910 solvenda

2518 937 2663 1013 sint,
2686 939 3048 999 etomnibus
3077 938 3315 1016 solutiS,
3338 939 3533 1018 possit
3561 940 3893 1001 detrahere
3910 943 4010 1001 Fal·

2519 1030 2747 1092 cidiam
2778 1045 2853 1092 ex
2899 1031 3143 1110 legatie,
3192 1036 3262 1092 ut
3300 1034 3548 1093 constat
3574 1047 3650 1092 ex
3677 1032 3743 1094 d.
3775 1032 3814 1093 l.
3846 1035 3942 1096 ult.
3967 1037 4007 1113 ς.

2519 1122 2597 1185 δι’
2625 1139 2761 1184 vero
2790 1123 2941 1204 ipsu
2975 1127 3164 1203 atque
3191 1124 3334 1185 ideo
3365 1124 3535 1203 quod
3572 1124 3722 1185 licet
3751 1125 3934 1186 haeres
3955 1129 4014 1188 sit

2519 1216 2582 1277 in
2609 1220 2813 1278 totum
2841 1217 2938 1278 vel
2961 1217 3022 1276 in
3053 1221 3317 1296 partem,
3351 1232 3475 1278 non
3503 1221 3797 1280 teneatur
3821 1219 4011 1281 sactum

2520 1308 2794 1370 defuncti
2834 1313 3050 1372 contra
3090 1309 3296 1390 ipsum
3328 1310 3646 1371 haeredem
3676 1313 4010 1390 approhare,

2519 1401 2629 1463 sed
2659 1401 2857 1480 possit
2907 1405 3126 1464 contra
3177 1402 3331 1462 illud
3385 1419 3575 1480 agere
3607 1408 3672 1464 et
3717 1407 4012 1483 peterent

2521 1496 2802 1573 emptore
2831 1509 2966 1555 rem
2993 1513 3196 1573 suam,
3216 1513 3406 1576 quam
3434 1494 3777 1558 defunctus
3805 1496 3856 1556 ei
3884 1498 4013 1557 male

2521 1586 2838 1663 vendidit,
2893 1587 3194 1649 solvendo
3236 1591 3450 1650 tamen
3497 1590 3766 1668 emptori
3808 1591 4014 1651 nomine

2523 1679 2799 1740 defuncti
2827 1699 2939 1758 pro
2993 1682 3282 1760 portione
3316 1681 3704 1743 hoereditatis
3734 1701 3910 1762 quam
3932 1683 4015 1743 hn-

2522 1772 2659 1833 buit
2675 1776 2737 1833 et
2756 1773 2934 1851 juxta
2966 1772 3099 1852 ejus
3120 1773 3285 1833 vires
3314 1774 3379 1833 id
3408 1774 3578 1853 quod
3599 1793 3716 1855 pro
3756 1775 4014 1837 evictione

2522 1866 2871 1942 defunctus,
2907 1885 3095 1945 quem
3123 1866 3325 1928 haeres
3349 1871 3787 1947 repraesentat,
3818 1870 4015 1930 solvere

2523 1958 2859 2035 debuisset,
2897 1959 2975 2019 de
3005 1978 3128 2038 quo
3159 1960 3283 2022 late
3322 1961 3556 2021 Melina
3584 1961 3819 2041 disput.
3850 1979 4010 2024 cem.

2520 2054 2574 2132 ξ.
2616 2051 2697 2114 Ut
2736 2051 3092 2112 commodum
3134 2060 3435 2132 octavum,
3481 2057 3547 2115 et
3574 2054 3716 2115 aliis
3742 2058 4015 2136 sequeuti-

2521 2147 2657 2206 hus.

2591 2238 2650 2300 Si
2683 2249 2832 2299 vero
2861 2239 3362 2317 prorogationem
3404 2241 3710 2319 temporis
3737 2260 3776 2301 a
3816 2241 4013 2322 judice,

2521 2331 2667 2392 vela
2687 2330 2972 2410 Principe
2993 2331 4013 2415 petieritaddeliberandum(quod
4048 2379 4114 2432 ω
4145 2361 4146 2364 “

2520 2429 2765 2504 tempus
2803 2423 2999 2504 judex
3041 2443 3168 2485 non
3197 2426 3507 2503 concedit,
3561 2426 3686 2487 nisi
3717 2428 3796 2488 ad
3826 2445 4011 2489 novem
4047 2445 4088 2492 z·

2520 2536 2787 2594 menseS,
2816 2521 2877 2578 et
2902 2517 3195 2597 princeps
3222 2518 3304 2578 ad
3333 2519 3604 2598 annum)
3634 2525 3703 2581 et
3729 2521 4013 2581 intraillud
4047 2503 4132 2593 pas

2523 2615 2769 2689 tempus
2799 2610 3230 2673 haereditatem
3262 2630 3386 2672 non
3417 2613 3780 2692 repudiavit
3814 2633 4015 2693 expres-

2522 2717 2608 2777 se,
2643 2706 2930 2764 censetur
2957 2704 3126 2764 illam
3146 2705 3392 2782 adiisse,
3415 2710 3476 2766 et
3499 2707 3667 2768 sacto
3688 2707 4012 2784 inventario,

2522 2799 2771 2859 tenetur
2800 2795 2968 2856 adita
2995 2797 3182 2859 tacite
3212 2798 3310 2857 vel
3341 2816 3631 2877 expresse
3661 2800 4011 2876 haereditate,

2524 2889 2936 2950 creditoribus
2989 2891 3176 2950 etiam
3225 2891 3386 2951 ultra
3436 2891 3600 2952 vires
3648 2892 4012 2968 haereditatis

2524 3001 2647 3044 non
2676 2986 2886 3043 tamen
2915 2982 3255 3060 legatariis,
3278 2992 3341 3045 et
3367 2984 3418 3044 si
3447 3001 3561 3063 pro
3593 2985 3718 3046 illis
3749 2987 4015 3066 supersint

2521 3077 2710 3152 bona,
2752 3078 2957 3154 potest
2984 3075 3316 3136 detrahere
3345 3078 3716 3156 Falcidiam,
3738 3098 3912 3160 quam
3937 3080 4016 3139 de·

2523 3169 2771 3233 trahere
2815 3185 2938 3230 non
2982 3169 3229 3249 poterit,
3283 3169 3632 3233 inventario
3681 3193 3809 3236 non
3861 3174 4010 3234 facte.

2523 3264 2634 3325 sed
2678 3262 2995 3325 tenebitur
3020 3263 3226 3340 legata
3255 3263 3503 3343 integra
3549 3266 3818 3343 solvere,
3866 3267 4015 3326 etiam

2524 3374 2715 3437 supra
2757 3357 2921 3417 vires
2962 3356 3370 3418 haereditatis
3408 3358 3694 3439 Denique
3725 3360 3776 3421 si
3804 3361 3950 3421 intra
3970 3358 4016 3418 id

2524 3455 2794 3529 tempus),
2851 3449 3199 3512 inventario
3238 3469 3360 3511 non
3392 3451 3579 3526 facto,
3614 3455 3896 3533 repudiat
3920 3453 4018 3512 ha*-

2523 3544 2877 3619 reditatem,
2940 3542 3129 3605 debet
3168 3545 3419 3605 tradere
3461 3545 3891 3609 haereditatem
3915 3564 4018 3605 cre-

2528 3637 2831 3698 ditoribus
2879 3636 2978 3696 vel
3025 3637 3381 3699 haeredibus
3436 3639 3516 3699 ad
3563 3650 3723 3720 q'uos
3766 3641 4014 3722 pertinet,

2527 3744 2793 3810 quorum
2833 3728 3193 3808 juramento
3232 3735 3433 3792 statur
3462 3728 3670 3811 quoad
3703 3751 4014 3803 numerum,

2527 3826 2588 3885 et
2642 3822 3057 3902 quantitatem
3112 3823 3423 3884 bonorum
3480 3824 3782 3904 defuncti,
3839 3843 3959 3906 qua·
3981 3824 4018 3883 si

2528 3915 2842 3975 defuerint
2869 3926 2945 3974 ex
2974 3912 3116 3992 illis,
3143 3915 3340 3995 judex
3369 3917 3615 3979 taxabit
3641 3922 3926 3992 valorem,
3970 3920 4020 3977 ul

2528 4007 2825 4084 solvatur,
2859 4012 2930 4069 ut
2958 4011 3203 4070 constat
3231 4016 3305 4068 ex
3336 4009 3503 4072 dicta
3532 4010 3572 4071 l.
3608 4013 3846 4088 ultima,-
3877 4015 3932 4074 C.
3968 4009 4022 4069 de

2511 4101 2657 4182 jure
2682 4098 2918 4161 deliber.

2609 4194 2716 4255 His
2773 4193 3132 4273 suppositis,
3194 4195 3455 4256 dubium
3485 4199 3599 4274 est,
3662 4206 3740 4259 an·
3797 4199 3918 4261 baec
3955 4198 4018 4257 ita

2527 4287 2831 4367 obligent,
2886 4288 3045 4348 utin
3094 4289 3478 4351 conscientia
3524 4292 3715 4352 etiam
3747 4294 3930 4355 haeres
3951 4293 4020 4352 te-

2529 4384 2752 4441 neatur
2778 4379 3019 4440 solvere
3047 4380 3278 4458 debita,
3311 4387 3421 4442 aut
3446 4383 3657 4462 legata
3686 4406 3868 4465 supra
3893 4386 4022 4444 vires
4055 4410 4125 4441 um

2531 4472 2935 4549 haereditatiS,
2990 4474 3241 4551 quando
3271 4474 3694 4537 inventarium
3725 4498 3844 4539 non
3872 4474 4023 4538 feeit?
4073 4462 4114 4543 Γ

2532 4562 2610 4628 Ει
2635 4565 2941 4644 imprimis
2970 4566 3381 4646 supponimus
3422 4569 3864 4649 obligationem
3888 4571 4022 4631 illam
4074 4562 4079 4599 ¹
4134 4606 4138 4611 «

2533 4670 2657 4719 ηοη·
2689 4670 2844 4735 esse,
2881 4658 2998 4719 nisi
3026 4659 3091 4719 in
3119 4662 3372 4740 proprio
3403 4662 3692 4739 haerede3
3753 4680 3930 4746 quare
3958 4664 4025 4723 le·
4077 4668 4080 4671 '

2531 4752 2778 4832 grutarii,
2836 4752 2935 4813 vel
2992 4762 3382 4816 successores
3437 4757 3630 4818 etiam
3688 4748 4025 4820 universales

2534 4862 2658 4907 non
2689 4846 3047 4925 obligantur
3089 4859 3279 4927 supra
3313 4849 3500 4928 vireS,
3563 4852 3712 4931 quia
3764 4872 3879 4915 non
3917 4850 4027 4910 sunt

2533 4937 2783 5018 proprie
2812 4938 3117 5001 haeredes.-
3170 4941 3336 5002 Talis
3367 4946 3460 5005 est
3489 4949 3788 5007 executor
3814 4946 4022 5007 univer-

2534 5030 2679 5093 salis
2695 5030 3150 5111 haereditarius,
3185 5035 3292 5114 qui
3311 5035 3686 5099 distribuere
3708 5041 3887 5100 debet
3898 5038 4026 5098 bona

2536 5123 2810 5187 defuncti
2841 5125 2903 5184 in
2932 5133 3126 5204 opera
3169 5128 3274 5206 pia
3315 5129 3394 5190 ab
3434 5130 3543 5191 illo
3573 5133 3942 5211 praescripta,
3982 5126 4026 5187 el

2534 5217 2737 5279 vicem
2794 5217 3066 5280 haeredis
3115 5224 3306 5283 tenet.
3367 5223 3522 5284 Item
3579 5221 4027 5287 usufructuarins

2538 5311 2929 5373 universalis
2965 5313 3150 5373 Pater
3170 5314 3380 5392 etiam,
3416 5317 3520 5395 qui
3545 5316 3691 5395 jure
3720 5317 3926 5398 peculii
3951 5332 4021 5375 oc·

2539 5408 2727 5483 cupat
2771 5395 2939 5465 bona
2979 5405 3358 5468 filiifamilias
3408 5409 3709 5473 defuncti.
3768 5411 4027 5474 monaste-

2539 5498 2702 5558 rium
2751 5510 3065 5578 occupans
3111 5499 3278 5562 bona
3323 5502 3597 5582 religiosi
3648 5506 3748 5567 eui
3797 5500 4024 5567 succedit
