4263 6376
571 2134 701 2198 Casus
717 2134 769 2175 do
785 2133 865 2174 mi

605 2192 767 2229 urcio
744 2199 865 2228 cant·

570 2240 869 2335 ‚mitem

570 2347 684 2388 ribus
721 2346 867 2388 minori

652 2399 793 2441 valore

591 2453 863 2507 computabat.

912 243 1029 301 398
2051 240 2150 299 DE
2192 238 2546 300 JUSTI'I'IA
2594 240 2693 300 ΕΤ
2732 240 2931 302 JURE

914 421 1021 478 tuo
1046 462 1062 493 ,
1093 416 1190 477 vel
1221 416 1457 478 domini
1487 415 1738 478 nomine
1766 420 2185 496 praesumatur
2205 463 2220 493 ,
2266 435 2450 495 regu-

912 510 1039 571 lam
1084 509 1676 588 posuimusasigno
1732 510 1794 570 d.
1847 515 1998 571 sect.
2035 526 2119 569 1x.
2170 509 2444 588 quando,

914 602 1152 665 scilicet
1195 602 1496 663 damnum
1540 621 1612 662 ex
1643 607 1968 664 contractu
2013 607 2295 663 secutum
2326 619 2449 662 non

911 696 1047 771 tibi,
1081 694 1192 756 sed
1220 695 1475 755 domino
1504 695 1682 774 sequi
1710 694 1827 772 vie,
1860 694 1995 775 ejus
2024 695 2277 756 nomine
2306 712 2452 755 con·

912 787 1143 860 trahis;
1176 806 1356 849 secus
1386 788 1638 867 quando
1670 788 1749 848 ad
1778 793 1838 849 te
1882 792 1947 849 et
1984 806 2108 848 non
2145 788 2227 847 ad
2255 786 2451 848 domi-

914 899 1065 941 num
1095 884 1380 960 spectare
1415 880 1686 942 voluisti.
1723 881 1873 954 Quae
1901 879 2120 959 regula
2149 878 2451 959 applicari

915 974 1104 1035 etiam
1132 978 1342 1053 potest
1367 972 1447 1034 ad
1495 991 1711 1034 casum
1740 978 2024 1035 nostrum
2058 993 2072 1034 :
2121 973 2211 1049 si,
2259 992 2318 1033 v.
2352 991 2449 1051 gr.

914 1067 1036 1144 ille,
1071 1066 1172 1127 cui
1200 1067 1533 1146 pecuniam
1552 1085 1812 1128 auream
1844 1085 1957 1145 pro
1988 1070 2287 1145 argentea
2314 1065 2448 1141 das,

912 1159 1155 1221 falleret
1202 1165 1265 1221 et
1292 1177 1419 1219 non
1447 1158 1743 1221 redderet
1767 1163 2135 1237 argenteam
2154 1203 2170 1234 ,
2215 1156 2327 1218 sed
2353 1156 2453 1216 vel

915 1252 1152 1314 nullam
1171 1252 1269 1312 vel
1299 1251 1521 1312 falsam
1554 1270 1568 1311 :
1601 1252 1652 1312 si
1683 1252 1837 1312 velis
1866 1250 2169 1311 damnum
2197 1249 2349 1310 illud
2371 1247 2454 1310 ad

913 1344 1238 1405 dominum
1267 1348 1572 1422 spectare,
1607 1343 1744 1423 ejus
1772 1343 2023 1404 nomine
2051 1361 2241 1422 agere
2262 1343 2455 1404 volui-

913 1438 1029 1514 sti,
1072 1442 1262 1516 atque
1310 1436 1452 1497 ideo
1500 1437 1557 1496 ei
1587 1436 1774 1498 ctiam
1820 1436 2046 1497 lucrari
2084 1456 2097 1497 ε
2152 1436 2257 1516 qui
2287 1436 2455 1496 enim

916 1530 1102 1591 sentit
1128 1529 1429 1589 damnum
1456 1530 1688 1591 sentire
1718 1529 1907 1590 debet
1935 1533 1998 1591 et
2025 1528 2452 1590 commodum.

916 1623 977 1685 Si
1013 1641 1160 1684 vero
1192 1622 1477 1701 agnoscis
1521 1625 1723 1683 totum
1771 1620 1921 1682 illud
1953 1621 2257 1681 damnum
2285 1620 2363 1682 ad
2392 1629 2455 1682 te

915 1720 1221 1795 spectare,
1256 1715 1613 1793 signumest
1634 1714 1803 1793 quod
1834 1718 1942 1775 tuo
1973 1720 2036 1774 et
2065 1733 2185 1775 non
2217 1714 2454 1775 domini

916 1809 1166 1870 nomine
1187 1808 1570 1883 contraxisti,
1605 1813 1792 1887 atque
1821 1807 1964 1867 ideo
1991 1807 2237 1867 lucrum
2267 1807 2454 1868 etiam

913 1902 996 1962 ad
1025 1906 1088 1963 te
1116 1906 1400 1979 spectare
1429 1901 1636 1962 debet.

996 1993 1176 2056 Unde
1204 1993 1403 2053 infero
1433 2039 1448 2070 ,
1489 1992 1635 2072 quid
1670 1992 2008 2053 dicendum
2058 1992 2140 2052 sit
2181 1991 2246 2051 in
2278 2010 2451 2067 casu,

918 2088 997 2150 de
1028 2104 1151 2166 quo
1199 2104 1403 2164 nuper
1446 2088 1817 2164 procurator
1863 2084 2192 2163 cujusdam
2223 2083 2453 2163 publici

918 2179 1263 2257 campsoris
1292 2196 1392 2238 me
1422 2177 1754 2253 consuluit,
1806 2178 1903 2237 cui
1955 2177 2218 2239 fortasse
2248 2177 2457 2257 plures

918 2271 1227 2352 ejusmodi
1256 2270 1525 2332 ministri
1551 2270 1784 2330 similes
1809 2274 1974 2331 sunt.
2038 2270 2152 2330 Hic
2194 2287 2345 2347 ergo
2377 2287 2454 2329 ex

918 2363 1354 2426 commissione
1384 2362 1725 2442 campsoris
1769 2362 2011 2423 solvere
2041 2362 2314 2424 debebat
2340 2380 2458 2423 soe·

916 2457 1307 2538 piuslitteras
1321 2454 1673 2530 bancarias,
1707 2459 1771 2516 et
1798 2472 2015 2515 earum
2030 2455 2259 2517 virtute
2280 2461 2457 2515 scuta

916 2568 1108 2612 aurea
1139 2553 1275 2612 100.
1337 2567 1399 2610 v.
1450 2567 1546 2627 gr.
1607 2547 1707 2607 vel
1735 2551 1872 2610 200.
1910 2565 2050 2626 quae
2082 2565 2227 2608 cum
2274 2546 2455 2627 juxta

915 2660 1097 2704 usum
1137 2646 1559 2703 mercatorum
1608 2640 1880 2702 solveret
1922 2640 2187 2719 pecunia
2234 2658 2454 2719 argen-

915 2741 1035 2811 tea,
1069 2734 1355 2796 solvebat
1380 2752 1495 2813 pro
1514 2733 1776 2811 singulis
1803 2733 1994 2793 scutis
2021 2733 2230 2794 aureis
2255 2734 2288 2794 J
2295 2732 2454 2793 ulios

916 2833 1012 2891 ¹4.
1059 2828 1167 2908 qui
1214 2832 1362 2888 tunc
1405 2831 1541 2888 erat
1566 2826 1744 2886 valor
1762 2827 2010 2904 justuS,
2058 2825 2168 2885 sed
2201 2825 2454 2885 infimus

912 2921 1073 2983 scuti
1101 2920 1306 2992 aurei;
1355 2924 1573 2998 postea
1601 2937 1750 2979 vero
1789 2918 2103 2996 campsnri
2135 2922 2453 2997 computa-

913 3014 1023 3076 bat
1046 3014 1112 3073 in
1149 3012 1476 3072 reddenda
1504 3011 1779 3087 ratione,
1824 3010 2069 3089 singula
2110 3027 2224 3089 pro
2271 3010 2453 3071 Juliis

915 3110 1011 3168 14.
1056 3124 1199 3166 cum
1227 3103 1490 3164 dimidio
1513 3150 1529 3180 ,
1561 3103 1667 3184 qui
1697 3108 1836 3164 erat
1867 3103 2054 3164 etiam
2076 3102 2252 3163 valor
2278 3119 2451 3163 com-

912 3199 1119 3261 munis
1146 3198 1340 3273 scuti,
1392 3209 1455 3258 et
1482 3215 1606 3276 quo
1636 3195 1837 3275 pretio
1883 3213 2174 3275 campsor
2211 3195 2451 3257 solebat

909 3292 1195 3369 accipere
1226 3294 1290 3351 et
1314 3289 1557 3350 solvere
1587 3289 1811 3349 eadem
1840 3293 2038 3363 scuta,
2063 3294 2125 3349 et
2141 3288 2451 3350 retinebat

910 3384 1029 3445 sibi
1083 3382 1414 3443 dimidium
1473 3381 1627 3441 illud
1654 3381 1803 3442 Julii
1853 3381 1916 3440 in
1956 3380 2217 3459 singulis
2259 3381 2449 3441 scutis

910 3476 1116 3539 aureis
1143 3475 1385 3537 solutis,
1420 3473 1683 3535 Petebat
1709 3477 1943 3549 autem,
1965 3491 2044 3532 an
2063 3473 2324 3538 deberet
2350 3477 2448 3534 to-

907 3575 1042 3632 tum
1072 3569 1192 3631 hoc
1222 3567 1466 3629 lucrum
1496 3565 1804 3644 campsori
1829 3611 1846 3641 ,
1893 3565 1992 3625 vel
2021 3563 2158 3645 ejus
2186 3565 2447 3627 haeredi·

906 3664 1023 3724 bus
1048 3660 1414 3725 restituere?
1468 3658 1787 3737 Respondi
1824 3658 2007 3737 juxta
2053 3659 2444 3737 superiorem

906 3755 1279 3830 doctrinam,
1311 3771 1437 3813 non
1465 3770 1601 3813 esse
1631 3750 2085 3829 obligationem
2112 3751 2449 3813 restituen-

906 3849 970 3910 di
998 3845 1349 3926 campsori,
1395 3846 1448 3905 si
1479 3848 1850 3923 procurator
1887 3863 2002 3905 suo
2050 3845 2305 3924 proprio
2335 3862 2449 3905 no-

903 3941 1071 4002 mine
1099 3941 1488 4001 contractum
1518 3936 1793 4016 aliquem
1822 3936 2007 4011 fecit,
2061 3957 2136 3997 ex
2183 3954 2307 4016 quo
2355 3937 2445 3997 lu-

906 4051 1082 4096 crum
1102 4031 1254 4092 illud
1283 4030 1606 4110 percipere
1623 4033 1854 4107 posset.
1888 4028 2216 4090 Difficilius
2231 4035 2445 4091 tamen

906 4131 1000 4188 est
1027 4126 1088 4186 in
1120 4124 1240 4185 boc
1269 4141 1418 4183 casu
1448 4126 1806 4184 contractus
1835 4122 1974 4182 illos
2002 4121 2327 4184 distinctos
2356 4122 2446 4183 in-

904 4218 1139 4293 venire,
1174 4233 1442 4295 quorum
1472 4215 1630 4276 alter
1656 4216 1766 4275 ssat
1793 4213 2044 4275 nomine
2073 4214 2440 4294 campsoriS,

904 4311 1062 4374 alter
1107 4307 1360 4370 nomine
1400 4307 1592 4368 solius
1633 4306 2096 4385 procuratoris,
2150 4325 2339 4387 quam
2381 4307 2443 4368 in

902 4404 1041 4465 aliis
1059 4402 1307 4464 casibus
1334 4399 1765 4477 suprapositis,
1798 4399 1861 4458 in
1892 4399 2119 4478 quibus
2147 4399 2439 4477 famuluS,

901 4496 1001 4559 vel
1030 4491 1443 4573 depositarius
1480 4496 1732 4567 emunt,
1765 4491 2075 4568 vendunt,
2107 4492 2208 4553 vel
2250 4510 2445 4572 nego-

899 4590 1137 4652 tiantur
1165 4604 1277 4646 suo
1308 4583 1583 4644 nomine.
1643 4585 1803 4643 Nam
1849 4583 1911 4643 in
1956 4583 2076 4644 boc
2122 4602 2274 4645 casu
2316 4602 2443 4645 non

898 4683 1202 4762 apparet,
1238 4676 1357 4739 nisi
1387 4676 1613 4737 solutio
1641 4676 1808 4736 sacta
1838 4675 2131 4737 creditori
2153 4722 2169 4753 ,
2205 4677 2303 4737 cui
2350 4681 2444 4738 ta-

897 4793 1044 4835 men
1072 4773 1448 4853 procuratur
1476 4786 1600 4829 non
1631 4785 1768 4843 suo,
1800 4767 1912 4828 sed
1942 4768 2304 4831 mandantis
2334 4788 2441 4831 no-

895 4868 1065 4930 mine
1095 4865 1300 4927 solvit.
1349 4861 1416 4923 Si
1442 4865 1655 4922 autem
1685 4860 1939 4922 nomine
1969 4861 2227 4923 alterius
2255 4862 2443 4924 solvit

896 4979 1002 5022 eas
1031 4958 1352 5040 pecunias,
1378 4953 1583 5015 eidem
1610 4953 1916 5015 resultare
1945 4954 2136 5016 debet
2162 4973 2440 5016 commo·

895 5054 1085 5130 dum,
1131 5051 1232 5114 vel
1259 5049 1560 5110 damnum
1617 5049 1821 5107 totum
1867 5046 2034 5108 illius
2087 5048 2434 5126 solutionis,

895 5148 1074 5226 cujus
1102 5143 1354 5205 nomine
1384 5144 1739 5202 contractus
1769 5139 1872 5200 ille
1896 5139 1989 5201 fit.

974 5237 1199 5300 Adhuc
1245 5238 1456 5296 tamen
1503 5231 1839 5293 dicendum
1871 5233 2122 5294 videtur
2161 5233 2436 5312 potuisse

894 5334 1368 5413 procuratorem
1398 5327 1631 5388 habere
1660 5326 1943 5387 animum
1969 5326 2256 5387 lucrandi
2286 5328 2428 5403 sibi,

894 5432 956 5490 et
984 5442 1109 5484 non
1156 5421 1411 5481 domino
1455 5420 1514 5478 in
1566 5418 1668 5478 illo
1699 5419 1945 5479 cambio
1976 5423 2296 5480 scutorum
2321 5465 2336 5495 ,
2371 5425 2435 5481 et

2549 417 2818 478 faciendi
2890 417 3210 497 duplicem
3272 424 3643 483 contractum
3699 423 3925 488 virtualem

2551 510 2728 583 Quod
2756 511 3090 590 dupliciter
3119 512 3416 592 explicari
3438 518 3653 593 posset
3705 516 3879 579 Primo
3907 542 3930 579 a

2550 602 2832 664 dicamus
2861 609 3332 681 procuratorem
3381 608 3647 687 accipere
3671 626 3706 667 a
3730 627 3933 690 eampser·

2549 700 2726 756 scuta
2765 696 2869 755 illa
2917 696 2980 755 in
3011 702 3272 776 argento
3302 706 3649 778 computata
3687 702 3933 782 singulm

2549 787 2730 850 Juliis
2758 792 2820 849 et
2848 788 3108 850 dimidio
3133 836 3149 865 ,
3216 791 3324 870 qui
3370 797 3458 852 est
3481 792 3653 852 valor
3688 800 3937 859 communi«.

2551 883 2614 940 et
2641 885 2858 959 postea
2885 899 2999 941 suo
3029 882 3282 942 nomine
3312 889 3479 944 scuta
3504 884 3646 959 illa,
3693 906 3746 963 q
3745 905 3805 945 ae
3826 890 3942 951 aee

2549 974 2671 1034 tori
2700 992 2738 1032 a
2765 990 3091 1051 campsore
3121 975 3420 1035 solvenda
3448 976 3640 1039 defert
3662 1024 3678 1054 ,
3716 996 3748 1037 a
3769 998 3870 1057 quae
3887 1000 3947 1040 ³2-

2549 1084 2660 1127 rea
2686 1066 2741 1126 ei
2772 1065 3080 1126 debentur
3101 1113 3116 1143 ,
3167 1072 3511 1146 permutare
3538 1086 3679 1129 cum
3705 1070 3813 1149 ipso
3833 1075 3946 1133 cred-

2552 1163 2709 1234 tore,
2742 1157 2954 1219 dando
2995 1159 3053 1219 ei
3082 1177 3193 1237 pro
3223 1160 3477 1239 singulis
3497 1162 3684 1222 scutis
3711 1167 3791 1222 l-l.
3816 1165 3948 1227 Julius„

2553 1256 2616 1312 et
2642 1251 2970 1312 retinendo
3000 1252 3118 1312 sibi
3145 1252 3390 1313 lucrum
3412 1273 3479 1313 ex
3502 1255 3607 1315 illa
3635 1257 3862 1316 secunda
3880 1277 3953 1336 per·

2552 1344 2897 1406 mutatione
2935 1361 3049 1404 suo
3081 1346 3332 1405 nomine
3362 1345 3535 1407 facta.
3592 1348 3655 1409 Si
3700 1348 3836 1407 enim
3855 1356 3957 1409 sculi

2551 1451 2698 1497 vere
2727 1455 2918 1498 aurea
2947 1456 3325 1516 acampsore
3348 1445 3703 1517 procurator
3717 1442 3955 1519 acciptset,

2553 1529 2856 1608 potuisset
2897 1529 3147 1590 interim
3175 1548 3251 1590 ea
3295 1549 3438 1592 cum
3463 1533 3730 1609 pecuniis
3754 1537 3957 1611 argenteis

2552 1626 2932 1702 permutare,
2966 1626 3028 1682 et
3057 1622 3299 1682 solvere
3329 1624 3595 1685 creditor
3621 1625 3682 1685 in
3703 1627 3959 1703 argentoia-

2552 1718 2647 1775 sto
2676 1714 2911 1790 valore,
2944 1718 3008 1775 et
3033 1714 3363 1775 retinendo
3394 1716 3507 1775 sibi
3525 1716 3758 1776 lucrum
3774 1736 3834 1776 ex
3847 1719 3960 1795 priori

2551 1806 3008 1886 permutatione
3058 1826 3071 1867 :
3122 1807 3407 1869 similiter
3451 1827 3594 1887 ergo
3649 1810 3840 1888 poten‘t
3874 1810 3962 1870 dare

2553 1900 2848 1961 creditori
2891 1899 3189 1976 pecunias
3236 1906 3562 1978 argenteas
3588 1948 3604 1977 ,
3651 1903 3965 1981 quibnsseula

2552 2010 2743 2053 aurea
2785 1990 2995 2052 debita
3043 2010 3187 2051 cum
3217 1992 3350 2071 ipso
3405 1998 3705 2071 permutet
3727 2011 3819 2053 suo
3842 1996 3963 2053 nomi-

2555 2102 2632 2144 ne
2650 2131 2666 2159 ,
2714 2089 2778 2146 et
2804 2083 3074 2144 retinere
3102 2084 3222 2144 sibi
3249 2085 3493 2145 lucrum
3522 2105 3591 2146 ex
3632 2087 3727 2146 illa
3753 2092 3968 2165 permuls-

2551 2178 2721 2239 tione
2751 2182 3055 2238 secutum.
3110 2177 3223 2237 Hic
3255 2181 3469 2238 tamen
3496 2178 3732 2254 modus,
3759 2185 3813 2239 ut
3834 2196 3967 2237 verum

2552 2270 2770 2345 fatear,
2804 2268 3170 2329 difficultate
3200 2287 3325 2329 non
3356 2276 3527 2332 caret
3552 2271 3609 2330 in
3642 2272 3798 2348 praxi
3833 2292 3844 2330 :
3880 2271 3969 2348 qnia

2553 2362 2805 2442 quando
2833 2362 3103 2422 famulus
3133 2362 3226 2422 vel
3260 2369 3626 2439 procurator
3653 2369 3781 2424 ante
3803 2362 3969 2422 solutio-

2554 2473 2697 2515 nem
2726 2473 2869 2516 cum
2915 2454 3039 2515 alio
3084 2458 3506 2533 permutasset
3543 2475 3754 2516 aureos
3779 2460 3971 2531 acceptus

2551 2567 2663 2627 pro
2678 2547 3013 2627 argenteis,
3035 2565 3159 2607 non
3178 2553 3512 2626 permutat,
3533 2549 3645 2608 nisi
3656 2547 3970 2609 consentiente

2551 2646 2615 2702 et
2641 2644 2861 2720 sponte
2890 2639 3138 2700 volente
3166 2640 3412 2701 lucrum
3441 2640 3589 2701 illud
3618 2640 3784 2700 dare:
3809 2640 3972 2719 quando

2552 2739 2762 2794 autem
2790 2750 2902 2793 suo
2933 2732 3184 2792 nomine
3212 2732 3403 2793 vellet
3441 2752 3583 2794 cum
3613 2734 3739 2811 ipso
3764 2732 3974 2792 creditore
4042 2740 4044 2771 ¹

2549 2827 2908 2904 permutare
2933 2843 3160 2885 aureos
3188 2824 3436 2886 debitos
3462 2845 3574 2904 pro
3603 2824 3972 2906 quatuordeeim
4045 2840 4046 2869 ¹

2548 2920 2581 2980 J
2591 2918 2728 2979 uliis
2756 2963 2772 2992 ,
2807 2935 2931 2977 non
2961 2918 3209 2978 videtur
3237 2918 3514 2979 creditor
3542 2919 3856 2979 consentire
3874 2916 3975 2977 suffi-
4047 2938 4048 2967 ι

2549 3013 2788 3073 cienter
2813 3010 2877 3069 in
2907 3009 3056 3070 illud
3088 3010 3328 3071 lucrum
3391 3031 3405 3072 :
3466 3030 3591 3072 non
3637 3013 3788 3072 enim
3825 3011 3866 3071 ei
3886 3009 3976 3068 dicit
4049 3038 4050 3067 l

2549 3107 2943 3182 p1·ocurator;
2977 3103 3108 3180 Ego
3137 3109 3395 3180 paratus
3424 3122 3563 3165 sum
3593 3106 3669 3164 ad
3700 3101 3978 3163 (landumti-
4051 3136 4052 3155 η

2548 3198 2608 3258 1)1
2640 3197 2919 3258 debitum
2951 3196 3014 3255 in
3043 3214 3218 3272 auro,
3244 3196 3354 3256 sed
3385 3198 3695 3275 significat
3719 3197 3857 3277 quod
3877 3212 3975 3256 catn-

2549 3307 2696 3369 psor
2722 3289 2853 3366 ipse
2877 3335 2893 3364 ,
2939 3289 3046 3367 qui
3075 3293 3169 3349 est
3197 3288 3560 3368 principalis
3590 3290 3844 3362 debitor,
3886 3286 3978 3347 nolit

2547 3398 2772 3442 aureos
2804 3379 2919 3439 nisi
2949 3398 3061 3458 pro
3095 3384 3193 3444 ¹4.
3224 3381 3406 3443 Juliis
3435 3389 3805 3460 computare,
3831 3387 3878 3442 et
3895 3397 3976 3439 ere·

2547 3473 2712 3535 ditor
2754 3473 2836 3534 ad
2867 3473 3152 3534 vitandas
3194 3475 3631 3536 contentiones
3675 3474 3920 3536 consentit
3945 3472 3980 3529 in

2547 3566 2722 3626 illum
2749 3566 3050 3640 valorem,
3085 3584 3207 3626 non
3239 3585 3661 3629 consensurus
3687 3569 3732 3629 si
3758 3564 3981 3628 scii-etde-

2546 3659 2894 3720 debitorem
2924 3659 3064 3738 plus
3093 3658 3372 3733 dedisse;
3423 3678 3622 3739 quare
3670 3680 3780 3722 non
3816 3658 3983 3718 videtur

2546 3756 2767 3830 sponte
2795 3751 2907 3812 sed
2937 3751 3237 3832 deceptus
3264 3753 3620 3814 consentire
3641 3801 3656 3829 ,
3689 3770 3858 3833 neque
3878 3750 3982 3810 enin

2546 3843 2738 3904 habet
2782 3844 3067 3905 animum
3114 3843 3385 3905 faciendi
3415 3847 3898 3922 permutationem
3917 3859 3984 3900 no-

2545 3954 2690 3997 vam
2735 3936 3021 4015 pecunia».
3070 3935 3187 3997 sibi
3235 3955 3272 3996 a
3318 3936 3606 3999 debitore
3655 3940 3801 4000 datae
3823 3955 3908 4016 pro
3927 3933 3985 3992 his

2545 4028 3022 4109 quatuordecim
3049 4028 3366 4108 argenteis
3391 4075 3407 4106 ,
3448 4029 3578 4090 imo
3610 4032 3660 4090 si
3693 4036 3844 4092 scuta
3863 4041 3986 4086 auree

2543 4121 2663 4182 sibi
2691 4121 3011 4197 darentur,
3043 4121 3325 4182 nolletea
3345 4139 3458 4199 pro
3489 4122 3912 4202 quatuordecim
3930 4136 3987 4177 ar·

2541 4215 2784 4293 genteis
2813 4218 3195 4292 permutare.

2624 4307 2891 4367 Facilius
2920 4324 3092 4385 erg0‚
3124 4311 3188 4367 et
3212 4307 3435 4368 melius
3465 4308 3586 4368 dici
3622 4309 3858 4371 fortasse
3879 4309 3986 4385 pote

2541 4401 2623 4460 rit
2673 4398 2965 4459 addendo
3022 4398 3256 4478 aliquid
3307 4400 3388 4461 ad
3446 4400 3727 4478 primum
3787 4401 3982 4465 modum,
4013 4443 4053 4487 Η

2543 4495 3014 4570 procuratorem
3057 4491 3233 4551 illum
3279 4510 3462 4571 posse
3515 4493 3634 4554 boc
3661 4487 3988 4556 lucrumreti-
4025 4508 4053 4539 ε

2543 4602 2690 4645 nere
2720 4584 2840 4644 alia
2867 4584 3010 4661 via,
3070 4602 3297 4663 nempe
3346 4586 3725 4664 accipiendo
3750 4590 3988 4665 argentum

2540 4676 2692 4738 illud
2721 4694 2797 4736 ex
2828 4676 3109 4755 pecuniis
3155 4677 3513 4737 mandantis
3536 4724 3552 4753 ,
3614 4685 3679 4740 et
3711 4700 3780 4740 ex
3805 4679 3907 4758 ejus
3927 4690 3988 4732 w

2538 4770 2778 4831 luntate
2825 4770 2942 4830 sibi
2991 4769 3119 4848 jam
3152 4775 3298 4832 nota
3328 4772 3757 4849 computando
3784 4776 3991 4852 quatuor·

2541 4862 2747 4922 decim
2773 4863 2807 4924 J
2816 4862 2994 4935 ulioS,
3029 4867 3093 4923 et
3120 4862 3452 4923 dimidium
3479 4883 3595 4942 pro
3616 4859 3991 4944 singulisscutis

2540 4954 2621 5014 ad
2649 4955 3016 5016 solvendum
3045 4955 3326 5017 debitum
3349 5002 3365 5032 ,
3417 4961 3482 5017 et
3526 4958 3708 5018 simul
3763 4965 3904 5038 pacto
3923 4955 3990 5013 im·

2538 5048 2750 5127 plicito
2780 5066 3097 5109 assumere
3127 5048 3242 5108 sibi
3275 5049 3576 5127 pecunias
3606 5051 3751 5112 illas
3766 5070 3877 5112 cum
3898 5063 3992 5108 one-

2536 5160 2605 5203 re
2633 5140 2916 5203 solvendi
2946 5141 3096 5202 illud
3142 5141 3458 5217 debitum,
3511 5144 3833 5206 retinendo
3854 5149 3989 5204 tamen

2537 5234 2655 5296 sibi
2684 5252 2761 5294 ex
2787 5234 3108 5295 voluntate
3150 5240 3544 5313 praesumpta
3595 5236 3857 5316 ejusdem
3879 5251 3992 5294 man-

2535 5327 2741 5389 dantis
2769 5327 3130 5389 facultatem
3159 5327 3239 5387 ad
3267 5326 3651 5390 solutionem
3695 5331 3780 5392 ita
3803 5330 3906 5410 ejus
3925 5345 3992 5386 no·

2533 5419 2701 5480 mine
2726 5420 3104 5486 faciendam.
3131 5424 3201 5479 ut
3223 5419 3420 5499 possit
3437 5420 3580 5499 ejus
3610 5423 3796 5484 etiam
3821 5427 3992 5485 nomine
