4263 6376
723 1704 800 1763 (55

667 1828 879 1873 Sententia

679 1886 876 1927 auctoris.

976 319 1093 377 628

977 494 1218 556 dustria
1263 494 1503 555 occulto
1544 492 1758 555 vendit
1808 494 1886 553 ad
1932 493 2097 554 hunc
2145 495 2355 570 finem,
2400 494 2509 555 sed

979 588 1230 667 quando
1260 588 1415 648 emis
1461 587 1539 647 ab
1587 586 1689 647 illo
1737 605 1924 666 quem
1974 587 2095 648 scis
2138 587 2511 647 defraudare

974 682 1132 741 velle
1174 681 1506 757 gabellam.
1563 680 1834 741 Probant
1886 685 2118 757 autem,
2179 680 2512 759 quiaillud

977 791 1098 835 non
1131 777 1225 834 est
1252 792 1408 834 onus
1437 773 1522 834 ita
1550 773 1717 833 reale
1761 773 2013 833 affixum
2070 773 2405 849 mercibuS,
2443 779 2513 835 ut

977 866 1266 946 princeps
1296 865 1586 927 habuerit
1605 866 1739 945 jam
1785 866 2131 927 dominium
2179 867 2508 941 mercium,

973 960 1083 1020 sed
1115 958 1192 1019 ad
1223 977 1537 1019 summum
1565 978 1807 1020 merces
1837 962 2045 1021 lerunt
2073 978 2284 1020 secum
2315 958 2512 1037 hypo-

971 1052 1221 1112 thecam
1251 1070 1363 1130 pro
1391 1052 1637 1130 gabella
1667 1053 1966 1113 solvenda
2000 1073 2013 1114 :
2047 1053 2126 1113 ad
2161 1053 2279 1113 hoc
2300 1058 2510 1113 tamen

974 1145 1163 1207 debet
1191 1145 1325 1205 sieri
1368 1146 1649 1206 excussio
1696 1146 1759 1206 in
1805 1146 1985 1206 bonis
2031 1146 2398 1221 venditoris,
2450 1150 2514 1207 et

972 1238 1265 1299 intentari
1320 1239 1482 1299 actio
1539 1243 1753 1299 contra
1809 1239 1974 1316 ipsas
2029 1238 2505 1318 hypothecataS.

973 1334 1110 1392 Non
1168 1349 1315 1409 ergo
1372 1335 1618 1392 tenetur
1673 1336 1939 1411 emptor,
1983 1351 2099 1392 nec
2126 1332 2370 1393 ratione
2420 1332 2510 1392 rei

973 1430 1269 1504 acceptae,
1306 1443 1444 1504 quoe
1492 1442 1616 1485 non
1660 1430 1795 1486 erat
1841 1426 1956 1486 sub
2000 1425 2276 1485 dominio
2318 1425 2507 1503 regie,

973 1517 1084 1578 sed
1140 1517 1503 1594 venditori8‚
1553 1536 1664 1579 nec
1721 1519 1909 1580 etiam
1964 1517 2206 1579 ratione
2264 1517 2510 1597 injustae

972 1611 1372 1691 acceptionis,

1053 1707 1184 1783 Ego
1215 1705 1497 1766 existimo
1529 1704 1855 1784 imprimis,
1891 1707 2239 1783 emptorem
2269 1723 2342 1765 ex
2391 1705 2509 1765 hoc

972 1799 1174 1876 capite
1205 1817 1327 1858 non
1360 1797 1658 1875 obligari:
1690 1798 1940 1877 quando
1969 1797 2218 1875 gabella
2246 1797 2387 1858 talis
2416 1802 2511 1859 est

971 1896 1041 1953 ut
1068 1891 1293 1952 debeat
1320 1891 1473 1952 solvi
1507 1892 1567 1950 in
1598 1891 1978 1951 conscientia
2006 1891 2209 1951 solum
2255 1892 2506 1970 quando

967 1984 1220 2064 petitur,
1282 1989 1344 2045 et
1388 1983 1521 2043 haec
1564 2002 1687 2044 non
1735 1984 2000 2044 debetur
2044 1983 2105 2042 in
2156 2001 2229 2044 eo
2273 2003 2421 2045 casu
2469 2003 2507 2044 a

967 2077 1312 2152 venditore,
1372 2077 1489 2136 nisi
1536 2081 1783 2154 petatur
1824 2095 1860 2135 a
1902 2076 2266 2154 gabellar10‚
2311 2096 2503 2156 quare

966 2170 1277 2231 fraudatio
1308 2170 1411 2230 illa
1440 2189 1563 2229 non
1588 2170 1705 2230 erit
1734 2170 1966 2230 illicita.
1995 2170 2056 2230 Si
2087 2189 2234 2230 vero
2255 2172 2503 2249 gabello.

964 2269 1058 2324 est
1087 2263 1227 2324 talis
1256 2269 1325 2324 ut
1353 2263 1579 2323 debeat
1621 2263 1829 2322 offerri
1877 2262 2065 2322 etiam
2109 2281 2234 2323 non
2280 2264 2496 2343 petita,

964 2357 1062 2416 vel
1091 2360 1256 2417 certe
1287 2374 1407 2416 non
1430 2356 1941 2433 possitoccultari
1967 2375 2041 2416 ex
2071 2356 2400 2432 industria,
2423 2376 2500 2418 ne

964 2450 1260 2525 solvatur,
1313 2453 1461 2509 tunc
1517 2448 2028 2527 distinguendum
2081 2454 2204 2520 est;
2249 2469 2392 2510 nam
2448 2451 2498 2511 si

963 2546 1211 2620 emptor
1240 2546 1615 2620 cooperatur
1642 2542 1965 2602 suadendo
2016 2546 2084 2603 ut
2141 2543 2250 2603 fiat
2292 2541 2354 2602 in
2397 2562 2497 2604 oc-

962 2636 1150 2711 culto,
1171 2634 1305 2713 jam
1336 2635 1653 2696 concurrit
1677 2635 1943 2712 positive
1981 2639 2042 2695 et
2087 2635 2496 2697 determinate

961 2727 1041 2787 ad
1069 2729 1484 2789 retentionem
1513 2728 1604 2787 rei
1630 2727 1872 2803 alienae‚
1905 2732 2094 2806 atque
2142 2727 2282 2789 ideo
2330 2733 2498 2790 tene·

957 2821 1128 2882 bitur
1153 2821 1429 2882 secundo
1458 2821 1618 2896 locO,
1652 2839 1774 2882 non
1803 2820 2168 2881 restituente
2186 2822 2319 2900 ipso
2351 2840 2497 2881 ven-

959 2914 1183 2990 ditore,
1218 2918 1280 2975 et
1306 2914 1366 2973 id
1399 2914 1686 2974 concedit
1713 2931 2003 2991 expresse
2050 2913 2220 2973 idem
2261 2914 2491 2975 Sanch.

960 3027 1020 3068 n.
1056 3011 1114 3069 5.
1151 3008 1214 3068 Si
1244 3025 1394 3067 vero
1442 3011 1812 3084 cooperatur
1843 3006 2046 3065 solum
2067 3007 2492 3082 materialiter,

959 3101 1432 3179 qu‹1tenusipse
1480 3103 1791 3160 secretum
1843 3117 1965 3159 non
2014 3105 2333 3177 procurat,
2386 3100 2497 3160 sed

956 3194 1281 3254 venditore
1342 3194 1612 3254 intrante
1643 3193 1898 3253 domum
1955 3193 2089 3272 ejus
2126 3199 2390 3269 secret0,
2437 3199 2499 3256 et

957 3289 1254 3347 offerente
1311 3286 1566 3365 aliquid,
1631 3287 1763 3366 ipse
1827 3291 2114 3365 acceptet
2190 3292 2252 3349 et
2303 3294 2491 3364 emat,

956 3381 1158 3441 sciens
1186 3381 1360 3440 illum
1389 3380 1545 3439 velle
1577 3380 1663 3439 ita
1694 3380 1988 3455 vendere,
2024 3385 2091 3441 ut
2133 3399 2256 3441 non
2297 3381 2497 3443 solvat

953 3474 1288 3551 gabellam,
1323 3473 1455 3552 ipse
1487 3473 1717 3533 Sanch.
1754 3473 1926 3545 dicit,
1977 3473 2146 3533 illam
2192 3492 2315 3534 non
2359 3492 2493 3536 esse

952 3567 1478 3646 cooperationem,
1502 3565 1650 3645 quia
1669 3571 1914 3644 emptor
1941 3585 2065 3626 non
2094 3572 2490 3645 cooperatur,

952 3661 1062 3721 sed
1091 3679 1263 3720 mere
1293 3659 1538 3738 passive
1586 3677 1651 3718 se
1695 3658 1905 3733 habet,
1938 3658 2099 3719 sicut
2137 3659 2497 3738 qui-recipit

949 3758 1413 3813 sacramentum
1444 3770 1478 3811 a
1508 3751 1789 3811 ministro
1813 3751 2111 3812 existente
2143 3751 2204 3811 in
2235 3757 2492 3829 peccato

948 3845 1195 3906 mortali
1228 3848 1447 3924 parato
1479 3845 1761 3905 conferre
1799 3844 2195 3915 cuicumque.
2236 3845 2360 3906 Sed
2399 3850 2492 3906 ta-

947 3958 1091 3999 men
1122 3938 1241 3999 hoc
1270 3956 1394 3999 non
1421 3941 1543 3999 stat
1563 3937 1816 3998 omnino
1838 3955 1952 3997 cun

948 4031 1091 4093 dem
1124 4031 1351 4093 Sanch.
1380 4030 1485 4091 lib.
1522 4047 1563 4090 1.
1599 4030 1658 4089 in
1686 4028 1869 4090 decal.
1893 4047 1947 4090 c.

947 4124 1052 4185 ubi
1085 4144 1227 4185 cum
1256 4122 1570 4185 communi
1601 4122 1806 4198 docet,
1838 4123 1952 4181 muss

947 4218 1337 4296 urgentiores
1374 4235 1594 4278 causas
1639 4215 1873 4295 requiri
1935 4236 1952 4275 ε

948 4329 1114 4387 eum,
1162 4311 1265 4391 qui
1297 4310 1474 4371 alteri
1517 4312 1892 4387 cooperatur
1930 4328 1952 4368 ε

948 4422 1091 4464 nem
1122 4422 1195 4463 ex
1223 4422 1288 4463 se
1327 4403 1785 4463 indifferentem
1835 4402 1913 4461 ad

943 4496 1149 4572 stitiae,
1209 4500 1271 4557 ct
1316 4496 1377 4555 in
1429 4495 1730 4555 damnum
1792 4495 1952 4557 tertii

946 4589 1238 4668 peccatiS,
1266 4606 1405 4668 quae
1436 4607 1560 4648 non
1580 4593 1725 4649 sunt
1755 4587 1813 4647 in
1840 4588 1952 4648 dan

941 4683 1104 4744 illius
1146 4684 1348 4744 solum
1396 4681 1897 4760 cuicooperariS.
1933 4686 1952 4747 (

944 4776 1177 4855 emptio
1208 4776 1312 4836 illa
1342 4794 1467 4836 non
1517 4775 1598 4836 sit
1639 4776 1952 4852 cooperati

942 4871 1052 4930 sed
1078 4869 1286 4930 adhuc
1315 4869 1699 4945 indifferens,
1734 4869 1882 4947 quia
1931 4888 1952 4928 a

2146 318 2247 378 DE
2289 317 2643 379 JUSTITIA
2691 317 2791 378 ΕΤ
2833 318 3032 380 JURE

2612 499 3071 555 sacramentum
3094 495 3173 555 ab
3202 493 3467 574 indigno,
3495 498 3574 557 vel
3599 500 3660 559 ad
3696 521 3764 560 οιι

2611 592 2901 649 mutuum
2932 588 3047 648 sub
3079 589 3306 648 usuris,

2692 683 2781 741 Ex
2811 700 2884 741 eo
2915 686 3125 742 autem
3154 682 3426 760 praecise,
3451 685 3589 762 quod
3613 687 3736 746 scias

2611 794 2745 834 rem
2775 794 2898 835 non
2930 775 3208 851 solvisse,
3242 776 3341 836 vel
3373 795 3478 836 non
3519 779 3757 840 solutura».

2610 867 2761 942 lam,
2795 868 3046 946 quando
3078 868 3134 928 ei
3166 868 3332 928 nullo
3360 869 3523 930 modo
3556 889 3762 951 cooper«

2612 961 2861 1022 videtur
2915 961 3224 1022 sententia
3279 961 3503 1022 illorum
3547 969 3769 1026 auctoru.

2613 1072 2735 1113 non
2766 1054 3035 1114 tenearis
3090 1055 3331 1115 solvere
3374 1061 3594 1134 propter
3628 1076 3753 1117 meri

2613 1146 2851 1222 emisti,
2934 1147 3081 1226 quia
3136 1147 3285 1207 illud
3346 1167 3455 1208 non
3503 1154 3582 1210 est
3632 1168 3753 1210 onus

2610 1239 2801 1300 reale.
2836 1242 3048 1319 Neque
3073 1240 3299 1314 obstat,
3320 1240 3469 1321 quod
3489 1259 3668 1302 emens
3683 1244 3768 1302 sru-

2613 1332 2763 1392 dum
2794 1332 3137 1393 decimatos
3165 1333 3387 1394 debeat
3411 1334 3619 1395 solvere
3658 1335 3764 1396 deci

2613 1426 2840 1502 clesiae‚
2875 1430 2945 1486 ut
2971 1425 3288 1504 colligitur
3313 1446 3382 1486 ex
3409 1445 3457 1488 c.
3491 1425 3617 1488 Cum
3661 1449 3748 1489 non

2610 1519 2781 1594 mine,
2840 1517 2911 1578 de
2951 1517 3204 1595 decimis,
3256 1519 3413 1598 quia,
3463 1523 3525 1580 ut
3585 1523 3770 1581 notar„

2613 1630 2672 1671 n.
2707 1615 2805 1672 74.
2838 1610 2896 1670 id
2930 1612 3197 1690 speciale
3229 1616 3320 1672 est
3344 1612 3401 1671 in
3430 1612 3655 1672 decimis
3684 1632 3754 1691 pn

2611 1704 2815 1764 clesiae
2846 1709 3171 1780 statutum,
3205 1724 3343 1785 quae
3370 1706 3551 1784 potuit
3574 1706 3703 1766 illud
3744 1738 3748 1754 ·

2610 1797 2756 1856 nino
2787 1798 2954 1857 reale
2985 1798 3215 1874 lacere,
3250 1800 3334 1859 ita
3371 1803 3434 1858 ut
3467 1817 3593 1859 cum
3621 1799 3750 1859 fruct

2606 1896 2885 1953 transeat
2911 1891 2992 1952 ad
3023 1909 3469 1970 quemcumque
3489 1909 3746 1970 possessoi

2604 1983 2669 2043 in
2698 1983 2944 2044 tributis
2972 1984 3206 2045 factum
3235 2002 3349 2043 non
3393 1987 3497 2044 est.

2689 2076 2886 2155 Major
2914 2081 3125 2155 posset
3154 2095 3288 2137 esse
3304 2076 3607 2136 difficultas
3633 2075 3698 2135 de
3715 2077 3767 2153 jl.

2603 2188 2684 2230 no
2716 2174 2972 2249 propter
2999 2169 3204 2246 legem
3232 2187 3415 2230 xxxu.
3445 2169 3530 2231 tit.
3577 2185 3685 2230 xlx.
3710 2168 3761 2227 li':

2600 2282 2695 2323 vae
2725 2262 2980 2341 recopil.
3042 2281 3232 2341 quam
3279 2264 3451 2322 affert
3500 2261 3701 2323 Sanch.
3756 2282 3761 2315 1

2600 2356 2964 2435 praecipitur
3009 2357 3296 2435 emptori,
3349 2355 3506 2434 quod
3556 2353 3773 2415 retinen·

2599 2450 2782 2528 pretii
2831 2468 2943 2528 pro
2999 2449 3300 2510 solvenda
3347 2448 3578 2526 gabella
3613 2446 3697 2507 del
3732 2454 3778 2502 a?

2600 2561 2725 2603 non
2755 2546 2996 2604 constet
3023 2561 3060 2603 a
3088 2543 3407 2603 venditore
3450 2542 3688 2603 solutam
3736 2560 3776 2598 «ῳ»

2599 2639 2739 2713 pter
2767 2654 2906 2714 quae
2936 2635 3131 2714 aliqui
3158 2635 3460 2710 dixerunt,
3501 2639 3761 2711 emptorei

2598 2728 2805 2803 faciat,
2840 2729 3071 2789 debere
3105 2729 3446 2803 restituere,
3478 2727 3615 2807 quia
3649 2734 3782 2803 emp⁴

2596 2821 2784 2881 batur
2808 2821 2889 2881 ad
2916 2821 2978 2881 id
3007 2822 3251 2882 ratione
3282 2820 3463 2882 officii
3515 2818 3620 2878 sibi
3647 2817 3802 2895 impa-

2597 2918 2807 2975 autem
2838 2914 3162 2992 negligens
3191 2917 3286 2975 est
3339 2914 3399 2973 in
3442 2931 3546 2973 suo
3594 2911 3766 2972 officio

2598 3008 2677 3067 ad
2740 3007 3040 3067 damnum
3088 3012 3369 3069 secutum
3402 3027 3415 3067 :
3448 3006 3572 3084 ipse
3622 3010 3795 3065 tamor

2597 3105 2785 3179 negat
2812 3100 2999 3161 talem
3023 3099 3464 3178 obligationem
3490 3096 3811 3158 conscienfi‘·

2594 3194 2721 3269 illa,
2754 3198 2887 3254 tum
2910 3194 3059 3273 quia
3089 3213 3214 3254 non
3245 3197 3338 3254 est
3366 3211 3475 3253 usu
3503 3195 3747 3269 recepta,
3783 3197 3811 3228 ⁴·

2594 3286 2915 3348 videretur
2952 3286 3208 3365 injusta,
3243 3284 3568 3364 obligando
3621 3287 3810 3360 emptu·

2596 3380 2676 3440 sit
2704 3380 2880 3458 quasi
2911 3380 3197 3440 minister
3223 3376 3536 3457 gabellarii
3558 3376 3705 3435 nullo
3724 3392 3809 3434 arv

2594 3473 2845 3551 pendio,
2881 3478 2944 3535 et
2987 3491 3134 3533 cum
3187 3472 3365 3552 gravi
3419 3470 3757 3531 detrimento
3808 3487 3815 3493 ·

2595 3566 2742 3644 quia
2769 3566 3133 3628 venditores
3161 3565 3436 3645 graviter
3463 3563 3521 3623 id
3551 3563 3773 3634 ferrent,
3803 3587 3810 3610 ι

2594 3663 2760 3720 ctam
2789 3659 3054 3720 fortasse
3083 3662 3427 3733 sumerent,
3463 3660 3523 3717 et
3551 3654 3682 3735 quia
3708 3671 3820 3712 emi,

2592 3756 2865 3827 noceret,
2892 3771 3037 3812 cum
3054 3769 3274 3812 omnes
3303 3750 3583 3827 fugerent
3609 3765 3678 3806 ne
3702 3745 3798 3823 ipsi

2591 3844 2958 3904 venderent.

941 4966 1148 5042 potest
1175 4964 1417 5024 solvere
1443 4961 1780 5040 gabellam,
1815 4962 1867 5021 si
1904 4982 1952 5022 v<

936 5055 1331 5128 satisfacere3
1368 5055 1581 5133 negari
1604 5058 1813 5114 tamen
1864 5073 1952 5115 no]

937 5147 1016 5209 sit
1045 5148 1255 5227 aliqua
1285 5148 1665 5226 cooperatio,
1691 5166 1834 5207 cum
1856 5167 1952 5208 sec

937 5243 1168 5303 serviat
1195 5241 1529 5316 venditori,
1566 5245 1633 5302 ut
1658 5242 1854 5320 possit
1880 5240 1952 5302 ab

933 5335 1131 5397 tinere
1162 5336 1279 5395 sibi
1307 5334 1618 5413 gabellam
1650 5333 1946 5395 debitam.

932 5429 1144 5505 credo,
1181 5429 1455 5507 aliquam
1487 5427 1841 5505 graviorem
1873 5445 1952 5487 ca·

931 5522 983 5583 ri
1014 5541 1088 5581 ex
1119 5525 1295 5601 parte
1329 5521 1651 5600 emptoriS‚
1687 5539 1873 5600 quam
1921 5540 1952 5578 a
