4263 6376
1189 401 1659 463 mSPU'rA'rlo
1705 402 1977 478 XXXIV,
2026 403 2299 464 SECTIO
2343 405 2447 466 IV.

178 573 265 632 ad
300 573 606 655 iniquum
639 577 972 638 electorem
996 623 1011 651 ,
1063 594 1184 638 non
1214 579 1579 640 restituente
1611 579 1744 659 ipso

177 665 419 745 inique
471 669 693 745 electo,
752 670 860 748 qui
914 671 1215 730 damnum
1270 673 1471 750 magis
1525 674 1749 732 imme-

178 758 365 819 diate
411 761 594 822 dedit
626 783 640 821 :
672 763 798 822 imo
846 763 1184 841 aliquando
1233 763 1465 825 elector
1505 764 1747 826 tenebi-

176 857 311 924 tur,
346 859 429 914 ut
458 854 730 915 diximus
752 902 768 931 ,
819 857 1021 934 primo
1063 856 1198 917 loco
1230 858 1482 936 quando
1512 858 1746 919 electus

177 944 568 1022 ignorantia
596 949 939 1009 invincibili
989 950 1233 1029 putavit
1271 969 1337 1010 se
1377 951 1637 1028 dignum
1684 954 1748 1012 et

179 1037 540 1115 idoneum,
598 1045 661 1102 et
698 1041 832 1103 sine
871 1043 1126 1122 propria
1156 1044 1338 1122 culpa
1365 1045 1545 1123 gravi
1573 1045 1745 1105 dam-

178 1149 345 1190 num
379 1132 543 1193 illud
572 1134 779 1196 intulit
821 1135 1035 1214 inepta
1080 1137 1175 1195 sui
1203 1137 1480 1198 muneris
1509 1138 1748 1199 exerci-

178 1225 468 1287 tatione.

265 1320 599 1380 Caeterum
642 1321 977 1382 difficultas
1020 1340 1155 1383 esse
1196 1325 1400 1401 potest
1442 1323 1520 1384 de
1565 1323 1745 1384 malis

177 1411 467 1471 alterius
519 1413 765 1489 generis
800 1434 813 1474 :
847 1414 1115 1475 diximus
1169 1416 1336 1475 enim
1393 1435 1608 1495 supra,
1669 1435 1745 1476 ex

103 1505 128 1587 ξ
178 1501 573 1582 hujusmodi
603 1504 902 1566 electione
931 1508 1109 1586 sequi
1138 1509 1439 1569 damnum
1468 1527 1744 1570 commu-

103 1664 128 1692 s
180 1614 285 1669 ne,
324 1601 652 1675 quatenus
683 1616 805 1657 non
838 1600 1224 1677 praemiando
1249 1600 1495 1677 merita,
1522 1602 1630 1660 sed
1651 1605 1747 1662 at-

176 1687 524 1749 tendendo
553 1689 633 1749 ad
663 1707 835 1767 opes,
871 1690 949 1750 ad
978 1692 1356 1769 amicitiam,
1392 1699 1454 1755 et
1478 1693 1561 1753 ad
1590 1693 1744 1754 alios

176 1785 552 1858 respectuS,
567 1781 980 1861 languescunt
991 1783 1553 1846 studialitterarum
1568 1791 1630 1848 et
1640 1787 1745 1847 bo-

174 1891 427 1932 narum
461 1874 711 1951 artium,
745 1876 970 1936 crescit
995 1877 1273 1937 studium
1303 1878 1741 1939 accumulandi

174 1985 362 2044 opeS,
403 1968 792 2045 procurandi
817 1968 1027 2029 media
1056 1969 1176 2029 alia
1198 1971 1277 2031 ad
1302 1970 1657 2049 dignitateS,
1681 1976 1744 2033 et

175 2059 304 2119 hac
338 2060 682 2120 occasione
729 2064 1134 2123 succrescunt
1163 2062 1333 2122 varia
1359 2063 1527 2124 mala
1556 2063 1618 2122 in
1648 2082 1741 2124 re-

172 2151 475 2230 publica,
493 2152 642 2213 dum
672 2154 861 2214 etiam
889 2172 1012 2215 non
1033 2154 1383 2233 seliguntur
1397 2155 1735 2234 digniores,

174 2245 294 2304 sed
323 2244 517 2323 digni
547 2264 711 2325 saepe
753 2248 1087 2325 eliguntur,
1122 2266 1391 2326 quorum
1421 2249 1739 2328 negligen-

170 2339 268 2398 tia
299 2338 413 2398 vel
458 2338 695 2399 malitia
739 2339 1093 2418 respublica
1147 2340 1519 2419 gravissima
1574 2342 1740 2402 mala

168 2432 456 2510 patitur.
490 2430 696 2502 Quaeri
726 2450 876 2510 ergo
902 2436 1128 2511 potest,
1165 2434 1418 2512 quando
1449 2452 1523 2494 ex
1554 2435 1738 2514 culpa

167 2523 488 2584 electoris
515 2524 651 2584 haec
691 2528 753 2585 et
796 2525 1024 2604 similia
1078 2525 1313 2585 damna
1364 2517 1757 2603 evenerunt‚'

167 2616 391 2695 qualis
426 2617 734 2695 restitutio
773 2636 884 2697 pro
930 2618 1047 2678 illis
1095 2618 1383 2679 facienda
1433 2619 1573 2679 est?
1618 2621 1736 2679 Re-

164 2709 561 2788 spondetur,
594 2711 944 2771 curandum
975 2712 1037 2770 in
1066 2711 1285 2790 primis
1317 2730 1451 2772 esse
1477 2758 1493 2786 ,
1543 2717 1614 2773 ut
1642 2712 1733 2772 ul-

166 2803 383 2862 terius
436 2820 558 2862 non
608 2803 1117 2881 progrediantur,
1179 2804 1289 2864 sed
1346 2805 1737 2884 extirpentur

165 2895 355 2971 vitia,
394 2895 451 2955 si
483 2914 623 2974 quae
652 2896 714 2954 in
744 2896 1065 2974 republica
1095 2897 1213 2957 hac
1243 2897 1574 2958 occasione
1597 2903 1734 2959 orta

163 2989 323 3063 sint,
364 2989 777 3048 reflorescant
803 2988 1330 3050 studiabonarum
1360 2990 1611 3066 artium,
1646 2991 1734 3050 in·

164 3081 480 3159 telligant
498 3098 737 3157 omneS,
764 3081 1217 3142 attendendum
1237 3082 1316 3141 ad
1338 3081 1582 3161 majora
1604 3101 1731 3143 me-

165 3176 296 3236 rita
330 3174 567 3236 saltem
588 3175 1006 3235 communiter
1033 3174 1094 3235 in
1125 3175 1555 3252 electionibuS,
1591 3195 1730 3256 quoe

190 3269 359 3330 item
396 3269 633 3327 damna
662 3269 724 3328 in
746 3269 927 3328 bonis
956 3268 1225 3329 fortunae
1252 3268 1370 3329 bac
1399 3270 1728 3330 occasione

165 3363 280 3422 alii
315 3363 558 3440 injuste
579 3360 746 3440 passi
789 3365 937 3421 sunt
974 3361 1397 3423 resarcienda.
1451 3364 1566 3422 Pro
1610 3363 1729 3422 illis

163 3473 357 3529 vero,
396 3472 541 3532 quae
562 3454 625 3512 in
651 3453 771 3513 alio
789 3453 1100 3514 bonorum
1119 3472 1353 3533 genere
1372 3455 1538 3532 passi
1559 3462 1724 3530 sunt,

163 3567 304 3609 non
338 3551 447 3607 est
480 3546 759 3625 pecuniis
804 3547 1378 3625 compensandum,
1431 3546 1610 3627 juxta
1654 3566 1730 3608 ea

163 3659 323 3720 quae
357 3639 635 3699 diximus
656 3644 913 3718 agentes
941 3639 1018 3699 de
1049 3639 1462 3715 restitutione,
1494 3640 1602 3699 sed
1624 3659 1728 3699 cu-

162 3734 465 3793 randum
495 3731 701 3811 quoad
730 3732 864 3791 fieri
908 3732 1174 3810 poterit,
1217 3733 1385 3811 quod
1413 3733 1473 3792 in
1505 3732 1727 3793 eodem

160 3844 425 3907 genere
453 3825 890 3886 resarciantur.
943 3828 1025 3887 Ut
1052 3825 1135 3901 si,
1168 3845 1228 3886 v.
1261 3844 1324 3904 g.
1368 3826 1446 3887 ob
1498 3825 1727 3904 eligen-

162 3922 290 3981 dos
324 3918 626 3995 indignos
654 3918 1031 3995 languerunt
1055 3918 1282 3994 studia,
1301 3922 1363 3979 ct
1377 3918 1728 3995 respublica

162 4011 493 4073 destituta
521 4015 614 4071 est
640 4011 790 4070 viris
815 4010 1036 4086 doctis,
1072 4014 1135 4070 et
1162 4010 1322 4089 aptis
1350 4010 1429 4070 ad
1457 4027 1596 4069 eam
1623 4029 1725 4070 ne-

161 4104 502 4178 cessat-iis,
536 4103 848 4181 oportebit
874 4103 1019 4163 huic
1048 4102 1216 4163 malo
1231 4102 1564 4162 subvenire
1593 4121 1728 4163 ere-

159 4200 290 4259 etis
322 4196 635 4274 collegiis,
669 4199 731 4255 et
760 4196 1035 4273 praemiis
1064 4196 1311 4274 magnis
1359 4196 1719 4274 propositis,

160 4306 463 4372 quorum
492 4306 602 4367 spe
628 4293 800 4348 certa
826 4289 1189 4349 reflorescat
1229 4288 1506 4349 studium
1534 4289 1726 4349 bona-

160 4401 321 4444 rum
346 4381 582 4441 artium
602 4426 617 4455 ,
650 4380 751 4440 vel
795 4380 848 4440 si
894 4381 1013 4441 boc
1042 4399 1166 4441 non
1194 4381 1460 4457 sufficit,
1495 4398 1726 4441 convo-

158 4494 324 4537 care
356 4471 613 4532 aliunde
642 4471 930 4534 doctores
957 4472 1232 4552 insignes
1252 4473 1351 4533 vel
1368 4473 1533 4534 viros
1550 4491 1724 4551 egre-

158 4569 339 4647 gios,
378 4565 491 4644 qui
520 4565 878 4643 reipublicae
923 4566 1238 4645 languidae
1286 4566 1535 4627 interim
1577 4567 1725 4626 sub-

158 4659 466 4720 veniant.
501 4660 636 4720 Uno
679 4658 903 4734 verbo,
953 4659 1163 4718 omnia
1216 4658 1322 4719 illa
1371 4658 1537 4718 mala
1583 4677 1722 4736 quae

158 4754 371 4831 culpa
404 4751 690 4812 electoris
719 4753 1133 4830 obrepserunt
1157 4798 1171 4827 ‚
1222 4751 1507 4829 ejusdem
1538 4751 1721 4811 indu-

156 4847 335 4909 stria
403 4848 468 4905 et
520 4845 806 4922 expensis
861 4844 1051 4905 etiam
1108 4844 1487 4906 eradicanda
1539 4849 1718 4917 sunt;

158 4940 329 5019 quia
363 4938 644 4998 naucleri
672 4937 1076 4997 dormitantia
1104 4955 1225 4997 non
1256 4937 1389 4998 sine
1408 4938 1585 5016 gravi
1601 4938 1724 4997 rei-

158 5032 455 5112 publicae
483 5030 784 5109 periculo,
799 5036 863 5091 et
881 5030 1111 5091 damno
1129 5030 1460 5109 contingit:
1488 5034 1720 5109 quanto

155 5124 442 5204 gravius
470 5124 605 5196 erit,
640 5122 894 5202 quando
927 5141 1048 5183 non
1077 5141 1154 5182 ex
1199 5124 1553 5201 ignorantia
1576 5168 1592 5198 ,
1621 5123 1721 5183 vel

158 5216 590 5297 negligentia,
624 5216 735 5277 sed
766 5216 1041 5277 studiose
1070 5221 1335 5291 erratur,
1378 5220 1440 5276 et
1465 5215 1721 5277 tradun-

153 5319 281 5375 tur
311 5309 747 5389 gubernacula
774 5309 1049 5387 indignis
1077 5314 1141 5371 et
1177 5309 1360 5369 caecis
1382 5355 1397 5384 ,
1444 5313 1515 5369 ut
1541 5309 1721 5387 quasi

156 5420 499 5467 coecorum
555 5402 749 5462 duces
802 5401 1098 5460 miseram
1144 5401 1597 5479 rempublicam
1651 5400 1716 5460 in

153 5495 493 5574 scopulus,
512 5498 571 5556 et
589 5494 934 5573 praecipitia
953 5493 1287 5554 deducant.
1313 5497 1486 5555 Hanc
1502 5497 1712 5554 autem

157 5589 630 5669 obligationem
661 5588 884 5649 eodem
914 5586 1101 5648 modo
1134 5605 1276 5648 cum
1307 5586 1710 5667 proportione

3262 407 3378 466 567

1848 578 2019 640 subit
2044 579 2326 658 privatus
2348 626 2364 655 ,
2398 580 2504 658 qui
2533 579 2853 642 renuntiat
2879 580 3136 659 indigno
3168 581 3384 660 culpa-

1843 672 2050 733 biliter
2077 691 2261 732 suum
2290 672 2585 733 officium.
2620 676 2715 734 An
2738 690 2910 749 vero,
2945 673 3051 752 qui
3072 673 3230 751 petit
3274 678 3384 734 aut

1844 769 2143 844 procurat
2165 766 2424 845 indigno
2455 766 2767 841 officium,
2801 767 2900 825 vel
2933 767 2987 826 ei
3019 784 3209 845 quem
3254 784 3380 826 non

1844 858 1960 919 scit
1987 859 2270 937 dignum,
2307 858 2497 919 habet
2524 858 2811 919 eamdem
2833 858 3206 919 restituendi
3228 858 3379 920 obli-

1843 951 2185 1029 gationem,
2220 953 2500 1012 dicemus
2527 951 2729 1030 magis
2758 971 2832 1012 ex
2861 952 3141 1032 professo
3173 952 3381 1031 dispu-

1842 1045 2076 1105 tatione
2105 1045 2415 1124 sequenti,
2449 1048 2705 1122 agentes
2724 1045 2803 1104 de
2820 1062 2916 1120 eo,
2943 1045 3050 1124 qui
3070 1045 3245 1123 petit,
3272 1048 3381 1106 aut

1843 1142 2138 1214 procurat
2163 1137 2419 1216 indigno
2462 1137 2836 1198 beneficium
2883 1137 3135 1215 aliquod
3183 1137 3380 1198 eccle-

1842 1230 2184 1292 siasticum.

1922 1322 2152 1384 Ultimo
2181 1327 2387 1401 potest
2413 1342 2488 1382 ex
2517 1322 2896 1398 venditione,
2919 1322 3019 1382 vel
3048 1322 3377 1384 collatione

1841 1694 2002 1755 dicio
2060 1712 2301 1764 eorum,
2355 1694 2459 1774 qui
2504 1693 2730 1754 similia
2783 1693 2989 1753 officia
3033 1692 3372 1753 habebant.

1841 1898 2014 1940 num.
2050 1883 2144 1940 10.
2182 1884 2245 1941 et
2273 1882 2339 1940 P.
2377 1879 2658 1941 Sancbez
2706 1879 2855 1939 dub.
2899 1895 3136 1939 xxxvn.
3173 1898 3278 1939 nu.
3310 1881 3371 1939 3.

1839 1976 2115 2052 Uterque
2143 1975 2355 2033 autem
2396 1990 2540 2032 cum
2584 1971 2755 2032 Tello
2805 1970 3169 2032 Fernandez
3199 1970 3371 2046 dicit,

1838 2085 2020 2144 posse
2049 2083 2266 2143 regem
2295 2082 2527 2142 augere
2558 2082 2891 2124 numerum
2934 2063 3370 2135 decurionum,

1839 2157 1944 2237 qui
1998 2158 2202 2219 solent
2256 2157 2444 2217 rebus
2500 2156 2967 2216 communitatis
3009 2156 3071 2215 in
3119 2155 3377 2215 urbibus

1839 2250 2129 2330 Hispanis
2158 2268 2449 2327 praeesse,
2493 2267 2694 2327 eaque
2725 2249 2929 2310 officia
2961 2248 3038 2308 de
3068 2265 3230 2309 novo
3262 2248 3378 2307 ad-

1838 2344 1971 2405 dita
1988 2343 2260 2403 vendere
2283 2343 2415 2402 sine
2433 2341 2660 2421 injuria
2677 2342 3085 2402 decurionum
3111 2340 3376 2419 praeexi-

1836 2438 2157 2512 stentium‚
2191 2436 2297 2515 qui
2329 2436 2536 2496 officia
2563 2435 2736 2513 prius
2764 2435 3118 2495 habuerant
3143 2434 3366 2512 gratis,

1835 2530 1933 2589 vel
1964 2529 2154 2590 etiam
2183 2528 2382 2607 pretio
2413 2546 2449 2587 a
2478 2545 2628 2604 rege
2657 2532 2889 2605 empta.
2940 2529 3133 2588 Secus
3162 2532 3373 2587 autem

1836 2623 1913 2682 de
1943 2621 2148 2682 officio
2177 2619 2638 2694 tabellionatnS,
2699 2619 2759 2678 in
2810 2636 2934 2698 quo
2980 2620 3032 2679 si
3075 2637 3373 2679 numerus

1835 2718 2160 2792 augeatur,
2195 2712 2499 2773 minuitur
2531 2712 2775 2771 lucrum
2807 2716 2870 2772 et
2891 2711 3122 2773 utilitas
3142 2711 3365 2786 inillis,

1834 2808 1940 2886 qui
1963 2808 2095 2885 jam
2128 2806 2299 2884 prius
2329 2804 2603 2864 officium
2636 2803 2785 2862 illud
2810 2822 2849 2864 a
2876 2822 3025 2882 rege
3053 2803 3152 2863 vel
3181 2821 3371 2881 repu-

1832 2900 1992 2960 blica
2022 2899 2298 2978 legitime
2340 2895 2663 2957 habebant
2695 2916 2708 2957 :
2745 2915 2941 2976 quare
2994 2896 3212 2974 augeri
3242 2913 3368 2955 non

1832 2992 2039 3067 debet,
2086 2990 2205 3050 nisi
2242 2991 2414 3069 justa
2454 3006 2640 3049 causa
2693 2988 3140 3063 intercedente,
3201 2992 3271 3048 ut
3317 2988 3370 3047 si

1829 3104 1992 3146 unus
2019 3084 2117 3144 vel
2149 3083 2272 3143 duo
2304 3100 2428 3143 non
2484 3082 2725 3161 possint
2779 3081 3108 3141 commode
3157 3080 3370 3140 omnia

1830 3177 2079 3257 negotia
2110 3181 2173 3238 et
2201 3177 2612 3237 instrumenta
2653 3174 2962 3236 conficere
2986 3221 3002 3251 ,
3047 3192 3168 3253 quo
3217 3192 3366 3234 casu

1829 3272 2067 3351 absque
2096 3269 2591 3349 praecedentium
2610 3268 2841 3349 injuria
2860 3286 3042 3348 posse
3073 3266 3219 3328 addi
3250 3272 3370 3327 ter-

1826 3364 2004 3439 tium,
2040 3363 2358 3422 affirmant
2384 3361 2563 3422 multi
2593 3379 2749 3441 quos
2775 3362 2960 3422 affert
2974 3359 3204 3423 Sanch.
3226 3359 3364 3422 loco

1827 3457 1931 3517 cit.

1906 3550 2036 3627 Ego
2065 3548 2129 3607 in
2162 3549 2281 3609 hoc
2325 3566 2475 3609 casu
2521 3551 2672 3627 puto
2723 3547 3120 3627 potissimum
3162 3550 3361 3607 atten-

1826 3642 2101 3702 dendum
2133 3641 2211 3700 ad
2242 3641 2361 3702 hoc
2385 3688 2400 3717 ,
2463 3660 2541 3701 an
2594 3641 3021 3721 praecedentes
3066 3640 3363 3700 officiales

1826 3733 2159 3795 habuerint
2185 3733 2283 3813 jus
2310 3734 2389 3795 ad
2407 3734 2824 3794 exclusionem
2846 3732 3100 3811 majoris
3117 3730 3360 3792 numeri

1825 3845 1901 3887 ex
1929 3830 2111 3906 pacto
2144 3827 2351 3906 aliquo
2402 3826 2691 3905 explicito
2723 3825 2820 3885 vel
2864 3824 3163 3902 implicito
3188 3872 3202 3897 ,
3234 3841 3359 3902 quo

1822 3920 1886 3979 in
1917 3937 2137 3978 eorum
2165 3918 2432 3996 gratiam
2479 3937 2585 3978 rex
2632 3916 2989 3996 promiserit
3028 3934 3360 3976 numerum

1825 4029 1949 4072 non
1998 4029 2254 4089 augere,
2309 4012 2450 4071 dico
2499 4010 2558 4069 in
2611 4027 2808 4068 eorum
2860 4009 3114 4089 qratiam
3135 4027 3161 4084 ‚·
3210 4008 3359 4087 quia

1825 4104 1993 4183 quod
2022 4104 2160 4183 lege
2191 4104 2400 4184 aliqua
2441 4106 2742 4165 statutum
2787 4102 2903 4177 sit,
2946 4106 3016 4162 ut
3059 4120 3359 4162 numerus

1824 4215 1947 4256 non
1971 4201 2279 4274 augeatur
2306 4197 2387 4257 ob
2415 4194 2920 4257 inconvenientia
2946 4213 3088 4273 quae
3119 4212 3192 4254 ex
3222 4213 3359 4255 ma-

1815 4289 1943 4368 jori
1973 4307 2234 4351 numero
2264 4290 2413 4350 oriri
2441 4292 2720 4368 possunt,
2755 4307 2879 4348 non
2919 4289 3029 4349 dat
3076 4288 3175 4368 jus
3215 4307 3359 4368 spe-

1823 4382 1978 4443 ciale
2009 4381 2181 4460 ipsiS,
2216 4401 2359 4443 cum
2391 4402 2512 4443 non
2544 4386 2804 4462 propter
2831 4382 2969 4442 illos
2992 4427 3008 4459 ,
3060 4381 3171 4442 sed
3215 4399 3356 4460 pro·

1821 4478 1961 4554 pter
1989 4475 2225 4536 bonum
2248 4494 2578 4536 commune
2621 4475 2681 4535 id
2727 4477 3036 4536 sancitum
3081 4476 3180 4536 sit.
3223 4477 3355 4536 Hoc

1820 4573 2033 4628 autem
2089 4572 2343 4647 pactum
2397 4570 2462 4629 in
2521 4586 2736 4629 eorum
2793 4569 3060 4647 gratiam
3114 4568 3355 4627 facilius

1821 4661 2113 4740 pra->sumi
2147 4666 2352 4739 potest
2379 4663 2443 4721 in
2471 4662 2912 4724 tabellionibus
2935 4707 2950 4738 ‚
2979 4666 3042 4723 et
3071 4660 3349 4736 notariiS,

1822 4755 1929 4834 qui
1957 4754 2232 4814 officium
2264 4755 2415 4815 illud
2461 4774 2499 4815 a
2549 4773 2692 4833 rege
2741 4754 2853 4815 sibi
2913 4758 3238 4829 emerunt,
3286 4758 3355 4813 ut

1824 4847 2032 4907 omnia
2063 4848 2314 4926 negotia
2357 4848 2605 4927 publica
2653 4847 2823 4925 apud
2852 4847 3019 4925 ipsos
3049 4847 3354 4907 deberent

1821 4939 2139 5019 expediri;
2177 4944 2238 5000 et
2266 4940 2406 5000 ideo
2438 4940 2725 5000 doctores
2763 4940 2849 5000 illi
2871 4939 3205 4999 discrimen
3228 4939 3352 4999 for-

1818 5039 1982 5094 tasse
2013 5037 2357 5111 posuerunt
2385 5033 2547 5093 inter
2581 5032 2717 5093 haec
2745 5032 2950 5093 officia
2978 5036 3040 5092 et
3065 5031 3351 5092 decurio·

1767 5116 1775 5127 ’
1819 5129 2023 5187 natus.
2056 5127 2144 5185 De
2173 5125 2415 5204 reliquo
2465 5125 2631 5185 enim
2673 5124 3069 5203 praecedente
3099 5123 3209 5185 tali
3239 5142 3350 5201 pa-

1817 5221 1942 5293 cto,
1977 5236 2100 5278 non
2130 5217 2315 5277 video
2345 5218 2681 5278 discrimen
2708 5217 2969 5294 alicujus
2993 5217 3293 5278 momenti
3328 5237 3343 5277 ε

1819 5328 1965 5371 nam
2018 5310 2165 5371 licet
2219 5297 2587 5371 decuriones
2645 5329 2770 5371 non
2826 5310 3067 5371 soleant
3120 5310 3348 5388 stipen-

1818 5403 2014 5478 dium,
2047 5403 2146 5463 vel
2178 5403 2670 5464 emolumentum
2699 5402 3182 5462 determinatum
3232 5419 3345 5481 pro

1816 5496 1947 5556 suis
1965 5495 2188 5556 officiis
2218 5496 2452 5555 habere
2481 5541 2496 5571 ,
2531 5496 2640 5556 sed
2689 5496 2890 5556 solum
2936 5495 3211 5556 habeant
3243 5495 3347 5574 jus

1813 5588 2091 5669 suffragii
2119 5588 2185 5648 in
2213 5592 2544 5665 conventu,
2571 5607 2681 5649 seu
2710 5588 2971 5650 concilio
3002 5588 3349 5651 communi-

1844 1416 2067 1476 horum
2107 1417 2456 1477 officiorum
2500 1415 2841 1495 aliquando
2890 1433 3024 1476 esse
3078 1415 3376 1494 obligatio
3453 1330 3697 1519 ,niteat

1841 1509 2230 1585 restituendi,
2264 1509 2516 1589 quando
2547 1528 2605 1569 v.
2641 1527 2735 1587 gr.
2766 1508 3056 1587 princeps
3102 1508 3180 1568 de
3214 1526 3376 1569 novo
3440 1522 3724 1617 mffiffigjn-

1843 1602 2117 1662 officium
2147 1602 2298 1662 illud
2329 1602 2461 1662 sine
2493 1621 2685 1663 causa
2734 1605 2924 1680 auget
2959 1619 3103 1661 cum
3149 1600 3380 1679 proeju-
3428 1615 3722 1712 dssuh'ffigffssa

3455 1722 3687 1764 officialium

1842 1790 2038 1859 Quem
2075 1805 2293 1847 casum
2323 1787 2640 1864 attingunt
2678 1787 2955 1847 breviter
2985 1788 3050 1846 P.
3088 1788 3377 1865 vasquez
3479 1777 3676 1831 priomm.
