<?xml version="1.0" encoding="UTF-8"?>
<!DOCTYPE html PUBLIC "-//W3C//DTD XHTML 1.0 Transitional//EN"
    "http://www.w3.org/TR/xhtml1/DTD/xhtml1-transitional.dtd">
<html xmlns="http://www.w3.org/1999/xhtml" xml:lang="en" lang="en">
 <head>
  <title>
</title>
<meta http-equiv="Content-Type" content="text/html;charset=utf-8" />
  <meta name='ocr-system' content='tesseract 3.04.00' />
  <meta name='ocr-capabilities' content='ocr_page ocr_carea ocr_par ocr_line ocrx_word'/>
</head>
<body>
  <div class='ocr_page' id='page_1' title='image "./joannisdelugodi00lugogoog_0040.png"; bbox 0 0 4263 6376; ppageno 0'>
   <div class='ocr_carea' id='block_1_1' title="bbox 705 199 2744 268">
    <p class='ocr_par' dir='ltr' id='par_1_1' title="bbox 705 199 2744 268">
     <span class='ocr_line' id='line_1_1' title="bbox 705 199 2744 268; baseline -0.004 0"><span class='ocrx_word' id='word_1_1' title='bbox 705 209 786 268; x_wconf 85' lang='lat'><strong>30</strong></span> <span class='ocrx_word' id='word_1_2' title='bbox 1861 200 1964 261; x_wconf 74' lang='lat' dir='ltr'><strong>DE</strong></span> <span class='ocrx_word' id='word_1_3' title='bbox 2004 199 2362 261; x_wconf 79' lang='lat' dir='ltr'><strong>JUS&#39;rl&#39;rlA</strong></span> <span class='ocrx_word' id='word_1_4' title='bbox 2404 200 2505 260; x_wconf 82' lang='grc' dir='ltr'><strong>ΕΤ</strong></span> <span class='ocrx_word' id='word_1_5' title='bbox 2546 200 2744 262; x_wconf 77' lang='lat' dir='ltr'>JURE</span> 
     </span>
    </p>
   </div>
   <div class='ocr_carea' id='block_1_2' title="bbox 699 377 2238 1293">
    <p class='ocr_par' dir='ltr' id='par_1_2' title="bbox 699 377 2238 1293">
     <span class='ocr_line' id='line_1_2' title="bbox 699 377 2236 466; baseline -0.005 -21"><span class='ocrx_word' id='word_1_6' title='bbox 699 383 861 466; x_wconf 84' lang='lat' dir='ltr'><strong>jugi,</strong></span> <span class='ocrx_word' id='word_1_7' title='bbox 915 381 1023 462; x_wconf 89' lang='lat' dir='ltr'><strong>qui</strong></span> <span class='ocrx_word' id='word_1_8' title='bbox 1051 379 1442 442; x_wconf 77' lang='lat' dir='ltr'><strong>tantumdem</strong></span> <span class='ocrx_word' id='word_1_9' title='bbox 1483 398 1523 440; x_wconf 89' lang='lat' dir='ltr'><strong>a</strong></span> <span class='ocrx_word' id='word_1_10' title='bbox 1568 379 1834 458; x_wconf 84' lang='lat' dir='ltr'><strong>conjuge</strong></span> <span class='ocrx_word' id='word_1_11' title='bbox 1862 377 2026 439; x_wconf 92' lang='lat' dir='ltr'><strong>dono</strong></span> <span class='ocrx_word' id='word_1_12' title='bbox 2058 396 2236 438; x_wconf 90' lang='lat' dir='ltr'><strong>acce-</strong></span> 
     </span>
     <span class='ocr_line' id='line_1_3' title="bbox 706 471 2237 556; baseline -0.004 -18"><span class='ocrx_word' id='word_1_13' title='bbox 706 476 818 556; x_wconf 88' lang='lat' dir='ltr'><strong>pit,</strong></span> <span class='ocrx_word' id='word_1_14' title='bbox 853 474 1093 536; x_wconf 85' lang='lat' dir='ltr'><strong>etiamsi</strong></span> <span class='ocrx_word' id='word_1_15' title='bbox 1124 473 1360 535; x_wconf 90' lang='lat' dir='ltr'><strong>donum</strong></span> <span class='ocrx_word' id='word_1_16' title='bbox 1389 472 1591 551; x_wconf 90' lang='lat' dir='ltr'><strong>ipsum</strong></span> <span class='ocrx_word' id='word_1_17' title='bbox 1621 471 2126 549; x_wconf 85' lang='lat' dir='ltr'><strong>consumpsisset,</strong></span> <span class='ocrx_word' id='word_1_18' title='bbox 2174 475 2237 532; x_wconf 92' lang='lat' dir='ltr'><strong>et</strong></span> 
     </span>
     <span class='ocr_line' id='line_1_4' title="bbox 708 563 2233 648; baseline -0.004 -19"><span class='ocrx_word' id='word_1_19' title='bbox 708 570 863 631; x_wconf 86' lang='lat' dir='ltr'><strong>alter</strong></span> <span class='ocrx_word' id='word_1_20' title='bbox 889 566 1118 648; x_wconf 84' lang='lat' dir='ltr'><strong>conjux</strong></span> <span class='ocrx_word' id='word_1_21' title='bbox 1143 570 1470 627; x_wconf 84' lang='lat' dir='ltr'><strong>servasset.</strong></span> <span class='ocrx_word' id='word_1_22' title='bbox 1539 563 1907 642; x_wconf 90' lang='lat' dir='ltr'><strong>Respondeo</strong></span> <span class='ocrx_word' id='word_1_23' title='bbox 1956 563 2122 623; x_wconf 88' lang='lat' dir='ltr'><strong>enim</strong></span> <span class='ocrx_word' id='word_1_24' title='bbox 2170 563 2233 623; x_wconf 90' lang='lat' dir='ltr'><strong>id</strong></span> 
     </span>
     <span class='ocr_line' id='line_1_5' title="bbox 707 656 2235 738; baseline -0.006 -14"><span class='ocrx_word' id='word_1_25' title='bbox 707 681 829 724; x_wconf 91' lang='lat' dir='ltr'><strong>non</strong></span> <span class='ocrx_word' id='word_1_26' title='bbox 859 661 994 723; x_wconf 87' lang='lat' dir='ltr'><strong>fieri</strong></span> <span class='ocrx_word' id='word_1_27' title='bbox 1046 679 1122 720; x_wconf 82' lang='lat' dir='ltr'><strong>ex</strong></span> <span class='ocrx_word' id='word_1_28' title='bbox 1172 677 1245 719; x_wconf 91' lang='lat' dir='ltr'><strong>eo</strong></span> <span class='ocrx_word' id='word_1_29' title='bbox 1293 657 1460 738; x_wconf 89' lang='lat' dir='ltr'><strong>quod</strong></span> <span class='ocrx_word' id='word_1_30' title='bbox 1509 657 1763 718; x_wconf 88' lang='lat' dir='ltr'><strong>donatio</strong></span> <span class='ocrx_word' id='word_1_31' title='bbox 1792 656 1896 716; x_wconf 90' lang='lat' dir='ltr'><strong>illa</strong></span> <span class='ocrx_word' id='word_1_32' title='bbox 1941 656 2235 716; x_wconf 77' lang='lat' dir='ltr'><strong>sustineri</strong></span> 
     </span>
     <span class='ocr_line' id='line_1_6' title="bbox 707 749 2234 830; baseline -0.005 -14"><span class='ocrx_word' id='word_1_33' title='bbox 707 754 1043 829; x_wconf 83' lang='lat' dir='ltr'><strong>debuisset,</strong></span> <span class='ocrx_word' id='word_1_34' title='bbox 1078 771 1151 814; x_wconf 92' lang='lat' dir='ltr'><strong>eo</strong></span> <span class='ocrx_word' id='word_1_35' title='bbox 1170 751 1338 830; x_wconf 91' lang='lat' dir='ltr'><strong>quod</strong></span> <span class='ocrx_word' id='word_1_36' title='bbox 1358 749 1855 812; x_wconf 85' lang='lat' dir='ltr'><strong>remuneratoria</strong></span> <span class='ocrx_word' id='word_1_37' title='bbox 1884 753 2067 824; x_wconf 92' lang='lat' dir='ltr'><strong>esset,</strong></span> <span class='ocrx_word' id='word_1_38' title='bbox 2088 766 2234 809; x_wconf 88' lang='lat' dir='ltr'><strong>cum</strong></span> 
     </span>
     <span class='ocr_line' id='line_1_7' title="bbox 706 840 2228 927; baseline -0.007 -18"><span class='ocrx_word' id='word_1_39' title='bbox 706 866 871 927; x_wconf 86' lang='lat' dir='ltr'><strong>saepe</strong></span> <span class='ocrx_word' id='word_1_40' title='bbox 911 864 1034 907; x_wconf 90' lang='lat' dir='ltr'><strong>non</strong></span> <span class='ocrx_word' id='word_1_41' title='bbox 1061 844 1278 906; x_wconf 89' lang='lat' dir='ltr'><strong>fuisset</strong></span> <span class='ocrx_word' id='word_1_42' title='bbox 1313 842 1808 904; x_wconf 88' lang='lat' dir='ltr'><strong>remuneratoria</strong></span> <span class='ocrx_word' id='word_1_43' title='bbox 1851 845 1920 902; x_wconf 88' lang='lat' dir='ltr'><strong>ut</strong></span> <span class='ocrx_word' id='word_1_44' title='bbox 1943 840 2228 920; x_wconf 84' lang='lat' dir='ltr'><strong>probavi,</strong></span> 
     </span>
     <span class='ocr_line' id='line_1_8' title="bbox 706 934 2235 1017; baseline -0.006 -15"><span class='ocrx_word' id='word_1_45' title='bbox 706 940 816 1002; x_wconf 87' lang='lat' dir='ltr'><strong>sed</strong></span> <span class='ocrx_word' id='word_1_46' title='bbox 844 940 1095 1000; x_wconf 90' lang='lat' dir='ltr'><strong>omnino</strong></span> <span class='ocrx_word' id='word_1_47' title='bbox 1132 936 1428 1017; x_wconf 88' lang='lat' dir='ltr'><strong>gratuita,</strong></span> <span class='ocrx_word' id='word_1_48' title='bbox 1472 939 1535 997; x_wconf 89' lang='lat' dir='ltr'><strong>et</strong></span> <span class='ocrx_word' id='word_1_49' title='bbox 1576 940 1721 996; x_wconf 89' lang='lat' dir='ltr'><strong>ante</strong></span> <span class='ocrx_word' id='word_1_50' title='bbox 1762 935 1960 995; x_wconf 92' lang='lat' dir='ltr'><strong>ullum</strong></span> <span class='ocrx_word' id='word_1_51' title='bbox 1997 934 2235 994; x_wconf 90' lang='lat' dir='ltr'><strong>donum</strong></span> 
     </span>
     <span class='ocr_line' id='line_1_9' title="bbox 704 1025 2234 1111; baseline -0.006 -16"><span class='ocrx_word' id='word_1_52' title='bbox 704 1036 1031 1111; x_wconf 86' lang='lat' dir='ltr'><strong>acceptum</strong></span> <span class='ocrx_word' id='word_1_53' title='bbox 1046 1050 1062 1105; x_wconf 91' lang='lat'><em>;</em></span> <span class='ocrx_word' id='word_1_54' title='bbox 1081 1029 1192 1090; x_wconf 89' lang='lat' dir='ltr'><strong>sed</strong></span> <span class='ocrx_word' id='word_1_55' title='bbox 1205 1046 1425 1089; x_wconf 89' lang='lat' dir='ltr'><strong>revera</strong></span> <span class='ocrx_word' id='word_1_56' title='bbox 1441 1027 1842 1089; x_wconf 84' lang='lat' dir='ltr'><strong>donationem</strong></span> <span class='ocrx_word' id='word_1_57' title='bbox 1858 1028 2028 1087; x_wconf 84' lang='lat' dir='ltr'><strong>illam</strong></span> <span class='ocrx_word' id='word_1_58' title='bbox 2045 1025 2234 1087; x_wconf 86' lang='lat' dir='ltr'><strong>fuisse</strong></span> 
     </span>
     <span class='ocr_line' id='line_1_10' title="bbox 707 1119 2236 1200; baseline -0.006 -13"><span class='ocrx_word' id='word_1_59' title='bbox 707 1122 1233 1200; x_wconf 69' lang='lat' dir='ltr'><strong>invalida111‚.sive</strong></span> <span class='ocrx_word' id='word_1_60' title='bbox 1262 1119 1759 1182; x_wconf 87' lang='lat' dir='ltr'><strong>remuneratoria</strong></span> <span class='ocrx_word' id='word_1_61' title='bbox 1774 1124 1938 1182; x_wconf 84' lang='lat' dir='ltr'><strong>esset</strong></span> <span class='ocrx_word' id='word_1_62' title='bbox 1965 1120 2094 1179; x_wconf 89' lang='lat' dir='ltr'><strong>sive</strong></span> <span class='ocrx_word' id='word_1_63' title='bbox 2109 1136 2236 1179; x_wconf 90' lang='lat' dir='ltr'><strong>non</strong></span> 
     </span>
     <span class='ocr_line' id='line_1_11' title="bbox 706 1212 2238 1293; baseline -0.006 -14"><span class='ocrx_word' id='word_1_64' title='bbox 706 1221 890 1293; x_wconf 90' lang='lat' dir='ltr'><strong>esset,</strong></span> <span class='ocrx_word' id='word_1_65' title='bbox 942 1219 1178 1277; x_wconf 86' lang='lat' dir='ltr'><strong>attenta</strong></span> <span class='ocrx_word' id='word_1_66' title='bbox 1214 1212 1666 1293; x_wconf 87' lang='lat' dir='ltr'><strong>prohibitione;</strong></span> <span class='ocrx_word' id='word_1_67' title='bbox 1712 1230 1788 1272; x_wconf 84' lang='lat' dir='ltr'><strong>ex</strong></span> <span class='ocrx_word' id='word_1_68' title='bbox 1830 1212 2121 1291; x_wconf 84' lang='lat' dir='ltr'><strong>aequitate</strong></span> <span class='ocrx_word' id='word_1_69' title='bbox 2149 1215 2238 1272; x_wconf 87' lang='lat' dir='ltr'><strong>ta·</strong></span> 
     </span>
    </p>
   </div>
   <div class='ocr_carea' id='block_1_3' title="bbox 705 1304 2280 1389">
    <p class='ocr_par' dir='ltr' id='par_1_3' title="bbox 705 1304 2280 1389">
     <span class='ocr_line' id='line_1_12' title="bbox 705 1304 2280 1389; baseline -0.006 -17"><span class='ocrx_word' id='word_1_70' title='bbox 705 1330 851 1372; x_wconf 91' lang='lat' dir='ltr'><strong>men</strong></span> <span class='ocrx_word' id='word_1_71' title='bbox 879 1309 1321 1389; x_wconf 84' lang='lat' dir='ltr'><strong>imperatorem</strong></span> <span class='ocrx_word' id='word_1_72' title='bbox 1350 1305 1695 1367; x_wconf 86' lang='lat' dir='ltr'><strong>Adrianum</strong></span> <span class='ocrx_word' id='word_1_73' title='bbox 1724 1305 1982 1384; x_wconf 85' lang='lat' dir='ltr'><strong>speciali</strong></span> <span class='ocrx_word' id='word_1_74' title='bbox 2011 1304 2237 1383; x_wconf 80' lang='lat' dir='ltr'><strong>consti·</strong></span> <span class='ocrx_word' id='word_1_75' title='bbox 2266 1318 2280 1327; x_wconf 88' lang='lat'><strong>·</strong></span> 
     </span>
    </p>
   </div>
   <div class='ocr_carea' id='block_1_4' title="bbox 700 1397 2241 2133">
    <p class='ocr_par' dir='ltr' id='par_1_4' title="bbox 700 1397 2241 2133">
     <span class='ocr_line' id='line_1_13' title="bbox 700 1397 2235 1478; baseline -0.005 -12"><span class='ocrx_word' id='word_1_76' title='bbox 700 1404 941 1466; x_wconf 89' lang='lat' dir='ltr'><strong>tutione</strong></span> <span class='ocrx_word' id='word_1_77' title='bbox 971 1399 1344 1476; x_wconf 85' lang='lat' dir='ltr'><strong>decrevisse,</strong></span> <span class='ocrx_word' id='word_1_78' title='bbox 1379 1398 1548 1477; x_wconf 88' lang='lat' dir='ltr'><strong>quod</strong></span> <span class='ocrx_word' id='word_1_79' title='bbox 1574 1403 1915 1476; x_wconf 79' lang='lat' dir='ltr'><strong>negaretur</strong></span> <span class='ocrx_word' id='word_1_80' title='bbox 1942 1397 2235 1478; x_wconf 83' lang='lat' dir='ltr'><strong>repetitio</strong></span> 
     </span>
     <span class='ocr_line' id='line_1_14' title="bbox 705 1490 2237 1572; baseline -0.005 -14"><span class='ocrx_word' id='word_1_81' title='bbox 705 1500 770 1558; x_wconf 90' lang='lat' dir='ltr'><strong>in</strong></span> <span class='ocrx_word' id='word_1_82' title='bbox 796 1515 869 1558; x_wconf 93' lang='lat' dir='ltr'><strong>eo</strong></span> <span class='ocrx_word' id='word_1_83' title='bbox 899 1513 1070 1572; x_wconf 88' lang='lat' dir='ltr'><strong>casu,</strong></span> <span class='ocrx_word' id='word_1_84' title='bbox 1102 1497 1163 1554; x_wconf 90' lang='lat' dir='ltr'><strong>et</strong></span> <span class='ocrx_word' id='word_1_85' title='bbox 1190 1491 1445 1552; x_wconf 89' lang='lat' dir='ltr'><strong>daretur</strong></span> <span class='ocrx_word' id='word_1_86' title='bbox 1472 1491 1922 1569; x_wconf 82' lang='lat' dir='ltr'><strong>compensatio,</strong></span> <span class='ocrx_word' id='word_1_87' title='bbox 1954 1490 2037 1552; x_wconf 85' lang='lat' dir='ltr'><strong>ad</strong></span> <span class='ocrx_word' id='word_1_88' title='bbox 2068 1490 2237 1570; x_wconf 91' lang='lat' dir='ltr'><strong>quod</strong></span> 
     </span>
     <span class='ocr_line' id='line_1_15' title="bbox 707 1583 2238 1664; baseline -0.005 -13"><span class='ocrx_word' id='word_1_89' title='bbox 707 1587 1059 1651; x_wconf 88' lang='lat' dir='ltr'><strong>necessaria</strong></span> <span class='ocrx_word' id='word_1_90' title='bbox 1083 1585 1201 1647; x_wconf 85' lang='lat' dir='ltr'><strong>fuit</strong></span> <span class='ocrx_word' id='word_1_91' title='bbox 1235 1584 1519 1664; x_wconf 88' lang='lat' dir='ltr'><strong>specialis</strong></span> <span class='ocrx_word' id='word_1_92' title='bbox 1560 1583 1884 1663; x_wconf 83' lang='lat' dir='ltr'><strong>derogatio</strong></span> <span class='ocrx_word' id='word_1_93' title='bbox 1926 1583 2238 1663; x_wconf 87' lang='lat' dir='ltr'><strong>generalis</strong></span> 
     </span>
     <span class='ocr_line' id='line_1_16' title="bbox 708 1676 2239 1763; baseline -0.003 -21"><span class='ocrx_word' id='word_1_94' title='bbox 708 1678 1142 1763; x_wconf 85' lang='lat' dir='ltr'><strong>prohibitionis</strong></span> <span class='ocrx_word' id='word_1_95' title='bbox 1166 1724 1182 1753; x_wconf 94' lang='lat'><strong>,</strong></span> <span class='ocrx_word' id='word_1_96' title='bbox 1243 1695 1432 1758; x_wconf 88' lang='lat' dir='ltr'><strong>quam</strong></span> <span class='ocrx_word' id='word_1_97' title='bbox 1486 1678 1707 1738; x_wconf 89' lang='lat' dir='ltr'><strong>merito</strong></span> <span class='ocrx_word' id='word_1_98' title='bbox 1763 1679 1796 1739; x_wconf 88' lang='lat' dir='ltr'>J</span> <span class='ocrx_word' id='word_1_99' title='bbox 1806 1676 2239 1738; x_wconf 76' lang='lat' dir='ltr'><strong>ure-consultus</strong></span> 
     </span>
     <span class='ocr_line' id='line_1_17' title="bbox 708 1770 2238 1849; baseline -0.005 -13"><span class='ocrx_word' id='word_1_100' title='bbox 708 1775 930 1836; x_wconf 82' lang='lat' dir='ltr'><strong>fundat</strong></span> <span class='ocrx_word' id='word_1_101' title='bbox 993 1773 1055 1832; x_wconf 92' lang='lat' dir='ltr'><strong>in</strong></span> <span class='ocrx_word' id='word_1_102' title='bbox 1123 1770 1563 1833; x_wconf 88' lang='lat' dir='ltr'><strong>constitutione</strong></span> <span class='ocrx_word' id='word_1_103' title='bbox 1630 1770 1884 1849; x_wconf 84' lang='lat' dir='ltr'><strong>speciali</strong></span> <span class='ocrx_word' id='word_1_104' title='bbox 1954 1770 2238 1849; x_wconf 81' lang='lat' dir='ltr'><strong>praedicti</strong></span> 
     </span>
     <span class='ocr_line' id='line_1_18' title="bbox 708 1863 2241 1941; baseline -0.006 -10"><span class='ocrx_word' id='word_1_105' title='bbox 708 1865 987 1935; x_wconf 87' lang='lat' dir='ltr'><strong>Adriani.</strong></span> <span class='ocrx_word' id='word_1_106' title='bbox 1022 1866 1154 1924; x_wconf 90' lang='lat' dir='ltr'><strong>Hoc</strong></span> <span class='ocrx_word' id='word_1_107' title='bbox 1177 1868 1386 1923; x_wconf 89' lang='lat' dir='ltr'><strong>autem</strong></span> <span class='ocrx_word' id='word_1_108' title='bbox 1417 1881 1492 1923; x_wconf 86' lang='lat' dir='ltr'><strong>ex</strong></span> <span class='ocrx_word' id='word_1_109' title='bbox 1521 1864 1813 1941; x_wconf 63' lang='lat' dir='ltr'><strong>aequitate</strong></span> <span class='ocrx_word' id='word_1_110' title='bbox 1843 1863 2138 1941; x_wconf 87' lang='lat' dir='ltr'><strong>quadam,</strong></span> <span class='ocrx_word' id='word_1_111' title='bbox 2172 1867 2241 1923; x_wconf 90' lang='lat' dir='ltr'><strong>ut</strong></span> 
     </span>
     <span class='ocr_line' id='line_1_19' title="bbox 710 1954 2240 2037; baseline -0.005 -15"><span class='ocrx_word' id='word_1_112' title='bbox 710 1960 858 2037; x_wconf 83' lang='lat' dir='ltr'><strong>dixi,</strong></span> <span class='ocrx_word' id='word_1_113' title='bbox 905 1957 1188 2018; x_wconf 86' lang='lat' dir='ltr'><strong>additum</strong></span> <span class='ocrx_word' id='word_1_114' title='bbox 1219 1955 1333 2017; x_wconf 85' lang='lat' dir='ltr'><strong>fuit</strong></span> <span class='ocrx_word' id='word_1_115' title='bbox 1379 1975 1392 2016; x_wconf 76' lang='grc' dir='ltr'>ε</span> <span class='ocrx_word' id='word_1_116' title='bbox 1441 1974 1692 2034; x_wconf 82' lang='lat' dir='ltr'><strong>aequum</strong></span> <span class='ocrx_word' id='word_1_117' title='bbox 1734 1954 1901 2014; x_wconf 92' lang='lat' dir='ltr'><strong>enim</strong></span> <span class='ocrx_word' id='word_1_118' title='bbox 1941 1955 2059 2017; x_wconf 82' lang='grc'>1011</span> <span class='ocrx_word' id='word_1_119' title='bbox 2084 1955 2240 2034; x_wconf 88' lang='lat' dir='ltr'><strong>legis</strong></span> 
     </span>
     <span class='ocr_line' id='line_1_20' title="bbox 707 2047 2241 2133; baseline -0.004 -18"><span class='ocrx_word' id='word_1_120' title='bbox 707 2055 981 2133; x_wconf 89' lang='lat' dir='ltr'><strong>rigorem</strong></span> <span class='ocrx_word' id='word_1_121' title='bbox 1021 2054 1375 2128; x_wconf 87' lang='lat' dir='ltr'><strong>temperare</strong></span> <span class='ocrx_word' id='word_1_122' title='bbox 1425 2047 1486 2106; x_wconf 92' lang='grc'><strong>10</strong></span> <span class='ocrx_word' id='word_1_123' title='bbox 1529 2047 1650 2108; x_wconf 91' lang='lat' dir='ltr'><strong>hoc</strong></span> <span class='ocrx_word' id='word_1_124' title='bbox 1691 2066 1871 2123; x_wconf 87' lang='lat' dir='ltr'><strong>casu,</strong></span> <span class='ocrx_word' id='word_1_125' title='bbox 1917 2053 2049 2109; x_wconf 90' lang='lat' dir='ltr'><strong>tum</strong></span> <span class='ocrx_word' id='word_1_126' title='bbox 2092 2049 2241 2127; x_wconf 86' lang='lat' dir='ltr'><strong>quia</strong></span> 
     </span>
    </p>
   </div>
   <div class='ocr_carea' id='block_1_5' title="bbox 584 2140 2238 2228">
    <p class='ocr_par' dir='ltr' id='par_1_5' title="bbox 584 2140 2238 2228">
     <span class='ocr_line' id='line_1_21' title="bbox 584 2140 2238 2228; baseline -0.002 -21"><span class='ocrx_word' id='word_1_127' title='bbox 584 2152 588 2156; x_wconf 83' lang='lat'>&#39;</span> <span class='ocrx_word' id='word_1_128' title='bbox 710 2144 1110 2228; x_wconf 84' lang='lat' dir='ltr'><strong>gratitudinis</strong></span> <span class='ocrx_word' id='word_1_129' title='bbox 1127 2141 1388 2220; x_wconf 82' lang='lat' dir='ltr'><strong>aequitas</strong></span> <span class='ocrx_word' id='word_1_130' title='bbox 1410 2140 1721 2220; x_wconf 77' lang='lat' dir='ltr'><strong>exigebat,</strong></span> <span class='ocrx_word' id='word_1_131' title='bbox 1743 2159 1819 2199; x_wconf 90' lang='lat' dir='ltr'><strong>ne</strong></span> <span class='ocrx_word' id='word_1_132' title='bbox 1836 2140 1974 2219; x_wconf 85' lang='lat' dir='ltr'><strong>conj</strong></span> <span class='ocrx_word' id='word_1_133' title='bbox 1986 2161 2060 2200; x_wconf 84' lang='lat' dir='ltr'><strong>ux</strong></span> <span class='ocrx_word' id='word_1_134' title='bbox 2078 2142 2238 2203; x_wconf 85' lang='lat' dir='ltr'><strong>adeo</strong></span> 
     </span>
    </p>
   </div>
   <div class='ocr_carea' id='block_1_6' title="bbox 708 2232 2244 4728">
    <p class='ocr_par' dir='ltr' id='par_1_6' title="bbox 709 2232 2243 3603">
     <span class='ocr_line' id='line_1_22' title="bbox 712 2232 2238 2315; baseline -0.003 -14"><span class='ocrx_word' id='word_1_135' title='bbox 712 2244 927 2301; x_wconf 81' lang='lat' dir='ltr'><strong>exacte</strong></span> <span class='ocrx_word' id='word_1_136' title='bbox 973 2236 1208 2297; x_wconf 90' lang='lat' dir='ltr'><strong>donum</strong></span> <span class='ocrx_word' id='word_1_137' title='bbox 1265 2238 1573 2312; x_wconf 84' lang='lat' dir='ltr'><strong>repeteret</strong></span> <span class='ocrx_word' id='word_1_138' title='bbox 1610 2252 1647 2293; x_wconf 91' lang='lat' dir='ltr'><strong>a</strong></span> <span class='ocrx_word' id='word_1_139' title='bbox 1682 2232 1977 2312; x_wconf 86' lang='lat' dir='ltr'><strong>conjuge,</strong></span> <span class='ocrx_word' id='word_1_140' title='bbox 2035 2254 2075 2296; x_wconf 91' lang='lat' dir='ltr'><strong>a</strong></span> <span class='ocrx_word' id='word_1_141' title='bbox 2115 2254 2238 2315; x_wconf 89' lang='lat' dir='ltr'><strong>quo</strong></span> 
     </span>
     <span class='ocr_line' id='line_1_23' title="bbox 711 2327 2241 2405; baseline -0.005 -9"><span class='ocrx_word' id='word_1_142' title='bbox 711 2328 1101 2396; x_wconf 83' lang='lat' dir='ltr'><strong>tantumdem</strong></span> <span class='ocrx_word' id='word_1_143' title='bbox 1132 2327 1296 2388; x_wconf 90' lang='lat' dir='ltr'><strong>dono</strong></span> <span class='ocrx_word' id='word_1_144' title='bbox 1327 2330 1674 2404; x_wconf 88' lang='lat' dir='ltr'><strong>acceperat,</strong></span> <span class='ocrx_word' id='word_1_145' title='bbox 1711 2345 1833 2405; x_wconf 89' lang='lat' dir='ltr'><strong>quo</strong></span> <span class='ocrx_word' id='word_1_146' title='bbox 1868 2328 2241 2389; x_wconf 89' lang='lat' dir='ltr'><strong>anteceden-</strong></span> 
     </span>
     <span class='ocr_line' id='line_1_24' title="bbox 711 2419 2239 2499; baseline -0.004 -11"><span class='ocrx_word' id='word_1_147' title='bbox 711 2431 809 2488; x_wconf 85' lang='lat' dir='ltr'><strong>ter</strong></span> <span class='ocrx_word' id='word_1_148' title='bbox 863 2422 962 2484; x_wconf 87' lang='lat' dir='ltr'><strong>vel</strong></span> <span class='ocrx_word' id='word_1_149' title='bbox 1036 2424 1491 2498; x_wconf 89' lang='lat' dir='ltr'><strong>consequenter</strong></span> <span class='ocrx_word' id='word_1_150' title='bbox 1560 2419 1795 2479; x_wconf 89' lang='lat' dir='ltr'><strong>donum</strong></span> <span class='ocrx_word' id='word_1_151' title='bbox 1849 2420 1967 2499; x_wconf 91' lang='lat' dir='ltr'><strong>ipsi</strong></span> <span class='ocrx_word' id='word_1_152' title='bbox 2022 2421 2239 2482; x_wconf 90' lang='lat' dir='ltr'><strong>datum</strong></span> 
     </span>
     <span class='ocr_line' id='line_1_25' title="bbox 713 2511 2240 2597; baseline -0.003 -17"><span class='ocrx_word' id='word_1_153' title='bbox 713 2517 1230 2597; x_wconf 86' lang='lat' dir='ltr'><strong>compensaverat</strong></span> <span class='ocrx_word' id='word_1_154' title='bbox 1276 2530 1290 2571; x_wconf 75' lang='grc' dir='ltr'>ε</span> <span class='ocrx_word' id='word_1_155' title='bbox 1349 2515 1485 2572; x_wconf 91' lang='lat' dir='ltr'><strong>tum</strong></span> <span class='ocrx_word' id='word_1_156' title='bbox 1514 2511 1737 2588; x_wconf 88' lang='lat' dir='ltr'><strong>etiam,</strong></span> <span class='ocrx_word' id='word_1_157' title='bbox 1788 2513 1935 2592; x_wconf 86' lang='lat' dir='ltr'><strong>quia</strong></span> <span class='ocrx_word' id='word_1_158' title='bbox 1963 2513 2240 2594; x_wconf 88' lang='lat' dir='ltr'><strong>alioquin</strong></span> 
     </span>
     <span class='ocr_line' id='line_1_26' title="bbox 714 2604 2238 2685; baseline -0.004 -11"><span class='ocrx_word' id='word_1_159' title='bbox 714 2613 970 2674; x_wconf 87' lang='lat' dir='ltr'><strong>daretur</strong></span> <span class='ocrx_word' id='word_1_160' title='bbox 1000 2605 1245 2668; x_wconf 88' lang='lat' dir='ltr'><strong>oecasio</strong></span> <span class='ocrx_word' id='word_1_161' title='bbox 1275 2604 1529 2685; x_wconf 86' lang='lat' dir='ltr'><strong>conjugi</strong></span> <span class='ocrx_word' id='word_1_162' title='bbox 1569 2605 1803 2666; x_wconf 84' lang='lat' dir='ltr'><strong>volenti</strong></span> <span class='ocrx_word' id='word_1_163' title='bbox 1850 2607 2100 2684; x_wconf 88' lang='lat' dir='ltr'><strong>profuse</strong></span> <span class='ocrx_word' id='word_1_164' title='bbox 2130 2626 2238 2668; x_wconf 84' lang='lat' dir='ltr'><strong>ex-</strong></span> 
     </span>
     <span class='ocr_line' id='line_1_27' title="bbox 712 2696 2241 2786; baseline -0.003 -21"><span class='ocrx_word' id='word_1_165' title='bbox 712 2704 1010 2786; x_wconf 88' lang='lat' dir='ltr'><strong>pendere,</strong></span> <span class='ocrx_word' id='word_1_166' title='bbox 1068 2697 1441 2760; x_wconf 90' lang='lat' dir='ltr'><strong>conciliandi</strong></span> <span class='ocrx_word' id='word_1_167' title='bbox 1486 2696 1604 2758; x_wconf 91' lang='lat' dir='ltr'><strong>sibi</strong></span> <span class='ocrx_word' id='word_1_168' title='bbox 1650 2697 1931 2760; x_wconf 89' lang='lat' dir='ltr'><strong>animum</strong></span> <span class='ocrx_word' id='word_1_169' title='bbox 1985 2700 2241 2762; x_wconf 80' lang='lat' dir='ltr'><strong>alterius</strong></span> 
     </span>
     <span class='ocr_line' id='line_1_28' title="bbox 714 2790 2241 2877; baseline -0.003 -18"><span class='ocrx_word' id='word_1_170' title='bbox 714 2795 996 2877; x_wconf 87' lang='lat' dir='ltr'><strong>conjugis</strong></span> <span class='ocrx_word' id='word_1_171' title='bbox 1023 2790 1314 2853; x_wconf 89' lang='lat' dir='ltr'><strong>donando</strong></span> <span class='ocrx_word' id='word_1_172' title='bbox 1334 2790 1420 2850; x_wconf 88' lang='lat' dir='ltr'><strong>illi</strong></span> <span class='ocrx_word' id='word_1_173' title='bbox 1440 2808 1745 2869; x_wconf 87' lang='lat' dir='ltr'><strong>gemmas,</strong></span> <span class='ocrx_word' id='word_1_174' title='bbox 1778 2812 1836 2853; x_wconf 86' lang='lat' dir='ltr'><strong>v.</strong></span> <span class='ocrx_word' id='word_1_175' title='bbox 1861 2811 1925 2872; x_wconf 91' lang='lat' dir='ltr'><strong>g.</strong></span> <span class='ocrx_word' id='word_1_176' title='bbox 1953 2794 2052 2853; x_wconf 85' lang='lat' dir='ltr'><strong>vel</strong></span> <span class='ocrx_word' id='word_1_177' title='bbox 2072 2793 2241 2855; x_wconf 88' lang='lat' dir='ltr'><strong>bona</strong></span> 
     </span>
     <span class='ocr_line' id='line_1_29' title="bbox 712 2882 2240 2963; baseline -0.003 -12"><span class='ocrx_word' id='word_1_178' title='bbox 712 2886 1074 2962; x_wconf 82' lang='lat' dir='ltr'><strong>immobilia,</strong></span> <span class='ocrx_word' id='word_1_179' title='bbox 1129 2900 1269 2963; x_wconf 84' lang='lat' dir='ltr'><strong>quae</strong></span> <span class='ocrx_word' id='word_1_180' title='bbox 1299 2882 1535 2943; x_wconf 87' lang='lat' dir='ltr'><strong>sciebat</strong></span> <span class='ocrx_word' id='word_1_181' title='bbox 1581 2884 1659 2943; x_wconf 89' lang='lat' dir='ltr'><strong>ab</strong></span> <span class='ocrx_word' id='word_1_182' title='bbox 1688 2883 1822 2962; x_wconf 90' lang='lat' dir='ltr'><strong>ipso</strong></span> <span class='ocrx_word' id='word_1_183' title='bbox 1869 2903 2240 2947; x_wconf 87' lang='lat' dir='ltr'><strong>conservan-</strong></span> 
     </span>
     <span class='ocr_line' id='line_1_30' title="bbox 714 2975 2242 3058; baseline -0.001 -15"><span class='ocrx_word' id='word_1_184' title='bbox 714 2983 817 3058; x_wconf 89' lang='lat' dir='ltr'><strong>da,</strong></span> <span class='ocrx_word' id='word_1_185' title='bbox 868 2984 936 3040; x_wconf 91' lang='lat' dir='ltr'><strong>ut</strong></span> <span class='ocrx_word' id='word_1_186' title='bbox 961 2976 1050 3038; x_wconf 89' lang='lat' dir='ltr'><strong>sic</strong></span> <span class='ocrx_word' id='word_1_187' title='bbox 1078 2975 1157 3036; x_wconf 90' lang='lat' dir='ltr'><strong>ab</strong></span> <span class='ocrx_word' id='word_1_188' title='bbox 1187 2993 1260 3036; x_wconf 91' lang='lat' dir='ltr'><strong>eo</strong></span> <span class='ocrx_word' id='word_1_189' title='bbox 1290 2975 1454 3035; x_wconf 90' lang='lat' dir='ltr'><strong>dono</strong></span> <span class='ocrx_word' id='word_1_190' title='bbox 1496 2975 1683 3036; x_wconf 89' lang='lat' dir='ltr'><strong>etiam</strong></span> <span class='ocrx_word' id='word_1_191' title='bbox 1711 2977 2024 3056; x_wconf 87' lang='lat' dir='ltr'><strong>acciperet</strong></span> <span class='ocrx_word' id='word_1_192' title='bbox 2050 2998 2242 3057; x_wconf 88' lang='lat' dir='ltr'><strong>pecu-</strong></span> 
     </span>
     <span class='ocr_line' id='line_1_31' title="bbox 712 3068 2238 3152; baseline -0.003 -15"><span class='ocrx_word' id='word_1_193' title='bbox 712 3076 868 3151; x_wconf 87' lang='lat' dir='ltr'><strong>nias,</strong></span> <span class='ocrx_word' id='word_1_194' title='bbox 921 3069 1169 3152; x_wconf 91' lang='lat' dir='ltr'><strong>quasin</strong></span> <span class='ocrx_word' id='word_1_195' title='bbox 1216 3087 1361 3129; x_wconf 87' lang='lat' dir='ltr'><strong>suos</strong></span> <span class='ocrx_word' id='word_1_196' title='bbox 1391 3087 1536 3129; x_wconf 86' lang='lat' dir='ltr'><strong>usus</strong></span> <span class='ocrx_word' id='word_1_197' title='bbox 1565 3068 1812 3130; x_wconf 86' lang='lat' dir='ltr'><strong>interim</strong></span> <span class='ocrx_word' id='word_1_198' title='bbox 1853 3071 2104 3148; x_wconf 86' lang='lat' dir='ltr'><strong>profuse</strong></span> <span class='ocrx_word' id='word_1_199' title='bbox 2134 3091 2238 3132; x_wconf 86' lang='lat' dir='ltr'><strong>ex-</strong></span> 
     </span>
     <span class='ocr_line' id='line_1_32' title="bbox 712 3160 2242 3249; baseline -0.001 -20"><span class='ocrx_word' id='word_1_200' title='bbox 712 3167 1034 3249; x_wconf 86' lang='lat' dir='ltr'><strong>penderet,</strong></span> <span class='ocrx_word' id='word_1_201' title='bbox 1083 3167 1147 3225; x_wconf 91' lang='lat' dir='ltr'><strong>et</strong></span> <span class='ocrx_word' id='word_1_202' title='bbox 1171 3167 1388 3241; x_wconf 88' lang='lat' dir='ltr'><strong>postea</strong></span> <span class='ocrx_word' id='word_1_203' title='bbox 1433 3180 1750 3241; x_wconf 88' lang='lat' dir='ltr'><strong>gemmas,</strong></span> <span class='ocrx_word' id='word_1_204' title='bbox 1791 3160 1898 3225; x_wconf 66' lang='lat' dir='ltr'><strong>&#39;vel</strong></span> <span class='ocrx_word' id='word_1_205' title='bbox 1926 3164 2094 3226; x_wconf 89' lang='lat' dir='ltr'><strong>bona</strong></span> <span class='ocrx_word' id='word_1_206' title='bbox 2129 3166 2242 3227; x_wconf 90' lang='lat' dir='ltr'><strong>im-</strong></span> 
     </span>
     <span class='ocr_line' id='line_1_33' title="bbox 712 3255 2241 3339; baseline -0.001 -17"><span class='ocrx_word' id='word_1_207' title='bbox 712 3259 969 3323; x_wconf 85' lang='lat' dir='ltr'><strong>mobilia</strong></span> <span class='ocrx_word' id='word_1_208' title='bbox 1014 3256 1222 3318; x_wconf 90' lang='lat' dir='ltr'><strong>adhuc</strong></span> <span class='ocrx_word' id='word_1_209' title='bbox 1268 3255 1542 3316; x_wconf 87' lang='lat' dir='ltr'><strong>extantia</strong></span> <span class='ocrx_word' id='word_1_210' title='bbox 1595 3264 2037 3336; x_wconf 89' lang='lat' dir='ltr'><strong>recuperaret;</strong></span> <span class='ocrx_word' id='word_1_211' title='bbox 2098 3279 2241 3339; x_wconf 85' lang='lat' dir='ltr'><strong>quae</strong></span> 
     </span>
     <span class='ocr_line' id='line_1_34' title="bbox 712 3347 2243 3430; baseline -0.009 -14"><span class='ocrx_word' id='word_1_212' title='bbox 712 3353 962 3428; x_wconf 85' lang='lat' dir='ltr'><strong>astutia,</strong></span> <span class='ocrx_word' id='word_1_213' title='bbox 994 3353 1056 3411; x_wconf 90' lang='lat' dir='ltr'><strong>et</strong></span> <span class='ocrx_word' id='word_1_214' title='bbox 1081 3349 1251 3409; x_wconf 87' lang='lat' dir='ltr'><strong>fraus</strong></span> <span class='ocrx_word' id='word_1_215' title='bbox 1279 3353 1349 3409; x_wconf 90' lang='grc'><strong>01</strong></span> <span class='ocrx_word' id='word_1_216' title='bbox 1376 3347 1696 3426; x_wconf 82' lang='lat' dir='ltr'><strong>vitaretur,</strong></span> <span class='ocrx_word' id='word_1_217' title='bbox 1731 3368 1982 3430; x_wconf 84' lang='lat' dir='ltr'><strong>aequum</strong></span> <span class='ocrx_word' id='word_1_218' title='bbox 2007 3350 2123 3413; x_wconf 75' lang='lat' dir='ltr'><strong>suit,</strong></span> <span class='ocrx_word' id='word_1_219' title='bbox 2150 3371 2243 3413; x_wconf 72' lang='lat' dir='ltr'><strong>re.</strong></span> 
     </span>
     <span class='ocr_line' id='line_1_35' title="bbox 709 3444 2243 3528; baseline -0.002 -20"><span class='ocrx_word' id='word_1_220' title='bbox 709 3445 1176 3528; x_wconf 88' lang='lat' dir='ltr'><strong>petitionemeo</strong></span> <span class='ocrx_word' id='word_1_221' title='bbox 1207 3459 1355 3501; x_wconf 88' lang='lat' dir='ltr'><strong>casu</strong></span> <span class='ocrx_word' id='word_1_222' title='bbox 1381 3459 1644 3519; x_wconf 88' lang='lat' dir='ltr'><strong>negare,</strong></span> <span class='ocrx_word' id='word_1_223' title='bbox 1696 3446 1759 3504; x_wconf 89' lang='lat' dir='ltr'><strong>et</strong></span> <span class='ocrx_word' id='word_1_224' title='bbox 1786 3444 2243 3523; x_wconf 83' lang='lat' dir='ltr'><strong>compensatio-</strong></span> 
     </span>
     <span class='ocr_line' id='line_1_36' title="bbox 713 3536 1300 3603; baseline -0.015 0"><span class='ocrx_word' id='word_1_225' title='bbox 713 3558 856 3603; x_wconf 90' lang='lat' dir='ltr'><strong>nem</strong></span> <span class='ocrx_word' id='word_1_226' title='bbox 885 3536 1300 3599; x_wconf 86' lang='lat' dir='ltr'><strong>introducere.</strong></span> 
     </span>
    </p>

    <p class='ocr_par' dir='ltr' id='par_1_7' title="bbox 708 3625 2244 4728">
     <span class='ocr_line' id='line_1_37' title="bbox 789 3625 2234 3710; baseline -0.001 -17"><span class='ocrx_word' id='word_1_227' title='bbox 789 3632 1002 3706; x_wconf 84' lang='lat' dir='ltr'><strong>DiceS‚</strong></span> <span class='ocrx_word' id='word_1_228' title='bbox 1055 3645 1167 3688; x_wconf 91' lang='lat' dir='ltr'><strong>cur</strong></span> <span class='ocrx_word' id='word_1_229' title='bbox 1213 3644 1362 3705; x_wconf 89' lang='lat' dir='ltr'><strong>ergo</strong></span> <span class='ocrx_word' id='word_1_230' title='bbox 1405 3629 1624 3704; x_wconf 87' lang='lat' dir='ltr'><strong>postea</strong></span> <span class='ocrx_word' id='word_1_231' title='bbox 1663 3625 1727 3686; x_wconf 90' lang='lat' dir='ltr'><strong>in</strong></span> <span class='ocrx_word' id='word_1_232' title='bbox 1772 3628 2074 3705; x_wconf 82' lang='lat' dir='ltr'><strong>praedicta</strong></span> <span class='ocrx_word' id='word_1_233' title='bbox 2110 3630 2234 3710; x_wconf 88' lang='lat' dir='ltr'><strong>leg.</strong></span> 
     </span>
     <span class='ocr_line' id='line_1_38' title="bbox 715 3713 2244 3797; baseline -0.003 -9"><span class='ocrx_word' id='word_1_234' title='bbox 715 3713 863 3789; x_wconf 80' lang='lat' dir='ltr'><strong>Cum</strong></span> <span class='ocrx_word' id='word_1_235' title='bbox 889 3722 983 3784; x_wconf 76' lang='lat' dir='ltr'><strong>hic·</strong></span> <span class='ocrx_word' id='word_1_236' title='bbox 1000 3728 1205 3796; x_wconf 81' lang='lat' dir='ltr'><strong>status,</strong></span> <span class='ocrx_word' id='word_1_237' title='bbox 1239 3733 1456 3779; x_wconf 86' lang='lat' dir='ltr'><strong>xxx111.</strong></span> <span class='ocrx_word' id='word_1_238' title='bbox 1488 3736 1652 3779; x_wconf 82' lang='lat' dir='ltr'><strong>verS.</strong></span> <span class='ocrx_word' id='word_1_239' title='bbox 1688 3718 1855 3794; x_wconf 83' lang='lat' dir='ltr'><strong>Quod</strong></span> <span class='ocrx_word' id='word_1_240' title='bbox 1876 3721 1981 3797; x_wconf 81' lang='lat' dir='ltr'><strong>ait,</strong></span> <span class='ocrx_word' id='word_1_241' title='bbox 2015 3722 2244 3784; x_wconf 87' lang='lat' dir='ltr'><strong>dicitur</strong></span> 
     </span>
     <span class='ocr_line' id='line_1_39' title="bbox 709 3811 2242 3899; baseline -0.003 -18"><span class='ocrx_word' id='word_1_242' title='bbox 709 3837 891 3899; x_wconf 87' lang='lat' dir='ltr'><strong>posse</strong></span> <span class='ocrx_word' id='word_1_243' title='bbox 938 3813 1234 3876; x_wconf 88' lang='lat' dir='ltr'><strong>maritum</strong></span> <span class='ocrx_word' id='word_1_244' title='bbox 1280 3816 1565 3891; x_wconf 88' lang='lat' dir='ltr'><strong>repetere</strong></span> <span class='ocrx_word' id='word_1_245' title='bbox 1593 3811 1673 3871; x_wconf 91' lang='lat' dir='ltr'><strong>ab</strong></span> <span class='ocrx_word' id='word_1_246' title='bbox 1705 3812 2059 3876; x_wconf 84' lang='lat' dir='ltr'><strong>haeredibus</strong></span> <span class='ocrx_word' id='word_1_247' title='bbox 2090 3835 2242 3876; x_wconf 84' lang='lat' dir='ltr'><strong>uxo-</strong></span> 
     </span>
     <span class='ocr_line' id='line_1_40' title="bbox 709 3903 2242 3984; baseline -0.001 -12"><span class='ocrx_word' id='word_1_248' title='bbox 709 3912 794 3972; x_wconf 88' lang='lat' dir='ltr'><strong>ris</strong></span> <span class='ocrx_word' id='word_1_249' title='bbox 834 3910 1068 3970; x_wconf 81' lang='lat' dir='ltr'><strong>donum</strong></span> <span class='ocrx_word' id='word_1_250' title='bbox 1098 3905 1153 3966; x_wconf 89' lang='lat' dir='ltr'><strong>ei</strong></span> <span class='ocrx_word' id='word_1_251' title='bbox 1182 3924 1219 3965; x_wconf 90' lang='lat' dir='ltr'><strong>a</strong></span> <span class='ocrx_word' id='word_1_252' title='bbox 1247 3924 1312 3966; x_wconf 90' lang='lat' dir='ltr'><strong>se</strong></span> <span class='ocrx_word' id='word_1_253' title='bbox 1344 3903 1558 3965; x_wconf 91' lang='lat' dir='ltr'><strong>datum</strong></span> <span class='ocrx_word' id='word_1_254' title='bbox 1591 3904 1800 3966; x_wconf 88' lang='lat' dir='ltr'><strong>adhuc</strong></span> <span class='ocrx_word' id='word_1_255' title='bbox 1827 3912 2066 3984; x_wconf 80' lang='lat' dir='ltr'><strong>extanS,</strong></span> <span class='ocrx_word' id='word_1_256' title='bbox 2096 3908 2242 3970; x_wconf 87' lang='lat' dir='ltr'><strong>licet</strong></span> 
     </span>
     <span class='ocr_line' id='line_1_41' title="bbox 708 3996 2235 4083; baseline -0.001 -19"><span class='ocrx_word' id='word_1_257' title='bbox 708 4005 841 4083; x_wconf 90' lang='lat' dir='ltr'><strong>ipse</strong></span> <span class='ocrx_word' id='word_1_258' title='bbox 867 4001 1127 4061; x_wconf 90' lang='lat' dir='ltr'><strong>maritus</strong></span> <span class='ocrx_word' id='word_1_259' title='bbox 1153 3996 1544 4059; x_wconf 84' lang='lat' dir='ltr'><strong>tantumdem</strong></span> <span class='ocrx_word' id='word_1_260' title='bbox 1566 3997 1644 4058; x_wconf 88' lang='lat' dir='ltr'><strong>ab</strong></span> <span class='ocrx_word' id='word_1_261' title='bbox 1661 4017 1851 4059; x_wconf 79' lang='lat' dir='ltr'><strong>uxore</strong></span> <span class='ocrx_word' id='word_1_262' title='bbox 1873 4002 2235 4078; x_wconf 84' lang='lat' dir='ltr'><strong>accepisset,</strong></span> 
     </span>
     <span class='ocr_line' id='line_1_42' title="bbox 712 4089 2241 4177; baseline -0.001 -21"><span class='ocrx_word' id='word_1_263' title='bbox 712 4094 878 4177; x_wconf 91' lang='lat' dir='ltr'><strong>quod</strong></span> <span class='ocrx_word' id='word_1_264' title='bbox 905 4089 1328 4168; x_wconf 84' lang='lat' dir='ltr'><strong>consumpsit?</strong></span> <span class='ocrx_word' id='word_1_265' title='bbox 1382 4089 1766 4168; x_wconf 84' lang='lat' dir='ltr'><strong>Responderi</strong></span> <span class='ocrx_word' id='word_1_266' title='bbox 1796 4096 2019 4169; x_wconf 86' lang='lat' dir='ltr'><strong>potest,</strong></span> <span class='ocrx_word' id='word_1_267' title='bbox 2049 4094 2241 4154; x_wconf 86' lang='lat' dir='ltr'><strong>ratio·</strong></span> 
     </span>
     <span class='ocr_line' id='line_1_43' title="bbox 710 4181 2241 4264; baseline -0.003 -14"><span class='ocrx_word' id='word_1_268' title='bbox 710 4207 856 4250; x_wconf 90' lang='lat' dir='ltr'><strong>nem</strong></span> <span class='ocrx_word' id='word_1_269' title='bbox 883 4185 1072 4247; x_wconf 79' lang='lat' dir='ltr'><strong>fuisse</strong></span> <span class='ocrx_word' id='word_1_270' title='bbox 1108 4183 1255 4264; x_wconf 89' lang='lat' dir='ltr'><strong>quia</strong></span> <span class='ocrx_word' id='word_1_271' title='bbox 1277 4181 1420 4262; x_wconf 90' lang='lat' dir='ltr'><strong>jure</strong></span> <span class='ocrx_word' id='word_1_272' title='bbox 1459 4182 1783 4258; x_wconf 83' lang='lat' dir='ltr'><strong>posteriori</strong></span> <span class='ocrx_word' id='word_1_273' title='bbox 1813 4182 2241 4246; x_wconf 90' lang='lat' dir='ltr'><strong>introductum</strong></span> 
     </span>
     <span class='ocr_line' id='line_1_44' title="bbox 708 4273 2240 4362; baseline -0.004 -19"><span class='ocrx_word' id='word_1_274' title='bbox 708 4285 928 4362; x_wconf 86' lang='lat' dir='ltr'><strong>postea</strong></span> <span class='ocrx_word' id='word_1_275' title='bbox 954 4277 1098 4354; x_wconf 87' lang='lat' dir='ltr'><strong>fuit,</strong></span> <span class='ocrx_word' id='word_1_276' title='bbox 1149 4276 1216 4336; x_wconf 86' lang='lat' dir='ltr'><strong>ut</strong></span> <span class='ocrx_word' id='word_1_277' title='bbox 1240 4273 1608 4335; x_wconf 85' lang='lat' dir='ltr'><strong>donationes</strong></span> <span class='ocrx_word' id='word_1_278' title='bbox 1650 4274 2026 4354; x_wconf 84' lang='lat' dir='ltr'><strong>conjugum,</strong></span> <span class='ocrx_word' id='word_1_279' title='bbox 2079 4277 2240 4337; x_wconf 89' lang='lat' dir='ltr'><strong>siah</strong></span> 
     </span>
     <span class='ocr_line' id='line_1_45' title="bbox 709 4366 2243 4443; baseline -0.004 -8"><span class='ocrx_word' id='word_1_280' title='bbox 709 4374 785 4435; x_wconf 89' lang='lat' dir='ltr'><strong>iis</strong></span> <span class='ocrx_word' id='word_1_281' title='bbox 813 4374 1118 4434; x_wconf 60' lang='lat' dir='ltr'><strong>revocata).</strong></span> <span class='ocrx_word' id='word_1_282' title='bbox 1159 4386 1283 4429; x_wconf 90' lang='lat' dir='ltr'><strong>non</strong></span> <span class='ocrx_word' id='word_1_283' title='bbox 1325 4366 1614 4443; x_wconf 86' lang='lat' dir='ltr'><strong>fuissent,</strong></span> <span class='ocrx_word' id='word_1_284' title='bbox 1665 4373 1867 4428; x_wconf 90' lang='lat' dir='ltr'><strong>morte</strong></span> <span class='ocrx_word' id='word_1_285' title='bbox 1908 4369 2243 4430; x_wconf 86' lang='lat' dir='ltr'><strong>confirma-</strong></span> 
     </span>
     <span class='ocr_line' id='line_1_46' title="bbox 708 4458 2243 4540; baseline -0.003 -12"><span class='ocrx_word' id='word_1_286' title='bbox 708 4471 960 4540; x_wconf 89' lang='lat' dir='ltr'><strong>rentur,</strong></span> <span class='ocrx_word' id='word_1_287' title='bbox 1012 4468 1076 4523; x_wconf 90' lang='lat' dir='ltr'><strong>et</strong></span> <span class='ocrx_word' id='word_1_288' title='bbox 1117 4458 1452 4523; x_wconf 85' lang='lat' dir='ltr'><strong>transirent</strong></span> <span class='ocrx_word' id='word_1_289' title='bbox 1499 4459 1561 4518; x_wconf 90' lang='grc'><strong>10</strong></span> <span class='ocrx_word' id='word_1_290' title='bbox 1604 4458 2005 4521; x_wconf 88' lang='lat' dir='ltr'><strong>donationem</strong></span> <span class='ocrx_word' id='word_1_291' title='bbox 2052 4479 2243 4523; x_wconf 88' lang='lat' dir='ltr'><strong>causa</strong></span> 
     </span>
     <span class='ocr_line' id='line_1_47' title="bbox 709 4551 2242 4633; baseline -0.003 -13"><span class='ocrx_word' id='word_1_292' title='bbox 709 4558 950 4633; x_wconf 74' lang='lat' dir='ltr'><strong>mortiS,</strong></span> <span class='ocrx_word' id='word_1_293' title='bbox 983 4559 1052 4617; x_wconf 91' lang='lat' dir='ltr'><strong>ut</strong></span> <span class='ocrx_word' id='word_1_294' title='bbox 1078 4555 1321 4616; x_wconf 85' lang='lat' dir='ltr'><strong>constat</strong></span> <span class='ocrx_word' id='word_1_295' title='bbox 1349 4569 1421 4611; x_wconf 87' lang='lat' dir='ltr'><strong>ex</strong></span> <span class='ocrx_word' id='word_1_296' title='bbox 1451 4551 1672 4612; x_wconf 89' lang='lat' dir='ltr'><strong>eadem</strong></span> <span class='ocrx_word' id='word_1_297' title='bbox 1701 4552 1821 4631; x_wconf 91' lang='lat' dir='ltr'><strong>leg.</strong></span> <span class='ocrx_word' id='word_1_298' title='bbox 1861 4553 2008 4615; x_wconf 85' lang='lat' dir='ltr'><strong>Cum</strong></span> <span class='ocrx_word' id='word_1_299' title='bbox 2026 4555 2110 4615; x_wconf 82' lang='lat' dir='ltr'><strong>sic</strong></span> <span class='ocrx_word' id='word_1_300' title='bbox 2124 4565 2242 4616; x_wconf 82' lang='lat' dir='ltr'><strong>sta-</strong></span> 
     </span>
     <span class='ocr_line' id='line_1_48' title="bbox 710 4643 2244 4728; baseline -0.001 -16"><span class='ocrx_word' id='word_1_301' title='bbox 710 4659 802 4712; x_wconf 79' lang='lat' dir='ltr'><strong>tus</strong></span> <span class='ocrx_word' id='word_1_302' title='bbox 837 4667 861 4709; x_wconf 90' lang='lat'><strong>.·</strong></span> <span class='ocrx_word' id='word_1_303' title='bbox 908 4667 1031 4728; x_wconf 91' lang='lat' dir='ltr'><strong>quo</strong></span> <span class='ocrx_word' id='word_1_304' title='bbox 1077 4645 1315 4725; x_wconf 81' lang='lat' dir='ltr'><strong>positu,</strong></span> <span class='ocrx_word' id='word_1_305' title='bbox 1361 4643 1495 4723; x_wconf 87' lang='lat' dir='ltr'><strong>jam</strong></span> <span class='ocrx_word' id='word_1_306' title='bbox 1541 4645 1604 4704; x_wconf 91' lang='lat' dir='ltr'><strong>in</strong></span> <span class='ocrx_word' id='word_1_307' title='bbox 1634 4662 1781 4705; x_wconf 89' lang='lat' dir='ltr'><strong>casu</strong></span> <span class='ocrx_word' id='word_1_308' title='bbox 1811 4646 1916 4707; x_wconf 90' lang='lat' dir='ltr'><strong>illo</strong></span> <span class='ocrx_word' id='word_1_309' title='bbox 1953 4666 2076 4708; x_wconf 91' lang='lat' dir='ltr'><strong>non</strong></span> <span class='ocrx_word' id='word_1_310' title='bbox 2107 4654 2244 4711; x_wconf 89' lang='lat' dir='ltr'><strong>erat</strong></span> 
     </span>
    </p>
   </div>
   <div class='ocr_carea' id='block_1_7' title="bbox 709 4737 2285 4821">
    <p class='ocr_par' dir='ltr' id='par_1_8' title="bbox 709 4737 2285 4821">
     <span class='ocr_line' id='line_1_49' title="bbox 709 4737 2285 4821; baseline -0.002 -16"><span class='ocrx_word' id='word_1_311' title='bbox 709 4738 1204 4821; x_wconf 88' lang='lat' dir='ltr'><strong>compensationi</strong></span> <span class='ocrx_word' id='word_1_312' title='bbox 1229 4737 1403 4798; x_wconf 89' lang='lat' dir='ltr'><strong>locus</strong></span> <span class='ocrx_word' id='word_1_313' title='bbox 1435 4754 1450 4800; x_wconf 78' lang='lat' dir='ltr'><strong>t</strong></span> <span class='ocrx_word' id='word_1_314' title='bbox 1482 4737 1627 4816; x_wconf 90' lang='lat' dir='ltr'><strong>quia</strong></span> <span class='ocrx_word' id='word_1_315' title='bbox 1655 4756 1767 4817; x_wconf 89' lang='lat' dir='ltr'><strong>per</strong></span> <span class='ocrx_word' id='word_1_316' title='bbox 1792 4744 2061 4801; x_wconf 90' lang='lat' dir='ltr'><strong>mortem</strong></span> <span class='ocrx_word' id='word_1_317' title='bbox 2089 4761 2244 4803; x_wconf 69' lang='grc'>010-</span> <span class='ocrx_word' id='word_1_318' title='bbox 2282 4761 2285 4764; x_wconf 65' lang='grc'><em>’</em></span> 
     </span>
    </p>
   </div>
   <div class='ocr_carea' id='block_1_8' title="bbox 709 4830 2245 5470">
    <p class='ocr_par' dir='ltr' id='par_1_9' title="bbox 709 4830 2245 5470">
     <span class='ocr_line' id='line_1_50' title="bbox 709 4830 2245 4915; baseline -0.001 -17"><span class='ocrx_word' id='word_1_319' title='bbox 709 4837 795 4898; x_wconf 89' lang='lat' dir='ltr'><strong>ris</strong></span> <span class='ocrx_word' id='word_1_320' title='bbox 825 4835 959 4915; x_wconf 86' lang='lat' dir='ltr'><strong>ejus</strong></span> <span class='ocrx_word' id='word_1_321' title='bbox 988 4831 1241 4894; x_wconf 89' lang='lat' dir='ltr'><strong>donatio</strong></span> <span class='ocrx_word' id='word_1_322' title='bbox 1282 4830 1650 4892; x_wconf 89' lang='lat' dir='ltr'><strong>confirmata</strong></span> <span class='ocrx_word' id='word_1_323' title='bbox 1679 4831 1920 4910; x_wconf 83' lang='lat' dir='ltr'><strong>fuerat,</strong></span> <span class='ocrx_word' id='word_1_324' title='bbox 1976 4837 2039 4894; x_wconf 92' lang='lat' dir='ltr'><strong>et</strong></span> <span class='ocrx_word' id='word_1_325' title='bbox 2079 4834 2245 4897; x_wconf 83' lang='lat' dir='ltr'><strong>sacta</strong></span> 
     </span>
     <span class='ocr_line' id='line_1_51' title="bbox 709 4922 2245 5004; baseline -0.002 -14"><span class='ocrx_word' id='word_1_326' title='bbox 709 4928 996 4990; x_wconf 87' lang='lat' dir='ltr'><strong>absoluta</strong></span> <span class='ocrx_word' id='word_1_327' title='bbox 1024 4922 1276 4985; x_wconf 88' lang='lat' dir='ltr'><strong>donatio</strong></span> <span class='ocrx_word' id='word_1_328' title='bbox 1308 4941 1496 4983; x_wconf 89' lang='lat' dir='ltr'><strong>causa</strong></span> <span class='ocrx_word' id='word_1_329' title='bbox 1529 4922 1766 4999; x_wconf 82' lang='lat' dir='ltr'><strong>mortiS,</strong></span> <span class='ocrx_word' id='word_1_330' title='bbox 1804 4929 1866 4986; x_wconf 91' lang='lat' dir='ltr'><strong>et</strong></span> <span class='ocrx_word' id='word_1_331' title='bbox 1891 4944 2006 5004; x_wconf 87' lang='lat' dir='ltr'><strong>per</strong></span> <span class='ocrx_word' id='word_1_332' title='bbox 2026 4944 2245 4988; x_wconf 91' lang='lat' dir='ltr'><strong>conse-</strong></span> 
     </span>
     <span class='ocr_line' id='line_1_52' title="bbox 712 5015 2244 5101; baseline -0.002 -18"><span class='ocrx_word' id='word_1_333' title='bbox 712 5040 909 5101; x_wconf 88' lang='lat' dir='ltr'><strong>quens</strong></span> <span class='ocrx_word' id='word_1_334' title='bbox 937 5018 1196 5080; x_wconf 89' lang='lat' dir='ltr'><strong>maritus</strong></span> <span class='ocrx_word' id='word_1_335' title='bbox 1222 5015 1381 5077; x_wconf 87' lang='lat' dir='ltr'><strong>liber</strong></span> <span class='ocrx_word' id='word_1_336' title='bbox 1414 5015 1638 5093; x_wconf 84' lang='lat' dir='ltr'><strong>fuerat,</strong></span> <span class='ocrx_word' id='word_1_337' title='bbox 1671 5016 1802 5077; x_wconf 88' lang='lat' dir='ltr'><strong>sive</strong></span> <span class='ocrx_word' id='word_1_338' title='bbox 1836 5019 2071 5079; x_wconf 91' lang='lat' dir='ltr'><strong>donum</strong></span> <span class='ocrx_word' id='word_1_339' title='bbox 2100 5039 2244 5081; x_wconf 91' lang='lat' dir='ltr'><strong>con-</strong></span> 
     </span>
     <span class='ocr_line' id='line_1_53' title="bbox 713 5109 2244 5193; baseline -0.002 -18"><span class='ocrx_word' id='word_1_340' title='bbox 713 5113 1078 5193; x_wconf 87' lang='lat' dir='ltr'><strong>sumpsisset</strong></span> <span class='ocrx_word' id='word_1_341' title='bbox 1104 5110 1234 5171; x_wconf 88' lang='lat' dir='ltr'><strong>sive</strong></span> <span class='ocrx_word' id='word_1_342' title='bbox 1265 5128 1389 5169; x_wconf 90' lang='lat' dir='ltr'><strong>non</strong></span> <span class='ocrx_word' id='word_1_343' title='bbox 1419 5109 1925 5187; x_wconf 88' lang='lat' dir='ltr'><strong>consumpsisset,</strong></span> <span class='ocrx_word' id='word_1_344' title='bbox 1957 5130 1991 5171; x_wconf 87' lang='lat' dir='ltr'><strong>e</strong></span> <span class='ocrx_word' id='word_1_345' title='bbox 2025 5117 2244 5173; x_wconf 90' lang='lat' dir='ltr'><strong>contra</strong></span> 
     </span>
     <span class='ocr_line' id='line_1_54' title="bbox 712 5202 2245 5278; baseline -0.001 -11"><span class='ocrx_word' id='word_1_346' title='bbox 712 5224 861 5267; x_wconf 89' lang='lat' dir='ltr'><strong>vero</strong></span> <span class='ocrx_word' id='word_1_347' title='bbox 887 5205 1137 5267; x_wconf 90' lang='lat' dir='ltr'><strong>donatio</strong></span> <span class='ocrx_word' id='word_1_348' title='bbox 1167 5202 1412 5278; x_wconf 90' lang='lat' dir='ltr'><strong>mariti,</strong></span> <span class='ocrx_word' id='word_1_349' title='bbox 1447 5219 1520 5263; x_wconf 92' lang='lat' dir='ltr'><strong>eo</strong></span> <span class='ocrx_word' id='word_1_350' title='bbox 1549 5202 1831 5278; x_wconf 83' lang='lat' dir='ltr'><strong>vivente,</strong></span> <span class='ocrx_word' id='word_1_351' title='bbox 1864 5203 2071 5265; x_wconf 91' lang='lat' dir='ltr'><strong>adhuc</strong></span> <span class='ocrx_word' id='word_1_352' title='bbox 2100 5225 2245 5266; x_wconf 91' lang='lat' dir='ltr'><strong>con-</strong></span> 
     </span>
     <span class='ocr_line' id='line_1_55' title="bbox 712 5293 2245 5376; baseline -0.001 -16"><span class='ocrx_word' id='word_1_353' title='bbox 712 5299 963 5361; x_wconf 87' lang='lat' dir='ltr'><strong>firmata</strong></span> <span class='ocrx_word' id='word_1_354' title='bbox 991 5315 1114 5358; x_wconf 91' lang='lat' dir='ltr'><strong>non</strong></span> <span class='ocrx_word' id='word_1_355' title='bbox 1160 5296 1399 5371; x_wconf 80' lang='lat' dir='ltr'><strong>fuerat,</strong></span> <span class='ocrx_word' id='word_1_356' title='bbox 1432 5293 1539 5354; x_wconf 93' lang='lat' dir='ltr'><strong>sed</strong></span> <span class='ocrx_word' id='word_1_357' title='bbox 1571 5294 1778 5373; x_wconf 91' lang='lat' dir='ltr'><strong>potius</strong></span> <span class='ocrx_word' id='word_1_358' title='bbox 1806 5302 2101 5358; x_wconf 86' lang='lat' dir='ltr'><strong>revocata</strong></span> <span class='ocrx_word' id='word_1_359' title='bbox 2131 5316 2245 5376; x_wconf 89' lang='lat' dir='ltr'><strong>per</strong></span> 
     </span>
     <span class='ocr_line' id='line_1_56' title="bbox 713 5387 2240 5470; baseline -0.001 -16"><span class='ocrx_word' id='word_1_360' title='bbox 713 5395 982 5454; x_wconf 86' lang='lat' dir='ltr'><strong>mortem</strong></span> <span class='ocrx_word' id='word_1_361' title='bbox 1009 5390 1241 5467; x_wconf 82' lang='lat' dir='ltr'><strong>uxoriS,</strong></span> <span class='ocrx_word' id='word_1_362' title='bbox 1272 5407 1395 5450; x_wconf 88' lang='lat' dir='ltr'><strong>non</strong></span> <span class='ocrx_word' id='word_1_363' title='bbox 1425 5405 1573 5466; x_wconf 88' lang='lat' dir='ltr'><strong>ergo</strong></span> <span class='ocrx_word' id='word_1_364' title='bbox 1604 5387 1789 5450; x_wconf 88' lang='lat' dir='ltr'><strong>datur</strong></span> <span class='ocrx_word' id='word_1_365' title='bbox 1816 5392 2240 5470; x_wconf 84' lang='lat' dir='ltr'><strong>compensatio</strong></span> 
     </span>
    </p>
   </div>
   <div class='ocr_carea' id='block_1_9' title="bbox 2332 375 4195 4176">
    <p class='ocr_par' dir='ltr' id='par_1_10' title="bbox 2332 375 3872 1105">
     <span class='ocr_line' id='line_1_57' title="bbox 2333 375 3870 460; baseline 0.004 -24"><span class='ocrx_word' id='word_1_366' title='bbox 2333 376 2497 438; x_wconf 88' lang='lat' dir='ltr'><strong>inter</strong></span> <span class='ocrx_word' id='word_1_367' title='bbox 2524 375 2660 437; x_wconf 90' lang='lat' dir='ltr'><strong>illas</strong></span> <span class='ocrx_word' id='word_1_368' title='bbox 2688 375 3055 440; x_wconf 80' lang='lat' dir='ltr'><strong>donationes</strong></span> <span class='ocrx_word' id='word_1_369' title='bbox 3102 378 3262 442; x_wconf 86' lang='lat' dir='ltr'><strong>adeo</strong></span> <span class='ocrx_word' id='word_1_370' title='bbox 3297 378 3678 459; x_wconf 65' lang='lat' dir='ltr'><strong>inaequales,</strong></span> <span class='ocrx_word' id='word_1_371' title='bbox 3710 398 3870 460; x_wconf 78' lang='lat' dir='ltr'><strong>qua-</strong></span> 
     </span>
     <span class='ocr_line' id='line_1_58' title="bbox 2334 469 3871 548; baseline 0.002 -19"><span class='ocrx_word' id='word_1_372' title='bbox 2334 488 2473 529; x_wconf 92' lang='lat' dir='ltr'><strong>rum</strong></span> <span class='ocrx_word' id='word_1_373' title='bbox 2503 488 2629 528; x_wconf 90' lang='lat' dir='ltr'><strong>una</strong></span> <span class='ocrx_word' id='word_1_374' title='bbox 2656 469 2863 531; x_wconf 83' lang='lat' dir='ltr'><strong>valida</strong></span> <span class='ocrx_word' id='word_1_375' title='bbox 2893 475 2955 532; x_wconf 92' lang='lat' dir='ltr'><strong>et</strong></span> <span class='ocrx_word' id='word_1_376' title='bbox 2980 471 3267 533; x_wconf 87' lang='lat' dir='ltr'><strong>absoluta</strong></span> <span class='ocrx_word' id='word_1_377' title='bbox 3298 472 3442 548; x_wconf 85' lang='lat' dir='ltr'><strong>fuit,</strong></span> <span class='ocrx_word' id='word_1_378' title='bbox 3476 472 3871 534; x_wconf 52' lang='grc'>0110101010-</span> 
     </span>
     <span class='ocr_line' id='line_1_59' title="bbox 2332 561 3872 627; baseline 0.003 -5"><span class='ocrx_word' id='word_1_379' title='bbox 2332 561 2459 622; x_wconf 89' lang='lat' dir='ltr'><strong>lida</strong></span> <span class='ocrx_word' id='word_1_380' title='bbox 2487 565 2551 622; x_wconf 92' lang='lat' dir='ltr'><strong>et</strong></span> <span class='ocrx_word' id='word_1_381' title='bbox 2577 562 2945 623; x_wconf 85' lang='lat' dir='ltr'><strong>revocabilis</strong></span> <span class='ocrx_word' id='word_1_382' title='bbox 2986 564 3319 626; x_wconf 86' lang='lat' dir='ltr'><strong>subsecuta</strong></span> <span class='ocrx_word' id='word_1_383' title='bbox 3362 570 3565 627; x_wconf 88' lang='lat' dir='ltr'><strong>morte</strong></span> <span class='ocrx_word' id='word_1_384' title='bbox 3610 565 3872 626; x_wconf 84' lang='lat' dir='ltr'><strong>donata-</strong></span> 
     </span>
     <span class='ocr_line' id='line_1_60' title="bbox 2332 652 3867 737; baseline 0.003 -23"><span class='ocrx_word' id='word_1_385' title='bbox 2332 654 2431 730; x_wconf 89' lang='lat' dir='ltr'><strong>rii,</strong></span> <span class='ocrx_word' id='word_1_386' title='bbox 2482 652 2652 733; x_wconf 87' lang='grc' dir='ltr'><strong>00οᾱ</strong></span> <span class='ocrx_word' id='word_1_387' title='bbox 2702 654 2863 715; x_wconf 89' lang='lat' dir='ltr'><strong>bene</strong></span> <span class='ocrx_word' id='word_1_388' title='bbox 2915 657 3272 719; x_wconf 86' lang='lat' dir='ltr'><strong>observavit</strong></span> <span class='ocrx_word' id='word_1_389' title='bbox 3322 657 3531 737; x_wconf 82' lang='lat' dir='ltr'><strong>glossa</strong></span> <span class='ocrx_word' id='word_1_390' title='bbox 3582 658 3649 719; x_wconf 92' lang='grc'><strong>10</strong></span> <span class='ocrx_word' id='word_1_391' title='bbox 3698 657 3867 719; x_wconf 82' lang='grc'>(11010</span> 
     </span>
     <span class='ocr_line' id='line_1_61' title="bbox 2332 746 3868 829; baseline 0.003 -23"><span class='ocrx_word' id='word_1_392' title='bbox 2332 766 2495 807; x_wconf 79' lang='lat' dir='ltr'><strong>verS.</strong></span> <span class='ocrx_word' id='word_1_393' title='bbox 2552 746 2719 821; x_wconf 75' lang='lat' dir='ltr'><strong>Qvod</strong></span> <span class='ocrx_word' id='word_1_394' title='bbox 2742 747 2862 823; x_wconf 77' lang='lat' dir='ltr'><strong>ait,</strong></span> <span class='ocrx_word' id='word_1_395' title='bbox 2913 748 3127 824; x_wconf 88' lang='lat' dir='ltr'><strong>verbo,</strong></span> <span class='ocrx_word' id='word_1_396' title='bbox 3175 749 3419 827; x_wconf 80' lang='lat' dir='ltr'><strong>Secuto,</strong></span> <span class='ocrx_word' id='word_1_397' title='bbox 3472 767 3614 829; x_wconf 81' lang='lat' dir='ltr'><strong>quae</strong></span> <span class='ocrx_word' id='word_1_398' title='bbox 3642 751 3868 812; x_wconf 86' lang='lat' dir='ltr'><strong>merito</strong></span> 
     </span>
     <span class='ocr_line' id='line_1_62' title="bbox 2334 839 3870 920; baseline 0.003 -21"><span class='ocrx_word' id='word_1_399' title='bbox 2334 841 2606 916; x_wconf 86' lang='lat' dir='ltr'><strong>notavit,</strong></span> <span class='ocrx_word' id='word_1_400' title='bbox 2638 839 2810 900; x_wconf 90' lang='lat' dir='ltr'><strong>idem</strong></span> <span class='ocrx_word' id='word_1_401' title='bbox 2841 842 3215 920; x_wconf 83' lang='lat' dir='ltr'><strong>procedere,</strong></span> <span class='ocrx_word' id='word_1_402' title='bbox 3262 843 3406 904; x_wconf 89' lang='lat' dir='ltr'><strong>licet</strong></span> <span class='ocrx_word' id='word_1_403' title='bbox 3449 844 3713 904; x_wconf 79' lang='lat' dir='ltr'><strong>maritus</strong></span> <span class='ocrx_word' id='word_1_404' title='bbox 3753 843 3870 903; x_wconf 94' lang='lat' dir='ltr'><strong>do-</strong></span> 
     </span>
     <span class='ocr_line' id='line_1_63' title="bbox 2334 932 3871 1015; baseline 0.001 -21"><span class='ocrx_word' id='word_1_405' title='bbox 2334 951 2484 994; x_wconf 89' lang='lat' dir='ltr'><strong>num</strong></span> <span class='ocrx_word' id='word_1_406' title='bbox 2524 932 2643 993; x_wconf 88' lang='lat' dir='ltr'><strong>sibi</strong></span> <span class='ocrx_word' id='word_1_407' title='bbox 2688 932 2906 995; x_wconf 92' lang='lat' dir='ltr'><strong>datum</strong></span> <span class='ocrx_word' id='word_1_408' title='bbox 2953 947 3078 994; x_wconf 91' lang='lat' dir='ltr'><strong>non</strong></span> <span class='ocrx_word' id='word_1_409' title='bbox 3122 936 3611 1015; x_wconf 86' lang='lat' dir='ltr'><strong>consumpsisset</strong></span> <span class='ocrx_word' id='word_1_410' title='bbox 3634 936 3871 997; x_wconf 86' lang='lat' dir='ltr'><strong>utiliter</strong></span> 
     </span>
     <span class='ocr_line' id='line_1_64' title="bbox 2332 1026 3199 1105; baseline 0.005 -19"><span class='ocrx_word' id='word_1_411' title='bbox 2332 1030 2590 1105; x_wconf 90' lang='lat' dir='ltr'><strong>propter</strong></span> <span class='ocrx_word' id='word_1_412' title='bbox 2616 1026 2923 1088; x_wconf 88' lang='lat' dir='ltr'><strong>rationem</strong></span> <span class='ocrx_word' id='word_1_413' title='bbox 2946 1026 3199 1090; x_wconf 88' lang='lat' dir='ltr'><strong>dictam.</strong></span> 
     </span>
    </p>

    <p class='ocr_par' dir='ltr' id='par_1_11' title="bbox 2335 1119 3883 3707">
     <span class='ocr_line' id='line_1_65' title="bbox 2416 1119 3867 1198; baseline 0.003 -19"><span class='ocrx_word' id='word_1_414' title='bbox 2416 1119 2710 1193; x_wconf 86' lang='lat' dir='ltr'><strong>Quamvis</strong></span> <span class='ocrx_word' id='word_1_415' title='bbox 2755 1137 2905 1198; x_wconf 90' lang='lat' dir='ltr'><strong>ergo</strong></span> <span class='ocrx_word' id='word_1_416' title='bbox 2946 1119 3313 1182; x_wconf 86' lang='lat' dir='ltr'><strong>donationes</strong></span> <span class='ocrx_word' id='word_1_417' title='bbox 3360 1122 3545 1183; x_wconf 88' lang='lat' dir='ltr'><strong>etiam</strong></span> <span class='ocrx_word' id='word_1_418' title='bbox 3579 1140 3867 1184; x_wconf 82' lang='lat' dir='ltr'><strong>remune-</strong></span> 
     </span>
     <span class='ocr_line' id='line_1_66' title="bbox 2335 1212 3866 1293; baseline 0.001 -20"><span class='ocrx_word' id='word_1_419' title='bbox 2335 1212 2585 1273; x_wconf 82' lang='lat' dir='ltr'><strong>ratoriae</strong></span> <span class='ocrx_word' id='word_1_420' title='bbox 2604 1212 2768 1273; x_wconf 88' lang='lat' dir='ltr'><strong>inter</strong></span> <span class='ocrx_word' id='word_1_421' title='bbox 2795 1212 3094 1292; x_wconf 88' lang='lat' dir='ltr'><strong>conjuges</strong></span> <span class='ocrx_word' id='word_1_422' title='bbox 3119 1213 3448 1293; x_wconf 72' lang='lat' dir='ltr'><strong>prohibitae</strong></span> <span class='ocrx_word' id='word_1_423' title='bbox 3475 1215 3765 1291; x_wconf 83' lang='lat' dir='ltr'><strong>fuissent,</strong></span> <span class='ocrx_word' id='word_1_424' title='bbox 3800 1216 3866 1275; x_wconf 91' lang='lat' dir='ltr'><strong>in</strong></span> 
     </span>
     <span class='ocr_line' id='line_1_67' title="bbox 2337 1304 3866 1388; baseline 0.002 -23"><span class='ocrx_word' id='word_1_425' title='bbox 2337 1304 2472 1365; x_wconf 88' lang='lat' dir='ltr'><strong>aliis</strong></span> <span class='ocrx_word' id='word_1_426' title='bbox 2500 1323 2649 1365; x_wconf 90' lang='lat' dir='ltr'><strong>vero</strong></span> <span class='ocrx_word' id='word_1_427' title='bbox 2679 1305 2897 1383; x_wconf 90' lang='lat' dir='ltr'><strong>regula</strong></span> <span class='ocrx_word' id='word_1_428' title='bbox 2925 1324 3116 1384; x_wconf 85' lang='lat' dir='ltr'><strong>supra</strong></span> <span class='ocrx_word' id='word_1_429' title='bbox 3142 1307 3343 1385; x_wconf 89' lang='lat' dir='ltr'><strong>posita</strong></span> <span class='ocrx_word' id='word_1_430' title='bbox 3360 1325 3511 1368; x_wconf 88' lang='lat' dir='ltr'><strong>vera</strong></span> <span class='ocrx_word' id='word_1_431' title='bbox 3539 1312 3663 1380; x_wconf 89' lang='lat' dir='ltr'><strong>est;</strong></span> <span class='ocrx_word' id='word_1_432' title='bbox 3698 1308 3866 1388; x_wconf 85' lang='lat' dir='ltr'><strong>quod</strong></span> 
     </span>
     <span class='ocr_line' id='line_1_68' title="bbox 2335 1396 3870 1478; baseline 0.003 -22"><span class='ocrx_word' id='word_1_433' title='bbox 2335 1396 2651 1477; x_wconf 85' lang='lat' dir='ltr'><strong>prohibita</strong></span> <span class='ocrx_word' id='word_1_434' title='bbox 2688 1397 3024 1459; x_wconf 85' lang='lat' dir='ltr'><strong>donatione</strong></span> <span class='ocrx_word' id='word_1_435' title='bbox 3057 1398 3449 1478; x_wconf 89' lang='lat' dir='ltr'><strong>simpliciter,</strong></span> <span class='ocrx_word' id='word_1_436' title='bbox 3487 1418 3613 1461; x_wconf 91' lang='lat' dir='ltr'><strong>non</strong></span> <span class='ocrx_word' id='word_1_437' title='bbox 3638 1400 3870 1461; x_wconf 89' lang='lat' dir='ltr'><strong>intelli-</strong></span> 
     </span>
     <span class='ocr_line' id='line_1_69' title="bbox 2336 1489 3874 1569; baseline 0.003 -19"><span class='ocrx_word' id='word_1_438' title='bbox 2336 1496 2523 1569; x_wconf 85' lang='lat' dir='ltr'><strong>gatur</strong></span> <span class='ocrx_word' id='word_1_439' title='bbox 2550 1489 2864 1568; x_wconf 89' lang='lat' dir='ltr'><strong>prohibita</strong></span> <span class='ocrx_word' id='word_1_440' title='bbox 2888 1490 3142 1552; x_wconf 88' lang='lat' dir='ltr'><strong>donatio</strong></span> <span class='ocrx_word' id='word_1_441' title='bbox 3171 1494 3688 1556; x_wconf 85' lang='lat' dir='ltr'><strong>remuneratoria.</strong></span> <span class='ocrx_word' id='word_1_442' title='bbox 3745 1497 3874 1554; x_wconf 87' lang='lat' dir='ltr'><strong>Ra-</strong></span> 
     </span>
     <span class='ocr_line' id='line_1_70' title="bbox 2335 1583 3875 1666; baseline 0.001 -22"><span class='ocrx_word' id='word_1_443' title='bbox 2335 1583 2421 1644; x_wconf 89' lang='lat' dir='ltr'><strong>tio</strong></span> <span class='ocrx_word' id='word_1_444' title='bbox 2451 1588 2663 1644; x_wconf 88' lang='lat' dir='ltr'><strong>autem</strong></span> <span class='ocrx_word' id='word_1_445' title='bbox 2692 1602 2730 1644; x_wconf 88' lang='lat' dir='ltr'><strong>a</strong></span> <span class='ocrx_word' id='word_1_446' title='bbox 2756 1583 2946 1661; x_wconf 90' lang='lat' dir='ltr'><strong>priori</strong></span> <span class='ocrx_word' id='word_1_447' title='bbox 2975 1583 3081 1643; x_wconf 91' lang='lat' dir='ltr'><strong>illa</strong></span> <span class='ocrx_word' id='word_1_448' title='bbox 3110 1603 3244 1645; x_wconf 87' lang='lat' dir='ltr'><strong>esse</strong></span> <span class='ocrx_word' id='word_1_449' title='bbox 3260 1585 3528 1661; x_wconf 84' lang='lat' dir='ltr'><strong>videtur,</strong></span> <span class='ocrx_word' id='word_1_450' title='bbox 3562 1587 3732 1666; x_wconf 91' lang='lat' dir='ltr'><strong>quod</strong></span> <span class='ocrx_word' id='word_1_451' title='bbox 3760 1587 3875 1666; x_wconf 90' lang='grc'><strong>001</strong></span> 
     </span>
     <span class='ocr_line' id='line_1_71' title="bbox 2339 1676 3874 1757; baseline 0.002 -19"><span class='ocrx_word' id='word_1_452' title='bbox 2339 1676 2419 1738; x_wconf 90' lang='grc'><strong>01)</strong></span> <span class='ocrx_word' id='word_1_453' title='bbox 2462 1676 2699 1737; x_wconf 90' lang='lat' dir='ltr'><strong>donum</strong></span> <span class='ocrx_word' id='word_1_454' title='bbox 2726 1676 2825 1736; x_wconf 84' lang='lat' dir='ltr'><strong>vel</strong></span> <span class='ocrx_word' id='word_1_455' title='bbox 2865 1676 3239 1737; x_wconf 86' lang='lat' dir='ltr'><strong>heneficium</strong></span> <span class='ocrx_word' id='word_1_456' title='bbox 3286 1683 3609 1757; x_wconf 88' lang='lat' dir='ltr'><strong>acceptum</strong></span> <span class='ocrx_word' id='word_1_457' title='bbox 3655 1680 3874 1757; x_wconf 86' lang='lat' dir='ltr'><strong>debet,</strong></span> 
     </span>
     <span class='ocr_line' id='line_1_72' title="bbox 2337 1768 3872 1847; baseline 0.003 -19"><span class='ocrx_word' id='word_1_458' title='bbox 2337 1768 2388 1829; x_wconf 93' lang='lat' dir='ltr'><strong>si</strong></span> <span class='ocrx_word' id='word_1_459' title='bbox 2418 1773 2637 1847; x_wconf 86' lang='lat' dir='ltr'><strong>postea</strong></span> <span class='ocrx_word' id='word_1_460' title='bbox 2664 1768 2875 1845; x_wconf 88' lang='lat' dir='ltr'><strong>donet,</strong></span> <span class='ocrx_word' id='word_1_461' title='bbox 2908 1786 3031 1830; x_wconf 88' lang='lat' dir='ltr'><strong>non</strong></span> <span class='ocrx_word' id='word_1_462' title='bbox 3050 1769 3299 1831; x_wconf 88' lang='lat' dir='ltr'><strong>videtur</strong></span> <span class='ocrx_word' id='word_1_463' title='bbox 3325 1771 3577 1832; x_wconf 90' lang='lat' dir='ltr'><strong>omnino</strong></span> <span class='ocrx_word' id='word_1_464' title='bbox 3608 1772 3872 1845; x_wconf 83' lang='lat' dir='ltr'><strong>donare,</strong></span> 
     </span>
     <span class='ocr_line' id='line_1_73' title="bbox 2336 1862 3883 1943; baseline 0.003 -20"><span class='ocrx_word' id='word_1_465' title='bbox 2336 1862 2446 1923; x_wconf 91' lang='lat' dir='ltr'><strong>sed</strong></span> <span class='ocrx_word' id='word_1_466' title='bbox 2487 1863 2763 1937; x_wconf 88' lang='lat' dir='ltr'><strong>solvere,</strong></span> <span class='ocrx_word' id='word_1_467' title='bbox 2812 1862 2980 1941; x_wconf 90' lang='lat' dir='ltr'><strong>quod</strong></span> <span class='ocrx_word' id='word_1_468' title='bbox 3010 1863 3061 1922; x_wconf 91' lang='lat' dir='ltr'><strong>si</strong></span> <span class='ocrx_word' id='word_1_469' title='bbox 3093 1880 3216 1923; x_wconf 90' lang='lat' dir='ltr'><strong>non</strong></span> <span class='ocrx_word' id='word_1_470' title='bbox 3256 1863 3629 1943; x_wconf 78' lang='lat' dir='ltr'><strong>exjustitia,</strong></span> <span class='ocrx_word' id='word_1_471' title='bbox 3679 1866 3883 1928; x_wconf 85' lang='lat' dir='ltr'><strong>debet</strong></span> 
     </span>
     <span class='ocr_line' id='line_1_74' title="bbox 2336 1954 3881 2037; baseline 0.003 -22"><span class='ocrx_word' id='word_1_472' title='bbox 2336 1955 2558 2016; x_wconf 88' lang='lat' dir='ltr'><strong>saltem</strong></span> <span class='ocrx_word' id='word_1_473' title='bbox 2586 1973 2663 2014; x_wconf 85' lang='lat' dir='ltr'><strong>ex</strong></span> <span class='ocrx_word' id='word_1_474' title='bbox 2689 1954 3092 2033; x_wconf 82' lang='lat' dir='ltr'><strong>gratitudine,</strong></span> <span class='ocrx_word' id='word_1_475' title='bbox 3125 1955 3291 2034; x_wconf 90' lang='lat' dir='ltr'><strong>quod</strong></span> <span class='ocrx_word' id='word_1_476' title='bbox 3322 1956 3573 2035; x_wconf 91' lang='lat' dir='ltr'><strong>quidem</strong></span> <span class='ocrx_word' id='word_1_477' title='bbox 3599 1960 3881 2037; x_wconf 79' lang='lat' dir='ltr'><strong>appella-</strong></span> 
     </span>
     <span class='ocr_line' id='line_1_75' title="bbox 2338 2048 3875 2132; baseline 0.002 -23"><span class='ocrx_word' id='word_1_478' title='bbox 2338 2052 2441 2110; x_wconf 90' lang='lat' dir='ltr'><strong>tur</strong></span> <span class='ocrx_word' id='word_1_479' title='bbox 2485 2048 2766 2108; x_wconf 88' lang='lat' dir='ltr'><strong>debitum</strong></span> <span class='ocrx_word' id='word_1_480' title='bbox 2822 2048 3110 2108; x_wconf 84' lang='lat' dir='ltr'><strong>naturale</strong></span> <span class='ocrx_word' id='word_1_481' title='bbox 3165 2048 3228 2107; x_wconf 89' lang='lat' dir='ltr'><strong>in</strong></span> <span class='ocrx_word' id='word_1_482' title='bbox 3282 2049 3406 2128; x_wconf 89' lang='lat' dir='ltr'><strong>leg.</strong></span> <span class='ocrx_word' id='word_1_483' title='bbox 3448 2050 3571 2111; x_wconf 88' lang='lat' dir='ltr'><strong>Sed</strong></span> <span class='ocrx_word' id='word_1_484' title='bbox 3589 2052 3698 2112; x_wconf 81' lang='lat' dir='ltr'><strong>etsi</strong></span> <span class='ocrx_word' id='word_1_485' title='bbox 3722 2053 3875 2132; x_wconf 73' lang='lat' dir='ltr'><strong>leqe,</strong></span> 
     </span>
     <span class='ocr_line' id='line_1_76' title="bbox 2337 2139 3878 2224; baseline 0.003 -22"><span class='ocrx_word' id='word_1_486' title='bbox 2337 2157 2558 2224; x_wconf 82' lang='lat' dir='ltr'><strong>xxv111.</strong></span> <span class='ocrx_word' id='word_1_487' title='bbox 2596 2142 2652 2219; x_wconf 63' lang='grc' dir='ltr'><strong>ἓ.</strong></span> <span class='ocrx_word' id='word_1_488' title='bbox 2691 2139 3018 2217; x_wconf 75' lang='lat' dir='ltr'><strong>Consuluit,</strong></span> <span class='ocrx_word' id='word_1_489' title='bbox 3065 2142 3128 2201; x_wconf 79' lang='lat' dir='ltr'><strong>ff.</strong></span> <span class='ocrx_word' id='word_1_490' title='bbox 3170 2140 3242 2202; x_wconf 86' lang='lat' dir='ltr'><strong>de</strong></span> <span class='ocrx_word' id='word_1_491' title='bbox 3261 2142 3537 2222; x_wconf 81' lang='lat' dir='ltr'><strong>petitione</strong></span> <span class='ocrx_word' id='word_1_492' title='bbox 3562 2142 3878 2205; x_wconf 77' lang='lat' dir='ltr'><strong>koeredita-</strong></span> 
     </span>
     <span class='ocr_line' id='line_1_77' title="bbox 2341 2232 3881 2313; baseline 0.003 -19"><span class='ocrx_word' id='word_1_493' title='bbox 2341 2234 2415 2294; x_wconf 79' lang='lat' dir='ltr'><strong>tis</strong></span> <span class='ocrx_word' id='word_1_494' title='bbox 2435 2280 2449 2309; x_wconf 96' lang='lat'><strong>,</strong></span> <span class='ocrx_word' id='word_1_495' title='bbox 2483 2239 2547 2294; x_wconf 90' lang='lat' dir='ltr'><strong>et</strong></span> <span class='ocrx_word' id='word_1_496' title='bbox 2575 2232 2830 2313; x_wconf 90' lang='lat' dir='ltr'><strong>quidem</strong></span> <span class='ocrx_word' id='word_1_497' title='bbox 2861 2235 2981 2294; x_wconf 87' lang='lat' dir='ltr'><strong>tale</strong></span> <span class='ocrx_word' id='word_1_498' title='bbox 3017 2237 3383 2313; x_wconf 86' lang='lat' dir='ltr'><strong>tantumque</strong></span> <span class='ocrx_word' id='word_1_499' title='bbox 3411 2235 3688 2297; x_wconf 90' lang='lat' dir='ltr'><strong>debitum</strong></span> <span class='ocrx_word' id='word_1_500' title='bbox 3717 2238 3881 2298; x_wconf 85' lang='lat' dir='ltr'><strong>illud</strong></span> 
     </span>
     <span class='ocr_line' id='line_1_78' title="bbox 2342 2326 3879 2407; baseline 0.002 -21"><span class='ocrx_word' id='word_1_501' title='bbox 2342 2332 2467 2403; x_wconf 91' lang='lat' dir='ltr'><strong>est,</strong></span> <span class='ocrx_word' id='word_1_502' title='bbox 2518 2331 2589 2387; x_wconf 93' lang='lat' dir='ltr'><strong>ut</strong></span> <span class='ocrx_word' id='word_1_503' title='bbox 2613 2326 2876 2388; x_wconf 85' lang='lat' dir='ltr'><strong>Athenis</strong></span> <span class='ocrx_word' id='word_1_504' title='bbox 2904 2327 3064 2388; x_wconf 87' lang='lat' dir='ltr'><strong>actio</strong></span> <span class='ocrx_word' id='word_1_505' title='bbox 3093 2327 3392 2388; x_wconf 83' lang='lat' dir='ltr'><strong>adversus</strong></span> <span class='ocrx_word' id='word_1_506' title='bbox 3421 2328 3692 2407; x_wconf 88' lang='lat' dir='ltr'><strong>ingratos</strong></span> <span class='ocrx_word' id='word_1_507' title='bbox 3726 2349 3879 2391; x_wconf 90' lang='lat' dir='ltr'><strong>con·</strong></span> 
     </span>
     <span class='ocr_line' id='line_1_79' title="bbox 2341 2419 3880 2501; baseline 0.003 -22"><span class='ocrx_word' id='word_1_508' title='bbox 2341 2421 2556 2481; x_wconf 87' lang='lat' dir='ltr'><strong>stituta</strong></span> <span class='ocrx_word' id='word_1_509' title='bbox 2585 2424 2774 2495; x_wconf 88' lang='lat' dir='ltr'><strong>esset,</strong></span> <span class='ocrx_word' id='word_1_510' title='bbox 2811 2419 2958 2498; x_wconf 91' lang='lat' dir='ltr'><strong>quia</strong></span> <span class='ocrx_word' id='word_1_511' title='bbox 2987 2419 3180 2480; x_wconf 86' lang='lat' dir='ltr'><strong>dandi</strong></span> <span class='ocrx_word' id='word_1_512' title='bbox 3208 2423 3271 2482; x_wconf 92' lang='lat' dir='ltr'><strong>et</strong></span> <span class='ocrx_word' id='word_1_513' title='bbox 3297 2421 3640 2501; x_wconf 88' lang='lat' dir='ltr'><strong>accipiendi</strong></span> <span class='ocrx_word' id='word_1_514' title='bbox 3677 2424 3880 2484; x_wconf 88' lang='lat' dir='ltr'><strong>bene-</strong></span> 
     </span>
     <span class='ocr_line' id='line_1_80' title="bbox 2339 2512 3878 2592; baseline 0.003 -20"><span class='ocrx_word' id='word_1_515' title='bbox 2339 2512 2463 2572; x_wconf 87' lang='lat' dir='ltr'><strong>ficii</strong></span> <span class='ocrx_word' id='word_1_516' title='bbox 2506 2512 2988 2588; x_wconf 89' lang='lat' dir='ltr'><strong>commercium,</strong></span> <span class='ocrx_word' id='word_1_517' title='bbox 3054 2512 3186 2572; x_wconf 90' lang='lat' dir='ltr'><strong>sine</strong></span> <span class='ocrx_word' id='word_1_518' title='bbox 3235 2531 3358 2592; x_wconf 90' lang='lat' dir='ltr'><strong>quo</strong></span> <span class='ocrx_word' id='word_1_519' title='bbox 3404 2514 3506 2574; x_wconf 83' lang='lat' dir='ltr'><strong>vix</strong></span> <span class='ocrx_word' id='word_1_520' title='bbox 3547 2515 3878 2577; x_wconf 89' lang='lat' dir='ltr'><strong>hominum</strong></span> 
     </span>
     <span class='ocr_line' id='line_1_81' title="bbox 2343 2605 3877 2687; baseline 0.002 -21"><span class='ocrx_word' id='word_1_521' title='bbox 2343 2606 2468 2666; x_wconf 86' lang='lat' dir='ltr'><strong>vita</strong></span> <span class='ocrx_word' id='word_1_522' title='bbox 2495 2610 2704 2666; x_wconf 82' lang='lat' dir='ltr'><strong>extare</strong></span> <span class='ocrx_word' id='word_1_523' title='bbox 2733 2609 2975 2683; x_wconf 89' lang='lat' dir='ltr'><strong>potest,</strong></span> <span class='ocrx_word' id='word_1_524' title='bbox 3025 2605 3279 2666; x_wconf 88' lang='lat' dir='ltr'><strong>omnino</strong></span> <span class='ocrx_word' id='word_1_525' title='bbox 3329 2606 3518 2684; x_wconf 91' lang='lat' dir='ltr'><strong>tollit,</strong></span> <span class='ocrx_word' id='word_1_526' title='bbox 3569 2609 3673 2687; x_wconf 89' lang='lat' dir='ltr'><strong>qui</strong></span> <span class='ocrx_word' id='word_1_527' title='bbox 3705 2610 3877 2669; x_wconf 89' lang='lat' dir='ltr'><strong>bene</strong></span> 
     </span>
     <span class='ocr_line' id='line_1_82' title="bbox 2338 2698 3877 2779; baseline 0.002 -21"><span class='ocrx_word' id='word_1_528' title='bbox 2338 2698 2559 2758; x_wconf 90' lang='lat' dir='ltr'><strong>merito</strong></span> <span class='ocrx_word' id='word_1_529' title='bbox 2586 2715 2801 2775; x_wconf 89' lang='lat' dir='ltr'><strong>parem</strong></span> <span class='ocrx_word' id='word_1_530' title='bbox 2829 2698 3060 2759; x_wconf 87' lang='lat' dir='ltr'><strong>referre</strong></span> <span class='ocrx_word' id='word_1_531' title='bbox 3089 2698 3355 2778; x_wconf 81' lang='lat' dir='ltr'><strong>gratiam</strong></span> <span class='ocrx_word' id='word_1_532' title='bbox 3385 2701 3663 2779; x_wconf 82' lang='lat' dir='ltr'><strong>negligit,</strong></span> <span class='ocrx_word' id='word_1_533' title='bbox 3698 2705 3768 2763; x_wconf 89' lang='lat' dir='ltr'><strong>ut</strong></span> <span class='ocrx_word' id='word_1_534' title='bbox 3792 2720 3877 2762; x_wconf 85' lang='lat' dir='ltr'><strong>ex</strong></span> 
     </span>
     <span class='ocr_line' id='line_1_83' title="bbox 2340 2789 3880 2872; baseline 0.001 -17"><span class='ocrx_word' id='word_1_535' title='bbox 2340 2792 2547 2855; x_wconf 82' lang='lat' dir='ltr'><strong>Valer.</strong></span> <span class='ocrx_word' id='word_1_536' title='bbox 2579 2790 2688 2851; x_wconf 86' lang='lat' dir='ltr'><strong>lib.</strong></span> <span class='ocrx_word' id='word_1_537' title='bbox 2720 2791 2788 2852; x_wconf 89' lang='lat' dir='ltr'><strong>V.</strong></span> <span class='ocrx_word' id='word_1_538' title='bbox 2822 2808 2960 2868; x_wconf 88' lang='lat' dir='ltr'><strong>cap.</strong></span> <span class='ocrx_word' id='word_1_539' title='bbox 3002 2806 3098 2851; x_wconf 93' lang='lat'><strong>111.</strong></span> <span class='ocrx_word' id='word_1_540' title='bbox 3149 2789 3218 2851; x_wconf 83' lang='lat' dir='ltr'><strong>de</strong></span> <span class='ocrx_word' id='word_1_541' title='bbox 3244 2792 3493 2872; x_wconf 63' lang='lat' dir='ltr'><strong>ingratis</strong></span> <span class='ocrx_word' id='word_1_542' title='bbox 3520 2794 3880 2856; x_wconf 66' lang='lat' dir='ltr'><strong>observavit</strong></span> 
     </span>
     <span class='ocr_line' id='line_1_84' title="bbox 2340 2883 3870 2965; baseline 0.003 -22"><span class='ocrx_word' id='word_1_543' title='bbox 2340 2884 2548 2963; x_wconf 88' lang='lat' dir='ltr'><strong>glossa</strong></span> <span class='ocrx_word' id='word_1_544' title='bbox 2569 2883 2859 2962; x_wconf 81' lang='lat' dir='ltr'><strong>quaedam</strong></span> <span class='ocrx_word' id='word_1_545' title='bbox 2880 2884 3244 2961; x_wconf 87' lang='lat' dir='ltr'><strong>marginalis</strong></span> <span class='ocrx_word' id='word_1_546' title='bbox 3278 2884 3341 2944; x_wconf 91' lang='lat' dir='ltr'><strong>in</strong></span> <span class='ocrx_word' id='word_1_547' title='bbox 3370 2885 3432 2945; x_wconf 92' lang='lat' dir='ltr'><strong>d.</strong></span> <span class='ocrx_word' id='word_1_548' title='bbox 3458 2886 3514 2965; x_wconf 72' lang='lat'><strong>§-</strong></span> <span class='ocrx_word' id='word_1_549' title='bbox 3543 2885 3870 2960; x_wconf 75' lang='lat' dir='ltr'><strong>Consuluit,</strong></span> 
     </span>
     <span class='ocr_line' id='line_1_85' title="bbox 2341 2975 3875 3055; baseline 0.001 -17"><span class='ocrx_word' id='word_1_550' title='bbox 2341 2978 2720 3055; x_wconf 90' lang='lat' dir='ltr'><strong>ubicumque</strong></span> <span class='ocrx_word' id='word_1_551' title='bbox 2748 2981 2958 3037; x_wconf 89' lang='lat' dir='ltr'><strong>autem</strong></span> <span class='ocrx_word' id='word_1_552' title='bbox 2988 2975 3266 3038; x_wconf 90' lang='lat' dir='ltr'><strong>debitum</strong></span> <span class='ocrx_word' id='word_1_553' title='bbox 3295 2979 3614 3055; x_wconf 84' lang='lat' dir='ltr'><strong>praecedit,</strong></span> <span class='ocrx_word' id='word_1_554' title='bbox 3647 2980 3875 3042; x_wconf 87' lang='lat' dir='ltr'><strong>solutio</strong></span> 
     </span>
     <span class='ocr_line' id='line_1_86' title="bbox 2340 3070 3878 3148; baseline 0.003 -18"><span class='ocrx_word' id='word_1_555' title='bbox 2340 3070 2530 3131; x_wconf 84' lang='lat' dir='ltr'><strong>debiti</strong></span> <span class='ocrx_word' id='word_1_556' title='bbox 2564 3074 2865 3148; x_wconf 89' lang='lat' dir='ltr'><strong>sequatur</strong></span> <span class='ocrx_word' id='word_1_557' title='bbox 2894 3087 3146 3130; x_wconf 89' lang='lat' dir='ltr'><strong>necesse</strong></span> <span class='ocrx_word' id='word_1_558' title='bbox 3175 3075 3286 3144; x_wconf 90' lang='lat' dir='ltr'><strong>est,</strong></span> <span class='ocrx_word' id='word_1_559' title='bbox 3313 3089 3454 3131; x_wconf 91' lang='lat' dir='ltr'><strong>cum</strong></span> <span class='ocrx_word' id='word_1_560' title='bbox 3484 3090 3667 3133; x_wconf 87' lang='lat' dir='ltr'><strong>omne</strong></span> <span class='ocrx_word' id='word_1_561' title='bbox 3694 3073 3878 3134; x_wconf 87' lang='lat' dir='ltr'><strong>debi-</strong></span> 
     </span>
     <span class='ocr_line' id='line_1_87' title="bbox 2338 3160 3876 3246; baseline 0.001 -20"><span class='ocrx_word' id='word_1_562' title='bbox 2338 3168 2474 3226; x_wconf 85' lang='lat' dir='ltr'><strong>tum</strong></span> <span class='ocrx_word' id='word_1_563' title='bbox 2500 3161 2820 3223; x_wconf 91' lang='lat' dir='ltr'><strong>vinculum</strong></span> <span class='ocrx_word' id='word_1_564' title='bbox 2867 3160 3119 3241; x_wconf 86' lang='lat' dir='ltr'><strong>aliquod</strong></span> <span class='ocrx_word' id='word_1_565' title='bbox 3158 3181 3371 3225; x_wconf 91' lang='lat' dir='ltr'><strong>secum</strong></span> <span class='ocrx_word' id='word_1_566' title='bbox 3400 3166 3651 3243; x_wconf 79' lang='lat' dir='ltr'><strong>afferat,</strong></span> <span class='ocrx_word' id='word_1_567' title='bbox 3700 3165 3876 3246; x_wconf 86' lang='lat' dir='ltr'><strong>quod</strong></span> 
     </span>
     <span class='ocr_line' id='line_1_88' title="bbox 2340 3256 3876 3336; baseline 0.001 -19"><span class='ocrx_word' id='word_1_568' title='bbox 2340 3256 2598 3317; x_wconf 84' lang='lat' dir='ltr'><strong>dissolvi</strong></span> <span class='ocrx_word' id='word_1_569' title='bbox 2626 3260 2893 3333; x_wconf 67' lang='lat' dir='ltr'><strong>opoitet.</strong></span> <span class='ocrx_word' id='word_1_570' title='bbox 2954 3258 3090 3317; x_wconf 89' lang='lat' dir='ltr'><strong>Non</strong></span> <span class='ocrx_word' id='word_1_571' title='bbox 3120 3275 3270 3336; x_wconf 86' lang='lat' dir='ltr'><strong>ergo</strong></span> <span class='ocrx_word' id='word_1_572' title='bbox 3302 3257 3495 3320; x_wconf 91' lang='lat' dir='ltr'><strong>donat</strong></span> <span class='ocrx_word' id='word_1_573' title='bbox 3522 3259 3582 3319; x_wconf 91' lang='lat' dir='ltr'><strong>in</strong></span> <span class='ocrx_word' id='word_1_574' title='bbox 3613 3264 3741 3321; x_wconf 90' lang='grc'>1010</span> <span class='ocrx_word' id='word_1_575' title='bbox 3786 3260 3876 3320; x_wconf 89' lang='lat' dir='ltr'><strong>ri-</strong></span> 
     </span>
     <span class='ocr_line' id='line_1_89' title="bbox 2340 3348 3874 3430; baseline 0.002 -19"><span class='ocrx_word' id='word_1_576' title='bbox 2340 3368 2516 3430; x_wconf 88' lang='lat' dir='ltr'><strong>gore,</strong></span> <span class='ocrx_word' id='word_1_577' title='bbox 2541 3349 2651 3409; x_wconf 92' lang='lat' dir='ltr'><strong>sed</strong></span> <span class='ocrx_word' id='word_1_578' title='bbox 2681 3348 2885 3424; x_wconf 88' lang='lat' dir='ltr'><strong>solvit,</strong></span> <span class='ocrx_word' id='word_1_579' title='bbox 2919 3349 3025 3427; x_wconf 87' lang='lat' dir='ltr'><strong>qui</strong></span> <span class='ocrx_word' id='word_1_580' title='bbox 3064 3349 3299 3411; x_wconf 90' lang='lat' dir='ltr'><strong>donum</strong></span> <span class='ocrx_word' id='word_1_581' title='bbox 3333 3358 3657 3430; x_wconf 88' lang='lat' dir='ltr'><strong>acceptum</strong></span> <span class='ocrx_word' id='word_1_582' title='bbox 3684 3354 3874 3414; x_wconf 90' lang='lat' dir='ltr'><strong>simili</strong></span> 
     </span>
     <span class='ocr_line' id='line_1_90' title="bbox 2341 3444 3877 3524; baseline 0.003 -21"><span class='ocrx_word' id='word_1_583' title='bbox 2341 3444 2505 3504; x_wconf 90' lang='lat' dir='ltr'><strong>dono</strong></span> <span class='ocrx_word' id='word_1_584' title='bbox 2535 3447 2930 3520; x_wconf 89' lang='lat' dir='ltr'><strong>compensat,</strong></span> <span class='ocrx_word' id='word_1_585' title='bbox 2983 3447 3046 3504; x_wconf 91' lang='lat' dir='ltr'><strong>et</strong></span> <span class='ocrx_word' id='word_1_586' title='bbox 3073 3461 3184 3520; x_wconf 89' lang='lat' dir='ltr'><strong>per</strong></span> <span class='ocrx_word' id='word_1_587' title='bbox 3211 3461 3596 3524; x_wconf 89' lang='lat' dir='ltr'><strong>consequens</strong></span> <span class='ocrx_word' id='word_1_588' title='bbox 3625 3464 3748 3506; x_wconf 91' lang='lat' dir='ltr'><strong>non</strong></span> <span class='ocrx_word' id='word_1_589' title='bbox 3778 3450 3877 3508; x_wconf 83' lang='lat' dir='ltr'><strong>est</strong></span> 
     </span>
     <span class='ocr_line' id='line_1_91' title="bbox 2340 3534 3870 3618; baseline 0.003 -23"><span class='ocrx_word' id='word_1_590' title='bbox 2340 3534 2448 3596; x_wconf 88' lang='lat' dir='ltr'><strong>illa</strong></span> <span class='ocrx_word' id='word_1_591' title='bbox 2487 3534 2766 3613; x_wconf 83' lang='lat' dir='ltr'><strong>perfecta</strong></span> <span class='ocrx_word' id='word_1_592' title='bbox 2793 3539 2856 3595; x_wconf 91' lang='lat' dir='ltr'><strong>et</strong></span> <span class='ocrx_word' id='word_1_593' title='bbox 2883 3535 3099 3596; x_wconf 88' lang='lat' dir='ltr'><strong>stricta</strong></span> <span class='ocrx_word' id='word_1_594' title='bbox 3126 3535 3380 3597; x_wconf 88' lang='lat' dir='ltr'><strong>donatio</strong></span> <span class='ocrx_word' id='word_1_595' title='bbox 3404 3583 3419 3614; x_wconf 92' lang='lat'>‚</span> <span class='ocrx_word' id='word_1_596' title='bbox 3464 3556 3606 3598; x_wconf 90' lang='lat' dir='ltr'><strong>cum</strong></span> <span class='ocrx_word' id='word_1_597' title='bbox 3634 3538 3870 3618; x_wconf 88' lang='lat' dir='ltr'><strong>aliquid</strong></span> 
     </span>
     <span class='ocr_line' id='line_1_92' title="bbox 2341 3627 3136 3707; baseline 0.001 -18"><span class='ocrx_word' id='word_1_598' title='bbox 2341 3628 2420 3689; x_wconf 89' lang='lat' dir='ltr'><strong>de</strong></span> <span class='ocrx_word' id='word_1_599' title='bbox 2445 3627 2752 3689; x_wconf 92' lang='lat' dir='ltr'><strong>solutione</strong></span> <span class='ocrx_word' id='word_1_600' title='bbox 2783 3627 3136 3707; x_wconf 87' lang='lat' dir='ltr'><strong>participet.</strong></span> 
     </span>
    </p>

    <p class='ocr_par' dir='ltr' id='par_1_12' title="bbox 2339 3721 4195 4176">
     <span class='ocr_line' id='line_1_93' title="bbox 2424 3721 4146 3800; baseline 0.002 -17"><span class='ocrx_word' id='word_1_601' title='bbox 2424 3721 2563 3783; x_wconf 85' lang='lat' dir='ltr'><strong>Dixi</strong></span> <span class='ocrx_word' id='word_1_602' title='bbox 2589 3725 2800 3781; x_wconf 88' lang='lat' dir='ltr'><strong>tamen</strong></span> <span class='ocrx_word' id='word_1_603' title='bbox 2821 3767 2836 3797; x_wconf 93' lang='lat'><strong>,</strong></span> <span class='ocrx_word' id='word_1_604' title='bbox 2882 3722 3251 3800; x_wconf 83' lang='lat' dir='ltr'><strong>praedictam</strong></span> <span class='ocrx_word' id='word_1_605' title='bbox 3281 3724 3627 3785; x_wconf 88' lang='lat' dir='ltr'><strong>doctrinam</strong></span> <span class='ocrx_word' id='word_1_606' title='bbox 3653 3744 3869 3786; x_wconf 80' lang='lat' dir='ltr'><strong>veram</strong></span> <span class='ocrx_word' id='word_1_607' title='bbox 4037 3741 4146 3799; x_wconf 73' lang='lat'><strong>{36</strong></span> 
     </span>
     <span class='ocr_line' id='line_1_94' title="bbox 2342 3813 4195 3909; baseline 0.002 -33"><span class='ocrx_word' id='word_1_608' title='bbox 2342 3834 2513 3891; x_wconf 88' lang='lat' dir='ltr'><strong>esse,</strong></span> <span class='ocrx_word' id='word_1_609' title='bbox 2544 3813 2841 3875; x_wconf 88' lang='lat' dir='ltr'><strong>adhibitis</strong></span> <span class='ocrx_word' id='word_1_610' title='bbox 2876 3818 3088 3875; x_wconf 86' lang='lat' dir='ltr'><strong>tamen</strong></span> <span class='ocrx_word' id='word_1_611' title='bbox 3122 3817 3346 3878; x_wconf 88' lang='lat' dir='ltr'><strong>debitis</strong></span> <span class='ocrx_word' id='word_1_612' title='bbox 3374 3817 3862 3879; x_wconf 79' lang='lat' dir='ltr'><strong>limitationibuS.</strong></span> <span class='ocrx_word' id='word_1_613' title='bbox 3951 3867 4023 3909; x_wconf 68' lang='lat' dir='ltr'><strong>Aa</strong></span> <span class='ocrx_word' id='word_1_614' title='bbox 4040 3867 4195 3909; x_wconf 56' lang='lat' dir='ltr'>m</span> 
     </span>
     <span class='ocr_line' id='line_1_95' title="bbox 2339 3907 3955 3990; baseline 0.001 -19"><span class='ocrx_word' id='word_1_615' title='bbox 2339 3910 2547 3972; x_wconf 89' lang='lat' dir='ltr'><strong>Primo</strong></span> <span class='ocrx_word' id='word_1_616' title='bbox 2578 3907 2789 3986; x_wconf 87' lang='lat' dir='ltr'><strong>itaque</strong></span> <span class='ocrx_word' id='word_1_617' title='bbox 2817 3907 3117 3969; x_wconf 89' lang='lat' dir='ltr'><strong>limitatur</strong></span> <span class='ocrx_word' id='word_1_618' title='bbox 3142 3910 3223 3972; x_wconf 87' lang='lat' dir='ltr'><strong>ab</strong></span> <span class='ocrx_word' id='word_1_619' title='bbox 3254 3910 3580 3990; x_wconf 79' lang='grc'>0110011100,</span> <span class='ocrx_word' id='word_1_620' title='bbox 3600 3917 3669 3973; x_wconf 87' lang='grc'><strong>01</strong></span> <span class='ocrx_word' id='word_1_621' title='bbox 3687 3912 3749 3973; x_wconf 91' lang='lat' dir='ltr'><strong>id</strong></span> <span class='ocrx_word' id='word_1_622' title='bbox 3778 3912 3868 3972; x_wconf 89' lang='lat' dir='ltr'><strong>in·</strong></span> <span class='ocrx_word' id='word_1_623' title='bbox 3925 3933 3955 3963; x_wconf 78' lang='lat' dir='ltr'><strong>e</strong></span> 
     </span>
     <span class='ocr_line' id='line_1_96' title="bbox 2339 4001 3870 4085; baseline 0.001 -20"><span class='ocrx_word' id='word_1_624' title='bbox 2339 4003 2656 4080; x_wconf 87' lang='lat' dir='ltr'><strong>telligatur</strong></span> <span class='ocrx_word' id='word_1_625' title='bbox 2684 4002 2936 4079; x_wconf 87' lang='lat' dir='ltr'><strong>quando</strong></span> <span class='ocrx_word' id='word_1_626' title='bbox 2967 4001 3028 4061; x_wconf 90' lang='lat' dir='ltr'><strong>in</strong></span> <span class='ocrx_word' id='word_1_627' title='bbox 3058 4003 3194 4082; x_wconf 88' lang='lat' dir='ltr'><strong>ipsa</strong></span> <span class='ocrx_word' id='word_1_628' title='bbox 3222 4003 3556 4066; x_wconf 88' lang='lat' dir='ltr'><strong>donatione</strong></span> <span class='ocrx_word' id='word_1_629' title='bbox 3584 4007 3870 4085; x_wconf 84' lang='lat' dir='ltr'><strong>exprimi-</strong></span> 
     </span>
     <span class='ocr_line' id='line_1_97' title="bbox 2340 4093 3868 4176; baseline 0.004 -21"><span class='ocrx_word' id='word_1_630' title='bbox 2340 4100 2462 4170; x_wconf 89' lang='lat' dir='ltr'><strong>tur,</strong></span> <span class='ocrx_word' id='word_1_631' title='bbox 2510 4094 2680 4173; x_wconf 89' lang='lat' dir='ltr'><strong>quod</strong></span> <span class='ocrx_word' id='word_1_632' title='bbox 2725 4093 2837 4155; x_wconf 87' lang='lat' dir='ltr'><strong>fiat</strong></span> <span class='ocrx_word' id='word_1_633' title='bbox 2884 4094 2962 4155; x_wconf 90' lang='lat' dir='ltr'><strong>ob</strong></span> <span class='ocrx_word' id='word_1_634' title='bbox 3013 4096 3236 4157; x_wconf 83' lang='lat' dir='ltr'><strong>merita</strong></span> <span class='ocrx_word' id='word_1_635' title='bbox 3283 4098 3720 4176; x_wconf 83' lang='lat' dir='ltr'><strong>praecedentia.</strong></span> <span class='ocrx_word' id='word_1_636' title='bbox 3777 4101 3868 4161; x_wconf 87' lang='lat' dir='ltr'><strong>Ita</strong></span> 
     </span>
    </p>
   </div>
   <div class='ocr_carea' id='block_1_10' title="bbox 4040 1136 4177 1195">
    <p class='ocr_par' dir='ltr' id='par_1_13' title="bbox 4040 1136 4177 1195">
     <span class='ocr_line' id='line_1_98' title="bbox 4040 1136 4177 1195; baseline 0.015 -2"><span class='ocrx_word' id='word_1_637' title='bbox 4040 1136 4177 1195; x_wconf 71' lang='lat'><strong>¹35-</strong></span> 
     </span>
    </p>
   </div>
   <div class='ocr_carea' id='block_1_11' title="bbox 2337 4187 4246 5386">
    <p class='ocr_par' dir='ltr' id='par_1_14' title="bbox 2337 4187 4246 4923">
     <span class='ocr_line' id='line_1_99' title="bbox 2339 4187 3868 4267; baseline 0.004 -18"><span class='ocrx_word' id='word_1_638' title='bbox 2339 4188 2607 4263; x_wconf 82' lang='lat' dir='ltr'><strong>Baldus,</strong></span> <span class='ocrx_word' id='word_1_639' title='bbox 2658 4191 2721 4247; x_wconf 90' lang='lat' dir='ltr'><strong>et</strong></span> <span class='ocrx_word' id='word_1_640' title='bbox 2767 4187 2907 4263; x_wconf 90' lang='lat' dir='ltr'><strong>alii,</strong></span> <span class='ocrx_word' id='word_1_641' title='bbox 2961 4207 3116 4267; x_wconf 90' lang='lat' dir='ltr'><strong>quos</strong></span> <span class='ocrx_word' id='word_1_642' title='bbox 3160 4191 3354 4250; x_wconf 88' lang='lat' dir='ltr'><strong>refert</strong></span> <span class='ocrx_word' id='word_1_643' title='bbox 3394 4192 3673 4253; x_wconf 88' lang='lat' dir='ltr'><strong>Sanchez</strong></span> <span class='ocrx_word' id='word_1_644' title='bbox 3702 4192 3868 4255; x_wconf 86' lang='lat' dir='ltr'><strong>dicto</strong></span> 
     </span>
     <span class='ocr_line' id='line_1_100' title="bbox 2338 4277 3869 4360; baseline 0.004 -19"><span class='ocrx_word' id='word_1_645' title='bbox 2338 4281 2447 4342; x_wconf 90' lang='lat' dir='ltr'><strong>lib.</strong></span> <span class='ocrx_word' id='word_1_646' title='bbox 2480 4281 2584 4341; x_wconf 84' lang='lat' dir='ltr'><strong>lv.</strong></span> <span class='ocrx_word' id='word_1_647' title='bbox 2617 4277 2686 4339; x_wconf 85' lang='lat' dir='ltr'><strong>de</strong></span> <span class='ocrx_word' id='word_1_648' title='bbox 2711 4281 2967 4341; x_wconf 78' lang='lat' dir='ltr'><strong>matrim.</strong></span> <span class='ocrx_word' id='word_1_649' title='bbox 3003 4281 3163 4360; x_wconf 90' lang='lat' dir='ltr'><strong>disp.</strong></span> <span class='ocrx_word' id='word_1_650' title='bbox 3187 4300 3271 4344; x_wconf 80' lang='lat' dir='ltr'><strong>vl.</strong></span> <span class='ocrx_word' id='word_1_651' title='bbox 3294 4302 3399 4344; x_wconf 92' lang='lat' dir='ltr'><strong>nu.</strong></span> <span class='ocrx_word' id='word_1_652' title='bbox 3425 4287 3484 4346; x_wconf 89' lang='lat'><strong>3.</strong></span> <span class='ocrx_word' id='word_1_653' title='bbox 3518 4286 3634 4358; x_wconf 89' lang='lat' dir='ltr'><strong>Qui</strong></span> <span class='ocrx_word' id='word_1_654' title='bbox 3660 4291 3869 4347; x_wconf 88' lang='lat' dir='ltr'><strong>tamen</strong></span> 
     </span>
     <span class='ocr_line' id='line_1_101' title="bbox 2341 4374 3866 4460; baseline 0.006 -27"><span class='ocrx_word' id='word_1_655' title='bbox 2341 4374 2562 4434; x_wconf 89' lang='lat' dir='ltr'><strong>merito</strong></span> <span class='ocrx_word' id='word_1_656' title='bbox 2593 4391 2737 4434; x_wconf 90' lang='lat' dir='ltr'><strong>cum</strong></span> <span class='ocrx_word' id='word_1_657' title='bbox 2765 4374 2904 4434; x_wconf 90' lang='lat' dir='ltr'><strong>aliis</strong></span> <span class='ocrx_word' id='word_1_658' title='bbox 2949 4374 3113 4437; x_wconf 85' lang='lat' dir='ltr'><strong>hanc</strong></span> <span class='ocrx_word' id='word_1_659' title='bbox 3158 4377 3589 4439; x_wconf 88' lang='lat' dir='ltr'><strong>limitationem</strong></span> <span class='ocrx_word' id='word_1_660' title='bbox 3619 4379 3820 4460; x_wconf 79' lang='lat' dir='ltr'><strong>rejicit</strong></span> <span class='ocrx_word' id='word_1_661' title='bbox 3852 4401 3866 4442; x_wconf 74' lang='grc' dir='ltr'>ε</span> 
     </span>
     <span class='ocr_line' id='line_1_102' title="bbox 2341 4466 3871 4550; baseline 0.005 -23"><span class='ocrx_word' id='word_1_662' title='bbox 2341 4485 2484 4527; x_wconf 86' lang='grc'>0010</span> <span class='ocrx_word' id='word_1_663' title='bbox 2533 4468 2679 4528; x_wconf 89' lang='grc'>11001</span> <span class='ocrx_word' id='word_1_664' title='bbox 2724 4466 2785 4525; x_wconf 88' lang='grc'><strong>10</strong></span> <span class='ocrx_word' id='word_1_665' title='bbox 2832 4466 2966 4528; x_wconf 86' lang='lat' dir='ltr'><strong>foro</strong></span> <span class='ocrx_word' id='word_1_666' title='bbox 2996 4472 3250 4529; x_wconf 84' lang='lat' dir='ltr'><strong>externo</strong></span> <span class='ocrx_word' id='word_1_667' title='bbox 3298 4475 3580 4548; x_wconf 89' lang='lat' dir='ltr'><strong>oporteat</strong></span> <span class='ocrx_word' id='word_1_668' title='bbox 3606 4473 3871 4550; x_wconf 85' lang='lat' dir='ltr'><strong>probare</strong></span> 
     </span>
     <span class='ocr_line' id='line_1_103' title="bbox 2340 4560 3874 4638; baseline 0.006 -19"><span class='ocrx_word' id='word_1_669' title='bbox 2340 4561 2564 4621; x_wconf 88' lang='lat' dir='ltr'><strong>merita</strong></span> <span class='ocrx_word' id='word_1_670' title='bbox 2592 4560 3033 4638; x_wconf 84' lang='lat' dir='ltr'><strong>praecedentia,</strong></span> <span class='ocrx_word' id='word_1_671' title='bbox 3066 4566 3136 4623; x_wconf 91' lang='lat' dir='ltr'><strong>ut</strong></span> <span class='ocrx_word' id='word_1_672' title='bbox 3163 4563 3414 4624; x_wconf 88' lang='lat' dir='ltr'><strong>donatio</strong></span> <span class='ocrx_word' id='word_1_673' title='bbox 3444 4571 3874 4628; x_wconf 89' lang='lat' dir='ltr'><strong>remunerato-</strong></span> 
     </span>
     <span class='ocr_line' id='line_1_104' title="bbox 2337 4654 3877 4732; baseline 0.006 -19"><span class='ocrx_word' id='word_1_674' title='bbox 2337 4654 2434 4714; x_wconf 88' lang='lat' dir='ltr'><strong>ria</strong></span> <span class='ocrx_word' id='word_1_675' title='bbox 2460 4657 2877 4732; x_wconf 84' lang='lat' dir='ltr'><strong>praesumatur</strong></span> <span class='ocrx_word' id='word_1_676' title='bbox 2928 4674 2941 4716; x_wconf 73' lang='grc' dir='ltr'>ε</span> <span class='ocrx_word' id='word_1_677' title='bbox 2989 4654 3050 4713; x_wconf 89' lang='grc'><strong>10</strong></span> <span class='ocrx_word' id='word_1_678' title='bbox 3079 4655 3214 4716; x_wconf 90' lang='lat' dir='ltr'><strong>foro</strong></span> <span class='ocrx_word' id='word_1_679' title='bbox 3242 4659 3451 4717; x_wconf 90' lang='lat' dir='ltr'><strong>tamen</strong></span> <span class='ocrx_word' id='word_1_680' title='bbox 3483 4660 3877 4722; x_wconf 79' lang='lat' dir='ltr'><strong>conscientiae</strong></span> 
     </span>
     <span class='ocr_line' id='line_1_105' title="bbox 2342 4746 4246 4848; baseline 0.005 -41"><span class='ocrx_word' id='word_1_681' title='bbox 2342 4746 2493 4807; x_wconf 88' lang='lat' dir='ltr'><strong>satis</strong></span> <span class='ocrx_word' id='word_1_682' title='bbox 2524 4749 2637 4823; x_wconf 88' lang='lat' dir='ltr'><strong>est,</strong></span> <span class='ocrx_word' id='word_1_683' title='bbox 2672 4746 2721 4806; x_wconf 90' lang='lat' dir='ltr'><strong>si</strong></span> <span class='ocrx_word' id='word_1_684' title='bbox 2770 4746 3100 4808; x_wconf 86' lang='lat' dir='ltr'><strong>donatario</strong></span> <span class='ocrx_word' id='word_1_685' title='bbox 3148 4747 3211 4808; x_wconf 93' lang='lat' dir='ltr'><strong>id</strong></span> <span class='ocrx_word' id='word_1_686' title='bbox 3241 4754 3519 4828; x_wconf 89' lang='lat' dir='ltr'><strong>constet,</strong></span> <span class='ocrx_word' id='word_1_687' title='bbox 3553 4757 3623 4814; x_wconf 91' lang='grc'><strong>01</strong></span> <span class='ocrx_word' id='word_1_688' title='bbox 3648 4752 3875 4814; x_wconf 86' lang='lat' dir='ltr'><strong>fatetur</strong></span> <span class='ocrx_word' id='word_1_689' title='bbox 4242 4775 4246 4848; x_wconf 74' lang='grc' dir='ltr'>Ι</span> 
     </span>
     <span class='ocr_line' id='line_1_106' title="bbox 2342 4838 3868 4923; baseline 0.007 -25"><span class='ocrx_word' id='word_1_690' title='bbox 2342 4838 2532 4900; x_wconf 85' lang='grc'>0110111</span> <span class='ocrx_word' id='word_1_691' title='bbox 2569 4841 2886 4900; x_wconf 88' lang='lat' dir='ltr'><strong>Navarrus</strong></span> <span class='ocrx_word' id='word_1_692' title='bbox 2931 4839 2995 4899; x_wconf 90' lang='lat' dir='ltr'><strong>in</strong></span> <span class='ocrx_word' id='word_1_693' title='bbox 3024 4840 3300 4916; x_wconf 84' lang='lat' dir='ltr'><strong>Summa,</strong></span> <span class='ocrx_word' id='word_1_694' title='bbox 3336 4861 3474 4923; x_wconf 90' lang='lat' dir='ltr'><strong>cap.</strong></span> <span class='ocrx_word' id='word_1_695' title='bbox 3505 4860 3660 4906; x_wconf 85' lang='lat' dir='ltr'><strong>xvn.</strong></span> <span class='ocrx_word' id='word_1_696' title='bbox 3695 4864 3868 4909; x_wconf 90' lang='lat' dir='ltr'><strong>num.</strong></span> 
     </span>
    </p>

    <p class='ocr_par' dir='ltr' id='par_1_15' title="bbox 2345 4931 3873 5015">
     <span class='ocr_line' id='line_1_107' title="bbox 2345 4931 3873 5015; baseline 0.005 -24"><span class='ocrx_word' id='word_1_697' title='bbox 2345 4934 2481 4992; x_wconf 73' lang='lat'><strong>145.</strong></span> <span class='ocrx_word' id='word_1_698' title='bbox 2515 4931 2744 4992; x_wconf 90' lang='lat' dir='ltr'><strong>Melina</strong></span> <span class='ocrx_word' id='word_1_699' title='bbox 2772 4937 2924 4995; x_wconf 90' lang='lat' dir='ltr'><strong>tom.</strong></span> <span class='ocrx_word' id='word_1_700' title='bbox 2950 4948 2992 4993; x_wconf 93' lang='lat'><strong>1.</strong></span> <span class='ocrx_word' id='word_1_701' title='bbox 3019 4932 3178 5013; x_wconf 89' lang='lat' dir='ltr'><strong>disp.</strong></span> <span class='ocrx_word' id='word_1_702' title='bbox 3211 4937 3350 4997; x_wconf 73' lang='lat'><strong>244.</strong></span> <span class='ocrx_word' id='word_1_703' title='bbox 3382 4937 3438 5015; x_wconf 83' lang='lat'><strong>§.</strong></span> <span class='ocrx_word' id='word_1_704' title='bbox 3475 4936 3712 5011; x_wconf 80' lang='lat' dir='ltr'><strong>Quando</strong></span> <span class='ocrx_word' id='word_1_705' title='bbox 3738 4957 3873 4999; x_wconf 83' lang='lat' dir='ltr'><strong>con-</strong></span> 
     </span>
    </p>

    <p class='ocr_par' dir='ltr' id='par_1_16' title="bbox 2340 5023 2729 5099">
     <span class='ocr_line' id='line_1_108' title="bbox 2340 5023 2729 5099; baseline 0.005 -16"><span class='ocrx_word' id='word_1_706' title='bbox 2340 5031 2479 5099; x_wconf 81' lang='lat' dir='ltr'><strong>stat,</strong></span> <span class='ocrx_word' id='word_1_707' title='bbox 2515 5029 2577 5086; x_wconf 89' lang='lat' dir='ltr'><strong>et</strong></span> <span class='ocrx_word' id='word_1_708' title='bbox 2602 5023 2729 5085; x_wconf 87' lang='lat' dir='ltr'><strong>alii.</strong></span> 
     </span>
    </p>

    <p class='ocr_par' dir='ltr' id='par_1_17' title="bbox 2424 5117 4143 5204">
     <span class='ocr_line' id='line_1_109' title="bbox 2424 5117 4143 5204; baseline 0.006 -26"><span class='ocrx_word' id='word_1_709' title='bbox 2424 5118 2713 5178; x_wconf 91' lang='lat' dir='ltr'><strong>Secundo</strong></span> <span class='ocrx_word' id='word_1_710' title='bbox 2743 5117 3065 5196; x_wconf 87' lang='lat' dir='ltr'><strong>limitatur,</strong></span> <span class='ocrx_word' id='word_1_711' title='bbox 3090 5124 3157 5181; x_wconf 93' lang='lat' dir='ltr'><strong>ut</strong></span> <span class='ocrx_word' id='word_1_712' title='bbox 3184 5139 3309 5181; x_wconf 91' lang='lat' dir='ltr'><strong>non</strong></span> <span class='ocrx_word' id='word_1_713' title='bbox 3340 5123 3655 5200; x_wconf 86' lang='lat' dir='ltr'><strong>procedat,</strong></span> <span class='ocrx_word' id='word_1_714' title='bbox 3680 5143 3871 5204; x_wconf 89' lang='lat' dir='ltr'><strong>quan·</strong></span> <span class='ocrx_word' id='word_1_715' title='bbox 4034 5138 4143 5197; x_wconf 78' lang='lat'><strong>137</strong></span> 
     </span>
    </p>

    <p class='ocr_par' dir='ltr' id='par_1_18' title="bbox 2342 5207 4203 5386">
     <span class='ocr_line' id='line_1_110' title="bbox 2345 5207 4203 5312; baseline 0.007 -45"><span class='ocrx_word' id='word_1_716' title='bbox 2345 5207 2425 5268; x_wconf 92' lang='lat' dir='ltr'><strong>do</strong></span> <span class='ocrx_word' id='word_1_717' title='bbox 2453 5209 2679 5271; x_wconf 88' lang='lat' dir='ltr'><strong>merita</strong></span> <span class='ocrx_word' id='word_1_718' title='bbox 2722 5212 3135 5288; x_wconf 78' lang='lat' dir='ltr'><strong>praecedentia</strong></span> <span class='ocrx_word' id='word_1_719' title='bbox 3187 5232 3327 5292; x_wconf 83' lang='lat' dir='ltr'><strong>quae</strong></span> <span class='ocrx_word' id='word_1_720' title='bbox 3372 5221 3865 5290; x_wconf 87' lang='lat' dir='ltr'><strong>remunerantur,</strong></span> <span class='ocrx_word' id='word_1_721' title='bbox 3920 5260 4037 5312; x_wconf 54' lang='lat' dir='ltr'><strong>Qum</strong></span> <span class='ocrx_word' id='word_1_722' title='bbox 4077 5263 4109 5304; x_wconf 47' lang='grc' dir='ltr'><strong>,ἦ</strong></span> <span class='ocrx_word' id='word_1_723' title='bbox 4136 5274 4203 5302; x_wconf 35' lang='grc' dir='ltr'><strong>,ᾗ</strong></span> 
     </span>
     <span class='ocr_line' id='line_1_111' title="bbox 2342 5297 4191 5386; baseline 0.007 -27"><span class='ocrx_word' id='word_1_724' title='bbox 2342 5307 2519 5363; x_wconf 89' lang='lat' dir='ltr'><strong>erant</strong></span> <span class='ocrx_word' id='word_1_725' title='bbox 2555 5302 2709 5363; x_wconf 84' lang='lat' dir='ltr'><strong>alias</strong></span> <span class='ocrx_word' id='word_1_726' title='bbox 2737 5303 2947 5365; x_wconf 85' lang='lat' dir='ltr'><strong>dehita</strong></span> <span class='ocrx_word' id='word_1_727' title='bbox 2969 5351 2984 5381; x_wconf 89' lang='lat'><strong>,</strong></span> <span class='ocrx_word' id='word_1_728' title='bbox 3025 5306 3174 5384; x_wconf 87' lang='lat' dir='ltr'><strong>quia</strong></span> <span class='ocrx_word' id='word_1_729' title='bbox 3202 5306 3252 5366; x_wconf 90' lang='lat' dir='ltr'><strong>si</strong></span> <span class='ocrx_word' id='word_1_730' title='bbox 3284 5307 3495 5369; x_wconf 88' lang='lat' dir='ltr'><strong>debita</strong></span> <span class='ocrx_word' id='word_1_731' title='bbox 3521 5315 3715 5386; x_wconf 87' lang='lat' dir='ltr'><strong>erant,</strong></span> <span class='ocrx_word' id='word_1_732' title='bbox 3748 5329 3871 5371; x_wconf 90' lang='lat' dir='ltr'><strong>non</strong></span> <span class='ocrx_word' id='word_1_733' title='bbox 3938 5297 4191 5358; x_wconf 50' lang='lat' dir='ltr'><strong>&#39;&#39;inber-⁶⁸</strong></span> 
     </span>
    </p>
   </div>
   <div class='ocr_carea' id='block_1_12' title="bbox 2341 5367 4206 5478">
    <p class='ocr_par' dir='ltr' id='par_1_19' title="bbox 2341 5367 4206 5478">
     <span class='ocr_line' id='line_1_112' title="bbox 2341 5367 4206 5478; baseline 0.006 -26"><span class='ocrx_word' id='word_1_734' title='bbox 2341 5393 2602 5455; x_wconf 83' lang='lat' dir='ltr'><strong>resultat</strong></span> <span class='ocrx_word' id='word_1_735' title='bbox 2628 5414 2699 5455; x_wconf 82' lang='lat' dir='ltr'><strong>ex</strong></span> <span class='ocrx_word' id='word_1_736' title='bbox 2731 5396 2848 5458; x_wconf 88' lang='lat' dir='ltr'><strong>illis</strong></span> <span class='ocrx_word' id='word_1_737' title='bbox 2876 5397 3160 5459; x_wconf 90' lang='lat' dir='ltr'><strong>debitum</strong></span> <span class='ocrx_word' id='word_1_738' title='bbox 3190 5399 3445 5478; x_wconf 81' lang='lat' dir='ltr'><strong>exigens</strong></span> <span class='ocrx_word' id='word_1_739' title='bbox 3470 5402 3660 5464; x_wconf 84' lang='lat' dir='ltr'><strong>talem</strong></span> <span class='ocrx_word' id='word_1_740' title='bbox 3672 5422 3847 5464; x_wconf 87' lang='lat' dir='ltr'><strong>remu</strong></span> <span class='ocrx_word' id='word_1_741' title='bbox 3920 5367 4206 5476; x_wconf 51' lang='lat' dir='ltr'><strong>‘&#39;3⁶35ss</strong></span> 
     </span>
    </p>
   </div>
   <div class='ocr_carea' id='block_1_13' title="bbox 4243 5170 4247 5810">
    <p class='ocr_par' dir='ltr' id='par_1_20' title="bbox 4243 5170 4247 5810">
     <span class='ocr_line' id='line_1_113' title="bbox 4243 5170 4247 5810; baseline 0 0"><span class='ocrx_word' id='word_1_742' title='bbox 4243 5170 4247 5810; x_wconf 95' lang='lat' dir='ltr'><strong> </strong></span> 
     </span>
    </p>
   </div>
  </div>
 </body>
</html>
