4263 6376
134 3116 210 3171 {72

1319 262 1787 324 DISPUTATIO
1832 262 2021 336 XXV,
2070 261 2344 321 SECTIO
2389 260 2547 320 vlu.

318 438 384 493 ut
427 440 695 513 propter
738 436 990 498 titulum
1045 437 1423 516 proximum,
1468 442 1538 498 ut
1565 437 1857 512 diximus,

314 525 423 584 sed
445 532 713 607 propter
731 530 1215 608 promissionem
1235 530 1433 589 soceri
1454 528 1516 588 in
1538 534 1861 589 contractu

315 617 533 694 dotali,
570 619 680 698 qui
710 622 873 682 sicut
899 622 1102 700 001011
1129 621 1340 682 (101001
1368 622 1732 698 promittere
1763 640 1862 679 ex-

316 710 653 771 cedentem
686 730 879 772 onera
916 713 1333 785 matrimonii;
1379 713 1469 774 310
1498 714 1698 791 001011
1725 713 1863 772 11103

316 801 558 863 fructus
616 806 984 881 promittere
1008 851 1023 880 ,
1100 805 1206 883 qui
1261 808 1407 865 sunt
1459 823 1604 882 pars
1662 804 1822 864 dotis
1842 849 1858 879 ,

318 894 568 955 etiamsi
600 895 985 958 excederent
1014 898 1237 957 eadem
1269 916 1481 972 onera,
1516 896 1864 975 praesertim

320 1004 487 1062 cum,
522 988 675 1049 licet
698 989 1007 1052 excedant
1035 1009 1227 1051 onera
1254 990 1611 1068 praesentia,
1645 1008 1860 1049 neees-

318 1079 466 1139 sarii
496 1080 767 1141 fortasse
796 1082 922 1142 sint
961 1100 1073 1160 pro
1105 1082 1397 1142 oneribus
1429 1081 1864 1161 subsequentis

319 1173 650 1250 temporis,
687 1178 758 1234 ut
782 1173 934 1247 dixi,
952 1175 1033 1234 ad
1052 1173 1535 1253 praeparandum
1564 1179 1626 1234 et
1642 1192 1864 1234 ornan-

322 1264 467 1324 dam
501 1265 789 1341 domum,
839 1266 1353 1344 suppellectilem,
1389 1285 1539 1326 vasa
1569 1270 1867 1344 argentea

322 1356 618 1430 emenda,
655 1358 733 1416 ad
764 1359 1225 1437 providendum
1254 1358 1395 1418 tiliis
1426 1361 1488 1419 et
1516 1358 1764 1418 filiabus
1791 1376 1866 1416 ex

320 1448 621 1528 conjugio
655 1452 1015 1529 nascituriS,
1051 1457 1112 1513 et
1141 1451 1220 1511 ad
1252 1451 1375 1511 alia
1402 1450 1648 1511 similia.

403 1544 624 1602 Restat
672 1543 1041 1620 videndum,
1092 1563 1173 1604 an
1222 1562 1361 1623 quse
1409 1543 1575 1604 dicta
1618 1548 1759 1603 sunt
1789 1543 1866 1602 de

320 1633 586 1711 pignore
618 1634 766 1695 dato
796 1654 1032 1714 genero
1066 1636 1144 1696 ob
1187 1636 1398 1696 dotem
1428 1636 1514 1695 illi
1544 1653 1665 1695 non
1698 1636 1866 1695 solu-

320 1731 478 1799 tam,
525 1726 735 1786 locum
784 1727 1063 1789 habeant
1089 1728 1152 1787 in
1190 1728 1452 1807 pignore
1483 1729 1629 1789 dato
1660 1727 1865 1787 vidua}

315 1819 529 1878 soluto
583 1819 988 1881 matrimonio
1034 1821 1112 1881 ob
1160 1821 1374 1881 dotem
1405 1821 1486 1880 illi
1521 1840 1644 1881 non
1686 1819 1861 1880 resti-

315 1910 563 1970 tutam?
591 1912 1089 1990 Supponendum
1107 1918 1201 1973 est
1238 1917 1472 1989 autem,
1507 1913 1708 1973 soluto
1738 1931 1868 1972 ma-

312 2002 643 2077 trimonio,
694 2003 826 2063 sive
874 2023 987 2081 per
1040 2009 1309 2065 mortem
1348 2005 1478 2064 sive
1523 2005 1644 2065 alio
1674 2004 1862 2065 modo

310 2094 534 2172 quoad
564 2094 907 2171 vinculum,
955 2098 1050 2156 vel
1082 2096 1355 2172 thorum,
1391 2097 1600 2157 dotem
1635 2096 1863 2156 debere

308 2187 497 2247 uxori
528 2187 731 2263 reddi,
791 2188 923 2247 sive
948 2206 988 2248 a
1015 2188 1149 2248 viro
1198 2189 1327 2249 sive
1358 2189 1435 2248 ab
1467 2190 1555 2248 eis
1602 2188 1863 2248 111010111-

309 2279 433 2339 bus
466 2284 594 2339 eta
635 2285 917 2357 tempore
964 2280 1346 2342 matrimonii
1395 2281 1579 2342 soluti
1626 2282 1864 2341 fructus

311 2389 536 2431 rerum
582 2371 910 2449 dotalium,
972 2391 1244 2451 quarum
1302 2373 1650 2433 dominium
1697 2372 1862 2451 apud

312 2482 582 2524 uxorem
597 2468 753 2540 erat,
778 2464 1092 2542 pertinere
1122 2465 1204 2524 ad
1222 2465 1447 2543 ipsam.
1482 2467 1651 2525 Intra
1673 2482 1865 2544 quan·

310 2563 447 2616 tum
472 2573 625 2615 vero
646 2556 946 2636 temporis
978 2556 1089 2615 dos
1120 2557 1602 2618 restituidebeat
1618 2556 1695 2616 de
1711 2556 1853 2635 jure

313 2650 602 2727 antiquO,
636 2653 747 2709 aut
774 2667 960 2724 novo,
994 2649 1192 2709 videri
1220 2654 1424 2727 potest
1439 2649 1669 2710 Melina
1697 2649 1856 2727 disp.

312 2743 456 2801 323.
496 2740 601 2818 qui
633 2740 821 2800 etiam
856 2746 1082 2802 tractat
1108 2742 1186 2802 de
1210 2741 1352 2820 jure
1370 2742 1538 2821 quod
1570 2760 1724 2801 uxor
1753 2740 1859 2800 ha-

312 2832 419 2893 bet
451 2832 538 2891 ad
568 2833 887 2909 alimenta,
921 2834 1218 2912 quamdiu
1250 2833 1362 2894 dos
1394 2834 1451 2893 ei
1488 2852 1611 2894 non
1654 2833 1857 2893 reddi-

313 2930 436 2999 tur,
479 2930 544 2985 et
568 2943 681 3003 pro
715 2943 838 3003 quo
867 2931 1173 3005 tempore,
1200 2927 1340 2987 etin
1370 2927 1595 3004 quibus
1610 2925 1857 2987 casibus

314 3018 394 3077 illi
431 3017 810 3079 debeantur.

390 3111 613 3171 Prima
641 3129 790 3188 ergo
827 3110 1134 3171 sententia
1159 3110 1363 3187 docet,
1385 3128 1567 3192 posse
1601 3129 1862 3172 uxorem

313 3204 560 3265 tructus
589 3205 912 3283 percipere
956 3223 1079 3265 non
1122 3204 1580 3282 computandos
1628 3204 1690 3263 in
1731 3223 1863 3265 sor·

313 3305 440 3357 tem
476 3316 553 3356 ex
580 3297 844 3375 pignore
875 3296 991 3356 sibi
1022 3315 1057 3356 a
1087 3297 1245 3373 vim,
1281 3298 1378 3357 vel
1411 3297 1547 3377 ejus
1590 3297 1863 3357 haeredi-

313 3390 429 3450 bus
465 3389 615 3450 dato
642 3408 757 3468 pro
787 3390 933 3449 dote
976 3407 1099 3449 non
1148 3389 1414 3466 reddita,
1451 3397 1754 3469 quantum
1784 3390 1859 3449 ad

316 3482 650 3543 decentem
678 3502 857 3542 suam
912 3483 1426 3544 sustentationem
1472 3502 1726 3543 necesse
1757 3483 1863 3542 lia-

313 3576 546 3651 buerit,
584 3580 646 3636 et
672 3575 792 3635 hoc
815 3576 984 3635 00110
1015 3575 1203 3635 etiam
1225 3576 1398 3636 lucro
1431 3583 1733 3650 cessante,
1758 3580 1868 3637 aut

314 3669 552 3729 damno
583 3671 965 3746 emergente.
1002 3670 1092 3730 Ita
1123 3671 1459 3744 NavarruS,
1483 3672 1689 3744 SotuS‚
1713 3670 1873 3728 Ban-

315 3781 421 3823 nes
485 3762 761 3836 ToletuS,
826 3762 1137 3838 Salonine,
1195 3764 1423 3840 Lopez,
1485 3761 1862 3838 Rodriguez‚

314 3854 609 3915 Valentia
636 3858 699 3913 et
725 3853 824 3913 alii
856 3854 1058 3930 multi,
1082 3872 1238 3933 (1003
1267 3853 1477 3928 refert,
1506 3857 1568 3913 et
1586 3852 1869 3931 sequitur

316 3948 494 4008 Salas
545 3945 699 4006 dub.
732 3962 874 4006 xxx.
928 3965 1100 4006 num.
1135 3952 1192 4007 9.
1229 3950 1292 4006 et
1332 3945 1657 4024 probabile
1686 3947 1867 4024 putat

315 4041 571 4102 Lessius
601 4038 751 4099 (101).
786 4055 967 4099 xv111.
1001 4040 1064 4098 in
1095 4040 1242 4099 fine.

394 4131 695 4195 Secunda
731 4132 1038 4192 sententia
1077 4131 1446 4207 0010100013,
1480 4134 1543 4192 et
1569 4131 1775 4191 verior
1802 4130 1867 4191 id

317 4230 529 4305 negat,
563 4243 753 4304 quam
782 4230 1000 4287 tenent
1027 4224 1258 4286 Molina
1289 4224 1519 4303 disput.
1543 4226 1682 4284 323.
1715 4226 1865 4284 Les-

313 4320 440 4380 sius
468 4318 597 4378 loc.
623 4319 726 4378 cit.
761 4317 1018 4396 Cajetan
1068 4320 1320 4380 Covarr.
1356 4320 1657 4393 Navarra,
1691 4317 1863 4378 Abu-

315 4411 472 4472 1003.
508 4412 818 4472 110311003.
851 4411 1162 4487 BartoluS,
1212 4416 1274 4472 et
1301 4410 1441 4483 alii;
1491 4428 1649 4489 quos
1681 4411 1865 4471 affert

317 4505 487 4565 idem
520 4504 697 4565 Salas
742 4522 914 4564 num.
944 4507 1003 4565 8.
1053 4521 1193 4563 eam
1234 4504 1423 4565 etiam
1459 4502 1866 4582 probabiliter

319 4596 687 4658 defendens.
747 4596 927 4658 Ratio
970 4601 1084 4672 est,
1132 4596 1280 4676 quia
1309 4597 1453 4657 licet
1501 4613 1659 4655 uxor
1691 4599 1860 4655 certo

320 4697 603 4768 tempore
633 4688 844 4768 alege
892 4688 1146 4750 definito
1194 4688 1390 4768 possit
1446 4688 1741 4747 alimenta
1791 4705 1866 4746 ex

319 4784 505 4844 bonis
531 4782 642 4842 viri
671 4783 946 4859 exigere,
1007 4782 1151 4842 dote
1200 4799 1322 4841 non
1367 4781 1599 4853 soluta;
1661 4797 1864 4858 neque

323 4895 397 4938 ex
424 4877 565 4954 lege
583 4881 820 4951 tamen,
854 4893 1057 4954 neque
1089 4893 1161 4935 ex
1192 4875 1314 4935 alio
1347 4877 1529 4953 pacto
1552 4873 1720 4953 justo
1754 4873 1864 4932 ba-

321 4971 431 5030 bet
475 4968 580 5047 jus
607 4967 685 5026 ad
734 4968 1044 5045 exigenda
1097 4968 1245 5029 talia
1281 4967 1600 5041 alimenta,
1663 4984 1865 5044 neque

323 5063 405 5125 ad
461 5061 854 5139 recipiendos
909 5061 1149 5122 fructus
1190 5061 1468 5140 pignoris
1510 5060 1674 5121 ultra
1732 5077 1867 5120 sor-

327 5163 453 5217 tem
489 5174 504 5214 :
543 5172 683 5231 ergo
712 5154 861 5214 licet
899 5154 1141 5233 possint
1167 5154 1364 5231 recipi
1393 5154 1627 5213 fructus
1656 5170 1731 5210 ex
1760 5151 1864 5212 tali

325 5249 593 5330 pignore
634 5266 670 5306 a
713 5265 947 5326 genero
996 5248 1158 5308 ultra
1213 5251 1444 5308 sortem
1488 5245 1599 5306 :id
1655 5249 1864 5306 tamen

329 5360 454 5402 000
502 5343 597 5399 031
643 5339 1105 5401 extendendum
1162 5339 1240 5401 ad
1289 5357 1503 5401 casum
1559 5342 1861 5398 nostrum.

334 5437 546 5495 Gener
576 5433 749 5510 enim,
784 5439 853 5494 ut
891 5433 1182 5510 vidimus,
1218 5452 1324 5493 eos
1374 5432 1595 5511 recipit
1622 5450 1694 5490 ex
1724 5449 1867 5492 con-

3376 261 3487 318 231

1958 439 2160 499 tractu
2194 436 2406 511 dotali,
2441 455 2563 515 (100
2594 454 2775 497 30001
2803 454 2908 496 003
2937 436 3174 497 fructus
3192 434 3498 496 concessit

1961 528 2141 607 quasi
2171 528 2232 586 in
2285 532 2528 605 partem
2558 528 2720 588 dotis
2755 549 2768 589 :
2804 546 2959 589 uxor
2987 533 3197 588 autem
3229 546 3350 587 non
3383 526 3497 585 ha·-

1960 620 2067 680 bet
2092 620 2282 681 talem
2313 620 2560 680 titulum
2597 621 2675 679 ad
2706 622 2942 682 fructus
2970 619 3248 698 pignoris
3279 628 3496 693 postea

1959 712 2075 771 sibi
2107 730 2143 771 a
2169 712 2325 787 viro,
2347 712 2445 771 vel
2476 711 2610 791 ejus
2641 713 2995 773 baeredibus
3018 712 3144 773 dati
3177 712 3256 773 ob
3287 712 3497 772 dotem

1961 823 2083 864 non
2112 804 2417 876 solutam3
2466 823 2660 884 quare
2692 805 2827 865 illos
2876 805 3189 883 acciperet
3216 822 3386 864 mere
3418 804 3498 864 ob

1961 896 2326 957 dilationem
2388 897 2712 957 solutionis
2772 902 2834 958 et
2878 902 3165 958 mutuum
3210 896 3494 971 virtuale,

1961 1006 2102 1068 quae
2161 994 2323 1049 esset
2376 1008 2565 1048 usura
2588 1036 2603 1065 ,
2666 990 2908 1049 secluso
2964 989 3138 1048 lucro
3194 992 3496 1063 cessante,

1961 1081 2192 1140 damno
2240 1084 2620 1158 emergente,
2674 1087 2735 1141 et
2790 1080 2925 1141 aliis
2967 1080 3401 1140 communibus
3429 1079 3501 1140 ti-

1962 1173 2128 1233 tulis.

2044 1264 2456 1342 Respondent
2485 1264 2702 1343 aliqui,
2755 1284 3013 1326 uxorem
3046 1265 3234 1326 etiam
3259 1264 3363 1344 jus
3390 1264 3503 1324 ha-

1960 1358 2110 1418 bere
2142 1375 2216 1415 ex
2246 1361 2426 1434 pacto
2450 1357 2867 1434 praecedente,
2892 1358 3060 1436 quod
3082 1358 3274 1437 aliqui
3290 1357 3504 1418 dicunt

1963 1469 2097 1509 esse
2120 1449 2282 1508 inter
2310 1448 2594 1509 haeredes
2615 1450 2730 1509 viri
2764 1455 2825 1511 et
2855 1468 3134 1525 uxorem,
3157 1450 3408 1528 quando
3440 1448 3496 1508 ei

1961 1542 2188 1621 pignus
2219 1540 2388 1601 dant.
2425 1544 2556 1602 Hoc
2577 1546 2787 1602 tamen
2820 1548 3074 1620 pactum
3092 1546 3255 1603 esset
3283 1560 3503 1603 usura-

1962 1633 2148 1709 rium,
2184 1636 2252 1692 ut
2272 1632 2502 1693 fatetur
2530 1634 2762 1693 ibidem
2796 1635 2973 1695 Salas
3003 1654 3174 1695 num.
3208 1637 3265 1696 9.
3299 1636 3502 1706 Quare

1964 1725 2095 1803 ipse
2117 1744 2260 1786 cum
2289 1725 2426 1784 aliis
2467 1726 2636 1802 dicit,
2669 1726 2788 1787 hoc
2816 1732 3069 1805 pactum
3114 1727 3502 1804 praecessisse

1962 1818 2025 1877 in
2054 1819 2188 1897 ipso
2218 1822 2540 1878 contractu
2571 1818 2784 1891 dotali,
2820 1838 2943 1898 quo
2988 1820 3249 1880 maritus
3280 1821 3359 1880 ob
3387 1820 3504 1879 do·

1962 1915 2088 1970 tem
2108 1916 2423 1988 receptam
2446 1930 2511 1970 se
2545 1911 2781 1990 obligat
2802 1911 3098 1990 implicite
3117 1912 3194 1972 ad
3211 1912 3501 1972 alendam

1963 2020 2221 2062 uxorem
2272 2001 2657 2079 indigentem
2705 2021 2777 2064 ex
2838 2004 3018 2065 bonis
3066 2005 3192 2064 suis·
3238 2006 3501 2066 durante

1960 2094 2387 2169 matrimoniO,
2408 2098 2597 2173 atque
2618 2095 2807 2157 etiam
2831 2115 2904 2158 eo
2947 2097 3271 2174 (113301010,
3287 2116 3502 2177 quam-

1962 2187 2067 2246 diu
2100 2186 2212 2247 dos
2262 2186 2317 2245 ei
2348 2206 2472 2246 000
2520 2188 2707 2248 fuerit
2749 2189 2996 2249 reddita
3028 2207 3042 2252 :
3076 2190 3242 2268 quod
3289 2195 3500 2249 tamen

1958 2278 2335 2357 intelligunt,
2360 2280 2411 2338 si
2443 2299 2597 2340 uxor
2627 2281 2886 2359 indiget,
2905 2301 3019 2342 nec
3041 2281 3498 2343 habetaliunde

1959 2371 2258 2432 alimenta
2312 2373 2732 2450 competentia
2777 2373 2958 2452 juxta
2986 2394 3014 2435 s
3045 2394 3193 2435 uum
3245 2379 3499 2439 statum.

1962 2463 2085 2526 Sed
2117 2467 2284 2524 certe
2317 2464 2575 2525 deberet
2602 2465 2679 2525 de
2712 2466 2830 2525 1100
2857 2471 3037 2544 pacto
3069 2472 3378 2542 constare,
3404 2467 3502 2527 vel

1961 2576 2072 2635 per
2112 2556 2339 2634 legem,
2374 2557 2473 2616 vel
2528 2575 2640 2635 per
2695 2558 2948 2636 aliquod
3002 2558 3171 2618 aliud
3227 2560 3497 2638 signum,

1960 2667 2103 2709 cum
2134 2655 2356 2710 natura
2397 2655 2458 2711 et
2499 2650 2772 2711 conditio
2822 2651 2984 2712 dotis
3031 2652 3233 2711 solum
3280 2652 3503 2713 afferat

1960 2759 2174 2802 secum
2205 2741 2669 2819 obligationem,
2689 2749 2757 2804 ut
2775 2743 3072 2804 dissoluto
3104 2742 3499 2804 matrimonio

1957 2835 2321 2895 restituatur
2375 2835 2572 2895 uxori.
2625 2837 2751 2895 Lex
2805 2840 3016 2896 autem
3072 2836 3274 2896 solum
3328 2834 3501 2896 dedit

1960 2926 2139 2987 uxori
2162 2925 2266 3005 jus
2289 2927 2369 2986 ad
2397 2927 2695 2987 alimenta
2725 2946 2836 3006 pro
2889 2932 3171 3007 tempore
3201 2927 3496 2989 determi-

1959 3024 2128 3095 nat0‚
2164 3024 2227 3080 et
2266 3018 2327 3078 in
2357 3020 2492 3079 aliis
2538 3020 2791 3099 reliquit
2820 3040 2959 3080 eam
2994 3020 3125 3101 juri
3155 3018 3494 3095 communi,

1958 3113 2119 3173 sicut
2154 3111 2306 3172 alios
2354 3112 2714 3190 creditores,
2751 3113 2856 3193 qui
2905 3114 2984 3174 ob
3014 3132 3257 3175 moram
3306 3112 3501 3173 debiti

1960 3225 2084 3266 non
2130 3205 2315 3266 soluti
2357 3211 2617 3284 possunt
2660 3206 2862 3266 solum
2908 3207 3155 3285 exigere
3201 3207 3498 3268 interesse

1958 3298 2112 3359 lucri
2145 3298 2463 3373 cessantis,
2489 3298 2585 3357 vel
2608 3298 2824 3357 damni
2853 3299 3355 3377 emergentiS,vel
3371 3316 3499 3376 poe-

1960 3409 2105 3451 nam
2127 3390 2293 3469 juste
2314 3389 2668 3468 impositam
2700 3396 2761 3451 et
2790 3392 3182 3470 culpabiliter
3198 3391 3494 3452 debitam.

1961 3483 2165 3559 Addo,
2198 3483 2344 3543 licet
2372 3482 2682 3560 ejusmodi
2712 3490 2965 3560 pactum
2997 3485 3354 3562 explicitum
3385 3483 3501 3543 ini-

1961 3580 2093 3637 tum
2124 3574 2340 3635 fuisset
2367 3593 2405 3634 a
2433 3575 2655 3636 marito
2687 3576 2749 3634 in
2780 3582 3104 3637 contractu
3134 3577 3348 3642 dotali,
3377 3594 3499 3636 non

1958 3667 2158 3727 videri
2180 3668 2342 3726 hunc
2365 3667 2612 3728 titulum
2636 3669 3048 3729 sufficientem
3066 3668 3288 3746 magiS,
3311 3686 3500 3747 quam

1962 3758 2016 3818 si
2045 3758 2304 3837 quilibet
2350 3759 2505 3818 alius
2553 3759 2794 3821 debitor
2842 3761 3126 3839 explicite
3172 3780 3238 3821 se
3269 3761 3503 3839 obliget

1963 3852 2043 3911 ad
2075 3851 2443 3911 solvendum
2472 3852 2775 3928 debitum,
2809 3854 2907 3913 vel
2947 3853 3223 3913 dandum
3249 3852 3494 3933 pignuS‚

1956 3945 2136 4022 cujus
2165 3944 2400 4004 fructus
2421 3945 2693 4005 creditor
2713 3947 2906 4023 possit
2927 3947 3088 4008 ultra
3114 3951 3349 4006 sortem
3402 3963 3499 4006 ac-

1964 4036 2304 4114 cipere,vel
2335 4037 2414 4095 ad
2441 4037 2650 4097 danda
2674 4038 2728 4098 ei
2746 4039 3041 4099 alimenta
3057 4039 3219 4099 ultra
3242 4043 3497 4114 sortem,

1962 4128 2262 4208 quamdiu
2311 4135 2452 4206 post
2490 4131 2825 4191 terminum
2852 4132 3176 4211 praefixum
3221 4129 3500 4192 debitum

1962 4240 2087 4283 non
2116 4222 2372 4282 solverit
2404 4238 2417 4284 :
2455 4241 2594 4301 quse
2625 4224 2835 4284 omnia
2864 4228 3048 4303 pacta
3094 4223 3378 4284 usuraria
3406 4241 3503 4283 es-

1963 4318 2120 4390 sent,
2155 4318 2224 4374 ut
2271 4318 2533 4390 constat,
2586 4315 2705 4375 nisi
2752 4317 2929 4377 titulo
2977 4316 3133 4378 lucri
3177 4316 3497 4390 cessantis,

1963 4407 2177 4468 damni
2209 4408 2608 4485 emergentiS,
2642 4410 2739 4469 vel
2763 4409 2948 4488 justae
2979 4428 3181 4487 poenae
3209 4427 3502 4470 excusen-

1963 4505 2085 4562 tur.
2120 4502 2229 4560 Est
2279 4504 2488 4561 autem
2543 4519 2774 4581 magna
2826 4502 3177 4563 differentia
3207 4502 3366 4563 inter
3393 4521 3506 4581 pa·

1963 4598 2135 4655 ctum
2167 4592 2316 4652 illud
2362 4611 2401 4652 a
2445 4612 2662 4654 socero
2693 4596 2949 4672 tactum,
3005 4599 3067 4657 et
3097 4596 3216 4655 hoc
3246 4599 3501 4674 pactum

1966 4685 2136 4766 quod
2165 4685 2425 4746 maritus
2445 4687 2700 4748 faceret.
2736 4689 2893 4748 Nam
2909 4706 3085 4749 socer
3110 4688 3348 4749 fructus
3367 4687 3505 4746 illos

1965 4778 2243 4859 pignoris
2274 4779 2467 4839 dandi
2498 4780 2677 4841 offert
2705 4780 2767 4839 in
2790 4780 3038 4854 dotem;
3089 4799 3282 4859 quare
3312 4797 3506 4858 gener

1967 4891 2093 4932 non
2148 4871 2378 4950 accipit
2429 4872 2568 4932 illos
2614 4891 2727 4952 pro
2768 4877 3009 4949 mutuo,
3044 4874 3143 4933 vel
3172 4891 3282 4951 pro
3314 4873 3508 4933 dilata

1968 4965 2271 5026 solutione
2296 5011 2310 5041 ,
2346 4966 2454 5025 sed
2485 4965 2549 5025 in
2571 4965 2782 5027 dotem
2794 4966 2954 5028 sicut
2970 4966 3092 5026 alia
3114 4964 3321 5026 omnia
3340 4964 3507 5024 hona

1969 5057 2222 5119 dotalia.
2275 5062 2355 5119 At
2382 5076 2528 5119 vero
2575 5059 2839 5120 maritus
2879 5059 3080 5119 solum
3119 5057 3509 5136 promitteret

1966 5151 2204 5211 fructus
2236 5149 2371 5211 illos
2402 5151 2680 5230 pignoris
2715 5151 2930 5227 dandi,
2976 5151 3074 5211 vel
3103 5150 3397 5212 alimenta
3428 5151 3506 5211 ob

1968 5244 2179 5305 dotem
2209 5262 2332 5303 non
2363 5245 2654 5319 solutam,
2689 5264 2796 5305 seu
2829 5249 3085 5323 propter
3113 5243 3370 5305 dilatam
3410 5263 3510 5305 so-

1967 5336 2269 5397 lutionem
2298 5336 2482 5413 dotis,
2519 5342 2581 5398 et
2609 5341 2865 5415 propter
2891 5341 3179 5397 mutuum
3209 5337 3503 5397 virtuale:

1969 5449 2093 5510 (100
2138 5429 2317 5490 111010
2367 5449 2522 5491 uxor
2552 5448 2672 5491 non
2723 5435 2926 5510 potest
2974 5429 3111 5492 illos
3159 5429 3504 5510 percipere,
