4263 6376
61 2048 130 2109 181

60 2176 205 2225 casulo-

69 2225 95 2267 'n
106 2226 203 2288 prelio

1166 287 1631 349 DISPUTATIO
1678 284 1950 359 xxxvl,
2001 285 2274 345 SECTIO
2320 286 2425 345 xl.

245 463 344 524 alia
400 465 686 541 quatuor,
751 478 894 540 (1οω
950 458 1084 540 jam
1151 460 1270 541 ipsi
1332 459 1743 536 debebantur,

243 555 456 618 etiamsi
484 573 609 615 non
638 553 964 615 obtulisset
989 557 1087 616 40.
1124 572 1273 632 ergo
1303 554 1509 632 perdit
1527 554 1607 614 de
1635 572 1747 613 suo

244 652 326 710 38.
355 654 417 708 ut
452 665 585 707 rem
614 646 847 707 habeat
878 661 891 707 :
926 665 1077 725 ergo
1115 647 1220 706 illa
1266 650 1365 707 38.
1416 651 1563 708 nunt
1607 666 1751 724 pre-

242 742 374 803 tium
399 741 711 819 integrum
740 739 910 818 quod
952 739 1062 800 dat
1107 757 1219 816 pro
1275 758 1343 800 re
1391 740 1517 815 illa,
1563 744 1750 817 atque

244 833 363 893 ideo
389 850 462 901 ex
489 832 611 892 illis
639 834 739 894 38.
775 831 1093 894 Solvenda
1120 835 1216 894 est
1241 833 1511 911 gabella,
1558 832 1622 892 10
1666 832 1752 892 ri·-

243 943 374 1005 gore
399 923 738 1003 loquendo·

309 1017 562 1078 infertur
571 1014 778 1092 tertie,
793 1032 907 1076 con
917 1019 1014 1076 tra
1027 1015 1416 1077 Ludovicum
1430 1016 1750 1092 Messium,

245 1128 408 1190 quem
431 1110 611 1171 affert
636 1111 893 1170 Lasarte
920 1107 1229 1170 dedecima
1245 1109 1581 1170 venditione
1610 1127 1750 1188 cap.

245 1220 330 1263 xv.
373 1221 430 1263 n.
475 1204 575 1263 25.
627 1220 772 1262 eum
811 1201 917 1281 qui
973 1202 1191 1264 vendit
1239 1202 1511 1264 trIticum
1556 1203 1755 1281 pretio

244 1296 362 1374 lege
391 1297 623 1371 taxato,
656 1312 782 1355 non
810 1311 992 1371 posse
1034 1295 1295 1373 rejicere
1323 1296 1383 1355 in
1408 1301 1757 1374 emptorem

243 1389 359 1467 ipso
403 1387 591 1449 etium
647 1386 1077 1448 consentiente
1115 1406 1273 1448 onus
1317 1388 1598 1449 solvendi
1645 1408 1759 1467 ga-

243 1480 448 1541 bellam
479 1496 670 1559 quam
697 1479 988 1541 venditor
1014 1479 1272 1542 deberet
1299 1481 1577 1543 solvere:
1612 1481 1759 1560 quia

243 1574 333 1635 illa
354 1572 600 1651 gabello,
628 1571 708 1632 ab
758 1577 1039 1650 emptore
1094 1573 1319 1649 soluta,
1353 1578 1518 1635 esset
1571 1574 1761 1635 etiam

242 1685 370 1747 pars
396 1665 601 1745 pretii,
636 1668 823 1744 atque
852 1664 993 1725 ideo
1040 1664 1175 1745 jam
1219 1666 1522 1727 venderet
1561 1666 1760 1744 pretio

243 1758 442 1839 majori
489 1775 679 1836 supra
747 1756 1126 1818 taxationem
1189 1758 1367 1836 legiS,
1413 1762 1481 1820 ut
1527 1758 1762 1836 optime

244 1870 370 1913 cum
395 1853 655 1913 Lasarte
686 1848 870 1910 docet
897 1849 1128 1910 Molina
1156 1850 1318 1929 disp.
1338 1854 1475 1912 678.
1517 1870 1625 1912 nu.
1661 1854 1757 1913 10.

245 1963 412 2024 quem
439 1941 724 2022 sequitur
750 1942 1093 2003 Turrianus
1123 1943 1185 2004 d.
1219 1943 1369 2005 dub.
1404 1961 1542 2005 v111.
1574 1963 1636 2005 n.
1662 1946 1760 2006 13.

311 2036 636 2098 Dubitatur
665 2034 962 2111 secundo,
1013 2036 1265 2114 quando
1302 2036 1580 2113 domum,
1623 2055 1764 2117 (1οω

242 2130 474 2190 valebat
503 2128 663 2207 plue,
696 2127 917 2187 vendis
936 2146 1049 2205 pro
1096 2131 1271 2190 1000.
1319 2128 1534 2190 000110
1576 2148 1765 2190 00010

243 2223 516 2301 emptori,
539 2225 608 2281 ut
637 2220 768 2298 ipse
799 2219 1027 2281 debeat
1056 2222 1405 2283 conducere
1435 2222 1623 2283 aliam
1658 2223 1767 2284 do-

242 2333 398 2374 mum
425 2318 602 2375 tuam
632 2311 694 2372 in
716 2330 916 2372 annos
946 2312 1185 2389 decem,
1213 2314 1310 2373 vel
1343 2318 1411 2375 ut
1425 2314 1623 2391 pretio
1652 2314 1768 2374 ali-

244 2425 353 2488 quo
380 2407 546 2467 locet
572 2404 684 2466 tibi
716 2404 974 2465 domum
1004 2404 1190 2465 aliam
1220 2423 1422 2481 suam,
1473 2406 1572 2466 vel
1621 2426 1768 2468 ven-

243 2500 327 2560 dis
355 2498 646 2560 ancillam
676 2515 817 2557 cum
844 2501 1027 2576 pacto
1061 2516 1137 2557 ne
1167 2494 1227 2556 in'
1261 2498 1398 2559 loca
1425 2498 1769 2579 longinqua

243 2593 570 2667 deferatur,
604 2589 775 2669 quod
804 2607 962 2650 onus
1005 2590 1253 2651 videtur
1281 2608 1416 2651 esse
1446 2611 1591 2671 pars
1631 2611 1769 2672 pre-

239 2686 321 2763 tii,
378 2689 440 2746 et
489 2684 633 2744 ideo
689 2682 1013 2762 aequalitas
1051 2686 1114 2743 et
1139 2682 1383 2762 justitia
1412 2690 1767 2747 contractus

242 2776 558 2857 pensanda
590 2779 686 2836 est
725 2794 848 2836 non
895 2775 1095 2835 solum
1133 2795 1208 2836 ex
1255 2778 1543 2855 pecunia,
1579 2797 1769 2858 quam

240 2872 410 2933 solvit
436 2873 707 2948 emptor,
748 2867 858 2929 sed
906 2867 1094 2930 etiam
1149 2889 1220 2929 ex
1272 2869 1445 2948 justa
1504 2872 1768 2933 aestima-

238 2964 397 3025 tione
425 2963 596 3024 illius
634 2961 841 3023 oneris
898 2962 1069 3040 quod
1126 2963 1371 3041 cogitur
1411 2963 1642 3027 subire.
1700 2967 1770 3027 10

239 3056 327 3117 his
354 3075 509 3136 ergo
540 3054 788 3116 casibus
829 3053 1172 3131 dubitatur,
1208 3073 1288 3114 00
1326 3055 1574 3135 gabella
1614 3058 1770 3118 solvi

241 3149 477 3222 debeat,
516 3167 644 3210 non
673 3147 877 3209 solum
903 3166 980 3208 ex
1010 3147 1277 3227 pecunia
1306 3167 1448 3229 (1οω
1484 3149 1766 3228 solvitur,

239 3244 339 3305 sed
395 3247 589 3306 etiam
645 3261 722 3303 ex
766 3241 889 3303 0110
937 3259 1127 3302 00010
1184 3242 1501 3322 impositO,
1552 3243 1769 3323 quanti

239 3337 646 3400 aestimatione
687 3334 1011 3416 prudentis
1039 3336 1270 3414 poterit
1314 3337 1632 3400 aestimari.
1664 3338 1774 3397 Af-

239 3434 439 3494 firmat
453 3434 712 3492 Lasarte
744 3428 911 3508 apud
939 3428 1237 3489 Molinam
1268 3428 1584 3509 disp.6·18.
1613 3450 1674 3492 n.
1707 3435 1766 3493 9.

238 3525 379 3604 quia
406 3528 617 3587 totum
646 3521 798 3582 illud
828 3524 922 3581 est
951 3520 1223 3600 pretium
1251 3540 1374 3601 quo
1414 3541 1513 3583 res
1559 3523 1775 3584 vendi·

234 3623 350 3679 tur.
386 3620 595 3695 Negat
622 3614 854 3676 Melina
881 3613 1115 3673 ibidem
1149 3633 1163 3674 :
1197 3616 1344 3694 quia
1383 3615 1529 3677 licet
1572 3619 1774 3677 totum

235 3710 380 3771 illud
428 3707 963 3772 considerandum
1000 3706 1083 3767 sit
1124 3707 1206 3767 ad
1242 3707 1665 3786 aequalitatem
1712 3714 1777 3771 et

224 3802 532 3884 justitiam
559 3803 939 3875 0001100100,
973 3803 1037 3860 01
1079 3799 1163 3859 00
1188 3799 1292 3860 illa
1337 3800 1527 3862 etiam
1582 3819 1777 3862 onera

232 3897 542 3977 exigenda
572 3895 755 3955 detur
782 3893 945 3954 actio
974 3897 1039 3953 et
1058 3891 1357 3969 venditi0,
1391 3912 1466 3953 ex
1493 3893 1534 3955 l.
1580 3893 1782 3955 Fundi

220 4000 477 4073 partem,
513 3990 584 4049 ff.
613 3986 684 4047 de
737 3984 1128 4047 contrahenda
1186 3986 1488 4066 emptione,
1532 3991 1595 4049 et
1636 3987 1775 4049 aliis

232 4104 368 4164 quae
397 4085 591 4144 affert
617 4079 851 4142 Melina
871 4097 1045 4140 num.
1068 4082 1127 4140 8.
1162 4083 1473 4158 quatenus
1520 4079 1774 4160 quando

229 4179 385 4240 alius
414 4179 781 4239 contractus
809 4172 1107 4237 miscetur
1127 4189 1270 4232 cum
1295 4172 1678 4250 venditione,
1712 4177 1776 4235 et

229 4273 506 4350 pretium
535 4265 821 4348 pecuniae
850 4264 1019 4345 quod
1046 4265 1310 4327 solvitur
1335 4266 1580 4328 excedit
1608 4267 1774 4329 valo-

229 4383 361 4426 tem
389 4368 458 4426 et
471 4358 955 4425 oestimationem
971 4358 1228 4419 alterius
1246 4359 1452 4420 oneris
1471 4357 1772 4440 adjuncti,

229 4462 398 4520 totus
455 4458 821 4518 contractus
877 4456 1202 4530 reputetur
1254 4451 1633 4514 venditionis
1695 4452 1776 4513 ad

227 4552 552 4626 effectum,
584 4552 655 4610 ut
708 4545 903 4626 possit
953 4545 1058 4623 agi
1111 4544 1358 4605 actione
1403 4563 1476 4605 ex
1524 4545 1775 4607 vendito

224 4664 338 4725 pro
367 4644 497 4705 illis
541 4641 725 4702 aliis:
786 4637 996 4718 quoad
1041 4637 1355 4716 gabellum
1398 4656 1547 4700 vero
1591 4638 1782 4700 debet

225 4739 433 4801 solum
464 4734 628 4796 solvi
655 4752 732 4795 ex
757 4732 863 4792 1110
893 4734 1246 4806 contractu,
1274 4733 1583 4809 quatenus
1628 4750 1777 4811 pro-

224 4833 358 4912 prie
389 4826 678 4892 venditio
706 4829 817 4886 aut
844 4822 1218 4904 permutatio
1249 4826 1381 4896 est;
1415 4829 1601 4900 prout
1626 4842 1776 4886 vero

222 4925 422 4988 00001
449 4919 905 4999 obligationem
933 4916 1103 4977 illam
1148 4915 1336 4976 aliam
1388 4916 1777 4995 adjunctam,

225 5038 351 5082 non
406 5019 514 5078 est
563 5011 814 5092 proprie
871 5008 1148 5070 venditio
1217 5012 1329 5071 aut
1374 5011 1776 5088 permutatiO,

223 5130 369 5175 cum
399 5127 539 5172 non
568 5106 648 5168 sit
673 5105 764 5165 rei
807 5121 919 5183 pro
950 5101 1172 5182 preti0,
1217 5101 1318 5162 vel
1353 5101 1443 5162 rei
1503 5119 1615 5180 pro
1656 5102 1778 5163 alio

224 5224 422 5268 onere
454 5201 565 5263 vel
593 5197 1013 5277 obligatione;
1048 5213 1243 5274 quare
1260 5212 1335 5254 ex
1361 5213 1435 5255 00
1463 5199 1641 5274 parte
1668 5214 1783 5275 ga-

221 5299 391 5362 bella
435 5312 574 5358 non
620 5292 905 5354 debetur.
955 5290 1106 5362 Quae
1142 5288 1426 5350 doctrina
1471 5306 1623 5349 vera
1664 5292 1778 5365 est,

219 5392 488 5475 quando
521 5386 772 5466 gabella
798 5383 1065 5447 debetur
1089 5383 1294 5444 solum
1319 5400 1396 5442 ex
1422 5381 1782 5445 venditione

3270 290 3381 348 671

1846 462 1957 521 aut
2010 461 2521 539 permutatione:
2574 461 2625 522 si
2681 465 2891 522 tamen
2940 460 3276 523 deberetur
3312 480 3387 522 ex

1847 551 1983 613 aliis
2039 554 2464 615 contractibus
2519 554 2821 631 onerosiS,
2857 553 3026 631 prior
3076 556 3389 617 sententia

1848 661 1998 704 vera
2026 648 2211 705 esset.

1901 737 2236 798 Dubitatur
2263 738 2632 818 tertio,quid
2663 738 2999 799 dicendum
3027 739 3387 819 sit,quando

1848 829 2141 890 venditor
2168 830 2410 910 rejiciat
2438 851 2595 893 onus
2618 832 2883 911 gabellae
2912 832 2976 892 in
3006 838 3378 911 emptorem,

1851 926 1914 983 et
1940 921 2090 983 velit
2115 923 2386 984 liberum
2416 925 2495 985 ab
2525 924 2695 986 omni
2726 925 2977 1004 gabella
3006 945 3118 1003 pro
3149 945 3263 987 sua
3281 926 3388 988 do·
3437 943 3488 974 ve

1853 1032 1954 1076 mo
2001 1015 2276 1094 pretium
2307 1018 2475 1096 quod
2525 1020 2746 1080 Petrus
2782 1018 3203 1098 judicaverit,
3263 1037 3387 1098 quo

1854 1124 2002 1168 casu
2034 1107 2303 1169 diximus
2332 1128 2522 1189 supra
2547 1156 2563 1186 ,
2621 1110 3052 1172 venditionem
3100 1129 3223 1171 non
3255 1130 3388 1172 esse

1855 1200 2200 1277 perfectam
2248 1202 2446 1262 donec
2480 1205 2696 1263 Petrus
2744 1202 2927 1281 pretii
2977 1203 3390 1281 quantitatem

1858 1291 2199 1353 arbitratus
2244 1294 2450 1356 fuerit.
2515 1296 2581 1356 Si
2625 1313 2775 1373 ergo
2826 1295 3076 1356 interim
3105 1296 3395 1357 venditor

1858 1384 2175 1447 conducat
2199 1404 2239 1447 a
2263 1405 2413 1465 rege
2442 1387 2756 1465 gabellum
2786 1387 2952 1450 illius
2980 1388 3099 1449 loci
3121 1434 3138 1461 ,
3193 1393 3257 1449 et
3284 1408 3396 1467 po·-

1857 1481 1991 1537 stea
2022 1480 2239 1539 Petrus
2282 1480 2622 1541 arbitratur
2667 1480 2878 1541 danda
2908 1499 3043 1541 esse
3083 1481 3252 1541 mille
3283 1500 3395 1560 pro

1858 1569 2044 1630 domo
2069 1616 2086 1647 ,
2139 1572 2443 1650 quaeritur
2488 1590 2567 1632 an
2600 1573 2891 1635 venditor
2919 1573 3119 1652 possit
3145 1575 3397 1653 exigere

1858 1661 1939 1722 ab
1970 1667 2256 1741 emptore
2286 1664 2449 1726 ultra
2475 1665 2581 1725 illa
2608 1665 2777 1725 mille
2807 1665 3123 1744 gabellam
3143 1713 3159 1743 ,
3212 1667 3392 1747 cujus

1861 1772 2018 1815 onus
2033 1755 2096 1816 in
2116 1774 2183 1816 se
2201 1756 2476 1835 suscepit
2489 1757 2729 1836 ?Negat
2754 1759 3012 1819 Lasarte
3032 1759 3200 1838 apud
3220 1760 3401 1821 Moli-

1861 1866 2003 1907 nam
2054 1847 2222 1909 dicta
2259 1849 2419 1928 disp.
2453 1852 2592 1912 678.
2644 1869 2817 1911 num.
2852 1854 2912 1912 6.
2966 1851 3113 1930 (1010
3153 1857 3401 1931 emptor

1860 1940 2064 2001 solum
2111 1959 2178 2001 se
2208 1941 2510 2020 obligavit
2555 1942 2632 2002 ad
2684 1944 3053 2020 solvendam
3080 1945 3399 2023 gabellam

1864 2052 2055 2112 quam
2097 2033 2387 2096 venditor
2429 2034 2749 2097 debuisset
2773 2037 3046 2114 solvere,
3112 2043 3178 2099 ut
3221 2039 3401 2099 illum

1862 2125 2224 2187 indemnem
2249 2130 2494 2188 servet:
2527 2127 2820 2189 venditor
2843 2133 3053 2190 autem
3076 2131 3211 2209 jam
3242 2131 3402 2192 liber

1864 2223 2024 2279 esta
2063 2219 2313 2298 gabella
2359 2220 2660 2281 solvenda
2702 2225 2959 2300 propter
3002 2224 3108 2301 jus
3160 2242 3200 2285 a
3250 2242 3399 2302 rege

1866 2312 2282 2385 conductum;
2341 2331 2492 2392 ergo
2540 2317 2785 2392 emptor
2823 2315 3057 2376 nullam
3086 2316 3402 2395 gabellum

1866 2403 2054 2466 debet
2080 2406 2344 2466 solvere.
2380 2406 2518 2484 lpse
2551 2410 2758 2467 tamen
2788 2408 3021 2468 Melina
3051 2409 3275 2470 melius
3306 2409 3402 2469 di-

1866 2495 1969 2573 cit,
2002 2496 2233 2558 debere
2264 2516 2404 2559 eam
2435 2498 2677 2558 solvere
2708 2499 3016 2561 venditori
3043 2547 3058 2578 ,
3120 2501 3227 2576 qui
3256 2520 3403 2563 con-

1866 2589 2153 2650 ducendo
2184 2590 2497 2669 gabellum
2527 2610 2566 2650 a
2594 2609 2765 2669 rege,
2801 2592 3176 2653 conduxisse
3206 2594 3401 2655 etiam

1865 2681 2117 2744 videtur
2139 2682 2244 2763 jus
2274 2682 2441 2762 quod
2497 2702 2608 2743 rex
2655 2684 2932 2745 habebat
2979 2684 3060 2744 ad
3085 2685 3403 2762 gabellum

1869 2791 1941 2833 ex
1973 2774 2079 2834 illa
2105 2775 2465 2836 venditione
2497 2793 2513 2834 :
2547 2794 2741 2854 quare
2770 2776 2870 2836 vel
2898 2778 3120 2837 Petrus
3149 2777 3212 2838 in
3240 2778 3405 2839 arbi-

1867 2865 1987 2927 trio
2019 2866 2205 2944 pretii
2233 2866 2422 2928 debet
2459 2866 2601 2946 plus
2647 2868 2883 2930 addere
2918 2875 3175 2949 propter
3199 2887 3404 2931 cessa-

1867 2959 2104 3021 tionem
2134 2959 2299 3021 illius
2327 2960 2724 3039 obligationis
2752 2962 3034 3023 solvendi
3062 2963 3398 3042 gabellam,

1869 3052 1967 3113 vel
2013 3052 2202 3114 debet
2248 3059 2493 3132 emptor
2532 3053 2845 3133 gabellum
2890 3055 3132 3116 solvere
3186 3076 3199 3117 ε
3260 3055 3402 3117 1000

1870 3145 2037 3207 00110
2066 3145 2357 3208 venditor
2383 3150 2557 3209 tauto
2586 3147 2786 3226 pretio
2818 3148 3130 3228 gabellum
3160 3149 3405 3211 condu-

1868 3238 1978 3314 xit,
2009 3240 2160 3319 quia
2190 3240 2288 3300 vel
2328 3240 2460 3320 ipse
2491 3241 2782 3303 venditor
2805 3288 2820 3319 ,
2884 3242 2983 3302 vel
3013 3246 3261 3321 emptor
3289 3243 3402 3320 pr'o

1871 3332 2005 3410 ipso
2036 3332 2266 3393 debeat
2291 3334 2605 3411 gabellum
2636 3353 2710 3394 ex
2740 3334 2846 3394 illa
2875 3333 3238 3397 venditione
3271 3334 3406 3413 regi

1870 3422 2112 3484 solvere
2139 3444 2153 3484 :
2189 3443 2339 3503 ergo
2367 3430 2569 3487 totum
2590 3427 2709 3488 hoc
2730 3427 3041 3488 venditori
3072 3428 3406 3488 refunden-

1872 3516 2023 3577 dum
2051 3521 2149 3577 est
2169 3535 2209 3578 a
2237 3518 2446 3595 Petro,
2480 3518 2588 3598 qui
2617 3537 2774 3579 onus
2804 3518 2959 3580 illud
2987 3520 3201 3584 subiit.

1952 3609 2150 3670 Aliter
2178 3614 2391 3671 tamen
2420 3610 2695 3673 dicerem
2714 3658 2731 3690 ,
2774 3613 2826 3673 si
2867 3613 2966 3675 illo
2997 3618 3278 3693 tempore
3309 3615 3404 3675 in-

1871 3701 2178 3763 termedio
2209 3703 2498 3764 venditor
2521 3704 2724 3767 factus
2753 3706 3037 3784 clericuS,
3070 3707 3170 3767 vel
3190 3708 3406 3768 nobili-

1873 3798 1999 3855 tate
2028 3812 2069 3854 a
2096 3812 2246 3874 rege
2275 3794 2544 3858 donatus
2572 3798 2866 3859 immunis
2894 3799 3096 3860 factus
3124 3799 3342 3862 fuisset
3369 3818 3406 3862 a

1873 3887 2122 3966 gabella
2165 3905 2178 3951 :
2227 3892 2376 3950 tunc
2419 3890 2586 3950 enim
2627 3896 2873 3971 emptor
2912 3893 3114 3953 solum
3147 3892 3409 3955 deberet

1875 3981 2026 4041 (1010
2055 3981 2226 4042 mille
2254 4001 2293 4043 a
2321 3984 2502 4044 Petro
2524 3988 2754 4060 taxata,
2789 3986 2939 4064 (1010
2966 4004 3041 4046 ex
3068 3986 3174 4046 illa
3195 3986 3410 4047 vendi-

1872 4072 2042 4135 tione
2072 4074 2243 4134 nulla
2269 4074 2519 4153 gabella
2549 4076 2903 4155 deberetur,
2939 4083 3003 4139 et
3029 4084 3278 4157 emptor
3304 4098 3409 4140 so-

1873 4168 2004 4228 lum
2031 4167 2306 4246 suscepit
2334 4185 2492 4228 onus
2521 4168 2803 4230 solvendi
2824 4169 3175 4248 gabellam;
3211 4190 3408 4252 (10010

1876 4260 2212 4322 deberetur
2231 4306 2247 4336 ,
2279 4259 2406 4321 imo
2434 4261 2656 4323 saltem
2686 4263 2737 4323 si
2765 4262 3089 4341 inopinata
3114 4264 3411 4326 immuni-

1873 4357 1970 4416 tas
2001 4353 2107 4413 illa
2135 4353 2531 4431 advenisset,
2591 4354 2793 4417 videri
2844 4360 3057 4435 posset
3084 4358 3254 4436 (1000
3284 4376 3409 4420 000

1875 4446 2016 4507 1000
2066 4445 2328 4508 deberet
2374 4449 2593 4507 Petrus
2634 4447 2839 4527 majus
2867 4449 3139 4527 pretium
3168 4454 3405 4528 1011010,

1877 4556 2068 4619 (10010
2111 4538 2162 4599 si
2211 4556 2336 4599 non
2380 4539 2782 4602 advenisset:
2843 4542 2991 4620 quia
3035 4560 3181 4622 pars
3227 4542 3409 4622 pretii

1877 4632 1994 4693 fuit
2022 4651 2180 4693 onus
2208 4632 2378 4712 quod
2406 4636 2653 4711 emptor
2678 4633 3174 4697 irrevocabiliter
3200 4653 3412 4697 susce-

1880 4725 1972 4804 pit
1997 4725 2311 4804 gabellam
2342 4725 2655 4801 solvendi,
2687 4725 2739 4799 si
2771 4726 3139 4804 deberetur,
3186 4734 3252 4791 et
3277 4730 3412 4808 ejus

1879 4818 2146 4879 fortunae
2176 4816 2580 4896 deputabitur
2624 4820 2791 4899 quod
2839 4819 3087 4898 gabella
3132 4839 3259 4883 non
3301 4821 3412 4882 de-

1880 4911 2135 4986 beatur,
2170 4910 2333 4971 sicut
2360 4911 2410 4971 si
2441 4916 2727 4990 tempore
2755 4911 2860 4973 illo
2890 4912 3266 4975 intermedio
3294 4934 3408 4994 ga-

1878 5004 2060 5066 001100
2102 5004 2342 5065 exactio
2383 5005 2763 5082 generaliter
2801 5012 3104 5084 cessaret,
3150 5007 3315 5087 dixi,
3360 5010 3418 5071 si

1878 5095 2181 5179 inopinata
2224 5095 2560 5158 immunitas
2589 5097 2947 5161 advenisset:
2994 5101 3143 5180 (1010
3171 5101 3221 5162 si
3250 5120 3413 5181 prae-

1878 5191 2011 5252 visa
2041 5190 2276 5266 fuerat,
2334 5191 2435 5251 vel
2481 5191 2695 5272 aliqua
2734 5211 2876 5271 spes
2914 5192 3076 5254 illius
3107 5199 3274 5272 erat,
3336 5214 3409 5258 eo

1883 5282 2088 5364 majus
2134 5283 2407 5362 pretium
2449 5285 2794 5346 taxandum
2823 5287 2980 5364 erit,
3039 5305 3163 5367 quo
3203 5288 3411 5349 minus

1886 5375 2316 5440 aestimabatur
2338 5381 2489 5440 tunc
2518 5396 2676 5439 onus
2702 5379 2855 5441 illud
2884 5379 3169 5441 solvendi
3196 5381 3412 5462 gabel-
