4263 6376
78 4223 207 4424 11Ξέ

1244 344 1717 408 DISPUTA'PIO
1760 343 2035 416 XXXIX,
2084 343 2359 405 SECTIO
2404 342 2478 404 ΙΙ.

269 527 396 588 1166
423 531 634 589 tamen
663 525 1046 587 sufficienter
1072 525 1437 604 providetur
1466 520 1803 601 obligando

267 623 496 682 testem
528 639 604 680 ex
632 620 990 680 obedientia
1009 623 1072 682 et
1091 619 1334 699 justitia
1350 617 1538 696 legali
1572 637 1584 677 :
1618 614 1803 695 pauci

271 714 441 774 enim
474 718 656 774 erunt
708 713 812 793 qui
855 713 934 773 de
988 715 1246 793 peccato
1291 710 1539 772 mortali
1587 714 1803 771 contra

271 805 697 868 obedientiam
724 811 787 868 et
805 805 1113 886 justitiam
1136 805 1403 884 legalem
1432 823 1556 866 non
1585 820 1802 863 curan-

267 904 389 976 tes,
421 900 625 961 solum
652 904 1008 962 terreantur
1036 919 1110 960 ex
1139 899 1522 979 obligatione
1544 895 1804 978 justitia}

269 992 761 1069 commutativae‚
812 1011 956 1054 cum
999 997 1132 1053 tam
1185 1011 1378 1053 unum
1427 1009 1618 1073 quam
1645 989 1803 1050 alte-

267 1105 416 1147 rum
442 1086 523 1149 sit
549 1090 877 1165 peccatum
897 1087 1182 1148 mortale.
1218 1087 1485 1147 Aliunde
1506 1102 1655 1146 vero
1677 1101 1801 1143 non

268 1183 517 1241 constat
543 1184 615 1240 ut
641 1178 931 1255 diximuS,
971 1178 1251 1259 judicem
1281 1179 1444 1240 hanc
1474 1175 1804 1256 obligatio-

271 1291 422 1334 nem
443 1272 701 1353 justitiae
748 1273 1211 1334 commutativae
1256 1273 1578 1352 imponere
1620 1287 1802 1351 posse

269 1367 444 1427 circa
472 1367 748 1427 actiones
777 1367 1139 1445 personales
1168 1366 1586 1427 subditorum.

355 1459 539 1535 Dicit,
590 1458 751 1519 hanc
782 1458 1230 1537 obligationem
1277 1459 1636 1537 impositam
1669 1475 1801 1518 esse

276 1571 317 1613 a
341 1552 684 1630 republica,
746 1571 885 1632 quae
915 1552 996 1612 ad
1034 1553 1576 1613 conservationem
1620 1550 1803 1632 justi-

271 1646 380 1707 tiae
413 1645 616 1723 potuit
643 1645 884 1706 civibus
929 1645 1095 1707 hanc
1124 1646 1569 1725 obligationem
1604 1646 1805 1723 impo-

273 1756 447 1799 nere.
509 1740 642 1798 Hoc
669 1742 880 1799 tamen
909 1742 1073 1799 esset
1100 1739 1493 1818 probandum
1532 1742 1596 1799 et
1621 1755 1803 1817 posse

272 1831 512 1911 imponi
543 1837 606 1891 et
633 1831 989 1910 impositam
1019 1850 1154 1893 esse
1184 1833 1262 1893 (16
1291 1833 1476 1894 facto.
1513 1831 1804 1911 Alioquin

272 1923 483 1985 dicam
512 1942 651 2002 ego,
705 1925 979 2002 potuisse
1008 1925 1198 1987 etiam
1239 1925 1695 2004 rempublicam
1723 1923 1804 1985 ad

271 2017 512 2078 bonum
540 2017 921 2096 pupillorum
946 2019 1271 2098 imponere
1302 2019 1543 2080 civibus
1572 2017 1806 2096 obliga-

272 2110 512 2173 tionem
572 2111 831 2190 justitiae
901 2112 1368 2175 commutativae
1437 2110 1804 2191 acceptandi

272 2220 540 2265 munera
566 2207 867 2266 tutorum.
913 2206 1276 2285 Respondet
1304 2224 1477 2267 num.
1517 2208 1612 2266 15.
1648 2222 1809 2265 nun-

276 2314 469 2375 quam
515 2297 966 2375 rempublicam
1017 2298 1181 2360 hanc
1223 2298 1668 2377 obligationem
1697 2297 1808 2356 im-

276 2389 582 2469 posuisse,
635 2390 746 2451 sed
791 2392 993 2452 solum
1041 2392 1318 2471 obligare
1347 2411 1421 2451 ex
1456 2391 1699 2472 justitia
1724 2391 1810 2452 le·

276 2484 424 2562 gali.
488 2483 710 2556 Quaeso
738 2487 972 2561 tamen,
1024 2487 1332 2563 ostendat,
1381 2485 1534 2546 mihi
1564 2485 1811 2546 diversa

275 2576 474 2636 verba
500 2577 728 2656 quibus
772 2579 1127 2658 respublica
1174 2580 1615 2659 obligationem
1645 2579 1810 2639 hanc

275 2670 541 2732 testibus
568 2670 668 2730 vel
696 2672 1006 2733 tutoribus
1035 2672 1424 2754 imposuerit,
1476 2673 1703 2753 quibus
1732 2671 1811 2731 61-

276 2763 672 2842 gnificaverit
696 2764 760 2824 in
798 2765 995 2826 altero
1025 2784 1174 2826 casu
1203 2785 1270 2826 se
1300 2766 1621 2845 imponere
1651 2764 1808 2826 obli-

278 2856 597 2935 gationem
638 2858 899 2937 justitiae
946 2860 1410 2920 commutativae
1430 2907 1446 2938 ,
1503 2860 1565 2919 in
1616 2860 1810 2922 altero

279 2954 493 3011 autem
522 2949 740 3029 legalis
761 2949 1040 3030 justitiae.

758 3374 1167 3460 SEGTlo
1249 3375 1335 3464 ll.

290 3682 538 3759 Quando
564 3693 621 3744 et
644 3684 929 3765 quomodo
975 3693 1238 3745 teneatur
1272 3686 1427 3746 testis
1473 3684 1818 3768 respondere

726 3790 929 3872 judici
948 3791 1358 3873 interroqami.

369 4057 807 4137 Respondetur
830 4058 1108 4120 breviter
1125 4058 1324 4120 teneri
1351 4058 1553 4138 primo
1583 4059 1636 4119 si
1662 4077 1817 4138 11166-

284 4152 473 4213 cedat
495 4150 776 4228 infamia,
810 4152 909 4213 vel
940 4151 1176 4233 aliquid
1206 4151 1609 4231 aequivalens,
1638 4152 1819 4233 juxta

203 4285 228 4314 .
284 4265 364 4307 ea
395 4264 535 4325 quae
565 4245 643 4305 de
671 4245 1042 4306 necessariis
1071 4245 1152 4305 ad
1180 4245 1646 4325 inquisitionem
1667 4246 1819 4307 dixi-

281 4359 429 4401 mus
457 4342 716 4418 agentes
746 4336 823 4397 de
846 4337 1081 4418 judice.
1132 4339 1445 4415 Secundo,
1480 4338 1532 4398 si
1552 4357 1820 4417 11161666-

285 4433 370 4495 sit
394 4431 732 4508 accusatio,
790 4431 890 4492 vel
935 4431 1321 4493 denuntiatio
1364 4431 1685 4510 judicialis
1737 4433 1819 4494 ad

283 4525 708 4607 punitionem,
763 4527 825 4585 et
875 4523 1172 4585 delictum
1217 4524 1413 4603 possit
1459 4524 1641 4603 plene
1680 4544 1821 4604 pro·

284 4619 450 4696 bari,
486 4617 761 4697 alioquin
813 4617 1046 4679 frustra
1091 4618 1404 4680 accusatio
1434 4619 1534 4680 vel
1578 4619 1822 4679 denun-

283 4712 463 4775 tiatio
492 4712 708 4785 fieret;
743 4711 793 4772 si
821 4715 1013 4774 testes
1043 4711 1247 4791 rogati
1275 4716 1529 4791 possent
1558 4726 1813 4792 negare.

282 4806 521 4881 Tertio,
571 4805 623 4866 si
649 4823 725 4866 ex
754 4804 982 4867 delicto
1035 4805 1395 4883 impendeat
1431 4805 1813 4884 reipublicae‚

283 4899 389 4960 vel
419 4898 604 4958 alicui
631 4897 814 4959 tertio
843 4916 1038 4977 grave
1072 4898 1396 4974 damnum,
1442 4899 1609 4979 quod
1639 4899 1821 4961 aliter

283 4991 579 5070 impediri
608 5009 735 5051 non
768 4996 992 5070 potest,
1046 4991 1161 5051 nisi
1209 5009 1323 5071 per
1359 4991 1661 5070 Judicem.
1719 4992 1821 5054 vi-

285 5086 515 5147 deatur
540 5087 709 5146 Less.
758 5085 824 5144 in
868 5084 1161 5163 praesenti
1206 5104 1260 5146 6.
1296 5086 1484 5146 XXX.
1540 5084 1690 5146 dub.
1729 5101 1813 5146 vl.

286 5184 356 5241 et
383 5179 614 5240 Sanch.
655 5177 761 5239 lib.
797 5180 902 5240 VI.
937 5177 1155 5240 Camil.
1190 5197 1244 5240 c.
1279 5195 1374 5241 111.
1423 5177 1572 5239 dub.
1605 5194 1816 5240 xxxv1.

285 5272 396 5334 ubi
429 5271 760 5333 doctorum
818 5271 1157 5333 sententias
1211 5272 1418 5332 varias
1472 5270 1591 5332 hoc
1638 5274 1821 5350 pacto

285 5365 605 5441 conciliat,
640 5367 703 5426 et
731 5381 827 5442 ea,
880 5383 1021 5444 quae
1052 5364 1322 5425 diximus
1351 5363 1510 5442 disp.
1544 5364 1816 5444 praeced.

286 5458 399 5521 ubi
429 5458 667 5518 dictum
706 5460 821 5532 est,
876 5457 1130 5537 quando
1178 5456 1488 5536 obligetur
1535 5457 1822 5518 subditus

284 5551 372 5613 ad
428 5551 928 5617 denuntiandum
977 5569 1054 5611 ex
1093 5554 1409 5631 praecepto
1455 5550 1815 5630 66116116116.

3320 333 3430 393 761

1902 521 1991 581 Ex
2022 520 2310 582 doctrina
2340 522 2550 581 661661
2597 517 2683 579 1111
2728 515 2963 578 tradita
3007 514 3273 586 constat,
3324 508 3436 576 ali-

1904 615 2155 694 quando
2198 618 2423 675 testem
2452 630 2636 691 posse
2681 609 3001 672 testificari
3033 603 3433 687 praecipiente

1902 707 2230 787 superiori,
2261 706 2408 769 licet
2433 706 2515 768 ad
2543 705 2608 765 id
2636 723 2761 767 non
2793 707 3101 764 teneatur.

1982 802 2329 863 Excusatur
2383 800 2557 861 testis
2613 800 2693 860 ab
2750 797 3144 876 obligatione·
3176 810 3431 870 respon-

1899 992 2003 1050 161
2030 1007 2141 1067 per
2168 987 2653 1067 inquisitionem,
2714 990 2777 1048 et
2819 1004 2966 1046 reus
3012 1002 3138 1045 non
3184 981 3431 1041 laborat

1901 1081 2159 1142 infamia
2186 1081 2432 1142 formali
2451 1081 2552 1141 vel
2580 1078 2977 1161 aequivalenti
3001 1079 3184 1157 juxta
3209 1091 3432 1153 supra-

1904 1174 2091 1250 dicta,
2144 1192 2260 1235 666
2287 1174 2576 1236 imminet
2599 1192 2793 1253 grave
2824 1173 3124 1234 damnum
3152 1169 3433 1230 futurum

1904 1285 1978 1327 ex
2007 1265 2257 1327 delicto·
2309 1267 2622 1343 Secundo,
2654 1267 2708 1326 si
2735 1264 3098 1344 proceditur
3125 1280 3238 1340 per
3267 1259 3433 1319 viam

1904 1359 2336 1436 666666116616,
2395 1360 2507 1421 66(1
2552 1360 2727 1422 166116
2780 1359 2953 1419 videt
3001 1375 3134 1418 rem
3181 1351 3433 1435 probari

1904 1471 2028 1513 non
2074 1471 2280 1532 posse,
2343 1457 2405 1514 et
2433 1453 2687 1514 aliunde
2738 1471 2863 1514 non
2911 1451 3199 1513 imminet
3241 1463 3434 1526 grave

1903 1545 2207 1607 damnum
2237 1566 2309 1606 ex
2341 1547 2780 1623 occultatione,
2826 1547 3009 1625 juxta
3037 1562 3112 1603 ea
3159 1557 3301 1621 quae
3346 1537 3435 1597 di·

1901 1639 2105 1700 ximus
2131 1640 2269 1700 loco
2301 1639 2514 1701 citato.
2566 1639 2775 1701 Tertio
2808 1639 2858 1698 si
2889 1656 2961 1698 ex
2992 1633 3429 1698 testificatione

1901 1731 2161 1795 timeam
2190 1733 2463 1795 notabile
2493 1733 2798 1793 damnum
2827 1730 3006 1807 mihi,
3051 1729 3151 1790 vel
3179 1726 3338 1786 meis
3368 1724 3432 1782 16

1901 1824 2092 1902 fama,
2148 1825 2411 1903 honore,
2465 1826 2720 1902 divitiis,
2756 1828 2874 1886 616.
2928 1825 3055 1884 1166
3087 1822 3140 1882 61
3182 1821 3439 1882 timeam

1902 1936 2095 1996 grave
2117 1917 2419 1980 damnum
2445 1919 2506 1979 in
2530 1919 2826 1994 amicitia,
2854 1935 3039 1997 11666,
3074 1910 3434 1986 concordia,

1905 2014 2024 2073 etc.
2056 2012 2348 2074 videatur
2372 2014 2521 2074 Soto
2551 2011 2621 2073 de
2647 2012 2839 2093 siyillo
2866 2010 3099 2071 memb.
3126 2010 3200 2069 ΙΙ.
3238 2025 3299 2086 q.
3320 2020 3433 2066 v11.

1903 2105 2102 2165 conol.
2137 2108 2195 2167 3.
2232 2109 2295 2167 et
2324 2123 2383 2166 v.
2418 2104 2489 2166 de
2510 2105 2767 2186 justitia,
2804 2124 2866 2184 q.
2890 2120 3003 2165 vn.
3039 2106 3155 2164 art.
3186 2113 3243 2161 1.
3279 2100 3437 2160 San-

1907 2196 2059 2258 chez
2104 2196 2273 2259 dicto
2317 2217 2457 2278 cap.
2494 2200 2568 2261 V.
2623 2198 2775 2259 dub.
2831 2214 2965 2259 v111.
3029 2198 3092 2256 61
3126 2197 3442 2255 Navarrus

1906 2307 2045 2367 cap.
2078 2289 2245 2350 Inter
2273 2290 2474 2365 verba,
2512 2311 2619 2353 nu.
2654 2294 2794 2352 710.
2828 2294 2968 2353 717.
3023 2290 3249 2351 61718.
3284 2283 3443 2346 etin

1907 2383 2155 2444 Summa
2184 2402 2322 2462 cap.
2356 2400 2511 2447 xvn.
2558 2404 2665 2446 nu.
2703 2387 2840 2446 133.
2877 2387 2939 2444 et
2979 2401 3117 2461 cap.
3150 2397 3295 2443 xxv..
3329 2398 3435 2440 nu.

1906 2479 2006 2537 44.
2045 2478 2141 2538 vel
2168 2480 2266 2539 49.
2294 2496 2442 2538 nam
2470 2481 2854 2557 praeceptum
2876 2475 3107 2555 judicis
3138 2493 3261 2535 non
3292 2472 3437 2533 obli-

1907 2573 2018 2649 gat
2043 2588 2190 2631 cum
2218 2575 2392 2634 tanto
2442 2571 2817 2633 detrimento
2847 2571 2912 2631 in
2958 2569 3160 2630 causis
3191 2567 3445 2629 ordina-

1908 2662 2038 2723 riis,
2077 2665 2339 2743 Propter
2383 2664 2622 2726 bonum
2662 2669 2873 2726 tamen
2905 2680 3236 2725 commune
3263 2666 3446 2723 tene-

1909 2773 2052 2816 mur
2080 2758 2269 2818 etiam
2300 2776 2442 2819 cum
2472 2758 2652 2836 gravi
2681 2757 3056 2820 detrimento
3098 2753 3438 2829 testificari,

1910 2848 2036 2909 imo
2068 2852 2130 2910 et
2157 2850 2493 2931 aliquando
2538 2855 2794 2929 propter
2840 2850 3080 2911 bonum
3126 2848 3444 2927 privatum

1910 2941 2201 3019 proximi,
2236 2944 2406 3023 quod
2435 2943 2782 3003 secundum
2810 2943 3064 3022 regulas
3094 2939 3444 3020 prudentiae

1913 3038 1977 3095 et
2046 3035 2370 3099 charitatis
2442 3036 2907 3116 praeferendum
2962 3039 3126 3097 esset
3192 3033 3444 3114 proprio

1913 3127 2215 3207 periculo,
2276 3130 2444 3211 quod
2500 3146 2834 3210 psosumus
2888 3127 3281 3192 testificando
3343 3146 3448 3187 su-

1910 3221 2067 3283 bire.

2002 3320 2162 3381 Hine
2189 3317 2376 3378 infert
2394 3319 2657 3378 Navarr.
2693 3317 2860 3379 dicto
2891 3336 3031 3395 cap.
3056 3314 3221 3376 Inter
3246 3313 3445 3387 verba,

1915 3432 2023 3475 nu.
2057 3414 2195 3473 799.
2231 3410 2549 3470 neminem
2594 3410 2972 3489 regulariter
3014 3408 3218 3471 teneri
3244 3407 3326 3469 ad
3354 3411 3448 3468 16-

1912 3504 2335 3579 stificandum,
2394 3503 2492 3563 vel
2540 3502 3055 3582 respondendnm
3104 3501 3185 3562 ad
3240 3500 3445 3562 edicta

1913 3597 2235 3679 generalia
2281 3596 2558 3676 episcopi
2604 3597 2810 3657 eundo
2856 3596 2983 3656 suis
3029 3594 3315 3674 expensis
3369 3592 3451 3653 ad

1912 3693 2146 3767 locum,
2197 3689 2305 3749 ubi
2351 3693 2446 3750 est
2474 3689 2805 3767 episcopus
2840 3688 2939 3747 vel
2987 3688 3121 3766 ejus
3152 3685 3443 3747 vicarius·

1916 3785 2187 3847 Infertur
2201 3782 2414 3858 etiam,
2441 3782 2492 3841 si
2514 3781 2710 3861 judex
2739 3782 2942 3844 sciens
2962 3780 3269 3841 damnum
3292 3797 3448 3839 ven-

1914 3881 2129 3939 turum
2158 3875 2302 3936 testi
2330 3892 2404 3934 ex
2435 3873 2816 3951 testimonio,
2857 3891 2973 3934 neo
3003 3872 3339 3950 providens
3370 3889 3447 3931 ne

1918 3973 2221 4050 sequatur
2243 4014 2259 4044 ,
2320 3971 2505 4046 cogat
2554 3970 2767 4028 tamen
2823 3965 2903 4026 ad
2958 3965 3445 4042 testificandum,

1919 4080 2183 4141 peccare
2212 4078 2358 4121 cum
2387 4059 2766 4138 obligatione
2796 4058 3166 4120 restituendi
3198 4076 3214 4122 ε
3259 4062 3451 4120 166166

1917 4159 2131 4218 661616
2177 4172 2301 4214 666
2349 4152 2570 4229 166611,
2621 4156 2692 4213 61
2727 4152 3021 4229 (1111161116,
3067 4151 3150 4213 6(1
3195 4168 3452 4230 respon-

1918 4248 2222 4324 dendum,
2256 4246 2404 4326 quia
2430 4263 2556 4307 non
2585 4245 3052 4325 interrogantur
3072 4243 3364 4324 juridice.

1997 4341 2117 4402 Alii
2148 4341 2338 4401 etiam
2385 4340 2528 4418 jure
2580 4339 2970 4444 repelluntur
3024 4358 3061 4399 a
3089 4338 3448 4401 testimonio

1919 4626 2222 4696 amentes,
2268 4625 2331 4682 61
2356 4619 2694 4680 mulieres
2678 4638 2743 4679 16
2771 4618 2958 4680 661116
2987 4617 3258 4694 66611166,
3301 4570 3451 4678 item

1920 4716 2127 4792 amici,
2180 4713 2324 4775 vel
2308 4712 2567 4789 1111111161,
2620 4710 2967 4787 domestici,
3005 4710 3194 4786 servi,
3228 4714 3293 4773 et
3320 4709 3447 4787 6111,

1921 4809 1998 4871 (16
2029 4808 2256 4889 (1611166
2303 4824 2442 4885 6611.
2477 4804 2553 4866 Sa·
2572 4803 2745 4877 testis,
2781 4820 2869 4865 lv.
2923 4822 3030 4883 qu.
3080 4806 3141 4864 3.
3196 4803 3443 4865 Silvest.

1919 4902 2094 4964 verb.
2131 4900 2306 4973 testis,
2343 4900 2399 4978 ἓ.
2437 4915 2497 4959 x.
2552 4899 2614 4959 S.
2651 4897 2874 4958 Thom.
2912 4897 2975 4957 in
3015 4896 3312 4975 praesenti
3340 4914 3447 4975 qu.

1920 5011 2054 5055 Lxx,
2087 4997 2206 5056 art.
2241 4995 2301 5053 3.
2356 4994 2505 5054 Soto
2535 4993 2608 5052 V.
2643 4989 2714 5050 de
2746 4989 3001 5070 justitia,
3038 5008 3145 5068 qu.
3181 5004 3293 5050 vn.
3331 4992 3448 5050 art.

1924 5090 1983 5148 3.
2044 5086 2165 5148 Alii
2216 5103 2365 5146 vero
2418 5086 2818 5166 excusantur,
2865 5085 2935 5143 ut
2981 5081 3258 5161 episcopi
3303 5081 3367 5141 in
3403 5082 3446 5143 1.

1921 5180 2125 5261 Neque
2147 5179 2384 5252 honore,
2421 5195 2559 5256 cap.
2595 5176 2658 5237 Ε
2650 5176 2877 5257 pise-op.
2911 5183 2969 5235 et
2997 5174 3262 5236 Clem'czk.
3298 5176 3453 5235 Item

1922 5275 2299 5334 excusantur
2326 5270 2558 5347 clerici,
2591 5288 2730 5349 cap.
2771 5267 3155 5349 Quamquam,
3190 5269 3350 5328 xlv.
3387 5285 3449 5346 q.

1922 5383 1991 5427 11.
2025 5366 2103 5426 de
2126 5365 2353 5445 quibus
2381 5363 2673 5424 omnibus
2701 5362 2824 5425 late
2843 5362 3075 5424 Sanch.
3110 5360 3277 5421 dicto
3310 5377 3448 5437 cap.

1921 5461 1994 5520 V.
2032 5458 2181 5519 dub.
2215 5474 2344 5519 xw.
2381 5462 2443 5519 et
2469 5473 2571 5518 xv.
2608 5458 2672 5517 et
2697 5472 2876 5517 xvm.
2927 5459 2991 5515 et
3036 5451 3232 5513 videri
3264 5452 3453 5513 etiam

1919 5555 2128 5630 1161661
2155 5550 2488 5629 Fagundez
2525 5553 2841 5629 praecepto
2870 5549 3030 5614 VIII.
3087 5565 3225 5629 cap.
3261 5561 3355 5608 XL.
3391 5548 3454 5606 et

3580 787 3656 848 10

1902 894 2089 956 dendi
2118 894 2330 955 multis
2357 894 2435 955 (16
2465 894 2691 955 causis.
2750 892 2982 967 Prim0,
3029 891 3081 951 si
3131 885 3431 968 proceda·
3494 914 3762 1011 Q'nmnd‘im

3554 980 3654 1013 Gne!
3674 982 3738 1013 ur·

3607 4337 3670 4395 11

1919 4433 2210 4510 (11666(16,
2245 4433 2394 4513 quia
2421 4432 2737 4494 6116116661
2768 4432 3036 4511 116111161;
3070 4435 3140 4493 61
3164 4431 3450 4492 infideles
3504 4462 3579 4516 Q„
3599 4462 3779 4557 „Pilum

1919 4533 2140 4591 contra
2192 4527 2441 4599 fideles;
2503 4525 2609 4587 alii
2659 4525 2739 4586 ob
2795 4525 2951 4587 alios
3006 4525 3323 4600 defectus,
3384 4527 3455 4586 61
3516 4575 3556 4613 ι
3558 4520 3706 4612 [¹35⁸
3663 4569 3784 4611 md
