4263 6376
594 2697 666 2756 15

537 2822 623 2865 Nec
641 2837 694 2877 qu
669 2825 748 2866 uod

512 2875 697 2919 1301311113
715 2877 770 2920 sit

518 2931 623 2973 xali
598 2931 785 3027 atquibus.

593 4759 667 4819 16

492 4888 779 4943 Responderun-

520 4947 760 5005 argumento

538 5001 763 5039 contrario.

830 293 951 352 554

834 466 1155 547 suffragia,
1184 468 1390 529 solum
1416 468 1706 547 provenit
1736 487 1812 558 0¹.
1838 487 1912 530 eo
1949 469 2117 548 quod
2149 468 2373 528 electo-

836 579 937 621 res
972 560 1096 624 sint
1121 560 1331 639 plures
1364 581 1377 621 ε
1412 562 1583 639 quod
1604 567 1813 623 autem
1841 562 1965 622 sint
1983 562 2214 640 plures,
2247 577 2372 620 non

836 653 988 714 tacit
1040 653 1209 732 quod
1257 653 1531 714 habeant
1568 653 1872 733 majorem
1929 653 2374 732 obligationem

838 764 1031 826 quam
1058 746 1321 808 haberet
1367 765 1528 807 unus
1559 748 1813 823 elector,
1847 765 1990 807 cum
2018 747 2120 807 ille
2152 746 2373 806 unicus

836 839 1172 900 succedere
1194 839 1454 900 deberet
1479 840 1544 899 in
1572 840 1778 901 locum
1807 840 2033 900 horum
2060 840 2367 919 plurium:

839 949 961 991 non
992 948 1141 1010 ergo
1173 932 1586 1011 exquiruntur
1612 933 1792 1012 plura
1817 934 2117 1011 suffragia
2160 932 2240 993 ad
2286 932 2373 992 vi-

837 1023 1114 1084 dendum
1142 1025 1283 1104 quis
1312 1025 1393 1086 sit
1417 1025 1685 1103 dignior,
1718 1026 1827 1086 sed
1849 1026 1928 1086 ad
1958 1025 2374 1104 exquirendas

839 1118 1191 1178 voluntates
1243 1136 1461 1178 eorum
1517 1119 1626 1197 qui
1670 1117 2047 1197 habentJ‘us
2077 1118 2368 1196 eligendi.

836 1212 1063 1272 Fateor
1085 1255 1101 1287 ,
1164 1210 1418 1289 quando
1472 1210 1691 1280 electio
1734 1212 1806 1272 fit
1831 1229 1945 1290 per
1973 1229 2369 1288 concursum,

837 1302 1336 1380 praecedentibus
1366 1303 1588 1368 edictis
1614 1304 1844 1383 quibus
1871 1305 2216 1365 invitantur
2241 1305 2374 1383 plu·

837 1413 971 1472 res,
1020 1413 1159 1456 esse
1199 1397 1456 1476 quidem
1500 1397 1950 1475 obligationem
1974 1398 2253 1476 eligendi
2283 1397 2372 1459 di-

836 1487 1122 1567 gniorem
1172 1509 1186 1549 1
1244 1489 1380 1554 haec
1424 1494 1637 1552 tamen
1665 1489 1964 1568 obligatio
1990 1495 2158 1552 esset
2181 1490 2374 1550 etiam

836 1584 1008 1655 tunc,
1058 1581 1205 1642 licet
1249 1582 1549 1643 electores
1596 1601 1719 1644 non
1756 1588 1966 1644 essent
2010 1583 2221 1661 plures
2263 1583 2372 1642 sed

840 1691 1022 1748 unus,
1057 1675 1202 1752 quia
1233 1673 1365 1753 ipse
1394 1691 1735 1736 concursus
1774 1679 1838 1736 et
1864 1676 2108 1736 vocatio
2140 1675 2250 1737 dat
2269 1675 2373 1755 jus

841 1765 1101 1844 singulis
1132 1767 1390 1830 vocatis.
1444 1769 1667 1831 Modus
1707 1773 1919 1830 tamen
1959 1768 2229 1847 eligendi
2261 1787 2375 1847 per

836 1858 1133 1936 suffragia
1162 1859 1420 1938 praecise
1444 1860 1875 1922 consideratus
1902 1861 2251 1921 secundum
2278 1880 2368 1938 se,

836 1968 963 2010 non
992 1950 1176 2012 video
1225 1971 1339 2016 cur
1382 1952 1586 2031 magis
1626 1953 1885 2014 inducat
1927 1953 2373 2032 obligationem

836 2043 1112 2121 eligendi
1140 2043 1496 2123 digniorem
1514 2092 1530 2122 ,
1589 2063 1777 2125 quam
1804 2045 1870 2104 in
1899 2045 2203 2106 electione
2233 2066 2372 2125 quae

837 2134 916 2194 311
946 2135 1131 2196 unico
1162 2136 1433 2198 electore
1461 2138 1551 2213 fit,
1587 2138 1726 2198 dico
1752 2185 1767 2214 ,
1797 2138 2040 2218 proecz‘se
2064 2138 2371 2198 secundum

832 2245 913 2296 se,
945 2227 1093 2306 qnia
1139 2246 1214 2289 ex
1255 2228 1566 2307 adjunctis
1612 2234 1818 2308 potest
1863 2231 2114 2291 aliunde
2164 2231 2372 2311 colligi

834 2319 978 2381 talis
1007 2320 1305 2399 obligatio
1334 2340 1409 2381 ex
1431 2320 1791 2402 juramento
1818 2369 1835 2400 ,
1885 2324 2051 2402 quod
2084 2344 2120 2385 a
2157 2327 2372 2386 suffra·

836 2412 1131 2492 gantibus
1156 2414 1390 2492 petitur
1414 2415 1493 2475 de
1522 2416 1812 2494 eligendo
1843 2416 2150 2496 digniore,
2171 2419 2269 2479 vel
2297 2437 2374 2478 ex

830 2510 1069 2568 statuto
1097 2510 1207 2568 aut
1233 2506 1372 2585 lege
1422 2507 1501 2567 ad
1532 2507 1595 2567 id
1627 2509 1971 2588 obligante,
2021 2511 2099 2572 de
2147 2511 2374 2590 quibus

838 2599 1027 2659 modo
1058 2617 1183 2659 non
1207 2599 1545 2678 loquimur.

919 2694 1052 2752 Hoc
1092 2694 1306 2754 autem
1366 2693 1573 2770 ipsum
1612 2698 1819 2773 potest
1856 2694 2110 2774 probari
2158 2701 2375 2758 contra

836 2783 1009 2844 illam
1054 2789 1297 2863 partem
1343 2784 1791 2863 distinctionis,
1851 2807 2075 2867 nempe
2120 2790 2373 2869 quando

838 2876 1057 2938 electio
1070 2877 1363 2938 facienda
1391 2883 1487 2940 est
1511 2898 1587 2940 ex
1615 2880 1899 2958 partibus
1920 2881 2183 2961 alicujus
2210 2900 2376 2944 com-

836 2970 1158 3031 munitatis
1189 3015 1205 3046 ,
1265 2974 1414 3031 tunc
1455 2989 1592 3032 esse
1621 2971 2070 3051 obligationem
2100 2975 2373 3055 eligendi

672 3051 735 3081 ¹¹⁵·
837 3062 1189 3140 digniorem
1211 3108 1227 3139 ,
1260 3081 1440 3123 secus
1467 3082 1618 3125 vero
1665 3065 1715 3125 si
1762 3065 1956 3126 libere
1987 3067 2183 3145 possit
2227 3068 2372 3146 eligi

837 3154 1027 3216 etiam
1051 3173 1128 3215 ex
1150 3155 1501 3235 peregrinis
1530 3161 1594 3219 et
1621 3158 1894 3219 externis
1922 3178 1936 3220 ε
1973 3178 2178 3239 neque
2205 3161 2372 3222 enim

834 3252 1148 3326 repugnat
1177 3266 1253 3312 ex
1279 3268 1346 3309 se
1372 3250 1673 3329 obligatio
1721 3252 1991 3331 eligendi
2038 3271 2111 3313 ex
2161 3255 2374 3334 aliqua

835 3341 1286 3405 communitate
1315 3348 1378 3405 et
1404 3344 1642 3407 familia
1686 3345 1821 3405 sine
1852 3345 2233 3424 obligatione
2264 3347 2374 3407 eli-

833 3433 1025 3511 gendi
1054 3433 1426 3513 digniorem,
1456 3437 1569 3497 sed
1600 3455 1744 3498 cum
1771 3438 2069 3501 facultate
2099 3440 2374 3520 eligendi

835 3527 1097 3606 dignum
1127 3529 1356 3592 axillis.
1389 3533 1602 3591 Potest
1630 3531 1860 3611 quippe
1893 3551 1964 3592 ex
1996 3537 2371 3594 testamento

836 3621 1062 3700 aliquis
1107 3620 1212 3700 J'us
1262 3621 1498 3684 habere
1544 3624 1823 3702 eligendi
1876 3625 1997 3685 sibi
2055 3626 2371 3687 haeredem

835 3733 1023 3792 quem
1046 3732 1120 3775 ex
1148 3715 1259 3777 tali
1286 3717 1524 3777 familia
1544 3718 1812 3778 voluerit
1839 3718 1904 3777 in
1924 3718 2032 3779 tali
2060 3719 2141 3779 fid
2152 3720 2376 3780 eicom

833 3807 1046 3884 misso,
1086 3812 1150 3869 et
1173 3808 1322 3871 licet
1348 3828 1420 3870 eo
1452 3810 1587 3888 ipso
1618 3810 1854 3871 familia
1880 3812 1985 3870 illa
2015 3811 2248 3873 habeat
2268 3812 2372 3892 jus

836 3900 1089 3979 aliquod
1120 3901 1204 3963 ad
1257 3902 1816 3963 fideicommissum
1836 3950 1851 3979 ,
1902 3905 2147 3965 ratione
2194 3905 2373 3985 cujus

835 4011 961 4054 non
990 3997 1195 4071 potest
1221 3999 1396 4057 extra
1423 3996 1728 4055 familiam
1758 3997 1924 4068 dari;
1958 4016 2083 4058 non
2114 3998 2254 4059 ideo
2281 4004 2376 4059 est

835 4085 1132 4164 obligatio
1154 4087 1426 4169 eligendi
1457 4088 1809 4167 digniorem
1827 4134 1843 4165 ,
1891 4094 1958 4151 ut
1983 4091 2285 4153 succedat
2305 4091 2373 4151 in

832 4178 1339 4243 fideicommisso.
1375 4182 1675 4245 Similiter
1693 4200 1844 4260 ergo
1866 4183 2069 4261 potuit
2096 4202 2375 4245 commu-

835 4272 997 4336 nitas
1025 4273 1220 4350 velle,
1271 4274 1443 4353 quod
1501 4275 1720 4337 electio
1770 4276 2131 4339 officialium
2160 4278 2271 4340 fiat
2299 4297 2374 4337 ex

834 4366 972 4444 ipsa
996 4370 1256 4445 propter
1283 4369 1727 4446 congruentias
1754 4370 1984 4430 multas
2005 4416 2020 4446 ‚
2073 4389 2151 4433 ne
2197 4389 2373 4449 rega-

830 4462 939 4520 tur
963 4458 1044 4519 ab
1075 4459 1302 4521 exteris
1335 4464 1398 4521 et
1432 4461 1781 4540 peregrinis
1814 4482 1828 4522 :
1863 4481 1974 4541 per
2008 4463 2133 4525 hoc
2161 4467 2374 4525 tamen

834 4570 960 4614 non
992 4553 1244 4615 videtur
1275 4554 1428 4615 dare
1469 4553 1575 4633 J'us
1604 4555 1889 4633 singulis,
1922 4560 1993 4617 ut
2029 4556 2083 4617 si
2129 4556 2376 4634 dignio-

835 4664 937 4706 res
962 4647 1108 4722 sint,
1142 4647 1417 4708 debeant
1442 4648 1721 4726 praeferri
1750 4648 2037 4711 omnibus
2065 4648 2221 4710 aliis.

920 4742 1050 4804 Nec
1068 4739 1281 4802 obstat
1298 4744 1741 4819 argumentum
1773 4742 1948 4817 illud,
1982 4742 2152 4820 quod
2169 4745 2376 4803 stante

840 4832 1226 4912 obligatione
1276 4833 1548 4912 eligendi
1605 4852 1680 4894 ex
1736 4835 1843 4895 tali
1901 4835 2371 4910 communitate,

834 4927 970 5007 jam
992 4927 1091 4988 offi
1102 4927 1267 4988 cium
1285 4927 1436 4987 illud
1456 4926 1706 4990 videtur
1727 4946 1861 4988 esse
1881 4928 2376 5007 computandum

842 5021 1008 5083 inter
1034 5020 1203 5081 bona
1243 5020 1408 5081 illius
1436 5020 1906 5081 communitatis
1928 5067 1945 5096 ,
2000 5025 2189 5099 atque
2219 5020 2375 5080 adeo

842 5113 980 5190 ejus
1011 5113 1369 5175 distributio
1401 5113 1590 5173 debet
1623 5113 1935 5191 pertinere
1965 5113 2045 5172 ad
2067 5112 2376 5191 justitiam

840 5206 1338 5277 distributivam,
1374 5205 1454 5266 311
1484 5223 1673 5284 quam
1704 5205 1978 5285 pertinet
2005 5205 2377 5269 distribuere

839 5300 1007 5362 bona
1032 5299 1396 5360 communia
1437 5302 1677 5361 attenta
1714 5297 2115 5376 proportione
2155 5298 2375 5376 singu-

813 5394 1066 5469 lorum.
1117 5394 1251 5454 Hoc
1274 5437 1290 5467 ,
1341 5391 1600 5470 inquam
1620 5437 1635 5466 ,
1684 5409 1909 5470 parum
1938 5395 2123 5469 urget
2155 5408 2169 5448 t
2232 5409 2377 5453 nam

838 5486 1002 5548 bona
1034 5485 1246 5565 aliqua
1275 5484 1609 5563 dupliciter
1634 5487 1898 5562 possunt
1919 5484 2001 5545 311
2030 5484 2377 5557 eommuni-

1997 292 2099 352 DE
2141 291 2495 354 JUSTITIA
2540 292 2641 352 ET
2681 291 2880 353 malt

2472 469 2667 528 tatem
2701 466 3035 545 pertinere.
3068 465 3301 543 Primo,
3336 466 3522 546 quasi
3541 467 3812 546 positive,
3840 488 3971 550 qus-

2471 563 2654 621 tenus
2685 559 2767 619 ad
2795 559 3187 637 singulorum
3217 579 3406 621 usum
3441 565 3510 621 et
3546 560 3773 622 bonum
3798 563 3970 625 desti·

2473 656 2621 714 nata
2649 657 2833 716 sunt:
2864 658 2929 712 et
2957 652 3091 714 haec
3121 653 3378 732 quidem
3401 654 3826 715 distribuenda
3851 665 3976 717 sunt

2471 764 2617 807 cum
2646 746 3054 824 proportione
3084 746 3164 805 ad
3184 746 3467 824 singulos
3498 764 3512 809 ε
3544 748 3664 808 3113
3692 767 3839 809 vero
3857 768 3978 828 per-

2469 839 2674 902 tinent
2703 839 2784 899 ad
2813 839 3329 901 communitatem
3373 841 3578 901 solum
3608 842 3785 921 quasi
3813 861 3984 921 nega·

2470 932 2633 1004 tive3
2668 935 2975 1010 quatenus
3003 950 3128 993 non
3158 937 3421 1011 possunt
3441 940 3616 995 extra
3642 935 3813 994 illam
3840 954 3988 995 com·

2469 1024 2844 1085 munitatem
2890 1026 3078 1086 alicui
3116 1027 3446 1105 applicari.
3505 1029 3611 1089 Sic
3663 1027 3830 1087 enim
3865 1027 3988 1105 jure

2473 1118 2750 1196 Hispano
2793 1136 2919 1178 non
2949 1123 3158 1197 potest
3199 1124 3378 1196 pater
3405 1125 3587 1181 extra
3614 1119 3780 1181 filios
3805 1120 3988 1198 dispo-

2474 1229 2624 1271 nere
2654 1210 2731 1270 de
2760 1211 2945 1271 tertio
2977 1229 3232 1271 suorum
3261 1211 3577 1273 bonorum
3600 1258 3618 1287 ,
3671 1213 3790 1273 sed
3827 1212 3988 1272 deba

2475 1303 2785 1378 omnibuS,
2819 1303 2916 1362 vel
2940 1303 3125 1363 alicui
3147 1323 3222 1363 ex
3252 1303 3466 1365 liberis
3491 1304 3649 1365 illud
3667 1305 3986 1383 applicare,

2468 1399 2664 1474 atque
2693 1394 2837 1455 ideo
2854 1393 3124 1458 debetur
3141 1395 3330 1458 etiam
3354 1396 3500 1458 filiis
3528 1396 3638 1457 illa
3657 1397 3862 1475 portio
3889 1396 3989 1457 113-

2472 1488 2756 1549 reditatis
2789 1508 2803 1547 :
2835 1492 3046 1566 potest
3067 1493 3282 1550 tamen
3310 1508 3427 1568 pro
3457 1489 3639 1550 libito
3669 1494 3882 1568 pater,
3909 1490 3990 1551 eni

2472 1579 2741 1641 voluerit
2767 1598 2907 1639 eam
2936 1581 3276 1659 applicare.
3310 1582 3415 1643 Sic
3444 1600 3599 1660 ergo
3620 1587 3875 1661 possent
3893 1582 3990 1640 ele-

2472 1679 2676 1735 ctores
2706 1673 2935 1751 eligere
2957 1672 3219 1752 dignum
3246 1674 3581 1736 officialem
3613 1693 3692 1734 ex
3720 1674 3825 1736 1113
3851 1692 3989 1736 00111-

2472 1765 2798 1842 111111111313,
2821 1765 3049 1828 01111330
3072 1766 3366 1845 digniori,
3392 1767 3543 1829 licet
3562 1768 3848 1828 officium
3865 1767 3988 1827 illud

2472 1859 2784 1938 pertineat
2812 1858 3023 1937 aliquo
3052 1859 3277 1936 modo,
3311 1864 3375 1921 et
3401 1860 3587 1939 qnasi
3619 1860 3906 1938 negative
3924 1859 3990 1921 ad

2467 1952 2641 2013 bona
2670 1950 2856 2029 hujus
2883 1906 3383 2028 communitatis,
3435 1957 3763 2031 quatenus
3790 1953 3989 2014 nemini

2473 2050 2647 2108 extra
2677 2044 2845 2103 illam
2874 2044 3144 2104 conferri
3168 2049 3393 2121 potest.
3431 2047 3659 2106 Restat
3685 2063 3841 2122 ergo
3863 2063 3994 2106 sem-

2472 2155 2586 2217 per
2613 2135 2937 2197 reddenda
2981 2137 3233 2196 aliunde
3264 2138 3422 2199 ratio
3449 2184 3466 2212 ‚
3529 2155 3651 2198 cur
3696 2138 3990 2212 electores,

2472 2230 2604 2290 sive
2634 2247 2794 2289 unus
2823 2229 2903 2292 sit
2929 2229 3060 2289 sive
3089 2228 3319 2308 plureS‚
3354 2229 3642 2291 debeant
3669 2230 3895 2308 eligere
3918 2230 3996 2290 di-

2472 2322 2756 2400 gniorem
2779 2340 2854 2381 ex
2874 2320 3166 2383 omnibus
3183 2322 3287 2401 qui
3309 2322 3625 2400 eligibiles
3641 2329 3813 2384 sunt.
3845 2322 3992 2395 mod

2469 2415 2641 2475 enim
2670 2415 3005 2492 alligentur
3023 2414 3104 2474 ad
3125 2414 3486 2493 eligendum
3509 2415 3785 2493 praecise
3813 2435 3883 2480 ex
3909 2416 3992 2477 tali

2475 2507 2839 2570 collectione
2872 2506 3218 2583 hominum,
3252 2525 3377 2567 non
3406 2507 3719 2570 videntur
3747 2509 3992 2586 obligare

2474 2600 2554 2660 ad
2585 2599 2946 2678 eligendum
2981 2600 3333 2678 digniorem
3364 2618 3441 2660 ex
3471 2600 3597 2662 iilis
3632 2618 3650 2664 ς
3681 2619 3837 2663 nam
3859 2619 3994 2662 sem·

2474 2711 2588 2772 per
2615 2692 2745 2753 fere
2776 2691 3113 2770 alligantur
3156 2692 3236 2752 ad
3265 2692 3640 2771 eligendum
3687 2712 3770 2755 ex
3811 2694 3992 2773 aliqua

2474 2785 2868 2860 collectione,
2913 2785 3162 2848 etiamsi
3191 2787 3433 2865 possint
3460 2791 3720 2849 exteros
3748 2791 3814 2848 et
3837 2806 3989 2866 pere·

2470 2878 2687 2957 grinos
2722 2898 2734 2938 ε
2770 2878 3003 2938 dehent
3029 2879 3198 2939 enim
3227 2879 3484 2957 eligere,
3522 2898 3585 2941 v,
3621 2898 3723 2958 gr.
3751 2879 3991 2958 jurispe-

2469 2973 2661 3032 ritum
2690 2972 2770 3032 ad
2818 2971 2942 3032 tale
2983 2971 3083 3032 vel
3125 2972 3249 3032 tale
3286 2972 3567 3033 officium
3589 3018 3612 3048 ‚
3677 2972 3990 3051 etquidem

2472 3065 2798 3143 pauciores
2851 3067 2996 3126 sunt
3034 3064 3385 3143 jurisperiti
3429 3063 3495 3127 in
3554 3069 3695 3128 tota
3741 3066 3986 3145 Europa,

2473 3176 2662 3239 quam
2699 3157 2825 3219 sint
2852 3157 3137 3219 homines
3166 3157 3230 3219 in
3259 3157 3460 3219 Gallia
3481 3205 3501 3234 ,
3549 3176 3614 3220 v,
3649 3177 3750 3238 gr.
3786 3177 3923 3238 ergo
3946 3157 3987 3218 si

2473 3252 2749 3331 alligatio
2796 3250 2877 3311 ad
2919 3251 3280 3329 eligendum
3308 3269 3508 3312 unum
3536 3270 3617 3312 ex
3638 3252 3991 3331 jurisperitis

2473 3345 2665 3405 etiam
2693 3343 2963 3420 exteris,
3023 3362 3149 3404 non
3196 3343 3305 3405 dat
3341 3342 3449 3422 jus
3501 3345 3774 3423 singulis
3813 3344 3991 3406 111113-

2472 3438 2666 3499 beant
2693 3437 2839 3515 eligi
2868 3436 3188 3515 digniores
3206 3482 3222 3513 ,
3265 3455 3479 3517 neque
3509 3438 3709 3498 etiam
3737 3437 3988 3515 alligatio

2475 3530 2557 3590 ad
2588 3529 2950 3607 eligendum
2990 3529 3313 3590 hominem
3344 3529 3593 3591 Gallum
3626 3530 3738 3591 dat
3764 3528 3859 3609 jus
3882 3529 3990 3588 sin·

2471 3623 2635 3703 gulis
2657 3622 2867 3698 Gallis,
2892 3628 2960 3685 ut
2981 3622 3249 3701 eligatur
3267 3622 3541 3700 dignior.
3574 3625 3737 3684 Nam
3760 3626 3828 3683 ut
3843 3621 3990 3701 prior

2472 3715 2749 3823 alligatio
2780 3732 2904 3775 non
2933 3715 3199 3792 sufficit,
3231 3719 3303 3776 ut
3327 3714 3610 3777 officium
3641 3715 3798 3775 illud
3823 3716 3902 3777 ita
3923 3714 3990 3772 ἐι

2473 3810 2534 3869 111
2567 3808 2747 3869 1101113
2776 3809 3241 3871 communitatis
3249 3807 3791 3887 jurisperitorum
3822 3812 3887 3869 nt
3901 3807 3989 3867 de-

2470 3902 2620 3963 beat
2646 3901 2767 3962 11113
2795 3901 3080 3962 distribui
3104 3902 3285 3981 juxta
3311 3901 3485 3979 leges
3510 3900 3778 3979 justitiae
3803 3898 3988 3965 disan·-

2471 3996 2705 4056 butivae
2735 3994 3024 4073 eligendo
3056 3994 3412 4076 digniorem
3442 4013 3522 4057 ex
3547 3995 3696 4071 iuis,
3730 4012 3844 4057 cnr
3867 3991 3984 4053 3111·

2469 4089 2642 4168 gatio
2670 4088 2980 4167 posterior
3007 4087 3196 4149 faciet
3240 4086 3522 4149 officium
3564 4086 3724 4149 illud
3764 4104 3892 4149 ease
3915 4085 3990 4144 ita

2472 4182 2534 4241 in
2564 4182 2747 4242 bonis
2775 4180 2939 4241 illius
2967 4180 3225 4260 majoris
3254 4179 3730 4243 communitatis
3749 4224 3767 4254 ,
3799 4184 3866 4243 ut
3893 4177 3989 4236 de-

2467 4275 2620 4337 beat
2649 4274 2934 4335 distribui
2963 4274 3086 4334 illis
3105 4272 3287 4353 juxta
3313 4274 3489 4352 leges
3511 4272 3779 4352 justitiae
3804 4270 3986 4333 distri-

2467 4368 2705 4431 butivoe
2737 4367 3025 4446 eligendo
3055 4366 3450 4445 digniorem?

2551 4463 2686 4539 Ego
2716 4461 2927 4540 itaque
2958 4459 3282 4535 existimo,
3331 4458 3544 4538 quoad
3594 4459 3986 4537 pru-*timpu-
4087 4476 4097 4529 4

3713 4647 3984 4711 111313311-
4017 4601 4096 4751 Ἓ

2474 4744 2678 4803 ctores
2707 4740 2897 4802 etiam
2923 4738 3562 4801 secmdaesentenn‘ae
3583 4737 3853 4800 fatentur
3875 4736 3984 4795 ele-
4036 4718 4097 4811 Ξ

2473 4572 2622 4615 vum
2653 4571 2790 4615 esse
2814 4553 3156 4615 discrimen
3203 4553 3366 4614 inter
3394 4556 3735 4630 utramque
3762 4556 3985 4611 senten·

2470 4648 2662 4722 tiam,
2714 4648 2763 4707 si
2803 4665 2908 4708 res
2936 4649 3174 4708 attente
3202 4644 3659 4709 consideretur.

2475 4837 2716 4895 ctorem
2791 4832 3057 4911 obligari
3109 4832 3192 4895 ad
3243 4831 3606 4909 eligendum
3660 4831 3727 4891 in
3775 4831 3982 4891 honum

2475 4925 2964 5001 communitatis,
2986 4925 3084 4987 cui
3101 4924 3434 5003 providere
3445 4924 3668 5000 debet,
3688 4923 3980 4995 officiales,

2476 5020 2766 5099 hancque
2785 5018 3032 5080 unicam
3050 5019 3335 5097 regulam
3355 5014 3591 5078 debere
3621 5018 3688 5078 in
3713 5018 3982 5078 electione

2474 5131 2606 5192 prae
2636 5112 2832 5173 oculis
2861 5111 3096 5172 babere
3122 5157 3136 5187 ,
3189 5115 3262 5172 ut
3285 5130 3365 5171 ex
3392 5110 3708 5173 electione
3735 5109 3872 5171 talis
3895 5106 3982 5169 mi-

2475 5205 2651 5267 nistri
2682 5223 2806 5265 non
2833 5210 3185 5283 sequantur
3209 5203 3728 5266 inconvenientia
3754 5204 3817 5262 in
3843 5219 3983 5263 com·

2475 5298 2782 5359 munitate
2804 5343 2823 5374 ,
2873 5297 2974 5357 cui
3022 5315 3098 5356 ex
3124 5296 3426 5357 fidelitate
3465 5302 3534 5357 et
3555 5296 3803 5375 justitia
3828 5294 3983 5355 debet

2476 5390 2810 5470 providere
2835 5389 2916 5450 de
2945 5388 3249 5451 ministris
3278 5388 3444 5466 aptis
3470 5389 3557 5448 ad
3587 5390 3780 5451 finem
3807 5385 3976 5465 politi·

2477 5501 2620 5545 cum
2673 5483 2838 5544 illius
2892 5481 3377 5543 communitatis.
3439 5482 3580 5554 Qua
3638 5480 3978 5561 obligatione
