4263 6376
102 3425 147 3481 Ξ

54 3748 57 3755 ’
54 3545 218 3709 ἒῖῐ

54 3774 233 3876 ,ἷῗ

53 3712 120 3796 υ

137 3712 231 3811 Ἐξ

53 3872 200 3960 ιὲ

1252 348 1726 411 DISPUTATIO
1771 346 1988 420 XXIV,
2037 345 2312 407 SEc‘rlo
2355 344 2460 404 111.

291 526 577 602 operatur.
624 522 911 584 Secundo
937 568 953 599 ,
999 523 1203 584 solum
1245 524 1653 603 protestando
1675 573 1691 598 ,
1723 540 1789 584 se

289 615 430 677 nolle
451 615 618 694 quod
646 615 853 677 valeat
898 615 1069 677 aliud
1118 617 1560 698 quodcumque
1598 620 1790 679 testa-

285 712 541 769 mentum
568 712 784 788 postea
829 708 1227 782 faciendum;
1275 714 1339 770 et
1383 714 1531 771 tunc
1573 709 1792 770 subse-

286 800 477 880 quenti
533 805 906 862 testamento
959 800 1227 880 simplici
1281 821 1404 864 non
1459 811 1792 864 revocatur

286 892 551 972 primum,
586 893 704 954 nisi
726 893 920 956 habet
945 893 1291 956 clausulam
1320 895 1788 974 derogatoriam

284 1004 465 1064 primi.

350 1078 664 1139 Dubitatur
693 1082 902 1140 autem
929 1080 1156 1159 primo,
1197 1099 1279 1141 au
1310 1080 1562 1160 quando
1594 1085 1853 1142 testa-

283 1175 367 1232 tor
387 1170 446 1229 in
473 1171 673 1248 primo
704 1175 1080 1233 testamento
1111 1173 1371 1254 apponit
1414 1173 1783 1249 clausulam,

282 1280 389 1343 qua
414 1261 526 1321 sibi
553 1262 879 1325 auferebat
905 1270 1282 1344 potestatem
1312 1265 1583 1327 faciendi
1614 1267 1785 1327 aliud

282 1359 720 1431 testamentum,
780 1356 927 1418 licet
953 1375 1081 1418 non
1108 1358 1383 1438 potuerit
1411 1377 1551 1420 eam
1580 1364 1788 1438 potes-

279 1452 446 1510 tatem
465 1446 582 1506 sibi
612 1447 858 1508 auferre
890 1468 905 1508 ε
950 1449 1056 1510 illa
1103 1455 1312 1512 tamen
1365 1451 1642 1511 clausula
1676 1451 1785 1511 ha·

277 1539 541 1599 beatvim
565 1541 1056 1618 protestationiS,
1090 1546 1159 1603 ut
1186 1542 1574 1623 subsequens
1600 1547 1786 1605 testa-

277 1637 530 1692 mentum
562 1651 693 1692 non
732 1634 960 1709 valeat,
998 1634 1114 1695 nisi
1143 1653 1217 1697 eo
1250 1635 1371 1696 hoc
1402 1636 1573 1714 prius
1602 1641 1785 1697 testa-

275 1729 530 1784 mentum
614 1724 997 1803 derogetur?
1050 1729 1295 1806 Negant
1373 1729 1788 1788 communiter

274 1816 431 1875 multi
482 1834 642 1895 quos
684 1819 970 1897 sequitur
1002 1820 1231 1880 Sanch.
1290 1839 1352 1882 n.
1385 1822 1445 1882 3.
1491 1821 1599 1881 sed
1629 1820 1784 1880 mihi

275 1909 588 1988 probabilis
644 1911 795 1971 satis
822 1911 1074 1973 videtur
1127 1913 1435 1975 sententia
1477 1915 1785 1975 Covarru-

275 2001 374 2061 viae
415 2001 474 2061 in
502 2002 761 2063 rubrica
790 2001 862 2064 de
889 2005 1241 2065 testamentis
1269 2021 1338 2067 11.
1373 2025 1434 2085 p.
1470 2025 1532 2067 n.
1594 2010 1689 2068 19.
1721 2007 1778 2086 ἓ.

273 2093 517 2155 Secunda
544 2095 729 2156 concl.
765 2096 870 2176 qui
901 2097 966 2156 id
995 2097 1287 2159 affirmat.
1333 2099 1514 2160 Ratio
1571 2104 1784 2161 autem

273 2192 370 2261 est,
392 2188 532 2266 quia
562 2189 676 2268 qui
704 2189 904 2250 voluit.
954 2189 1202 2250 auferre
1231 2190 1348 2251 sibi
1381 2194 1778 2269 potestatem,

273 2298 304 2339 a
325 2279 553 2341 fortiori
584 2282 787 2342 voluit
817 2281 985 2361 quod
1014 2283 1069 2343 si
1112 2282 1282 2343 aliud
1337 2288 1783 2346 testamentum

272 2377 463 2450 postea
482 2374 742 2450 faceret,
779 2394 902 2435 non
933 2375 1210 2441 valeret:
1243 2376 1363 2437 hoc
1393 2377 1561 2437 enim
1605 2395 1680 2437 ex
1708 2377 1783 2437 il-

269 2464 321 2525 lo
339 2465 449 2526 alio
470 2466 830 2527 necessario
861 2467 1286 2547 consequitur.
1322 2467 1389 2529 Si
1436 2473 1646 2529 autem
1676 2486 1781 2528 ex·-

270 2557 752 2636 pressedixisset,
788 2560 968 2635 Volo,
995 2559 1161 2639 quod
1184 2577 1369 2621 omne
1397 2560 1564 2621 aliud
1590 2564 1783 2623 testa-

270 2654 522 2710 mentum
545 2669 674 2711 non
695 2653 925 2727 valeat,
948 2653 1303 2713 necessaria
1330 2657 1493 2714 esset
1520 2652 1779 2732 deroga-

268 2743 342 2803 tio
366 2742 609 2821 prioriS,
647 2747 718 2805 ut
763 2745 1006 2806 valeret
1032 2746 1370 2823 posterius;
1405 2764 1556 2825 ergo
1605 2764 1784 2806 eum-

269 2834 393 2895 dem
418 2836 712 2898 effectum
743 2836 1025 2913 habebit,
1084 2837 1230 2899 licet
1283 2856 1409 2899 non
1466 2837 1635 2899 dicat
1682 2857 1782 2898 ex·

269 2946 454 3007 presse
483 2929 592 2989 sed
629 2930 1116 3009 aequivalentem
1151 2948 1298 2991 nam
1326 2931 1536 3007 tacite,
1572 2935 1636 2992 et
1674 2950 1779 2991 ex-

267 3038 454 3099 presse
469 3021 699 3083 eadem
728 3026 823 3083 est
843 3022 1025 3098 ratio,
1060 3026 1123 3084 et
1168 3022 1314 3084 licet
1362 3023 1643 3084 clausula
1674 3024 1783 3084 illa

269 3131 374 3173 non
400 3114 478 3175 sit
519 3114 748 3174 efficax
788 3114 871 3175 ad
924 3115 1337 3176 auferendum
1380 3120 1776 3196 potestatem,

270 3207 398 3286 quia
422 3207 484 3266 id
512 3207 905 3287 impossibile
937 3212 1051 3285 est,
1086 3209 1205 3271 erit
1224 3213 1437 3270 tamen
1466 3210 1686 3271 efficax
1702 3209 1780 3270 ad

269 3298 399 3359 illud
425 3299 621 3375 aliud,
650 3300 821 3379 quod
842 3299 1139 3379 possibile
1170 3305 1284 3363 est.

336 3393 664 3454 Dubitatur
691 3393 992 3470 secundo,
1054 3411 1133 3453 an
1175 3393 1257 3455 ad
1305 3394 1782 3474 derogatIOnem

270 3485 417 3545 illam
468 3486 769 3546 clausulae
808 3504 1117 3565 expressae
1181 3487 1400 3566 positae
1452 3488 1512 3548 in
1577 3488 1781 3568 primo

269 3582 649 3654 testamenta,
669 3579 941 3641 sufficiat
954 3580 1268 3641 revocatio
1289 3582 1621 3659 generalia,
1642 3598 1780 3661 quae

271 3673 474 3750 apponi
494 3673 683 3747 solet,
717 3690 842 3750 qua
873 3671 938 3731 in
977 3672 1253 3734 secundo
1283 3677 1659 3735 testamento
1691 3692 1783 3734 re·

269 3772 504 3825 vocatur
549 3783 745 3825 omne
795 3769 1238 3826 testamentum
1293 3770 1479 3827 antea
1507 3766 1786 3827 factum?

271 3857 327 3916 ln
354 3856 462 3918 hoc
492 3862 629 3919 toto
659 3862 894 3935 puncto
914 3861 1154 3918 certum
1168 3862 1282 3932 est,
1311 3857 1616 3921 utendum
1648 3877 1782 3919 esse

270 3949 627 4028 conjecturis
655 3949 737 4010 ad
766 3949 1192 4028 indagandam
1215 3950 1629 4012 intentionem
1660 3956 1784 4013 tes-

270 4042 485 4116 tatoris,
520 4043 636 4121 qui
665 4041 868 4122 potuit
895 4042 1054 4102 velle
1084 4048 1148 4104 et
1189 4061 1314 4103 non
1345 4044 1503 4103 velle
1526 4063 1784 4105 revoca-

269 4152 328 4193 re
363 4140 810 4196 testamentum
850 4135 1061 4214 prius;
1133 4154 1329 4213 quare
1394 4136 1601 4196 locum
1657 4156 1784 4196 ma-

269 4245 443 4305 gnum
488 4227 690 4288 habet
716 4226 1043 4287 arbitrium
1073 4226 1300 4307 judicis
1358 4228 1437 4288 ad
1497 4228 1787 4289 conside-

271 4320 480 4380 randas
534 4321 939 4399 conjecturas
996 4323 1058 4381 et
1114 4320 1615 4382 circumstantias
1658 4339 1786 4381 om-

272 4431 385 4472 nes».
414 4413 597 4474 Unde
628 4412 852 4472 merito
884 4412 1102 4473 dicunt
1156 4412 1466 4490 doctoreS,
1502 4431 1783 4474 commu-

270 4505 414 4565 niter
438 4525 562 4567 non
599 4504 887 4564 sufficere
936 4505 1107 4565 illam
1138 4505 1384 4565 solitam
1440 4506 1790 4567 revocatio-

272 4615 395 4657 nem
422 4597 786 4676 generalem
819 4597 893 4656 ad
925 4597 1353 4658 revocandum
1397 4598 1569 4676 prius
1599 4604 1789 4659 testa-

272 4694 573 4761 mentum;
616 4689 763 4767 quia
819 4689 923 4749 illa
965 4689 1282 4750 revocatio
1313 4692 1645 4767 generalis,
1681 4691 1788 4753 eti-

276 4782 410 4841 amsi
440 4801 564 4843 non
597 4782 1112 4860 experimeretur,
1149 4782 1579 4844 inestcuilibet
1595 4790 1786 4845 testa-

275 4880 464 4936 mento
494 4874 851 4954 posteriori,
884 4879 948 4936 et
974 4880 1187 4936 tamen
1219 4893 1340 4936 non
1373 4880 1583 4954 posset
1602 4880 1792 4937 testa-

277 4972 535 5029 mentum
584 4967 850 5045 simplex
904 4967 1214 5045 posterius
1272 4968 1602 5029 ostendere
1656 4968 1792 5030 ani-

277 5079 431 5120 mum
484 5059 828 5120 revocandi
857 5059 1337 5138 potestationem
1392 5060 1564 5121 illam
1622 5061 1792 5140 prius

279 5152 509 5229 iactam,
544 5151 716 5233 quod
748 5170 968 5212 verum
1009 5156 1122 5229 est,
1156 5153 1403 5213 etiamsi
1433 5154 1686 5215 unicum
1717 5154 1790 5213 il-

278 5243 374 5303 lud
423 5249 873 5307 testamentum
929 5244 1369 5324 praecessisset,
1403 5245 1467 5305 in
1497 5265 1620 5326 quo
1652 5265 1794 5325 pro-

281 5337 505 5398 testatio
562 5338 732 5399 facta
760 5338 987 5399 fuerat.
1023 5337 1091 5399 Si
1119 5341 1331 5399 tamen
1362 5339 1426 5398 in
1459 5338 1792 5418 posteriori

285 5433 635 5491 testamento
668 5430 947 5492 diceret:
1000 5449 1201 5491 revoco
1225 5440 1623 5493 testamentum
1654 5432 1788 5505 tale,

3340 345 3414 403 Ἠ

1891 521 2004 583 tali
2027 520 2140 595 die,
2174 520 2268 581 vel
2292 539 2490 583 coram
2519 520 2633 582 tali
2658 519 2911 596 notario,
2945 519 3072 600 jam
3103 518 3425 581 videretur

1890 615 2274 676 sufficienter
2326 618 2714 677 revocatum.
2751 613 2879 675 Nisi
2931 613 3091 674 forte
3135 613 3198 673 in
3229 612 3423 692 priori

1889 710 2263 770 testamento
2294 725 2438 767 cum
2492 706 2830 767 reflexione
2887 705 3124 768 dictum
3178 704 3417 766 fuisset.

1890 799 2069 876 Nolo,
2103 799 2226 861 hoc
2252 803 2697 862 testamentum
2729 802 3093 859 revocatum
3134 797 3418 874 intelligi,

1890 892 2010 953 nisi
2065 890 2253 971 hujus
2283 891 2749 970 protestationis
2804 891 2970 953 sacta
3026 890 3106 951 sit
3159 890 3417 965 mentia,

1889 985 1988 1046 vel
2018 985 2138 1045 nisi
2167 984 2364 1045 oratio
2390 983 2736 1060 Dominica,
2770 984 2868 1044 vel
2900 982 3189 1045 salutatio
3219 985 3424 1061 Ange·

1887 1077 2010 1139 lica
2039 1076 2100 1136 in
2158 1077 2264 1138 illo
2321 1076 2443 1137 alio
2489 1080 2866 1137 testamento
2923 1075 3155 1154 scripta
3209 1074 3417 1137 fuerit.

1887 1173 2063 1232 Tunc
2092 1170 2261 1231 enim
2292 1169 2372 1231 ad
2403 1169 2831 1231 revocandum
2849 1168 3021 1247 prius
3049 1185 3302 1229 necesse
3331 1186 3423 1227 es-

1888 1267 1985 1324 set
2011 1263 2234 1324 saltem
2263 1263 2514 1324 dicere:
2572 1260 2705 1322 Volo
2734 1261 2842 1322 hoc
2868 1259 3175 1322 secundum
3203 1259 3416 1335 valere,

1886 1375 2001 1416 non
2021 1355 2280 1416 obstante
2298 1353 2554 1436 qualebet
2587 1353 2850 1415 clausula
2876 1352 3270 1433 deroqatoria,
3318 1351 3422 1412 sub

1887 1447 2142 1529 qualibet
2170 1448 2365 1528 forma
2385 1446 2559 1528 prius
2583 1447 2779 1527 posita
2807 1466 2866 1506 m
2895 1445 3013 1507 alto
3062 1453 3418 1518 testamento,

1887 1545 1950 1602 et
1975 1541 2173 1602 multo
2204 1539 2406 1618 magis
2447 1539 2736 1615 sufficiet,
2773 1540 2824 1600 si
2855 1539 3120 1600 dicatur.
3156 1536 3425 1599 Etiamsi

1884 1632 2193 1694 verborum
2221 1632 2457 1693 illorum
2512 1631 2783 1712 facienda
2837 1631 2931 1692 liic
2984 1639 3125 1692 esset
3153 1629 3423 1711 specialis

1910 1724 2340 1802 mentio,eth1c
2369 1732 2551 1784 essent
2579 1723 3039 1784 transemmbenda

1956 1818 2113 1891 Quia
2134 1823 2342 1878 tamen
2363 1821 2565 1878 totum
2594 1815 2712 1876 hoc
2729 1817 2961 1895 pendet
2979 1834 3054 1875 ex
3079 1814 3422 1877 intentione

1882 1909 2222 1987 testatoris,
2256 1914 2326 1970 ut
2352 1909 2508 1986 dixi,
2544 1927 2684 1988 quae
2712 1909 3091 1989 conjecturis
3119 1907 3421 1987 indage-in

1883 2003 1967 2064 da
1994 2006 2108 2076 est,
2144 2006 2404 2081 possunt
2426 2001 2679 2063 aliunde
2700 2001 3072 2080 conjecturae
3102 2018 3259 2075 esse,
3280 2019 3421 2081 quie

1881 2096 2287 2177 proevaleant‚
2352 2099 2419 2155 ut
2457 2094 2776 2156 revocatio
2821 2098 3271 2174 praesumatur,
3322 2094 3422 2155 xel

1883 2207 2007 2250 nou
2036 2192 2455 2268 praesumatur
2500 2192 2718 2249 contra
2765 2187 2880 2248 has
2925 2188 3197 2266 regulaS.
3243 2187 3421 2249 Unde

1880 2282 2160 2343 inferunt
2185 2280 2387 2360 primo
2418 2279 2741 2357 doctores,
2788 2279 2840 2340 si
2885 2280 3194 2359 posterius
3233 2283 3424 2342 testa-

1881 2379 2165 2436 mentum
2186 2373 2546 2453 juramento
2575 2372 3004 2450 confirmetur,
3027 2392 3101 2435 eo
3131 2373 3265 2453 ipso
3283 2372 3422 2434 abs-

1883 2486 2004 2548 que
2033 2467 2155 2527 alio
2187 2464 2481 2545 praesumi
2525 2470 2891 2526 revocatum
2920 2465 3194 2545 primum
3223 2465 3424 2527 conti·-

1882 2578 2036 2620 nens
2055 2559 2403 2619 clausulam
2423 2557 2920 2636 derogatoriam;
2955 2558 3103 2637 quia
3124 2575 3248 2619 nou
3269 2575 3425 2637 proe·

1881 2651 2150 2714 sumitur
2174 2654 2435 2712 testator
2461 2650 2525 2710 in
2573 2648 2849 2711 secundo
2879 2654 3250 2711 testamento
3282 2668 3425 2728 per·

1875 2744 2058 2825 jurns
2103 2742 2477 2803 affirmando
2526 2760 2668 2804 cum
2707 2741 3105 2821 juramento,
3150 2761 3217 2803 se
3261 2741 3422 2802 velle

1880 2837 2091 2898 valere
2117 2840 2562 2898 testamentum
2611 2835 2762 2896 illud
2794 2835 2960 2915 quod
2993 2853 3118 2895 non
3147 2834 3416 2897 valebat.

1882 2931 1932 2992 E
1961 2935 2178 2991 contra
2206 2946 2356 2989 vero
2387 2928 2437 2988 si
2469 2928 2641 3007 prius
2669 2931 3114 2990 testamentum
3147 2927 3263 2989 fuit
3276 2946 3421 2989 cum

1873 3024 2234 3103 juramento
2263 3040 2390 3083 non
2435 3021 2639 3082 solum
2679 3020 3022 3098 assertivo,
3074 3021 3186 3082 sed
3233 3021 3422 3082 etiam

1881 3114 2310 3197 promissoriO,
2337 3118 2614 3194 utsupra
2631 3113 3010 3194 explicatum
3040 3117 3154 3192 est,
3178 3112 3422 3175 etiamsi

1883 3209 2117 3271 nullam
2170 3208 2357 3270 aliam
2414 3209 2758 3269 clausulam
2816 3206 3283 3286 derogatoriam
3326 3226 3424 3269 se-

1880 3302 2127 3383 quentis
2156 3301 2506 3363 testamenti
2540 3300 2822 3377 haberet,
2857 3318 2980 3361 non
3013 3305 3303 3362 censetur
3326 3319 3421 3362 re·

1880 3398 2174 3456 vocatum
2202 3393 2532 3475 posteriori
2561 3397 2936 3455 testamento
2967 3411 3112 3454 cum
3143 3393 3423 3473 qualibet

1881 3487 2162 3550 clausula
2206 3486 2606 3565 derogatoria
2650 3487 2815 3549 facto
2840 3532 2855 3562 ‚
2917 3485 3033 3547 nisi
3080 3486 3422 3566 juramenti

1880 3581 2113 3643 mentio
2146 3585 2207 3642 et
2235 3580 2560 3659 derogatio
2590 3579 2734 3656 fiat,
2769 3579 2914 3658 quia
2945 3598 3070 3640 non
3102 3580 3423 3659 praesumi-

1880 3678 1985 3737 tur
2029 3678 2291 3736 testator
2345 3672 2634 3752 perjurus
2654 3719 2669 3749 ,
2738 3671 2848 3732 sed
2903 3672 3171 3748 oblitus,
3231 3676 3421 3751 atque

1881 3765 2023 3828 ideo
2052 3785 2177 3828 non
2224 3765 2606 3826 sufficienter
2635 3781 2966 3825 revocasse
3008 3764 3282 3844 priorem
3308 3783 3421 3825 vo-

1881 3860 2211 3922 luntatem.

1963 3951 2245 4012 Inferunt
2270 3948 2569 4026 secundo,
2600 3952 3050 4009 testamentum
3078 3946 3311 4008 iactum
3330 3949 3423 4009 in·

1881 4049 1980 4106 ter
2001 4042 2232 4104 liberos
2263 4041 2496 4102 habere
2544 4058 2795 4119 semper
2840 4039 3030 4102 tacite
3078 4040 3421 4102 clausulam

1883 4134 2349 4215 derogatoriam
2394 4133 2832 4213 subsequentis
2875 4135 3235 4195 testamenti
3277 4135 3423 4197 facti
3474 4174 3527 4202 u..

1884 4232 2047 4291 inter
2074 4233 2402 4288 extraneos
2422 4274 2437 4303 ‚
2470 4231 2660 4306 atque
2708 4227 2849 4287 ideo
2879 4225 3110 4288 debere
3139 4228 3423 4289 revocari

1886 4339 2174 4401 expresse
2194 4367 2210 4396 ,
2244 4325 2307 4381 et
2334 4339 2458 4381 non
2488 4320 2690 4381 solum
2732 4319 3111 4398 generaliter
3140 4339 3255 4399 per
3284 4321 3426 4382 sub-

1887 4432 2157 4493 sequens
2181 4416 2662 4484 testamentum3
2698 4412 2863 4492 quod
2897 4412 2947 4472 si
2977 4417 3426 4475 testamentum

1888 4508 2052 4568 inter
2078 4506 2308 4566 liberos
2338 4507 2570 4566 facturn
2599 4505 2720 4566 fuit
2748 4523 2890 4565 cum
2941 4505 3219 4567 clausula
3250 4506 3429 4568 deru-

1889 4598 2133 4678 gatoria
2179 4598 2614 4678 subsequentis
2664 4598 3062 4674 testamenti,
3111 4603 3430 4677 oporteret

1888 4710 2187 4754 revocare
2218 4691 2369 4752 illud
2393 4739 2410 4768 ,
2445 4692 2610 4753 facta
2638 4692 2957 4753 mentione
2987 4691 3286 4753 clausula}
3316 4692 3426 4753 de-

1888 4785 2223 4864 rogator-ize
2247 4784 2473 4864 prioris
2493 4832 2509 4861 ,
2542 4785 2703 4845 sicut
2730 4803 2920 4864 supra
2951 4784 3187 4846 dictum
3217 4789 3309 4846 est
3338 4804 3433 4845 re-

1890 4878 2053 4957 quiri
2098 4877 2180 4938 ad
2236 4876 2656 4937 revocandam
2701 4877 3046 4938 clausulam
3093 4877 3431 4957 specialem

1889 4974 2207 5051 petentem
2234 4970 2618 5031 mentionem
2658 4970 3020 5049 aliquorum
3047 4970 3387 5031 verborum
3412 4989 3428 5043 ;

1893 5063 2169 5143 alioquin
2196 5062 2586 5143 subsequens
2633 5067 3077 5124 testamentum
3122 5062 3286 5123 inter
3326 5081 3436 5124 ex-

1891 5161 2145 5218 traneos
2174 5173 2296 5216 non
2326 5155 2560 5217 valebit
2601 5176 2615 5217 ε
2661 5173 2695 5215 e
2735 5159 2953 5216 contra
2994 5173 3142 5215 vero
3178 5155 3228 5216 si
3261 5156 3434 5234 prius

1892 5252 2335 5311 testamentum
2361 5251 2526 5309 esset
2570 5248 2733 5309 inter
2780 5253 3110 5309 extraneos
3152 5266 3296 5310 cum
3328 5249 3434 5310 de·

1890 5340 2217 5421 rogatione
2260 5340 2578 5420 sequentis
2619 5339 3019 5416 testamenti,
3071 5346 3436 5405 revocatum

1893 5438 2254 5495 censeretur
2280 5451 2393 5513 per
2439 5434 2748 5512 posterius
2790 5434 3028 5495 factum
3070 5433 3233 5496 inter
3274 5435 3433 5496 libe-

288 5540 386 5603 quo
454 5522 627 5583 talem
674 5522 959 5585 hoeredem
1010 5523 1272 5602 -institui,
1332 5524 1425 5584 vel
1476 5524 1633 5607 quod
1682 5524 1801 5608 feci
1897 5545 2021 5604 τοῦ,
2051 5526 2238 5587 etiam
2269 5526 2401 5586 sine
2431 5526 2681 5607 speciali
2715 5526 3121 5606 derogatione
3157 5527 3430 5610 prioris:

3570 3979 3651 4039 50

3527 4105 3700 4159 Qui-ist
3703 4104 3715 4146 i

3643 4158 3772 4201 ιίιιὶι

3524 4215 3573 4255 sin
3577 4213 3637 4254 li·
3639 4218 3718 4253 iter

3539 4267 3568 4309 li
3572 4268 3707 4309 beros.
