4263 6376
642 609 717 667 34

598 738 694 789 Qum
713 736 793 778 sint

609 790 771 832 faudes

625 844 762 887 licilae.

600 4820 679 4882 36

554 4947 681 4999 Quia,
707 4947 744 4990 si

519 5003 777 5045 adversarius

653 5061 794 5153 ⁰‚⁰'¹¹¹'⁸
843 5083 1037 5158 tebat,
1071 5097 1214 5140 eum
1232 5077 1308 5137 do
1331 5092 1541 5135 errore
1572 5090 1695 5132 non
1717 5087 1975 5131 moneas
1992 5070 2022 5129 ¹?
2051 5070 2385 5131 Affirmant

501 5061 609 5098 erret

623 5122 669 5153 se

889 247 1008 308 510

888 423 989 499 tis,
1023 425 1282 501 propter
1324 417 1695 498 impeditum
1738 416 1966 495 injuste
2006 416 2298 476 effectum
2343 434 2419 475 ex

888 515 1115 596 majori
1141 515 1246 575 illa
1274 511 1734 592 probabilitate.

970 608 1211 688 Regula
1263 606 1396 666 haec
1450 604 1802 685 applicatur
1844 602 1925 663 ad
1982 602 2193 680 plures
2236 619 2417 662 casus

886 701 1293 784 particulares
1321 699 1383 759 in
1411 699 1559 759 ludo
1602 703 2020 758 occurrentes,
2054 695 2212 756 Hinc
2250 694 2416 754 enim

885 795 1162 856 inferunt
1185 794 1311 854 DD.
1334 791 1562 865 PrimO,
1580 789 1690 868 qui
1717 787 1988 867 potiores
2020 787 2274 848 chartas
2303 785 2417 846 ha-

883 888 1077 949 hetin
1105 886 1279 963 ludo,
1312 887 1374 945 et
1401 901 1657 943 securus
1691 883 1825 960 jam
1867 885 1962 942 est
2009 881 2088 941 de
2128 880 2409 955 victoria,

881 999 1063 1062 posse
1093 979 1299 1040 adhuc
1328 995 1563 1055 augere
1594 974 2015 1053 sponsionem,
2048 978 2118 1035 ιιι
2146 974 2285 1052 plus
2310 974 2411 1033 lu-

880 1078 1107 1150 cretur,
1130 1071 1276 1151 quia
1305 1070 1441 1130 haec
1457 1074 1551 1129 est
1568 1069 1667 1128 lex
1683 1067 2034 1127 communis
2052 1067 2300 1146 utrique
2322 1066 2411 1126 lu-

881 1167 1074 1229 denti.
1109 1169 1202 1227 Ita
1230 1165 1358 1224 fere
1388 1181 1605 1223 omncs
1627 1178 1783 1240 quos
1803 1164 2148 1239 sequuntur
2170 1164 2232 1220 et
2268 1178 2413 1220 con-

879 1265 1130 1340 gerunt.
1150 1257 1382 1320 Sanch.
1402 1255 1463 1316 d.
1486 1254 1825 1315 dub.xu.n.
1848 1255 1906 1313 3.
1926 1252 2271 1332 Salasjdub.
2294 1269 2404 1313 vu.

882 1374 943 1415 n.
978 1358 1037 1415 2.
1083 1351 1229 1414 Mol.
1267 1348 1371 1410 ubi
1400 1367 1538 1426 sup.
1573 1345 1885 1420 Secundo,
1932 1345 2035 1424 qui
2083 1345 2200 1406 scit
2241 1350 2409 1407 certo

879 1468 945 1510 se
976 1446 1302 1507 inferiores
1328 1442 1578 1503 chartas
1608 1439 1842 1500 habere
1873 1444 2060 1518 atque
2089 1439 2232 1499 ideo
2275 1440 2411 1499 vin-

877 1541 1168 1614 cendum,
1204 1539 1406 1616 potest
1434 1533 1728 1594 simulare
1759 1537 1823 1592 et
1850 1550 2084 1610 augere
2126 1531 2409 1610 sponsio-

879 1653 1045 1710 nem,
1080 1637 1148 1693 ut
1173 1631 1330 1692 alter
1353 1628 1571 1690 timeat
1598 1631 1661 1687 et
1692 1629 1958 1702 recuset,
1994 1643 2067 1685 ac
2097 1625 2412 1703 relinquat

879 1727 992 1806 ipsi
1033 1724 1200 1806 quod
1248 1721 1605 1801 appositum
1645 1722 1800 1779 erat.
1851 1718 2062 1778 Tertio
2104 1717 2306 1778 sciens
2342 1736 2408 1778 se

874 1820 1164 1880 meliores
1194 1815 1443 1876 chartas
1463 1812 1714 1886 habere,
1740 1815 1944 1890 potest
1970 1815 2207 1872 metum
2225 1811 2411 1871 simu-

873 1914 1003 1974 lare
1034 1916 1095 1971 et
1121 1908 1540 1981 formidinem,
1577 1909 1644 1965 ut
1669 1902 2061 1963 adversarius
2106 1903 2409 1964 audacius

872 2009 1173 2086 provocet
1201 2007 1263 2062 et
1290 2003 1517 2078 augeat
1553 1998 1973 2074 sponsionem.
2023 1996 2253 2069 Quarto
2297 2015 2411 2074 po·-

873 2102 995 2161 test
1022 2103 1229 2158 tacere
1254 2094 1401 2153 licet
1416 2091 1626 2152 videat
1652 2089 2083 2150 adversarium
2122 2089 2406 2169 accipere

873 2192 1080 2272 plures
1110 2189 1356 2250 chartas
1386 2203 1574 2264 quam
1605 2183 1882 2257 deberet,
1908 2187 2166 2261 propter
2219 2201 2406 2262 quem

874 2300 1195 2346 excessum
1216 2280 1443 2339 debeat
1468 2280 1682 2356 postea
1711 2275 1995 2354 perdere,
2022 2274 2191 2353 quod
2212 2293 2408 2354 appo—

871 2378 1057 2438 situm
1088 2379 1198 2435 est.
1233 2375 1402 2447 Haec,
1437 2375 1499 2430 et
1525 2369 1645 2428 alia
1673 2367 1898 2428 similia
1926 2368 2123 2427 videri
2148 2374 2408 2446 possunt

872 2470 1039 2549 apud
1069 2466 1399 2547 praedictos
1428 2467 1735 2537 auctoreS,
1761 2461 1869 2541 qui
1899 2461 2078 2539 plura
2120 2462 2405 2539 exempla

871 2564 1142 2623 afferunt
1168 2579 1241 2620 ex
1273 2558 1377 2617 illa
1404 2555 1622 2634 regula
1641 2553 1916 2632 generali
1949 2553 2240 2616 deducta.

949 2658 999 2717 E
1028 2658 1243 2717 contra
1271 2648 1522 2711 fraudes
1563 2648 1791 2707 illicitae
1832 2651 2222 2725 reputantur.
2273 2648 2407 2708 Pri-

870 2767 996 2825 mo,
1031 2747 1080 2807 si
1102 2746 1239 2826 quis
1267 2742 1553 2820 designet
1581 2740 1829 2800 chartas
1876 2738 2038 2800 notis
2093 2738 2405 2818 aliquibus

682 2793 763 2891 ¹'·
870 2840 1147 2915 occultis,
1184 2841 1253 2899 ut
1286 2854 1391 2896 cas
1420 2853 1458 2894 a
1486 2838 1663 2912 tergo
1693 2831 2040 2911 dignoscat.
2084 2833 2397 2910 Secund0‚

866 2935 917 2996 si
948 2933 1128 3013 plura
1154 2931 1216 2990 in
1248 2948 1314 2989 se
1343 2931 1575 3007 puncta
1617 2930 1904 2985 numeret
1956 2926 2053 2985 vel
2103 2927 2402 3004 pauciora

865 3028 928 3087 in
958 3023 1339 3086 adversario.
1385 3019 1616 3095 Tertio,
1659 3018 1711 3077 si
1758 3017 2028 3096 primum
2073 3018 2282 3079 locum
2326 3039 2401 3079 ex

861 3101 1169 3181 industria
1197 3117 1613 3196 praeoccupet,
1646 3110 1897 3192 quando
1929 3129 2051 3171 non
2081 3112 2164 3171 ad
2191 3131 2257 3173 se
2288 3112 2399 3174 sod

864 3213 944 3275 ad
975 3209 1404 3273 adversarium
1452 3206 1773 3281 attinebat,
1827 3209 1890 3266 et
1927 3206 2193 3266 multum
2241 3225 2396 3268 con-

861 3308 982 3368 fert
1010 3304 1088 3365 ad
1130 3302 1261 3363 ludi
1304 3305 1618 3361 eventum.
1668 3300 1921 3374 Quarta,
1974 3298 2025 3357 si
2070 3298 2400 3362 defraudet

860 3396 1248 3460 numerando
1277 3392 1606 3474 pecuniam
1637 3389 1930 3450 amissam
1982 3396 2046 3452 et
2089 3391 2387 3454 debitam.

859 3494 1107 3568 QuintO,
1142 3489 1192 3549 si
1221 3494 1353 3549 arte
1383 3489 1719 3563 componat
1747 3483 1994 3544 chartas
2025 3488 2093 3544 ut
2134 3503 2256 3545 non
2289 3504 2394 3546 ca-

857 3588 929 3647 sii
976 3583 1087 3645 sed
1135 3601 1210 3642 ex
1257 3584 1426 3642 certa
1468 3577 1872 3655 dispositione
1929 3578 2218 3638 meliores
2274 3579 2392 3640 sibi

855 3678 1241 3757 contingant.
1268 3674 1516 3747 Quint0,
1549 3670 1599 3729 si
1651 3670 1801 3731 dicit
1842 3674 1905 3731 et
1946 3670 2126 3750 fingit
2172 3690 2238 3731 se
2286 3672 2393 3732 ha-

852 3774 1025 3849 bere,
1060 3771 1308 3833 chartas
1339 3782 1494 3847 quas
1523 3782 1647 3825 non
1682 3763 1890 3836 habet,
1925 3768 1986 3825 et
2027 3763 2388 3826 adversario

855 3866 1148 3928 credente
1179 3868 1241 3925 ct
1269 3880 1394 3922 non
1424 3860 1705 3934 curante.
1748 3875 1863 3917 sua
1898 3858 2148 3918 fictione
2185 3858 2393 3919 lucra-

852 3964 976 4022 tur.
1011 3960 1219 4032 Sext0,
1254 3956 1306 4016 si
1332 3953 1413 4015 ab
1444 3951 1650 4030 aliquo
1696 3966 1770 4010 ex
1816 3950 2385 4029 circumstantibuS,

854 4058 917 4115 et
942 4049 1386 4131 aspicientibus
1410 4045 1691 4107 notitiam
1721 4062 1835 4122 per
1854 4044 2032 4123 signa
2060 4045 2287 4125 accipit
2312 4046 2389 4106 de

852 4145 1084 4208 chartis
1138 4140 1522 4212 adversarii3
1569 4140 1639 4198 ut
1692 4137 1850 4198 scire
1897 4137 2092 4216 possit
2137 4139 2386 4217 quando

850 4242 1177 4316 acceptare
1206 4235 1303 4297 vel
1348 4250 1639 4293 recusare
1687 4230 1914 4291 debeat
1954 4230 2388 4293 adversarium

851 4337 1183 4412 augentem
1213 4327 1613 4408 sponsionem
1647 4344 1660 4385 :
1695 4340 1819 4403 quo
1849 4341 1995 4383 casu
2040 4324 2141 4384 ille
2198 4325 2387 4386 etiam

850 4425 954 4507 qui
986 4425 1303 4498 admonet,
1337 4422 1559 4500 peccat
1587 4420 1806 4478 contra
1845 4416 2154 4497 justitiam
2204 4423 2265 4479 et
2299 4422 2386 4479 te-

848 4523 1033 4580 netur
1059 4516 1139 4577 ad
1156 4513 1632 4577 restitutionem.
1669 4513 1837 4586 Haec,
1890 4514 1953 4570 et
1995 4510 2118 4570 alia
2161 4510 2386 4571 similia

845 4612 1126 4674 invenies
1155 4607 1322 4687 apud
1351 4604 1682 4685 praedictos
1710 4608 2017 4664 auctoreS.

926 4705 1263 4767 Dubitatur
1290 4701 1367 4761 de
1398 4698 1734 4778 aliquibuS.

930 4799 1160 4873 Prim0,
1194 4815 1273 4855 an
1304 4794 1383 4855 sit
1410 4796 1627 4853 contra
1648 4789 1955 4871 justitiam
1994 4788 2044 4848 si
2091 4789 2383 4852 adversa·

847 4895 938 4956 rio
969 4895 1216 4954 errante
1248 4891 1467 4949 contra
1493 4904 1557 4946 se
1589 4884 1652 4943 in
1684 4883 2089 4943 numerandis
2109 4883 2376 4962 punctiS,

845 4989 944 5050 vel
972 4988 1036 5047 in
1066 4981 1430 5062 accipiendo
1452 4978 1653 5058 primo
1681 4978 1820 5038 loco
1852 4977 1959 5056 qui
1988 4976 2103 5036 sibi
2135 4994 2383 5055 compe-

839 5179 1100 5238 Navarr.
1163 5170 1324 5233 Lud.
1389 5170 1615 5246 Lopez,
1651 5169 1713 5225 et
1764 5163 1865 5224 alii
1919 5162 2086 5240 apud
2146 5162 2374 5224 Sanch.

839 5271 989 5332 dub.
1046 5284 1174 5328 ΧΠ.
1226 5263 1452 5344 quibus
1518 5258 1866 5320 consentire
1904 5256 2156 5317 videtur
2217 5258 2382 5317 Azor

836 5368 923 5426 to,
958 5363 1060 5424 111.
1082 5360 1194 5421 lib.
1214 5378 1275 5419 v.
1298 5376 1353 5419 c.
1378 5370 1523 5417 xxv.
1549 5374 1610 5434 q.
1635 5356 1694 5414 2.
1715 5350 1947 5414 Molina
1964 5349 2026 5410 d.
2052 5350 2212 5430 disp.
2233 5353 2372 5412 517.

837 5456 1025 5539 paulo
1056 5456 1200 5515 ante
1230 5452 1442 5512 finem.
1478 5446 1715 5509 Rebell.
1748 5445 1857 5506 lib.
1906 5459 2017 5505 xn.
2054 5462 2115 5522 q.
2165 5446 2221 5506 3.
2271 5444 2374 5523 qui

2006 241 2109 300 DE
2152 240 2505 301 JUSTI'PIA
2549 240 2652 300 ΕΤ
2693 240 2891 301 ,mum

2518 415 2714 490 addit,
2769 416 2886 476 nisi
2943 416 3102 476 sorte
3156 417 3256 477 lex
3297 417 3428 478 ludi
3475 419 3703 479 alicubi
3743 421 3814 481 sit
3852 429 3904 483 ut
3934 426 3976 483 id

2518 512 2745 570 noceat
2770 527 2896 569 non
2926 510 3292 571 attendenti.
3329 512 3502 572 Hanc
3529 517 3740 573 tamen
3780 515 3888 576 ludi
3917 517 3980 577 le·

2517 620 2662 680 gem
2691 619 2849 678 esse,
2883 607 2951 664 ιιι
2979 621 3155 664 error
3193 604 3482 683 proprius
3527 613 3750 666 noceat
3785 612 3974 685 erranti,

2517 695 2668 754 dum
2697 696 2885 756 modo
2908 695 3066 757 alter
3094 697 3358 776 positive
3389 716 3509 758 non
3535 698 3820 779 decipiat,
3843 702 3978 764 docet

2516 787 2797 866 Alcozer,
2833 808 3020 868 quem
3049 790 3333 870 sequitur
3359 792 3593 853 Sanch.
3628 793 3691 854 d.
3724 793 3854 855 dub.
3888 812 3978 856 m.

2511 883 2764 942 Certum
2793 888 2889 945 est
2906 887 3113 944 autem
3131 884 3609 946 circumstantes
3639 887 3742 965 qui
3767 906 3982 948 errorem

2511 973 2868 1053 advertunt,
2903 994 3025 1036 non
3055 977 3256 1037 teneri
3284 995 3360 1036 ex
3393 976 3639 1056 justitia
3685 979 3978 1054 admonere,

2514 1067 2630 1127 nisi
2660 1086 2735 1128 ca
2765 1087 2916 1129 cura
2944 1070 3031 1129 eis
3062 1070 3442 1130 demandata
3482 1072 3606 1132 sit:
3653 1072 3774 1133 imo
3815 1091 3982 1151 pecea-

2512 1166 2652 1222 rent
2693 1166 2911 1223 contra
2949 1161 3259 1241 justitiam
3323 1162 3748 1241 admonendo,
3800 1168 3982 1245 quoties

2512 1253 2908 1315 adversarius
2925 1273 3050 1315 non
3067 1259 3313 1316 tenetur
3333 1274 3407 1315 ex
3421 1255 3671 1335 justitia
3686 1257 3980 1321 admonere.

2509 1347 2828 1408 Consentit
2870 1347 3059 1408 etiam
3111 1350 3280 1408 Lesa.
3335 1368 3397 1409 n.
3462 1352 3560 1409 15.
3621 1350 3982 1411 adversarium

2510 1457 2632 1500 non
2662 1440 2891 1500 debere
2935 1441 3295 1518 admonere,
3329 1442 3437 1503 ubi
3483 1442 3551 1502 id
3599 1446 3980 1506 consuetudine

2508 1538 2829 1611 receptum
2859 1537 2974 1595 est.

2589 1627 2878 1687 Secundo
2902 1626 3244 1704 dubitatur,
3277 1646 3359 1688 an
3379 1632 3605 1706 peccet
3628 1649 3861 1709 semper
3879 1651 3981 1692 con-
4062 1643 4104 1701 π

2508 1722 2604 1780 tra
2639 1718 2949 1798 justitiam
3001 1721 3110 1799 qui
3153 1721 3326 1782 videt
3370 1722 3721 1783 adversarii
3752 1725 3985 1786 chartas?
4045 1779 4050 1788 .

2511 1813 2945 1891 Respondetur
2968 1860 2983 1891 ,
3029 1814 3083 1874 si
3111 1832 3262 1875 casu
3309 1819 3373 1875 et
3399 1834 3475 1875 ex
3515 1817 3881 1895 negligentia
3900 1820 3979 1879 ad-

2506 1905 2763 1966 versarii
2811 1924 2919 1966 eas
2947 1906 3195 1983 videat,
3256 1925 3382 1966 non
3418 1926 3728 1986 peccare;
3783 1910 3837 1970 id
3863 1913 3982 1972 enim
4013 1885 4050 1916 Ἡ

2507 1998 2624 2060 sibi
2655 1999 2924 2077 imputet
2950 1999 3060 2078 qui
3087 2018 3210 2060 non
3241 1999 3585 2079 diligenter
3613 2004 3882 2065 occultat.
3909 2006 3983 2065 Se-

2508 2112 2618 2153 cus
2646 2093 2699 2152 si
2728 2111 2804 2152 ex
2823 2092 3134 2154 industria
3159 2093 3249 2154 ita
3270 2112 3338 2154 se
3360 2097 3715 2173 componit,
3745 2098 3986 2159 utvidere

2508 2203 2613 2245 eas
2641 2186 2855 2264 possit.
2918 2188 3011 2246 lta
3056 2204 3201 2246 cum
3244 2186 3383 2247 aliis
3412 2188 3706 2250 Sanchez
3747 2190 3876 2251 dub.
3900 2207 3980 2251 ιιι.

2509 2298 2681 2340 num.
2714 2284 2772 2341 9.
2821 2279 2988 2338 idem
3033 2280 3163 2339 fere
3192 2283 3289 2342 est
3315 2281 3396 2340 de
3425 2299 3499 2342 eo
3532 2282 3643 2361 qui
3676 2283 3988 2345 chartas-di-

2505 2371 2751 2451 gnoscit
2797 2390 2834 2431 a
2861 2376 3079 2450 tergo,
3137 2372 3387 2451 quando
3445 2391 3568 2434 nec
3615 2393 3726 2436 eas
3752 2376 3984 2456 signavit,

2506 2483 2622 2524 nec
2650 2469 2904 2544 propter
2927 2483 3143 2541 usum,
3190 2483 3314 2543 quo
3346 2466 3584 2544 saepius
3613 2468 3831 2530 iisdem
3853 2470 3991 2531 chas-

2505 2558 2582 2618 tis
2610 2558 2758 2618 lusit
2784 2575 2928 2618 cum
2957 2556 3092 2616 aliis
3118 2602 3134 2633 ,
3185 2575 3292 2617 eas
3320 2557 3502 2617 facile
3539 2558 3682 2638 jam
3712 2561 3986 2640 dignoscit.

2506 2650 2767 2722 Quando
2815 2651 2980 2708 enim
3029 2655 3291 2728 uterque
3340 2668 3522 2730 aeque
3562 2655 3769 2731 potuit
3793 2657 3992 2716 chartas

2504 2743 2902 2821 dignoscere,
2954 2742 3100 2804 licet
3141 2741 3299 2803 alter
3326 2742 3698 2822 diligentius
3726 2749 3888 2826 signa
3908 2749 3990 2808 ali-

2504 2855 2630 2916 qua
2658 2835 3118 2912 observaverit,
3162 2834 3283 2896 hoc
3319 2835 3456 2914 ejus
3497 2837 3826 2901 industria!
3851 2847 3903 2902 et
3925 2847 3992 2902 at-

2501 2929 2764 2992 tentioni
2793 2929 3224 3007 deputandum
3254 2933 3350 2990 est
3381 2949 3395 2991 :
3451 2931 3574 2991 nisi
3622 2932 3786 2996 forte
3824 2954 3889 2995 ea
3909 2954 3989 3013 pe-

2498 3022 2642 3083 ritia
2675 3021 3085 3100 dignoscendi
3129 3022 3312 3082 facile
3357 3022 3614 3085 chartas
3642 3028 3862 3089 reddat
3881 3029 3991 3088 inae-

2500 3115 2718 3195 quales
2747 3113 3107 3175 notabiliter
3151 3114 3214 3173 in
3243 3114 3390 3176 ludo
3417 3115 3603 3196 juxta
3629 3119 3889 3179 dicenda
3908 3140 3989 3200 po-

2498 3213 2632 3270 stea
2657 3209 2722 3267 in
2754 3212 2977 3287 quarta
3005 3207 3381 3270 conditione.
3418 3210 3732 3273 Videatur
3757 3214 3990 3275 Sanctia

2497 3302 2601 3362 ubi
2633 3320 2769 3379 sup.
2802 3321 2863 3363 n.
2901 3304 2995 3362 10.

2573 3395 2910 3455 Dubitatur
2936 3394 3122 3456 tertio
3147 3441 3162 3472 ,
3215 3414 3296 3455 an
3327 3398 3585 3476 quando
3633 3401 3790 3462 socii
3817 3410 3990 3463 eontra

2493 3489 2695 3551 socios
2739 3488 3003 3563 ludunt,
3055 3488 3252 3566 possit
3295 3490 3504 3551 socius
3549 3493 3883 3554 admonere
3913 3514 3990 3553 so-

2492 3583 2653 3644 cium
2704 3581 2783 3641 de
2831 3581 3062 3642 chartis
3092 3582 3218 3642 suis
3242 3629 3257 3659 ,
3317 3588 3387 3645 ut
3431 3584 3592 3647 sciat
3617 3588 3918 3666 quomodo
3941 3606 3988 3647 se

2490 3694 2706 3755 gerere
2738 3674 3005 3736 debeat?
3059 3677 3244 3754 Resp.
3297 3675 3362 3735 in
3417 3676 3538 3737 hoc
3569 3680 3860 3740 standum
3885 3698 3988 3739 esse
4049 3720 4072 3741 .-

2489 3768 2621 3829 ludi
2665 3767 2828 3827 illius
2876 3767 3294 3845 peculiaribus
3340 3768 3635 3847 legibus:
3692 3772 3990 3853 aliquande

2491 3861 2658 3921 enim
2687 3860 2780 3920 fas
2810 3865 2934 3936 est,
2967 3860 3306 3941 aliquando
3338 3880 3466 3922 non
3497 3870 3590 3924 est
3623 3886 3636 3924 τ
3692 3866 3991 3945 aliquanda

2489 3958 2751 4033 possunt
2778 3972 2844 4013 se
2874 3953 3067 4031 signis
3095 3953 3444 4016 manifestis
3466 3956 3721 4033 juvare,
3755 3958 3994 4038 aliqnan—

2489 4047 2569 4108 do
2623 4047 2880 4107 occultis
2903 4092 2918 4121 ,
2994 4046 3332 4126 aliquando
3388 4050 3649 4110 neutris.
3731 4052 3996 4113 Videatur

2490 4139 2718 4202 Sanch.
2755 4138 2841 4198 ibi
2873 4157 2934 4198 n.
2972 4140 3067 4199 11.

2567 4231 2899 4292 Dubitatur
2928 4235 3173 4309 quarm,
3208 4251 3289 4292 an
3319 4233 3371 4294 si
3401 4234 3573 4297 bona
3598 4235 3729 4297 fide
3757 4238 3995 4316 primum

2485 4325 2694 4386 locum
2755 4324 3077 4401 occupasti
3123 4325 3227 4404 qui
3294 4326 3658 4389 adversario
3709 4336 3990 4408 compete

2486 4418 2614 4494 bat,
2654 4418 2866 4496 vulgo,
2900 4415 2958 4476 la
2990 4437 3194 4492 manc,
3242 4419 3544 4498 oblige1is
3573 4422 3650 4481 ad
3683 4424 3998 4484 restimtio—

2486 4529 2630 4571 nem
2657 4510 2815 4569 lucri
2837 4556 2852 4586 ,
2906 4509 3075 4588 quod
3104 4528 3179 4569 ea
3206 4510 3285 4570 de
3314 4530 3510 4573 causa
3538 4514 3862 4575 habuisti?
3895 4516 3994 4574 Ne-

2483 4607 2592 4683 gat
2622 4603 2797 4665 Salas
2827 4603 2977 4663 dub.
3013 4620 3124 4665 vu.
3157 4622 3332 4665 num.
3364 4608 3427 4666 5.
3464 4624 3603 4667 cum
3623 4608 3889 4669 Rebello
3913 4608 3998 4667 uhi

2483 4714 2711 4776 supra,
2764 4696 2911 4775 quia
2959 4714 3133 4756 error
3174 4696 3290 4758 iste
3336 4701 3517 4777 quasi
3547 4717 3656 4778 per
3689 4701 3867 4778 leges
3891 4698 3998 4759 ludi

2483 4794 2545 4851 et
2574 4789 3090 4851 consuetudinem
3120 4790 3444 4866 toleratur,
3479 4793 3827 4855 dummodo
3855 4794 4000 4854 mafi-

2481 4901 2602 4961 gne
2633 4901 2755 4943 non
2786 4883 2915 4943 fiat.

2561 4979 2738 5037 Nunc
2767 4976 2932 5036 circa
2963 4976 3412 5056 obligationem
3440 4978 3856 5040 restitutionis
3883 4998 3996 5057 pra-

2481 5074 2621 5151 pter
2649 5069 2761 5129 has
2792 5069 3065 5145 fraudes,
3102 5069 3332 5149 duplex
3361 5071 3625 5132 occurrit
3653 5072 3942 5132 dubium.
4029 5122 4048 5157 ἃ

2562 5163 2837 5223 Primum
2868 5167 2982 5238 est,
3017 5181 3095 5221 an
3125 5163 3175 5221 si
3195 5166 3584 5225 tantumdem
3605 5165 3848 5242 perdas
3874 5184 3994 5227 cum
4029 5178 4104 5211 θ’

2480 5275 2576 5333 eo,
2603 5255 2697 5316 cui
2723 5255 2801 5316 ob
2822 5255 3072 5315 fraudes
3093 5255 3367 5317 debebas
3385 5261 3624 5319 centum
3648 5259 3988 5331 restituere,

2478 5349 2677 5429 possis
2708 5367 3112 5428 compensare
3142 5353 3206 5410 et
3229 5349 3484 5411 liberari
3511 5352 3586 5411 ab
3601 5350 3739 5413 alia
3769 5354 3992 5413 restite-
4059 5400 4086 5420 ,,

2477 5441 2689 5505 tione?
2715 5443 2966 5503 Certum
2997 5447 3128 5515 est,
3179 5443 3233 5503 si
3261 5462 3404 5504 cum
3435 5444 3552 5506 alio
3581 5444 3842 5507 diverso
3868 5465 3989 5524 per·
