4263 6376
815 352 934 412 668

815 525 937 586 lius
974 531 1331 590 contractus
1359 529 1567 607 potest
1593 526 1681 589 ibi
1711 526 2071 604 conveniri,
2121 526 2354 606 poterit

817 620 1007 681 etiam
1039 621 1301 701 obligari
1334 620 1414 681 ad
1443 619 1810 682 solvendam
1838 620 2153 699 gabellam
2178 619 2354 681 debi-

816 715 946 774 tam
975 731 1050 773 ex
1077 714 1182 774 illo
1215 717 1562 775 contractu.
1596 713 1890 794 Alioquin
1908 731 2023 774 nec
2051 713 2356 775 deberent

816 806 1057 866 solvere
1085 805 1353 886 vectigal
1386 805 1603 866 famuli
1631 806 1730 866 vel
1758 806 2064 866 muliones
2087 851 2103 881 ,
2152 804 2259 884 qui
2288 804 2353 865 in

817 897 1180 976 Hispaniam
1224 901 1478 978 portant
1531 916 1772 959 merces
1829 897 1985 958 Galli
2039 898 2353 960 manentis

815 990 878 1050 in
911 990 1106 1051 Gallia
1130 1038 1146 1068 ,
1182 992 1328 1070 quia
1375 991 1494 1071 ipsi
1538 1010 1662 1052 non
1690 994 1945 1071 portant
1969 1009 2211 1051 merces
2239 1008 2352 1051 suo

816 1083 1091 1161 nomine,
1123 1102 1242 1145 nec
1267 1084 1519 1146 solvunt
1545 1102 1692 1144 vere
1720 1083 2030 1163 gabellam
2052 1130 2067 1160 ‚
2100 1083 2211 1144 sed
2241 1083 2356 1144 do-

813 1177 1020 1236 minus
1061 1177 1366 1238 mercium
1401 1177 1507 1257 qui
1558 1195 1682 1237 non
1731 1179 1825 1238 est
1869 1177 2178 1238 subditus.
2228 1176 2353 1238 Sed

816 1273 1027 1329 tamen
1060 1269 1269 1349 quoad
1298 1270 1474 1330 illum
1503 1274 1713 1332 actum
1743 1273 1839 1332 est
1863 1269 2173 1347 subdituS,
2207 1270 2356 1349 quia

817 1361 925 1441 qui
952 1379 1066 1440 per
1091 1363 1286 1422 alium
1312 1362 1503 1424 mittit
1528 1380 1770 1423 merces
1795 1408 1811 1439 ,
1862 1362 2073 1424 subdit
2099 1382 2166 1423 se
2194 1363 2351 1441 legi-

816 1452 935 1515 bus
962 1453 1086 1515 loci
1114 1454 1193 1514 ad
1226 1474 1412 1535 quem
1442 1473 1548 1516 eas
1575 1454 1786 1517 mittit.

572 1552 688 1611 176
899 1546 1105 1609 Infero
1134 1549 1341 1625 terti0,
1377 1548 1526 1627 quid
1555 1548 1892 1609 dicendum
1928 1548 2047 1625 sit,
2101 1546 2352 1627 quando

524 1676 644 1728 Qum,
677 1676 713 1719 ,ᾗ
818 1643 1174 1701 contractus
1227 1641 1298 1701 fit
1326 1660 1440 1719 per
1466 1641 1704 1703 litteras
1758 1641 1905 1702 hinc
1950 1640 2095 1701 inde
2147 1640 2349 1718 dataS,

471 1731 767 1838 &mg
815 1735 1005 1812 prout
1021 1731 1361 1812 aliquando
1378 1733 1513 1794 fleri
1529 1751 1713 1812 posse
1733 1733 2003 1794 diximus
2027 1733 2348 1812 disp.xxn.

815 1824 888 1885 de
913 1825 1296 1885 contractibus
1345 1826 1406 1886 in
1428 1827 1744 1904 communi,
1795 1827 2070 1888 sectione
2100 1842 2194 1887 111.
2230 1845 2353 1906 quo

816 1936 966 1980 casu
998 1921 1255 1979 Lasarte
1301 1919 1472 1999 apud
1517 1919 1814 1981 Molinam
1844 1919 1906 1980 d.
1943 1938 2048 1979 nu.
2081 1923 2143 1980 4.
2178 1919 2348 1997 dicit,

814 2011 1026 2072 deberi
1056 2010 1371 2090 gabellam
1399 2013 1465 2072 in
1490 2012 1631 2074 loco
1675 2012 1781 2072 ubi
1838 2012 2152 2074 secundus
2196 2030 2351 2073 con-

813 2104 1071 2166 trahens
1115 2105 1389 2182 acceptis
1429 2104 1651 2166 litteris
1701 2105 1957 2166 alterius
2014 2105 2347 2167 consentit.

814 2198 953 2276 lpse
981 2201 1191 2257 tamen
1220 2197 1453 2258 Molina
1482 2197 1559 2258 de
1591 2197 1710 2259 hoc
1739 2197 2016 2276 dubitat,
2052 2199 2201 2278 quia
2228 2217 2353 2259 non

817 2290 1135 2368 perficitur
1161 2289 1463 2368 venditi0,
1488 2290 1689 2351 donec
1705 2309 2045 2352 consensus
2068 2292 2349 2369 secundi,

817 2386 880 2443 et
934 2383 1068 2460 ejus
1110 2383 1392 2462 acceptio
1429 2384 1639 2445 veniat
1666 2383 1745 2444 ad
1806 2384 2090 2445 notitiam
2143 2384 2349 2464 primi.

817 2476 948 2535 Hoc
978 2478 1188 2536 tamen
1216 2478 1417 2536 totum
1445 2476 1680 2555 pendet
1706 2495 1781 2537 ex
1809 2476 1884 2537 iis
1915 2495 2053 2556 quae
2085 2477 2355 2538 diximus

816 2566 1120 2646 praedIcto
1166 2568 1304 2629 loco
1347 2568 1456 2629 ubi
1497 2569 1945 2647 explicuimus,
1998 2570 2249 2650 quando
2293 2573 2356 2631 et

819 2659 1135 2739 quomodo
1165 2660 1522 2740 requiratur
1541 2662 1762 2723 notitia
1786 2662 1952 2723 illius
1980 2663 2356 2742 acceptatio-

819 2751 936 2828 niS,
962 2755 1031 2813 ut
1059 2755 1416 2814 contractus
1445 2753 1850 2836 sitperfectus
1879 2759 1942 2816 et
1970 2760 2191 2817 neuter
2219 2773 2358 2834 pos-

818 2844 897 2906 sit
923 2844 1218 2906 recedere
1270 2864 1284 2906 ε
1330 2843 1509 2925 juxta
1539 2864 1730 2925 quam
1766 2847 2117 2909 doctrinam
2147 2848 2355 2910 dicen-

822 2937 973 2999 dum
1003 2941 1459 3017 consequenter
1486 2943 1608 3015 est,
1654 2938 1741 2998 ibi
1771 2939 1985 3001 deberi
2015 2941 2351 3019 gabellam,

821 3029 927 3090 ubi
963 3028 1182 3092 ultimo
1222 3030 1545 3109 perficitur
1573 3036 1962 3110 contractus,
2015 3036 2123 3114 qui
2171 3038 2357 3096 antea

824 3121 1105 3182 nondum
1136 3126 1274 3183 erat
1301 3124 1612 3201 perfectus
1641 3127 1706 3185 et
1731 3124 2176 3190 irrevocabilis,

577 3234 690 3293 177
904 3215 1110 3276 Infero
1154 3221 1398 3295 quarto,
1444 3234 1626 3295 posse
1651 3219 2113 3298 contrahenteS,
2150 3221 2200 3281 si
2230 3239 2355 3283 non

530 3359 650 3412 Quid,
686 3358 723 3402 ,ἱ
824 3306 905 3369 sit
933 3307 1144 3387 aliqua
1168 3308 1268 3368 lex
1295 3309 1691 3389 municipalis
1712 3312 2026 3373 contraria
2053 3313 2134 3374 ad
2157 3314 2355 3375 vitan-

477 3419 622 3456 exeant
664 3425 776 3456 con-
826 3400 971 3460 dam
999 3401 1316 3480 gabellam
1343 3403 1697 3482 appositam
1726 3407 2103 3484 contractui,
2151 3413 2356 3469 trans-

476 3467 774 3563 iiissssmsswss
824 3494 988 3554 ferre
1043 3513 1111 3555 se
1141 3494 1220 3554 ad
1271 3495 1462 3556 alium
1504 3496 1714 3558 locum
1753 3498 2096 3559 immunem
2141 3501 2219 3562 ab
2250 3501 2354 3562 illa

478 3573 772 3681 '‘fflffissfn
823 3587 1092 3667 gabella,
1126 3589 1291 3650 etibi
1315 3593 1706 3652 contractum
1726 3592 2064 3670 celebrare,
2099 3596 2353 3675 quando

824 3680 991 3741 bona
1022 3699 1146 3743 non
1175 3689 1506 3745 remanent
1547 3685 1902 3747 necessario
1942 3688 2252 3751 tradenda
2291 3690 2354 3749 in

823 3773 961 3834 loco
989 3774 1097 3836 ubi
1124 3775 1374 3855 gabella
1393 3777 1681 3856 exigitur,
1717 3777 1803 3838 ita
1832 3779 2015 3840 docet
2036 3782 2355 3843 Bertachi·

823 3885 943 3927 nus
971 3867 1034 3927 in
1063 3868 1432 3931 dictionario
1455 3917 1470 3947 ‚
1502 3871 1695 3932 verbo
1716 3917 1731 3947 ,
1762 3871 1992 3952 qabella
2011 3920 2026 3950 ,
2086 3874 2184 3934 his
2214 3894 2356 3936 ver-

821 3958 921 4020 bis
954 3980 968 4020 :
1030 3981 1059 4018 «
1086 3961 1365 4041 gabellas
1393 3961 1590 4024 vitare
1621 3965 1899 4026 volentes
1928 3965 1990 4026 in
2022 3967 2157 4028 loco
2182 4014 2198 4045 ,
2248 3968 2355 4030 ubi

825 4053 1084 4133 degunt,
1118 4059 1344 4117 exeant
1372 4056 1727 4120 districtum
1754 4058 1876 4119 loci
1901 4059 2064 4120 illius
2094 4061 2175 4121 ad
2206 4080 2356 4123 con-

824 4147 1203 4209 trahendum
1231 4148 1379 4209 alibi
1408 4196 1424 4226 ,
1478 4149 1624 4229 quia
1663 4150 2007 4212 sortiuntur
2034 4153 2121 4214 ibi
2150 4154 2354 4215 forum

826 4241 1068 4302 ratione
1097 4246 1475 4304 contractus,
1507 4265 1535 4302 »
1586 4243 1758 4305 Idem
1790 4245 2019 4308 docent
2063 4247 2168 4307 alii
2199 4266 2355 4327 quos

813 4333 1110 4413 sequitur
1157 4334 1438 4396 Sanchez
1485 4334 1547 4397 d.
1609 4354 1748 4414 cap.
1800 4338 1903 4400 IV.
1964 4338 2165 4401 dubit.
2204 4356 2350 4401 xm.

828 4444 890 4487 n.
925 4428 985 4488 3.

906 4519 1111 4581 Infero
1141 4519 1381 4599 quint0‚
1417 4539 1621 4602 neque
1648 4541 1784 4583 esse
1811 4524 2100 4585 illicitum
2131 4526 2233 4586 vel
2262 4526 2359 4586 in-

506 4657 611 4710 Quffi
671 4658 682 4669 .
826 4610 1063 4692 justum
1088 4658 1103 4689 ,
1147 4613 1198 4673 si
1228 4614 1669 4677 contrahentes
1694 4621 1881 4678 antea
1910 4618 2358 4681 conventiones

756 4732 777 4745 ·
829 4706 1112 4767 facerent
1138 4725 1281 4767 cum
1315 4707 1682 4786 gabellario,
1717 4715 1787 4772 ut
1817 4710 2097 4773 remittat
2114 4716 2359 4790 partem

827 4798 1091 4879 gabellae
1120 4799 1384 4878 debitae,
1445 4806 1515 4863 ut
1541 4805 1931 4864 contractum
1974 4803 2060 4864 ibi
2097 4805 2354 4883 iaciant,

827 4910 971 4954 cum
999 4892 1240 4972 possint
1293 4893 1383 4953 ire
1424 4895 1504 4955 ad
1550 4895 1743 4955 alium
1793 4896 2036 4973 locum,
2097 4901 2161 4957 et
2208 4898 2359 4959 dare

826 4986 978 5046 illud
1006 4986 1250 5046 lucrum
1281 4987 1622 5065 gabellario
1652 4988 1794 5050 loci.
1828 4991 1921 5050 Ita
1953 4992 2240 5069 vasquez
2269 4990 2358 5051 di-

827 5083 927 5140 cto
956 5079 1014 5157 ἓ.
1047 5079 1123 5140 11.
1158 5078 1310 5139 dub.
1348 5096 1432 5142 1x.
1469 5084 1531 5142 et
1559 5099 1702 5141 cum
1734 5081 1871 5141 aliis
1898 5082 2244 5143 Turrianus
2269 5083 2358 5143 di-

827 5175 1058 5251 sputat.
1093 5173 1277 5236 XLV.
1310 5172 1459 5234 dub.
1495 5189 1632 5234 vm.
1669 5193 1840 5236 num.
1869 5177 1963 5236 14.
1996 5177 2122 5236 Nec
2155 5176 2360 5238 obstat

826 5265 997 5344 quod
1026 5265 1407 5327 contrahens
1435 5265 1664 5328 debeat
1689 5286 1761 5327 ex
1791 5268 1930 5346 lege
1962 5269 2202 5329 solvere
2223 5273 2358 5330 tan·

824 5361 956 5417 tum
980 5375 1092 5436 pro
1113 5357 1390 5435 gabella;
1426 5377 1619 5437 quare
1649 5378 1772 5420 non
1801 5360 2049 5422 videtur
2069 5379 2250 5440 posse
2279 5361 2357 5423 de

826 5450 932 5511 illo
961 5449 1318 5512 detrahere.
1352 5453 1511 5511 Nam
1532 5452 1762 5513 omissa
1782 5453 2186 5534 responsione
2206 5457 2358 5516 Tur-

826 5541 1011 5620 riani,
1044 5542 1210 5621 dico,
1243 5544 1685 5608 contrahentes
1705 5546 1935 5609 debere
1967 5567 2040 5608 ex
2069 5548 2208 5628 lege
2238 5549 2356 5610 sol·

1969 352 2071 411 DE
2110 351 2465 413 JUSTITJA
2516 352 2616 412 ΕΤ
2657 352 2856 413 JURE

2450 545 2597 590 vere
2627 527 2799 591 illam
2827 548 3140 592 summam
3167 533 3308 612 Iege
3336 534 3766 613 praescriptam
3790 582 3809 613 ,
3871 535 3998 595 nisi

2452 640 2559 682 rex
2589 623 2689 683 vel
2719 623 2825 703 qui
2857 624 2992 705 ejus
3022 624 3220 686 habet
3248 626 3687 689 auctoritatem
3706 675 3722 705 ,
3782 630 3848 689 in
3889 633 3999 690 to-

2452 716 2587 774 tum
2616 716 2712 776 vel
2741 716 2805 775 in
2833 721 3080 796 partem
3108 717 3388 781 remittat
3415 739 3429 778 :
3475 720 3861 799 gabellarius
3892 740 4003 782 er-

2451 824 2533 886 go
2581 807 2759 887 cujus
2789 808 3050 871 interest
3094 814 3157 870 et
3198 810 3304 890 qui
3352 816 3724 890 potestatem
3772 814 3999 890 habet,

2450 900 2710 962 remittit
2730 905 2994 979 partem,
3021 908 3085 963 et
3101 902 3223 964 hoc
3237 910 3496 983 propter
3514 925 3697 967 suurn
3715 907 3999 984 lucrum,

2452 1010 2641 1072 quam
2668 994 3102 1055 remissionem
3128 996 3296 1057 licite
3328 1001 3657 1077 acceptare
3687 1004 3751 1061 et
3770 1018 4005 1078 procu·

2451 1103 2591 1145 rare
2620 1089 2827 1163 potest
2853 1087 3229 1149 contrahens
3255 1136 3270 1166 ‚
3333 1089 3481 1170 quia
3530 1090 3663 1170 ipse
3711 1096 3860 1153 ante
3908 1092 4003 1152 fa·

2452 1181 2622 1238 ctum
2653 1183 3045 1241 contractum
3066 1180 3218 1241 nulli
3250 1180 3437 1243 debet
3455 1183 3807 1261 gabellam:
3840 1203 4002 1264 qua-

2451 1288 2518 1331 re
2549 1288 2673 1331 non
2705 1276 2799 1333 est
2818 1272 2981 1334 sicut
3000 1272 3226 1350 haereS,
3260 1275 3461 1353 quiex
3485 1279 3863 1339 testamento
3892 1278 4004 1338 de-

2451 1363 2560 1424 bet
2588 1363 2739 1425 dare
2770 1370 3023 1427 centum
3074 1366 3138 1426 in
3187 1366 3402 1428 dotem
3430 1368 3539 1428 uni
3569 1369 3811 1449 Virgini
3841 1389 4002 1449 pau·

2452 1455 2626 1534 peri,
2670 1475 2785 1517 nec
2815 1463 3022 1538 potest
3050 1459 3289 1539 aliquid
3346 1460 3426 1521 ab
3481 1460 3618 1541 ipsa
3662 1467 3878 1542 petere
3932 1468 4003 1526 ut

2452 1548 2623 1608 illam
2654 1550 2844 1629 eligat
2876 1571 2890 1613 ε
2924 1552 3073 1632 quia
3092 1551 3229 1631 jam
3259 1570 3386 1613 non
3416 1553 3598 1615 daret
3625 1555 3714 1615 illi
3734 1560 3999 1617 centum

2453 1641 2699 1721 integra
2717 1690 2732 1720 ,
2769 1648 2954 1722 prout
2980 1644 3132 1705 dare
3161 1645 3529 1719 tenebatur;
3560 1647 3855 1709 venditor
3882 1666 4002 1708 au-

2452 1737 2581 1795 tem
2634 1754 2757 1796 non
2803 1735 2992 1798 debet
3035 1737 3349 1816 gabellam
3401 1739 3653 1799 aliunde
3676 1786 3692 1816 ,
3752 1740 3874 1800 nisi
3924 1760 3999 1801 ex

2451 1832 2765 1907 praecepto
2796 1828 2990 1908 ipsius
3011 1830 3211 1909 regis;
3246 1848 3440 1910 quare
3457 1831 3687 1910 poterit
3716 1850 3794 1893 ex
3825 1833 4001 1913 ejus-

2453 1920 2596 1981 dem
2628 1922 2824 2000 regis,
2871 1922 2970 1982 vel
3000 1924 3134 2001 ejus
3165 1923 3269 2003 qui
3302 1925 3437 2003 ejus
3466 1928 3848 2003 potestatem
3879 1925 3998 1987 ba-

2453 2013 2592 2085 bet,
2642 2015 3082 2093 concessione,
3120 2015 3455 2094 ,gabellam
3506 2035 3628 2077 non
3681 2018 3998 2097 integram

2453 2107 2717 2167 solvere.
2752 2108 2884 2168 lloc
2913 2112 3123 2169 tamen
3155 2128 3279 2169 non
3310 2109 3713 2171 admitterem
3742 2111 3809 2171 in
3833 2111 3998 2173 deci·

2452 2199 2572 2259 mis
2599 2199 2892 2260 Ecclesia}
2922 2198 3170 2278 debitis,
3212 2202 3304 2279 si,
3338 2222 3399 2263 v.
3432 2221 3528 2282 gr.
3563 2203 3793 2283 aliquis
3824 2204 4000 2283 paci·

2452 2294 2733 2352 sceretur
2773 2311 2919 2352 cum
2947 2293 3263 2372 parocho,
3321 2298 3391 2355 ut
3435 2294 3486 2354 si
3524 2295 3605 2355 ad
3646 2296 3790 2378 ejus
3820 2315 3997 2376 paro-

2454 2384 2661 2445 chiam
2708 2383 2972 2462 veniret,
3025 2385 3372 2448 remitteret
3415 2393 3657 2466 partem
3714 2389 4000 2450 decima-

2452 2495 2616 2554 rum,
2651 2480 2713 2537 et
2731 2477 3046 2556 parochus
3071 2480 3817 2542 consentiretnelucrum
3847 2482 3998 2542 illud

2453 2570 2765 2649 perderet.
2826 2572 2979 2648 Hoc,
3037 2572 3320 2652 inquam,
3380 2591 3506 2635 non
3563 2574 3994 2652 admitterem,

2453 2663 2601 2745 quia
2631 2662 2890 2723 decimae
2924 2680 3050 2725 non
3079 2683 3154 2725 ex
3173 2665 3435 2744 parochi
3462 2666 3572 2726 sed
3602 2685 3678 2727 ex
3698 2668 3995 2729 Ecclesia}

2453 2761 2768 2834 praecepto
2821 2756 3163 2834 debentur,
3223 2762 3285 2820 et
3338 2758 3650 2821 debentur
3729 2760 3997 2839 integrae

2453 2848 2679 2910 dandae
2706 2848 2893 2909 alicui
2921 2849 3208 2911 ministro
3239 2851 3519 2912 ecclesiae
3545 2898 3560 2928 ,
3615 2852 3724 2913 cui
3754 2871 3997 2932 praece·

2452 2947 2559 3021 pto
2604 2941 2707 3003 ille
2738 2960 2862 3003 non
2892 2944 3283 3005 satisfaceret
3321 2944 3531 3005 dando
3563 2962 3757 3006 unam
3792 2946 3996 3006 solam

2453 3039 2698 3114 partem
2728 3054 2803 3095 ex
2833 3037 3251 3098 conventione
3294 3055 3437 3098 cum
3480 3038 3760 3117 parocho
3804 3039 3991 3100 facta.

2454 3129 2752 3203 Quamvis
2800 3128 3184 3190 contrarium
3225 3129 3413 3192 etiam
3460 3129 3673 3211 quoad
3713 3130 3997 3192 decimas

2455 3222 2682 3284 dixerit
2736 3225 3023 3303 vasquez
3079 3240 3218 3302 cap.
3269 3239 3314 3284 1.
3361 3221 3430 3284 de
3459 3222 3751 3305 beneficiis
3775 3270 3794 3301 ,
3853 3225 3913 3304 g.
3947 3240 3989 3286 1.

2452 3314 2603 3378 dub.
2637 3317 2697 3376 3.

2534 3412 2680 3469 Haec
2710 3408 2879 3469 dicta
2906 3411 3053 3469 sunt
3089 3408 3166 3469 de
3194 3408 3439 3488 gabella
3470 3426 3610 3489 quae
3638 3409 3992 3472 contractui
4128 3423 4206 3488 ηρ

2454 3502 2570 3563 soli
2600 3500 2894 3580 adjicitur
2916 3547 2932 3578 ,
2984 3501 3090 3581 qui
3137 3506 3280 3563 ante
3308 3502 3712 3564 traditionem
3738 3504 3995 3582 perfici-
4054 3553 4206 3606 ww

2452 3599 2576 3657 tur.
2634 3597 2811 3655 Nunc
2840 3593 3126 3654 dicamus
3149 3639 3165 3671 ,
3225 3594 3478 3674 quando
3506 3595 3755 3674 gabella
3788 3596 3992 3675 impo-
4041 3607 4205 3680 bava}

2454 3688 2573 3749 sita
2621 3691 2715 3749 est
2756 3705 2881 3747 non
2913 3687 3263 3750 contractui
3292 3687 3447 3764 soli,
3507 3687 3618 3747 sed
3650 3688 3992 3750 traditione
4041 3660 4205 3756 Q

2452 3783 2670 3841 secuta
2701 3796 2716 3842 ε
2752 3779 2829 3839 de
2860 3796 2985 3858 qua
3012 3779 3261 3857 gabella
3289 3784 3750 3859 consequenter
3778 3780 3994 3841 dicen·
4057 3766 4206 3866 :23ss

2454 3874 2606 3935 dum
2634 3877 2777 3950 est,
2837 3890 2912 3933 ex
2943 3876 3169 3933 natura
3226 3873 3318 3932 rei
3369 3877 3433 3934 et
3460 3873 3718 3933 seclusis
3746 3873 3998 3952 legibus
4135 3878 4205 3916 θ’*

2452 3967 2808 4047 specialiter
2836 3965 3313 4045 disponentibus
3344 3964 3559 4025 deberi
3589 3965 3699 4042 ibi,
3734 3966 3844 4027 ubi
3872 3972 3996 4027 tra-

2454 4060 2605 4121 ditio
2636 4059 2910 4139 ponitur,
2945 4077 3060 4137 per
3086 4076 3276 4138 quam
3301 4059 3652 4137 completur
3680 4059 3904 4119 ultimo
3932 4057 3992 4119 id

2454 4171 2531 4213 ex
2560 4169 2683 4232 quo
2713 4151 2962 4231 gabella
2992 4150 3277 4211 debetur.
3330 4150 3511 4212 Unde
3566 4151 3619 4210 si
3662 4150 3843 4213 locus
3890 4150 3997 4211 ubi

2455 4249 2811 4307 contractus
2838 4246 2928 4321 fit,
2962 4247 3128 4304 esset
3152 4243 3480 4320 immunia,
3517 4243 3858 4305 deberetur
3886 4263 4003 4324 ga-

2453 4338 2651 4400 bella:
2687 4356 2720 4397 e
2751 4342 2970 4399 contra
2995 4355 3144 4398 vero
3176 4338 3231 4398 si
3257 4337 3365 4397 ubi
3394 4336 3466 4397 fit
3484 4342 3846 4399 contractus
3871 4355 4004 4398 non

2453 4436 2549 4494 est
2576 4431 2938 4494 immunitas
2961 4430 3073 4491 sed
3088 4431 3169 4492 sit
3197 4430 3301 4491 ubi
3318 4430 3611 4507 traditur,
3648 4449 3777 4492 non
3801 4431 4004 4492 debe-

2454 4526 2658 4588 bitur:
2687 4524 2836 4586 item
2857 4524 2911 4586 si
2926 4528 3208 4603 tempore
3224 4527 3585 4584 contractus
3612 4523 4003 4586 contrahens

2456 4623 2592 4680 erat
2617 4618 2814 4680 laicus
2839 4665 2854 4695 ,
2902 4623 2964 4680 et
2991 4622 3275 4698 tempore
3303 4617 3660 4678 traditionis
3708 4618 3791 4679 sit
3815 4617 4007 4678 cleri-

2457 4730 2566 4773 cus
2596 4715 2659 4773 et
2687 4711 2986 4771 immunis
3017 4757 3033 4787 ,
3078 4730 3201 4771 non
3232 4709 3423 4771 dehet
3446 4710 3765 4790 gabellam
3797 4757 3813 4786 ,
3847 4710 4005 4791 quia

2457 4808 2705 4883 tempus
2734 4804 2885 4864 illud
2917 4803 3267 4866 traditionis
3296 4803 3756 4865 attendendum
3786 4808 3912 4865 est.

2536 4898 2719 4959 Circa
2734 4897 2852 4958 hoc
2873 4901 3083 4958 tamen
3105 4895 3448 4971 dubitatur,
3476 4896 3627 4976 quid
3650 4896 4003 4958 dicendum

2458 4992 2538 5053 sit
2567 4991 2820 5071 quando
2850 5009 2952 5050 res
2982 4989 3127 5050 alibi
3158 4990 3493 5050 existentes
3521 4988 3626 5048 hie
3656 4988 3904 5066 vendiS,
3941 4995 4006 5051 et

2455 5103 2571 5164 per
2600 5082 2944 5144 clausulam
2974 5081 3291 5143 constituti
3314 5081 3642 5142 constituis
3669 5087 3733 5143 te
3753 5100 4002 5161 posses-

2457 5195 2665 5238 sorem
2696 5175 2946 5237 nomine
2979 5173 3276 5253 emptoris
3300 5220 3317 5251 ,
3368 5177 3430 5235 et
3466 5173 3667 5235 tradis
3697 5175 3755 5234 ei
3780 5174 4004 5236 iic-tam

2457 5290 2569 5332 seu
2592 5269 2931 5349 juridicam
2962 5267 3417 5348 possessionem
3462 5286 3577 5346 per
3606 5286 3751 5327 eum
3782 5275 4002 5330 actum

2459 5361 2549 5424 rei
2583 5362 2875 5438 venditae,
2908 5380 2986 5421 an
3019 5360 3325 5422 debeatur
3350 5359 3599 5440 gabella
3628 5360 3692 5420 in
3716 5360 4000 5423 hocloco

2458 5456 2568 5517 ubi
2596 5457 2666 5516 fit
2695 5454 2968 5516 venditio
2987 5501 3003 5531 ,
3037 5458 3101 5514 et
3126 5453 3234 5514 illa
3261 5453 3408 5514 ficta
3432 5451 3731 5514 traditio?
3754 5454 3832 5513 Et
3858 5454 4004 5533 qui-

2460 5549 2605 5611 dem
2634 5547 2867 5611 Molina
2896 5546 3062 5609 dicta
3104 5545 3334 5626 disput.
3369 5547 3509 5608 676.
3544 5563 3719 5606 num.
3753 5547 3810 5606 6.
3848 5564 4000 5608 cum
