4263 6376
38 4463 143 4520 {233

1285 284 1755 346 DISPU'PATIO
1799 282 1988 359 XXV,
2038 284 2312 345 SEc'rlo
2358 284 2459 346 v1.

257 461 490 542 aliquid
506 480 699 539 supra
724 461 786 520 id
817 460 988 541 quod
1006 463 1222 521 mutuo
1253 478 1374 521 non
1397 460 1790 540 praecedente

252 562 544 614 mutuans
618 553 966 627 habuisset,
1003 572 1147 613 cum
1204 554 1410 613 solum
1468 553 1792 613 habuisset

252 647 520 720 lucrum,
555 664 684 705 non
730 651 944 706 tamen
975 645 1297 706 habuisset
1349 645 1796 706 antecedenter

250 740 656 800 securitatem
711 738 1019 816 capitalis.
1057 740 1211 799 Cum
1241 755 1390 816 ergo
1421 739 1561 817 plus
1589 738 1795 797 valeat

249 831 557 891 securitas
577 830 867 910 capitalis
895 830 1272 891 antecedens
1289 834 1351 892 et
1377 830 1619 891 lucrum
1650 829 1793 889 sub·

248 942 518 1002 Quens
542 970 559 1000 ,
651 942 844 1003 quam
943 923 1143 982 solum
1239 923 1484 983 lucrum
1579 921 1795 981 subse-

248 1035 441 1096 quens
501 1016 749 1096 absque
806 1016 910 1075 illa
984 1015 1318 1076 securitate
1370 1015 1788 1094 praecedente,

241 1110 366 1188 jam
395 1116 709 1169 mutuans
754 1109 1110 1168 lucraretur
1155 1107 1393 1187 aliquid
1452 1127 1525 1167 ex
1573 1111 1792 1167 mutuo

246 1202 403 1262 ultra
431 1207 682 1263 sortem
733 1206 796 1262 et
844 1201 1088 1262 lucrum
1143 1218 1415 1276 cessanS,
1466 1218 1692 1278 nempe
1730 1199 1794 1259 id

245 1295 405 1375 quod
436 1295 615 1356 valet
653 1296 794 1373 plus
821 1295 1068 1354 lucrum
1098 1311 1243 1353 cum
1273 1293 1607 1353 securitate
1627 1291 1793 1371 eapi-

242 1389 378 1449 talis
440 1388 874 1467 praecedente,
935 1391 998 1448 et
1050 1405 1163 1465 per
1223 1404 1615 1465 consequens
1670 1403 1795 1446 non

242 1488 616 1541 servaretur
644 1479 973 1558 aequalitas
1028 1479 1092 1538 in
1139 1483 1491 1539 contractu.
1552 1478 1793 1540 Confir-

242 1581 449 1634 matur
478 1573 636 1652 quia
675 1573 777 1633 lex
827 1577 1067 1632 naturae
1097 1579 1162 1632 et
1179 1570 1441 1649 justitia!
1470 1571 1683 1650 exigit,
1721 1575 1790 1633 ut

242 1667 346 1746 qui
374 1666 577 1727 sentit
603 1664 946 1726 commoda
984 1663 1213 1725 sentiat
1257 1668 1322 1724 et
1349 1682 1576 1736 onera;
1619 1665 1671 1724 si
1701 1683 1795 1724 er-

242 1778 318 1836 go
346 1765 660 1819 mutuans
711 1756 948 1818 addere
1004 1758 1138 1819 vult
1190 1762 1445 1837 paetum
1503 1757 1660 1817 illud
1708 1757 1789 1816 ad

240 1852 575 1912 retinenda
588 1850 945 1928 commoda,
974 1868 1111 1930 quae
1140 1852 1379 1929 absque
1405 1855 1625 1911 mutuo
1672 1850 1788 1909 ha-

244 1945 441 2021 beret,
476 1943 676 2005 debet
712 1945 901 2004 etiam
932 1963 997 2003 se
1024 1943 1303 2021 obligare
1335 1942 1415 2002 acl
1460 1943 1791 2003 sentienda

248 2055 438 2097 onera
474 2056 623 2117 quae
680 2036 979 2097 sensisset
1007 2037 1058 2098 si
1091 2055 1216 2096 non
1245 2038 1631 2096 mutuasset:
1672 2035 1789 2095 ini-

250 2149 439 2211 quum
470 2129 645 2188 enim
681 2134 779 2190 est
804 2129 1041 2206 fingere
1071 2147 1137 2187 se
1169 2146 1293 2188 non
1339 2132 1657 2188 matuasse
1689 2146 1793 2189 so-

248 2224 372 2283 lum
402 2222 618 2302 quoad
640 2222 997 2296 commoda,
1025 2239 1148 2281 non
1176 2240 1327 2281 vero
1360 2221 1570 2300 quoad
1600 2239 1795 2281 onera

252 2322 311 2375 et
357 2314 643 2393 pericula
698 2333 838 2392 quae
870 2318 1017 2374 tunc
1048 2314 1329 2390 fuissent,
1364 2318 1428 2374 et
1491 2314 1654 2373 velle
1711 2314 1793 2374 ad

254 2408 361 2468 hoc
391 2408 590 2487 gratis
620 2405 1075 2467 mutuatarium
1105 2406 1409 2484 obligare,
1446 2406 1619 2465 nullo
1666 2407 1789 2467 alio

256 2501 468 2580 pretio,
527 2499 649 2559 nisi
694 2496 1027 2558 mutuandi
1084 2497 1413 2574 beneficio,
1473 2498 1620 2559 dato
1677 2516 1789 2577 pro

256 2594 366 2653 hac
400 2592 828 2670 obligatione3
889 2609 923 2649 e
978 2595 1197 2650 contra
1252 2609 1401 2650 vero
1435 2591 1539 2669 qui
1599 2591 1791 2652 sentit

257 2705 425 2761 cnuS,
459 2685 655 2746 debet
675 2682 1080 2744 commodum
1108 2684 1340 2745 sentire
1362 2703 1376 2756 ;
1398 2683 1446 2743 si
1481 2702 1629 2762 ergo
1661 2702 1793 2744 mu-

257 2780 553 2839 tuatarius
584 2778 906 2855 obligatur
946 2776 1026 2835 ad
1057 2794 1252 2835 onera
1282 2777 1659 2837 resarciendi
1692 2778 1791 2837 lu·

258 2890 355 2932 cra
380 2872 618 2947 futura,
655 2870 843 2930 debet
870 2869 1061 2930 etiam
1117 2870 1349 2929 sentire
1408 2888 1529 2929 non
1587 2870 1788 2930 solam

255 2966 595 3025 carentiam
625 2980 849 3023 eorum
879 2980 1142 3022 onerum
1173 2961 1426 3040 quando
1456 2961 1634 3022 lucra
1664 2981 1788 3023 non

255 3057 528 3126 fuissent,
563 3056 678 3116 sed
708 3056 897 3117 etiarn
919 3056 1253 3114 commoda
1271 3055 1585 3114 contraria
1615 3054 1790 3134 exja·

256 3156 421 3212 ctura
449 3150 666 3224 sortis
702 3167 843 3227 quoe
876 3148 1085 3209 futura
1112 3147 1349 3209 luisset.

327 3243 666 3323 objiciunt,
689 3242 834 3321 quia
855 3241 1001 3302 licet
1027 3244 1309 3302 mutuata
1338 3241 1602 3320 pecunia
1620 3241 1787 3320 apud

258 3342 646 3397 mutuantem
675 3334 940 3394 haberet
968 3334 1338 3412 periculum,
1370 3340 1432 3395 et
1459 3339 1624 3395 esset
1652 3354 1789 3396 cer-

260 3429 480 3490 tissime
512 3428 816 3507 peritura,
851 3427 1095 3505 integra
1123 3432 1388 3487 tamena
1407 3428 1785 3488 mutuatario

262 3521 571 3582 reddenda
600 3525 717 3582 est.
756 3523 906 3581 Item
925 3567 942 3595 ,
991 3520 1043 3578 si
1074 3519 1312 3579 nullum
1342 3524 1595 3598 pactum
1625 3538 1788 3599 prae-

264 3615 535 3675 cessisset
560 3613 643 3673 de
672 3614 846 3674 lucro
887 3616 1169 3697 cessante
1194 3659 1209 3688 ,
1260 3612 1411 3672 nihil
1450 3612 1786 3673 detrahen-

267 3706 400 3766 dum
426 3714 591 3768 esset
610 3706 691 3766 de
720 3705 972 3785 capitali
1001 3705 1243 3766 ratione
1275 3705 1555 3782 periculi,
1590 3707 1688 3766 cui
1723 3705 1785 3767 in

271 3798 673 3878 negotiatione
704 3797 873 3876 apud
903 3801 1294 3858 mutuantem
1325 3797 1666 3858 obnoxium
1697 3817 1788 3859 es-

271 3899 384 3964 set3
417 3910 564 3970 erge
597 3908 714 3950 nec
745 3890 996 3969 quando
1026 3889 1096 3949 fit
1134 3893 1385 3967 pactum
1423 3908 1434 3950 :
1469 3889 1589 3950 hoe
1618 3891 1786 3950 enim

271 3989 502 4061 pactum
532 3984 613 4043 de
643 3984 817 4043 lucro
841 3987 1123 4043 cessante
1154 3981 1571 4042 extrinsecum
1602 3987 1696 4043 est
1725 3987 1788 4044 et

274 4075 747 4136 accidentarium
777 4074 1123 4135 contractui
1157 4074 1378 4145 mutui,
1415 4074 1583 4153 quod
1614 4094 1689 4135 ex
1718 4093 1785 4137 se

275 4171 435 4229 affert
460 4167 907 4247 obligationem
936 4165 1239 4226 reddendi
1283 4171 1553 4239 sortem;
1589 4187 1784 4247 quare

275 4268 504 4338 pactum
521 4262 599 4320 de
615 4261 790 4321 lucro
808 4264 1088 4320 cessante
1104 4260 1306 4319 solum
1322 4264 1607 4320 versatur
1619 4261 1786 4322 circa

276 4353 518 4430 lucrum,
553 4372 676 4412 non
708 4353 875 4412 circa
905 4355 1160 4413 sortem.

348 4446 788 4526 Respondetur,
824 4450 1110 4505 mutuum
1141 4445 1487 4505 secundum
1537 4464 1625 4522 se,
1658 4463 1784 4507 non

276 4538 469 4598 addito
499 4543 679 4616 pacto
709 4538 790 4598 de
821 4538 995 4597 lucro
1026 4544 1331 4613 cessante,
1356 4537 1635 4615 obligare
1652 4539 1784 4617 qui-

274 4629 408 4689 dem
432 4634 507 4691 ad
534 4630 925 4690 reddendam
957 4634 1188 4690 sortem
1208 4677 1224 4706 ,
1275 4647 1398 4690 non
1448 4629 1662 4690 habita
1689 4649 1785 4691 ra-

270 4722 425 4783 tione
450 4724 749 4803 periculi,
784 4722 952 4802 quod
981 4723 1150 4801 apud
1198 4726 1593 4783 mutuantem
1620 4723 1786 4783 subi·-

272 4820 408 4876 tura
428 4818 671 4892 fuisset,
708 4816 856 4895 quia
885 4834 985 4876 res
1015 4820 1298 4877 mutuata
1320 4815 1546 4876 transit
1572 4815 1784 4877 statim

274 4908 343 4965 in
368 4908 693 4969 dominium
722 4908 1049 4982 mutuarii,
1086 4908 1268 4987 eique
1297 4907 1414 4968 soli
1441 4906 1622 4986 perit,
1658 4926 1783 4969 non

271 5002 602 5079 mutuanti,
654 5000 836 5080 cujus
865 4999 999 5080 jam
1038 5019 1161 5060 non
1193 5005 1309 5062 est.
1347 5000 1607 5074 Quando
1624 5019 1783 5082 vvero

272 5092 509 5154 additur
531 5099 748 5155 mutuo
777 5098 1031 5172 pactum
1060 5093 1140 5152 de
1168 5093 1342 5154 lucro
1362 5097 1668 5169 cessante,
1692 5095 1782 5154 in·

269 5184 495 5247 directe
537 5188 756 5248 saltem
796 5190 860 5247 et
905 5186 1247 5246 extrinsece
1274 5185 1503 5245 variari
1549 5186 1785 5264 obliga-

267 5277 493 5338 tionem
522 5280 682 5340 circa
726 5280 927 5358 ipsam
968 5283 1200 5340 sortem
1235 5298 1249 5339 ε
1283 5278 1431 5357 quia
1471 5295 1616 5338 cum
1664 5277 1785 5338 hoc

272 5375 517 5447 pactum
566 5372 644 5432 sit
695 5376 1056 5432 contractus
1114 5388 1438 5446 onerosus,
1485 5370 1674 5431 debet
1701 5370 1784 5430 ad

271 5479 452 5520 suam
474 5464 969 5541 justificatio-iem
998 5482 1250 5524 servare
1268 5462 1688 5541 aequalitatem
1709 5482 1785 5526 ex

3308 291 3425 349 207

1891 463 2158 540 utraque
2187 464 2401 539 parte;
2453 479 2594 540 quae
2637 460 2866 542 duplex
2911 464 3144 524 servari
3198 469 3423 543 potest.

1895 552 2121 629 Primo,
2156 554 2206 613 si
2239 558 2476 613 attento
2504 554 2781 632 periculo
2812 556 2982 633 quod
3021 557 3288 634 capitale
3320 557 3427 617 ha-

1892 645 2070 706 beret
2095 645 2266 723 apud
2294 651 2707 721 mutuantem,
2743 665 2866 706 non
2897 649 3055 708 tanti
3084 649 3431 710 aestimetur

1892 738 2136 797 lucrum
2166 756 2440 813 cessans,
2476 756 2590 798 nec
2621 738 2701 798 ad
2731 739 2878 799 illud
2898 744 3100 801 totum
3114 741 3431 820 obligetur

1893 831 2309 891 mutuatarius
2367 836 2622 908 propter
2676 833 3024 909 periculum
3079 834 3287 911 sortiS‚
3330 853 3430 894 ra-

1892 924 2060 983 tione
2090 924 2268 1001 cujus
2297 924 2503 983 minus
2533 924 2836 984 damnum
2879 927 3069 987 sentit
3108 931 3423 1004 mutuam,

1894 1016 2200 1094 privando
2231 1035 2296 1076 se
2327 1035 2435 1095 spe
2465 1016 2606 1077 talis
2635 1017 2824 1094 lucri,
2869 1018 3038 1097 quod
3085 1020 3220 1079 sine
3252 1024 3428 1081 tanto

1894 1108 2168 1186 periculo
2213 1108 2429 1168 haberi
2482 1127 2609 1168 non
2655 1115 2907 1188 poterat
2936 1131 2950 1171 :
2980 1112 3260 1191 alioquin
3303 1131 3430 1173 non

1893 1201 2012 1262 erit
2037 1200 2363 1280 aequalitas
2388 1200 2452 1260 in
2487 1200 2865 1279 obligatione
2909 1203 3013 1264 illa
3058 1206 3346 1266 absoluta
3366 1210 3430 1266 et

1891 1292 2070 1355 totali
2098 1293 2502 1373 imponenda,
2537 1301 2607 1355 ut
2632 1295 2965 1374 probatum
2987 1302 3100 1359 est.
3137 1299 3426 1361 Secundo

1892 1390 2177 1447 servatur
2206 1386 2529 1465 {equalitas
2577 1386 2640 1447 in
2686 1388 2791 1449 illo
2840 1394 3058 1467 pacto,
3105 1391 3154 1450 si
3186 1391 3426 1452 ratione

1895 1478 2100 1539 oneris
2129 1478 2299 1557 quod
2327 1479 2583 1540 additur
2607 1482 2987 1542 mutuatario
3018 1482 3095 1542 de
3125 1484 3425 1545 solvendo

1891 1571 2066 1632 lucro
2096 1576 2354 1650 propter
2384 1590 2561 1650 spem
2602 1573 2758 1633 lueri
2781 1619 2796 1648 ,
2850 1574 3172 1636 auferatur
3221 1576 3277 1635 ei
3315 1576 3429 1636 ali-

1893 1663 2044 1742 quid
2074 1663 2153 1724 de
2181 1681 2368 1724 onere
2398 1665 2679 1725 solvendi
2710 1671 2940 1726 sortem
2963 1667 3271 1746 integram
3288 1686 3427 1747 pro·

1891 1761 2033 1836 pter
2057 1757 2405 1836 periculum
2436 1758 2623 1818 etiam
2653 1758 2816 1818 illius
2842 1760 3046 1819 :unde
3067 1760 3271 1838 ipsum
3292 1780 3426 1821 mu-

1891 1852 2069 1910 tuum
2098 1854 2357 1928 propter
2400 1850 2907 1929 conjunctionem
2956 1870 3099 1912 cum
3147 1854 3250 1914 illo
3301 1855 3425 1916 alio

1891 1946 2098 2021 pact0,
2159 1942 2406 2001 diverso
2468 1942 2653 2003 modo
2701 1944 2839 2003 fieri
2892 1944 3111 2021 debet,
3147 1964 3219 2006 ac
3247 1947 3428 2009 fieret

1892 2034 2115 2094 solum.
2152 2035 2330 2095 Ratio
2360 2039 2570 2094 autem
2602 2040 2728 2111 est,
2777 2036 2922 2114 quia
2952 2037 3013 2096 in
3042 2042 3259 2099 mutuo
3291 2040 3423 2102 solo

1892 2145 2016 2187 non
2047 2127 2411 2203 attenditur,
2447 2127 2563 2187 nisi
2593 2128 2676 2187 ad
2707 2130 3129 2207 {equalitatem
3161 2130 3250 2191 rei
3282 2150 3422 2211 quae

1892 2219 2078 2279 datur
2104 2225 2168 2281 ct
2192 2239 2332 2298 quie
2364 2220 2678 2293 redditur-3
2714 2239 2907 2300 quare
2939 2223 2991 2283 si
3020 2222 3238 2283 decem
3263 2226 3423 2286 acci-

1890 2313 2167 2390 piuntur,
2192 2313 2413 2373 decem
2429 2312 2802 2390 redduntur,
2823 2319 2892 2376 ut
2911 2320 3199 2377 servetur
3218 2334 3425 2398 aequa-

1890 2404 2031 2465 litas
2064 2424 2077 2465 :
2113 2406 2172 2465 in
2206 2410 2389 2484 pacto
2418 2409 2630 2466 autem
2678 2406 2755 2466 de
2804 2408 2976 2469 lucro
3026 2416 3308 2471 cessante
3340 2429 3424 2472 ae-

1890 2498 2159 2575 qualitas
2189 2498 2378 2559 debet
2404 2516 2540 2557 esse
2566 2498 2730 2559 inter
2756 2518 2932 2578 spem
2964 2519 3088 2579 qua
3127 2508 3422 2562 mutuans

1890 2608 1956 2649 se
1987 2590 2230 2668 privat,
2267 2596 2329 2651 et
2370 2608 2526 2650 onus
2558 2590 2723 2670 quod
2755 2598 3015 2669 propter
3042 2593 3213 2653 illam
3244 2613 3421 2672 spem

1889 2682 2148 2760 suscipit
2176 2682 2613 2760 mutuatariuS,
2650 2685 2800 2745 Cum
2835 2702 2983 2762 ergo
3014 2704 3156 2764 spes
3185 2686 3289 2746 illa
3309 2688 3421 2747 mi·

1891 2792 2006 2834 nus
2033 2774 2258 2850 valeat,
2294 2774 2545 2853 quando
2575 2779 2669 2835 est
2696 2776 2883 2836 etiam
2916 2777 3259 2854 periculum
3287 2797 3420 2840 sor-

1888 2866 1987 2942 tis,
2024 2885 2146 2926 non
2179 2866 2368 2927 debet
2403 2872 2645 2928 tantum
2679 2886 2835 2928 onus
2864 2886 2978 2946 pro
3009 2870 3113 2930 illa
3141 2889 3252 2950 spe
3280 2890 3420 2931 mu-

1885 2959 2156 3020 tuatario
2187 2959 2457 3038 imponi,
2509 2960 2620 3019 sed
2649 2959 2838 3021 debet
2864 2964 3289 3040 compensari,
3325 2980 3414 3027 re·

1886 3052 2191 3114 mittendo
2222 3052 2458 3132 aliquid
2488 3051 2565 3111 de
2596 3070 2786 3112 onere
2837 3055 3123 3115 solvendi
3170 3074 3421 3135 semper

1885 3149 2118 3208 sortem
2175 3144 2478 3225 integram
2499 3193 2514 3222 ,
2579 3150 2645 3207 ut
2699 3145 2853 3207 illud
2909 3147 3255 3210 secundum
3311 3169 3419 3230 pa·

1886 3242 2077 3299 ctum.
2109 3242 2332 3299 mutuo
2366 3257 2681 3299 annexum
2702 3238 3039 3302 reducatur
3054 3242 3135 3302 ad
3163 3244 3419 3323 aequali-

1883 3335 2099 3392 tatem.

1964 3424 2095 3483 Hac
2123 3423 2448 3483 occasione
2478 3424 2751 3485 dubitari
2779 3430 2985 3503 potest
3028 3430 3211 3491 tertio
3249 3431 3415 3492 circa

1884 3515 2173 3575 eamdem
2203 3516 2543 3576 secundam
2586 3517 3044 3595 conditionem,
3088 3523 3233 3600 quia
3264 3522 3415 3583 dixi-

1883 3627 2023 3668 mus
2050 3609 2294 3669 lucrum
2322 3627 2573 3669 cessans
2611 3627 2790 3688 posse
2811 3610 3114 3673 deduciin
3137 3621 3411 3691 pactum,

1883 3703 1980 3762 vel
2036 3700 2456 3762 conditionate
2505 3702 2556 3762 si
2598 3702 2819 3778 fuerit,
2872 3705 2968 3764 vel
3011 3706 3292 3768 absolute
3321 3714 3415 3769 ta-

1882 3794 2087 3855 xando
2144 3794 2380 3873 aliquid
2426 3794 2911 3856 determinatum
2957 3816 3069 3876 pro
3119 3818 3226 3878 spe
3273 3818 3412 3879 quaa

1885 3905 2049 3946 nunc
2078 3891 2191 3963 est,
2227 3887 2395 3967 quod
2425 3887 2796 3948 solvendum
2852 3889 2932 3950 sit
2962 3891 3125 3952 ultra
3152 3898 3407 3970 sortem,

1883 3979 2014 4039 sive
2068 3980 2311 4040 lucrum
2366 3998 2615 4041 cessans
2670 3987 2888 4059 postea
2940 4001 3248 4061 cessasse,
3284 3986 3413 4046 sive

1886 4090 2008 4132 non
2046 4089 2320 4132 cessasse
2368 4072 2807 4151 comperiatur.
2855 4075 3059 4146 Quaeri
3105 4094 3255 4155 ergo
3306 4096 3417 4157 po-

1882 4169 2023 4239 test,
2057 4183 2137 4224 an
2166 4165 2214 4224 si
2246 4164 2661 4226 mutuatarius
2689 4164 2857 4227 dicat
2877 4213 2892 4243 ,
2926 4185 2992 4228 se
3021 4168 3181 4229 velle
3210 4172 3413 4249 primo

1882 4259 2071 4318 modo
2101 4257 2302 4318 solum
2332 4257 3135 4336 obligari,possitmutuaus
3165 4263 3414 4342 exigere

1883 4354 1953 4411 ut
1977 4369 2044 4410 se
2074 4367 2198 4410 non
2227 4349 2428 4428 primo
2450 4350 2638 4411 modo
2669 4351 2776 4410 sed
2807 4354 3081 4415 secundo
3105 4400 3121 4430 ,
3156 4355 3410 4435 obliget.

1885 4445 2182 4522 Suppono
2213 4447 2420 4503 autem
2441 4490 2456 4519 ,
2490 4461 2672 4521 posse
2703 4444 2891 4504 etiam
2919 4446 3195 4509 secundo
3224 4449 3414 4511 modo

1883 4540 2137 4616 pactum
2164 4535 2329 4612 fieri,
2365 4535 2531 4614 quod
2579 4537 2889 4599 immerito
2917 4545 3228 4617 negarunt
3253 4545 3416 4603 Con-

1883 4628 2017 4689 rad.
2051 4630 2278 4706 Lopez,
2311 4631 2374 4687 et
2401 4627 2505 4688 alii
2538 4629 2707 4707 apud
2738 4629 2915 4690 Salas
2942 4632 3087 4694 dict.
3123 4633 3271 4696 dub.
3306 4651 3410 4697 xx.

1884 4739 1946 4784 u.
1977 4725 2035 4781 7.
2070 4721 2178 4800 qui
2207 4722 2475 4782 afferunt
2519 4722 3024 4784 constitutionem
3072 4727 3413 4805 quamdam

1885 4814 1973 4875 Pii
2004 4816 2077 4874 V.
2113 4813 2346 4874 editam
2395 4817 2781 4875 anno'1651.
2820 4834 3010 4894 quam
3055 4818 3246 4880 refert
3290 4823 3413 4881 Na-

1882 4925 2047 4968 varr.
2082 4925 2137 4967 c.
2172 4923 2323 4967 xv11.
2361 4925 2421 4967 u.
2454 4910 2592 4968 300.
2628 4908 2733 4968 ubi
2763 4909 3126 4988 praecipitur
3148 4957 3164 4987 ,
3199 4931 3276 4971 ne
3307 4913 3412 4972 de-

1881 4999 2096 5078 inceps
2136 5000 2465 5079 quisquam
2515 4999 2782 5074 audeat,
2844 5001 2973 5061 sive
3018 5020 3058 5062 a
3101 5004 3411 5083 principio

1881 5091 2012 5152 sive
2041 5092 2215 5165 alias,
2249 5096 2487 5152 certum
2505 5095 2568 5153 et
2582 5092 3065 5156 determinatum
3085 5094 3405 5176 interesse,

1881 5184 2069 5245 etiam
2099 5183 2163 5242 in
2193 5201 2342 5243 casu
2371 5202 2494 5244 non
2523 5184 2867 5262 solutionis,
2903 5185 3155 5264 pacisci.
3192 5190 3302 5252 Illa
3324 5196 3412 5251 ta·

1881 5295 2024 5337 men
2055 5277 2412 5338 constitutio
2443 5295 2567 5337 non
2597 5277 2872 5356 loquitur
2900 5280 2978 5339 de
3007 5287 3224 5342 mutuo
3249 5329 3264 5359 ,
3299 5284 3410 5344 sed

1882 5370 1961 5430 de
1989 5370 2120 5430 solo
2151 5369 2419 5444 cambiO,
2452 5369 2515 5428 in
2545 5389 2668 5449 quo
2699 5378 2953 5450 propter
2979 5373 3223 5454 majora
3252 5378 3409 5454 peri-

1882 5463 2023 5525 cula
2050 5481 2257 5524 usurae
2294 5461 2356 5521 id
2402 5464 2686 5524 Pontifex
2730 5464 3070 5542 prohibuit.
3119 5469 3249 5529 Imo
3290 5472 3407 5530 Na·

3566 3441 3677 3499 {04

3463 3566 3528 3608 An
3545 3565 3638 3619 cogi
3657 3578 3755 3621 pos·

3462 3619 3518 3661 nit
3545 3625 3757 3662 mutuata-

3491 3673 3576 3714 rius
3595 3672 3645 3714 ad
3665 3679 3730 3716 ta·

3462 3726 3632 3768 nudum
3673 3738 3757 3768 nn-

3490 3785 3555 3820 ιω
3571 3779 3727 3823 lucrum

3513 3844 3682 3875 OQM·
3689 3863 3701 3876 .
