4263 6376
1117 390 1584 451 DISPUTATIO
1628 391 1902 466 XXXIV,
1951 392 2224 453 sEc'rlo
2268 393 2372 474 1‚v.

166 569 290 631 talis
316 567 613 646 obligatio
643 566 912 645 eligendi
940 566 1313 646 digniorem,
1334 569 1454 629 erit
1476 587 1552 628 ex
1582 568 1684 628 de·

167 664 278 723 bito
302 661 556 741 justitiae
589 677 736 738 erga
764 660 1280 722 communitatem
1301 708 1317 737 ,
1368 661 1466 741 cuj
1478 682 1546 721 us
1574 662 1680 722 bo-

167 775 299 816 num
323 754 507 815 debet
527 754 762 815 elector
785 771 1145 831 procurare.
1180 755 1359 816 Unde
1386 755 1449 813 in
1479 755 1553 814 iis
1584 773 1683 814 ca·

166 849 317 908 sibus
338 893 353 924 ,
402 847 464 906 in
495 847 723 925 quibus
754 851 1010 925 propter
1038 846 1268 907 damna
1299 867 1437 927 quae
1469 848 1683 908 oriun-

167 949 276 1016 tur,
307 958 428 1000 non
456 939 606 1000 licet
631 939 861 1018 eligere
892 939 1154 1019 dignum
1183 941 1415 1001 omisso
1444 940 1680 1019 dignio-

166 1035 243 1108 ri,
290 1032 381 1092 vel
411 1051 535 1092 non
566 1032 712 1092 licet
740 1031 1014 1091 vendere
1054 1033 1331 1093 officium
1374 1033 1564 1094 etiam
1593 1033 1682 1093 di-

165 1145 275 1204 gno
295 1172 310 1201 ,
342 1124 577 1185 orietur
599 1171 614 1200 ,
647 1143 761 1204 per
786 1143 854 1184 se
884 1124 1223 1204 loquenda,
1257 1126 1555 1204 obligatio
1583 1144 1683 1186 re-

167 1217 448 1277 sarciendi
481 1217 715 1277 damna
745 1218 1199 1294 communitati,
1226 1219 1275 1279 si
1306 1219 1384 1280 ab
1413 1220 1681 1280 electore

168 1311 420 1372 officium
447 1311 635 1371 detur
662 1311 759 1370 vel
788 1311 1096 1372 vendatur
1125 1311 1317 1390 digno
1342 1359 1358 1390 ,
1413 1313 1559 1392 quia
1606 1328 1681 1374 ex

168 1422 401 1464 munere
444 1422 559 1463 suo
611 1403 886 1464 debebat
930 1404 1161 1463 damna
1188 1405 1296 1465 iila
1320 1405 1683 1484 reipublicae

168 1495 444 1576 impedire
478 1517 493 1558 :
528 1499 593 1558 et
633 1497 770 1558 haec
816 1496 1027 1558 omnia
1054 1497 1258 1558 facilia
1284 1497 1579 1559 videntur
1606 1515 1684 1559 ex

167 1609 333 1669 supra
359 1589 561 1652 dictis.

234 1682 565 1743 Difficultas
595 1701 729 1743 esse
758 1688 965 1762 potest
990 1684 1195 1764 primo
1218 1731 1235 1761 ,
1287 1703 1366 1745 an
1415 1684 1521 1764 qui
1565 1683 1684 1744 illi-

168 1776 268 1837 cite
295 1776 503 1837 vendit
531 1776 832 1852 officium,
857 1777 1087 1838 debeat
1112 1782 1331 1857 postea
1354 1778 1685 1839 restituere

169 1869 433 1948 pretium,
460 1869 716 1948 quando
748 1888 872 1931 non
901 1870 1019 1931 fuit
1045 1870 1455 1932 excessivum.
1491 1870 1676 1932 Gabr.

169 1962 314 2041 apud
334 1963 619 2041 Vasquez
669 1962 861 2024 dubio
883 1980 983 2023 xx.
1018 1981 1193 2024 num.
1218 1965 1355 2023 105.
1408 1962 1562 2022 dixit
1586 1980 1681 2020 re-

171 2054 527 2116 stituendum
557 2073 695 2115 esse
737 2056 1145 2135 pauperibuS,
1197 2055 1343 2135 quia
1371 2058 1467 2115 est
1498 2059 1681 2133 turpe

166 2149 403 2208 lucrum.
438 2150 571 2208 Hoc
602 2153 811 2208 tamen
834 2149 1057 2209 merito
1086 2147 1290 2226 rejicit
1317 2148 1451 2225 ipse
1484 2148 1675 2226 Vasq.

167 2241 297 2320 quia
324 2241 487 2301 nullo
510 2241 658 2318 jure
689 2246 799 2302 aut
825 2241 1069 2303 ratione
1097 2241 1416 2301 tundatur.
1477 2242 1680 2312 Quare

165 2336 277 2412 ipse
304 2352 443 2394 cum
470 2334 613 2394 aliis
642 2333 865 2410 docet,
928 2335 1263 2394 electorem
1289 2381 1303 2410 ,
1361 2333 1443 2394 ad
1492 2351 1681 2412 quem

164 2427 496 2506 reipublicae
511 2427 662 2506 jura
690 2427 1026 2506 pertinent,
1060 2427 1110 2486 si
1140 2428 1328 2502 mala,
1362 2428 1461 2486 vel
1492 2427 1679 2489 etiam

164 2522 307 2580 bona
330 2521 451 2580 fide
480 2520 770 2581 vendidit
796 2520 1073 2581 officium
1118 2520 1541 2596 insufficienti,
1576 2519 1680 2579 de-

163 2614 291 2673 bere
333 2619 550 2692 postea
578 2613 938 2673 rescindere
968 2616 1394 2685 contractum,
1443 2617 1506 2673 et
1533 2613 1676 2671 red-

164 2706 273 2766 dito
301 2705 491 2785 pretio
543 2705 848 2785 emptori,
884 2705 1132 2766 auferre
1177 2704 1232 2765 ei
1265 2704 1575 2776 officium;
1627 2705 1679 2763 si

164 2817 289 2858 vero
316 2799 600 2860 vendidit
648 2799 981 2860 sufficienti
1010 2803 1073 2860 et
1099 2798 1362 2874 idoneo,
1419 2796 1527 2856 sed
1571 2798 1676 2877 qui

162 2896 354 2970 postea
378 2910 494 2952 sua
522 2892 803 2970 nequitia
833 2891 999 2952 male
1043 2909 1274 2950 munus
1316 2895 1676 2968 susceptum

162 2984 548 3060 administrat,
586 2983 776 3044 debet
802 2985 1094 3062 princeps
1123 3001 1268 3043 eum
1306 2983 1622 3061 corrigere
1656 3003 1669 3042 :

162 3076 201 3135 si
226 3079 420 3136 autem
450 3096 580 3137 non
608 3076 690 3137 sit
715 3077 1121 3137 correctionis
1151 3095 1328 3155 spes,
1381 3093 1674 3136 amovere

161 3170 361 3247 officie,
395 3188 507 3231 nec
538 3168 730 3230 debet
752 3168 1021 3248 pretium
1051 3169 1106 3230 ei
1135 3168 1400 3230 reddere
1429 3168 1481 3229 si
1509 3168 1677 3230 bona

162 3264 267 3323 tide
295 3265 697 3339 vendiderat,
758 3282 937 3323 secus
964 3264 1017 3323 si
1063 3264 1232 3323 mala
1274 3263 1398 3323 fide
1454 3264 1673 3341 praevi-

162 3357 294 3417 dens
323 3358 588 3418 abusum
616 3357 918 3417 futurum.
979 3357 1044 3418 Si
1072 3374 1222 3417 vero
1253 3356 1531 3434 privatus
1561 3356 1669 3415 ali·

162 3452 280 3529 quis
304 3450 575 3511 officium
605 3450 772 3510 bona
799 3450 898 3509 vel
918 3448 1088 3511 mala
1113 3448 1238 3509 fide
1268 3449 1553 3510 vendidit
1578 3450 1672 3509 in-

161 3544 482 3619 sufficienti,
514 3543 620 3603 vel
650 3544 838 3604 etiam
868 3542 1220 3615 sufficienti,
1242 3542 1352 3603 sed
1381 3542 1509 3603 suis
1534 3561 1671 3622 pra·

160 3634 238 3694 vis
263 3636 533 3697 moribus
563 3636 918 3715 pernicioso
947 3639 1010 3696 ct
1036 3635 1397 3715 reipublicae
1428 3636 1669 3695 nocitu-

160 3747 236 3802 ro,
259 3729 348 3788 cui
376 3735 598 3808 postea
625 3730 902 3790 officium
931 3729 1272 3803 auferatur,
1299 3746 1420 3787 non
1443 3727 1671 3788 debeat

159 3820 205 3878 ei
231 3821 482 3899 pretium
510 3822 864 3883 restituere.

226 3915 286 3971 ln
312 3912 404 3973 his
432 3920 645 3974 tamen
675 3915 885 3993 aliqua
915 3913 1193 3974 difficilia
1215 3918 1377 3989 sunt,
1398 3930 1538 3992 quae
1561 3932 1668 3973 ex·-

162 4004 465 4081 plicatione
496 4007 805 4085 indigent.
828 4006 1105 4066 Primum
1127 4007 1294 4066 enim
1310 4007 1665 4066 membrum

162 4096 226 4155 dc
252 4097 614 4160 electoribus
642 4099 908 4178 publicis
930 4146 945 4175 ,
976 4098 1226 4160 videtur
1253 4099 1666 4177 comprehen-

161 4189 291 4250 dere
319 4209 437 4252 non
467 4193 673 4253 solum
709 4209 1073 4271 supremum
1114 4191 1459 4270 principem
1485 4238 1500 4267 ,
1552 4190 1661 4251 sed

159 4284 324 4343 etiam
354 4285 506 4346 alios
537 4284 883 4359 inferiores,
919 4285 1144 4364 quibus
1173 4302 1248 4344 ex
1267 4302 1528 4344 munere
1547 4304 1662 4363 pu·-

158 4374 299 4436 blico
335 4378 554 4439 electio
604 4378 920 4456 cempetit,
980 4381 1166 4457 prout
1217 4376 1349 4456 ipse
1378 4378 1661 4455 Vasquez

157 4469 399 4546 explicat
426 4490 487 4532 n.
525 4473 663 4531 120.
697 4488 821 4530 non
852 4474 1060 4549 potest
1086 4474 1295 4530 autem
1332 4469 1396 4528 iu
1425 4469 1500 4528 iis
1529 4487 1662 4529 om-

158 4560 315 4622 nibus
365 4565 572 4624 locum
630 4563 863 4624 habere
918 4563 1205 4623 doctrina
1249 4563 1334 4622 ibi
1378 4563 1607 4624 tradita
1641 4583 1653 4623 :

158 4673 282 4714 nam
306 4656 448 4718 licet
463 4657 755 4735 princeps
773 4675 1103 4735 supremus
1118 4656 1314 4735 possit
1331 4654 1659 4733 indignum

156 4748 238 4806 vel
263 4749 626 4811 sceleratum
658 4748 861 4810 officio
892 4749 1160 4827 privare,
1185 4752 1249 4808 et
1274 4751 1425 4808 tunc
1451 4748 1660 4808 locum

155 4837 386 4904 habebit
412 4842 712 4920 obligatio
755 4841 1059 4901 reddendi
1106 4841 1163 4900 ei
1204 4840 1475 4918 pretium
1508 4860 1520 4900 ε
1555 4840 1658 4899 alii

153 4935 339 4993 tamen
367 4937 670 4996 electores
700 4935 1024 4995 inferiores
1053 4935 1243 4995 etiam
1271 4933 1506 5013 publici
1535 4952 1659 4994 non

153 5042 377 5104 semper
398 5032 660 5107 possunt
687 5027 953 5088 electum
993 5028 1198 5088 officio
1244 5044 1559 5101 amovere,
1592 5045 1653 5087 v.

154 5136 207 5195 g.
232 5127 560 5197 senatoreS,
593 5127 705 5182 aut
733 5121 1104 5181 decuriones
1120 5125 1383 5199 possunt
1402 5120 1652 5198 eligere,

157 5229 262 5271 non
290 5218 490 5275 tamen
524 5219 784 5293 possunt
813 5214 1183 5274 electionem
1220 5215 1450 5274 factam
1478 5232 1661 5273 revo-

155 5321 300 5381 care,
334 5306 449 5368 hoc
476 5308 646 5368 enim
674 5308 942 5386 pertinet
968 5306 1050 5367 ad
1077 5311 1452 5385 potestatem
1478 5324 1658 5385 supe-

157 5395 361 5458 riorem
393 5421 406 5461 :
439 5420 561 5461 non
595 5419 746 5480 ergo
776 5400 1009 5462 debent
1035 5406 1185 5461 tunc
1231 5400 1500 5479 pretium
1531 5418 1657 5460 em-

154 5491 297 5564 ptori
325 5494 669 5570 restituere,
714 5494 956 5554 etiamsi
1004 5493 1168 5552 mala
1214 5493 1338 5553 fide
1381 5492 1658 5553 officium

157 5581 205 5641 ei
229 5585 631 5665 vendiderint,
656 5588 767 5649 sed
797 5587 999 5649 solum
1028 5605 1247 5649 curare
1277 5587 1442 5667 apud
1472 5605 1658 5665 supe-

3199 397 3317 456 465

1782 568 1978 629 riores
2024 572 2095 631 ut
2136 570 2411 630 officium
2469 570 2787 632 auferatur
2832 569 3124 649 indigne,
3183 569 3319 631 haec

1782 662 1948 721 enim
1979 680 2128 722 cura
2158 663 2247 722 eis
2275 662 2580 723 incumbit
2605 666 2861 743 propter
2887 663 3123 723 bonum
3153 681 3319 724 com-

1780 773 1970 815 mune
1997 755 2147 833 ipsis
2175 755 2505 831 creditum,
2540 760 2602 817 et
2627 755 2822 816 multo
2853 756 3055 834 magis
3082 756 3135 816 si
3163 774 3321 834 prae·

1780 849 1967 909 cessit
1992 849 2158 908 mala
2185 848 2340 908 fides
2369 847 2432 908 in
2463 848 2842 924 venditione,
2875 867 3015 927 qute
3042 849 3191 910 facit
3210 867 3318 909 eos

1779 958 1921 1000 reos
1950 941 2163 1000 damni
2185 941 2523 1016 consecuti,
2546 946 2736 1020 atque
2754 940 2896 1001 ideo
2914 941 3147 1003 debent
3163 941 3317 1001 illud

1781 1032 1984 1093 modis
2012 1034 2303 1094 omnibus
2333 1033 2660 1114 impedire.

1861 1126 1985 1187 Sed
2015 1127 2320 1206 numquid
2349 1126 2583 1187 debent
2624 1127 2926 1187 electores
2954 1129 3105 1187 tunc
3128 1144 3315 1205 para-

1778 1222 1877 1281 tos
1905 1237 1972 1279 se
2001 1220 2332 1280 ostendere
2378 1219 2459 1279 ad
2487 1219 2883 1280 reddendum
2907 1219 3212 1298 pretium,
3245 1224 3316 1280 ut

1780 1312 2039 1390 indigno
2068 1313 2345 1374 officium
2386 1313 2705 1374 auferatur
2730 1312 2760 1372 ?
2810 1311 3180 1389 Respondeo
3201 1358 3218 1388 ,
3263 1313 3316 1372 si

1780 1404 1898 1482 ipsi
1925 1405 2091 1464 mala
2118 1406 2245 1465 fide
2271 1405 2708 1481 vendiderunt,
2752 1408 2814 1464 et
2841 1405 3149 1466 restitutio
3179 1424 3316 1484 pre·

1781 1497 1850 1557 tii
1879 1498 2233 1559 necessaria
2250 1498 2331 1560 sit
2359 1503 2428 1560 ut
2454 1503 2822 1559 amoveatur
2837 1496 3064 1573 officio,
3085 1498 3317 1559 debere

1783 1590 1998 1670 utique
2028 1591 2252 1651 offerre
2282 1591 2467 1671 pretii
2513 1589 2972 1653 restitutionem
2996 1637 3012 1667 ,
3066 1591 3214 1670 quia
3242 1610 3316 1651 ex

1781 1683 2013 1764 injusta
2035 1684 2287 1746 laesione
2319 1685 2553 1745 debent
2580 1702 2920 1763 procurare
2950 1683 3252 1745 damnum
3282 1704 3320 1746 a

1783 1795 1849 1836 se
1895 1776 2122 1856 injuste
2171 1778 2531 1856 reipublicoe
2586 1778 2826 1838 illatum
2879 1777 3206 1857 impedire.
3253 1778 3321 1839 Si

1780 1887 1930 1930 vero
1959 1869 2127 1929 mala
2155 1870 2278 1929 fide
2308 1874 2782 1948 processerunt,
2815 1888 2939 1930 non
2970 1873 3065 1931 est
3107 1875 3319 1931 tamen

1781 1963 2133 2022 necessaria
2163 1963 2346 2040 pretii
2371 1963 2681 2024 restitutio
2706 1967 2774 2024 ut
2790 1963 3093 2023 damnum
3122 1963 3322 2042 impe-

1780 2054 2008 2130 diatur,
2042 2055 2560 2134 distinguendum
2590 2058 2722 2131 est,
2783 2074 2931 2116 nam
2959 2057 3059 2118 vel
3088 2057 3319 2135 proevi-

1780 2147 2008 2209 derunt
2063 2152 2412 2227 emptorem
2460 2167 2595 2209 esse
2641 2149 2924 2227 ineptum
2967 2152 3029 2210 et
3078 2149 3320 2210 insuffi-

1780 2241 2072 2315 cientem,
2128 2247 2191 2301 et
2244 2246 2394 2302 tunc
2438 2241 2674 2303 debent
2715 2241 2927 2320 reipsa
2982 2260 3203 2303 curare
3249 2247 3319 2303 ut

1778 2334 2058 2411 privetur
2078 2321 2306 2410 officio,
2342 2339 2402 2395 et
2431 2335 2704 2412 pretium
2733 2334 3003 2396 reddere
3022 2335 3312 2415 emptori,

1779 2427 1878 2487 cui
1907 2425 2201 2506 injuriam
2230 2427 2576 2487 intulerunt
2603 2426 2874 2505 pretium
2905 2427 2984 2486 ab
3014 2445 3087 2487 eo
3119 2431 3320 2488 extor-

1778 2523 2058 2598 quenteS,
2082 2537 2269 2597 quem
2285 2519 2818 2599 sciebantprivari
2841 2518 3075 2579 debere
3095 2523 3317 2598 postea

1781 2629 1845 2672 re
1874 2615 2105 2690 empta.
2141 2611 2205 2672 Si
2234 2630 2381 2672 vero
2413 2611 2707 2673 viderunt
2735 2611 3176 2686 sufficientem,
3203 2612 3314 2672 sed

1775 2704 2207 2782 praeviderunt
2251 2704 2331 2764 ob
2384 2723 2567 2765 suam
2614 2704 2865 2784 culpam
2914 2722 3174 2764 munere
3202 2704 3316 2764 ab·

1777 2815 2058 2870 usurum,
2088 2815 2212 2856 non
2235 2802 2328 2858 est
2356 2797 2709 2857 necessaria
2740 2815 2856 2857 nec
2885 2795 3097 2857 debita
3127 2796 3307 2875 pretii

1777 2890 2007 2950 oblatio
2045 2910 2057 2951 ε
2093 2889 2242 2968 quia
2287 2889 2405 2969 ipsi
2433 2889 2855 2951 vendiderunt
2882 2889 3159 2950 officium
3195 2907 3310 2969 pro

1776 2985 1971 3061 pretio
1997 2982 2167 3061 justo
2192 3029 2207 3058 ,
2240 3001 2365 3061 quo
2397 2982 2600 3043 officio
2635 2987 2844 3061 posset
2871 2988 3119 3060 emptor
3146 2982 3309 3042 bene

1774 3075 1862 3137 uti
1891 3079 1953 3137 et
1979 3075 2044 3134 in
2074 3093 2147 3135 eo
2176 3093 2243 3135 se
2273 3093 2646 3135 conservare
2671 3095 2685 3149 ;
2719 3076 2772 3136 si
2803 3079 3014 3137 autem
3044 3093 3159 3135 sua
3187 3074 3312 3135 cul-

1771 3187 1853 3249 pa
1882 3168 2085 3231 officio
2115 3168 2413 3245 abutitur,
2448 3167 2867 3248 sibiimputet.
2889 3171 3102 3249 Neque
3119 3168 3308 3230 etiam

1772 3268 1867 3324 est
1892 3263 2249 3324 necessaria
2274 3262 2457 3341 pretii
2485 3263 2795 3325 restitutio
2840 3263 2917 3322 ad
2960 3262 3310 3341 impedien-

1771 3357 1920 3416 dum
1956 3356 2256 3417 damnum
2284 3355 2645 3435 reipublicae
2669 3401 2685 3432 ,
2728 3374 2872 3416 cum
2900 3355 3098 3435 possit
3123 3371 3309 3434 supe-

1769 3449 1899 3511 rior
1924 3448 2004 3509 ob
2047 3448 2315 3509 abusum
2368 3453 2716 3527 emptorem
2772 3447 2976 3509 officio
3031 3447 3302 3526 privare,

1769 3543 1935 3623 quod
1965 3541 2080 3621 ipsi
2114 3542 2413 3604 electores
2442 3560 2660 3602 curare
2689 3544 3001 3602 tenentur.
3036 3541 3102 3602 Si
3131 3539 3307 3600 deni-

1768 3653 1888 3715 que
1940 3635 2107 3695 bona
2163 3634 2285 3695 fide
2337 3634 2756 3694 vendiderunt
2808 3633 3018 3711 inepto
3038 3678 3057 3706 ,
3117 3649 3304 3711 quem

1765 3734 1981 3806 aptum
2011 3732 2073 3788 et
2098 3728 2360 3805 dignum
2401 3726 2773 3805 judicabant
2806 3744 2819 3785 :
2853 3730 3006 3787 tunc
3047 3723 3303 3803 quidem
3423 3738 3426 3743 ·

1765 3821 2050 3898 superior
2076 3825 2284 3900 potest
2310 3823 2374 3879 et
2399 3819 2588 3879 debet
2614 3818 3043 3879 venditionem
3071 3835 3146 3876 ac
3177 3816 3302 3875 ele-

1765 3913 2034 3975 ctionem
2055 3912 2182 3972 indi
2189 3912 2294 3989 gni
2319 3910 2695 3972 rescindere.
2715 3915 2761 3970 A
2775 3930 2809 3969 n
2825 3927 2973 3969 vero
3001 3909 3301 3970 electores

1764 4007 2036 4067 debeant
2062 4006 2183 4065 hoc
2233 4022 2571 4083 procurare
2595 4050 2610 4079 ,
2669 4004 2903 4083 pendet
2931 4021 3007 4062 ex
3035 4001 3301 4062 circum-

1763 4099 2006 4162 stantiis
2029 4145 2046 4176 ,
2099 4117 2177 4158 an
2220 4097 2495 4158 debeant
2539 4097 2775 4156 malum
2804 4113 3136 4156 commune
3164 4092 3298 4155 sine

1762 4192 2038 4271 ipsorum
2070 4191 2257 4269 culpa
2284 4190 2524 4251 illatum
2556 4208 2701 4251 cum
2747 4194 2922 4250 tanto
2968 4207 3081 4249 suo
3111 4186 3299 4249 detri-

1761 4290 1971 4347 mento
1998 4284 2305 4364 impedire
2340 4304 2352 4344 :
2388 4283 2721 4362 aliquando
2753 4282 2919 4342 enim
2948 4282 3027 4342 ad
3058 4281 3177 4342 hoc
3206 4284 3300 4342 te·—

1760 4379 2074 4439 nebuntur
2098 4381 2356 4457 propter
2384 4394 2599 4437 curam
2616 4375 2967 4437 communis
2986 4374 3133 4436 boni
3155 4392 3296 4453 quse

1759 4471 1848 4533 eis
1876 4471 2218 4547 incumbit,
2266 4469 2604 4549 aliquando
2650 4486 2793 4529 cum
2849 4473 3022 4529 tanto
3062 4467 3293 4528 damno

1757 4564 2011 4644 proprio
2042 4582 2164 4624 non
2198 4563 2595 4624 teenbuntur.
2706 4593 2717 4604 ·

1841 4656 2128 4718 Secundo
2160 4656 2347 4716 etiam
2376 4655 2617 4733 indiget
2644 4653 2927 4714 examine
2949 4699 2965 4727 ,
2999 4653 3164 4731 quod
3197 4653 3294 4712 di-

1759 4749 1919 4810 citur
1933 4748 2011 4808 de
2029 4748 2309 4826 principe
2331 4766 2645 4826 supreme,
2673 4746 2841 4827 quod
2863 4744 3106 4806 etiamsi
3124 4745 3291 4805 bona

1756 4842 1881 4902 fide
1905 4841 2117 4911 inepto
2164 4844 2227 4900 et
2260 4839 2658 4900 insufficienti
2692 4838 2967 4901 officium
2996 4838 3292 4899 vendide-

1754 4936 1855 5007 rit,
1892 4934 2079 4994 debet
2103 4937 2344 5011 postea,
2367 4933 2614 4993 reddito
2645 4932 2869 5010 pretio,
2902 4934 3292 4992 contractum

1756 5025 2133 5088 rescindere.
2169 5028 2326 5084 Nam
2356 5025 2409 5084 si
2437 5024 2717 5102 privatus
2737 5024 2900 5083 bona
2921 5023 3043 5083 fide
3067 5041 3293 5084 renun-

1757 5122 1886 5195 tiet,
1920 5125 1983 5179 et
2028 5117 2263 5178 vendat
2307 5118 2581 5177 officium
2633 5118 2844 5195 inepto
2869 5164 2884 5193 ‚
2935 5135 3058 5176 non
3107 5116 3295 5177 debet

1754 5220 1994 5294 postea,
2029 5211 2281 5289 cognita
2310 5210 2607 5288 emptoris
2635 5209 3072 5270 insufficientia
3093 5255 3109 5284 ,
3143 5227 3290 5288 pre-

1755 5308 1912 5369 tium
1942 5307 2000 5367 ei
2027 5305 2357 5366 restituere
2380 5350 2397 5381 ,
2430 5308 2500 5364 ut
2526 5304 2757 5365 fatetur
2791 5303 2924 5380 ipse
2954 5304 3143 5381 Vasq.
3177 5303 3289 5362 scd

1757 5401 1877 5461 hoc
1906 5398 2246 5460 infortunio
2302 5397 2603 5476 emptoris
2654 5395 3124 5457 attribuendum
3170 5400 3283 5472 est,

1758 5493 1864 5573 qui
1892 5510 2026 5553 rem
2056 5490 2314 5569 quidem
2343 5491 2406 5549 in
2436 5509 2501 5551 se
2532 5489 2750 5551 utilem
2779 5488 2950 5565 emit,
2983 5507 3108 5549 non
3138 5506 3288 5568 ergo

1756 5585 1947 5648 debet
1971 5603 2107 5647 esse
2130 5582 2459 5646 deterioris
2481 5581 2853 5645 conditionis
2873 5581 3161 5662 princeps
3181 5582 3291 5663 qui

3461 1129 3538 1188 45

3437 4675 3515 4734 46
