4263 6376
628 1736 743 1794 285

556 1918 687 1976 tqtum
706 1874 806 1979 ²:lari

529 1979 601 2009 um
641 1980 823 2022 palmeri.

590 5444 709 5505 286

876 257 995 342 ¹⁴.ss

872 448 1018 491 cum
1047 429 1330 491 Sanchez
1359 430 1468 507 ibi,
1515 433 1577 492 et
1622 431 1867 491 constat
1894 446 1969 490 ex
1996 428 2280 491 dicendis
2309 428 2402 488 in-

873 525 1001 593 tra;
1035 522 1277 600 agendo
1309 522 1387 582 de
1408 522 1649 602 justitia
1670 521 2068 583 distributiva
2101 543 2114 583 ε
2151 522 2406 601 quando

875 615 1040 674 enim
1070 615 1290 676 electio
1323 616 1625 695 dignioris
1648 615 1992 693 imponitur
2023 634 2146 676 non
2175 616 2239 674 in
2269 632 2408 694 gra-

873 708 1025 769 tiam
1055 707 1540 783 communitatiS,
1578 713 1640 767 et
1668 712 1924 786 propter
1951 709 2188 769 bonum
2210 708 2409 786 publi-

874 819 1039 875 cum,
1073 799 1183 860 sed
1211 800 1402 862 etiam
1432 800 1491 860 in
1523 800 1794 878 gratiam
1825 800 2284 878 eligendorum,
2321 799 2407 859 illi

874 912 949 953 ex
978 895 1297 953 voluntate
1329 893 1646 954 testatoris
1674 892 2012 971 acquirunt
2031 892 2137 973 jus
2150 892 2409 972 justitiae

874 986 953 1045 ad
984 1005 1117 1046 rem
1142 985 1258 1045 sibi
1290 986 1594 1060 relictam,
1648 989 1717 1046 ut
1745 1004 1857 1062 pro
1904 991 2073 1045 certo
2116 985 2412 1063 supponit

875 1078 1154 1139 Sanchez
1184 1097 1323 1157 cap.
1359 1079 1434 1138 ΙΙ.
1469 1078 1618 1138 dub.
1652 1095 1830 1138 xvui.
1865 1079 2037 1139 Sicut
2065 1078 2113 1138 si
2147 1083 2412 1139 testator

873 1171 1254 1248 relinqueret
1283 1190 1396 1247 pro
1455 1170 1959 1249 consanguineis,
2011 1172 2109 1231 vel
2155 1170 2410 1248 virgini-

874 1266 1009 1338 buS,
1044 1269 1105 1325 et
1134 1264 1390 1323 daretur
1407 1263 1719 1323 extraneis
1748 1264 1847 1323 vel
1868 1262 2258 1342 conjugatis;
2296 1280 2411 1322 nec

875 1362 1079 1435 potest
1106 1375 1239 1416 esse
1256 1355 1736 1416 fundamentum
1767 1355 1845 1415 ad
1871 1355 2410 1436 dicendum,quod

875 1449 1148 1511 conditio
1178 1450 1278 1508 illa
1328 1447 1586 1527 majoris
1634 1448 2020 1526 paupertatis
2063 1467 2188 1508 non
2226 1448 2413 1509 fuerit

873 1542 1158 1621 apposita
1188 1559 1334 1601 cum
1381 1540 1605 1599 eadem
1653 1539 2057 1618 obligatione,
2110 1559 2256 1601 cum
2287 1559 2412 1620 qua

840 1659 850 1668 ²
876 1635 1014 1695 aliae
1044 1634 1435 1695 conditiones
1466 1638 1805 1710 ponuntur.

957 1726 1292 1789 Dubitatur
1322 1731 1566 1806 quarte,
1601 1745 1682 1786 an
1713 1727 1764 1786 si
1785 1725 2060 1803 legatum
2092 1726 2172 1786 sit
2202 1726 2414 1788 utdis-

874 1821 1186 1882 tribuatur
1212 1819 1624 1898 pauperibus,
1672 1818 1867 1898 possit
1910 1824 2105 1878 totum
2140 1819 2273 1878 dari
2306 1819 2413 1879 uni

875 1914 1186 1992 pauperi?
1233 1911 1586 1972 Affirmavit
1634 1911 1986 1972 sarmiento
2037 1911 2208 1989 apud
2255 1913 2413 1973 San-

876 2007 1026 2066 cliez
1057 2006 1223 2066 dicto
1278 2005 1427 2065 dub.
1464 2022 1557 2065 Lx.
1594 2022 1764 2064 num.
1799 2007 1857 2063 7.
1911 2004 2019 2062 sed
2060 2002 2411 2063 communis

874 2099 1186 2159 sententia
1217 2098 1545 2158 doctorum
1577 2102 1802 2174 negat,
1852 2115 2008 2174 quos
2039 2097 2323 2174 congerit
2350 2102 2412 2158 et

875 2192 1159 2270 sequitur
1188 2191 1351 2250 idem
1385 2190 1665 2252 Sancllez
1695 2189 1815 2258 ibi;
1863 2190 1913 2248 si
1941 2208 2090 2248 vero
2131 2208 2165 2248 e
2194 2194 2412 2250 contra

872 2288 1133 2346 testator
1154 2283 1341 2360 jussit
1371 2283 1507 2343 dari
1536 2282 1640 2341 uni
1672 2282 1932 2359 pauperi
1966 2300 2089 2341 non
2120 2283 2412 2360 designa-

872 2382 957 2453 to,
982 2395 1161 2454 posse
1182 2377 1454 2452 legatum
1473 2375 1665 2434 dividi
1681 2373 2184 2450 acommissario,
2201 2373 2407 2436 etdari

871 2469 1119 2531 duobus
1169 2469 1354 2529 docet
1382 2486 1524 2527 cum
1551 2467 1689 2528 aliis
1717 2466 1884 2525 idem
1918 2466 2203 2527 Sanchez
2252 2487 2312 2527 n.
2343 2472 2401 2528 8.

871 2568 933 2624 et
959 2562 1188 2641 probat
1218 2561 1346 2621 etl.
1390 2560 1581 2622 Unum
1611 2579 1685 2620 ea:
1706 2559 1963 2640 familia,
2005 2576 2167 2620 Lxlx.
2201 2561 2258 2638 g.
2294 2560 2420 2620 Sed

868 2664 950 2715 ets
966 2653 1237 2735 fundum,
1264 2656 1311 2713 ff
1323 2653 1392 2714 de
1413 2653 1615 2733 leqatis
1645 2671 1714 2715 11.
1748 2652 1850 2712 ubi
1876 2652 2048 2728 dicit,
2082 2653 2408 2714 definitum

869 2768 1045 2825 esse,
1107 2748 1447 2808 habentem
1491 2747 1853 2807 facultatem
1902 2764 1939 2804 a
1988 2749 2283 2806 testatore
2328 2747 2408 2807 ad

869 2842 1099 2920 eligere
1130 2840 1330 2911 duos;
1382 2839 1463 2898 ibi
1505 2843 1716 2899 tamen
1760 2837 1912 2906 nihil
1943 2838 2020 2897 de
2060 2838 2180 2898 hoc
2211 2838 2403 2899 habe-

866 2938 999 3009 tur,
1029 2932 1141 2993 sed
1170 2931 1377 3014 colligi
1407 2935 1613 3010 potest
1641 2949 1714 2990 ex
1763 2931 1820 3008 ἓ.
1857 2929 1934 2990 Si
1957 2929 2128 3006 duos,
2180 2930 2284 2990 ubi
2315 2931 2410 2991 vi-

867 3026 1051 3087 detur
1079 3024 1347 3103 supponi
1378 3023 1547 3103 quod
1576 3028 1874 3102 gravatus
1906 3024 2233 3085 restituere
2264 3025 2400 3083 sun-

867 3119 1018 3179 dum
1051 3117 1155 3178 uni
1186 3135 1261 3176 ex
1290 3116 1556 3191 familia,
1597 3116 1650 3175 si
1693 3116 1976 3176 instituat
2003 3115 2162 3176 duos
2192 3135 2263 3174 ex
2297 3135 2403 3176 ea-

865 3212 1009 3273 dem
1049 3211 1289 3271 familia
1319 3210 1624 3285 haeredeS,
1670 3228 1791 3269 non
1824 3209 2066 3288 possint
2106 3210 2212 3269 alii
2256 3229 2402 3270 con-

866 3305 1062 3384 queri,
1098 3303 1208 3363 sed
1263 3302 1347 3362 ibi
1391 3302 1579 3362 etiam
1637 3301 1839 3362 solum
1882 3302 2088 3379 agitur
2144 3302 2221 3361 de
2258 3301 2402 3381 jure

864 3397 1133 3457 aliorum
1164 3415 1237 3455 ex
1267 3394 1506 3454 familia
1546 3394 1629 3454 ad
1673 3394 1976 3472 petendas
2017 3413 2164 3455 suas
2195 3399 2403 3472 partes

866 3508 940 3550 ex
967 3487 1452 3549 fideicommisso
1485 3491 1545 3547 et
1575 3487 1804 3546 dicitur
1826 3533 1841 3562 ,
1878 3487 1929 3546 si
1960 3488 2110 3547 nulli
2135 3507 2206 3546 ex
2229 3488 2406 3547 fami-

861 3582 944 3641 lia
975 3581 1157 3641 datus
1176 3585 1338 3640 esset
1356 3579 1607 3655 funduS,
1641 3579 1751 3639 sed
1775 3585 2092 3655 extraneO,
2127 3580 2403 3658 reliquos

864 3693 939 3734 ex
966 3672 1205 3734 familia
1244 3690 1425 3751 posse
1459 3678 1669 3749 petere
1700 3676 1947 3732 mortuo
1980 3671 2231 3731 haerede
2259 3691 2403 3748 gra-

859 3770 1004 3829 vato
1030 3813 1044 3842 ‚
1096 3765 1375 3843 singulos
1423 3782 1569 3824 suas
1602 3764 1919 3842 portiones
1949 3763 2156 3823 viriles
2181 3810 2196 3836 ,
2257 3764 2403 3842 quia

859 3863 1085 3919 contra
1129 3856 1442 3918 testatoris
1473 3856 1859 3916 voluntatem
1892 3855 2074 3915 datus
2112 3856 2231 3917 fuit
2271 3858 2404 3916 fun-

859 3952 977 4012 dus
1001 3956 1299 4012 extraneo
1336 3971 1349 4012 :
1384 3949 1434 4010 si
1463 3953 1674 4010 autem
1706 3949 1889 4010 datus
1913 3949 2028 4009 fuit
2053 3949 2298 4010 duobus
2328 3967 2403 4010 ex

857 4044 1095 4104 familia
1121 4042 1357 4103 fundus
1388 4041 1598 4121 quoad
1627 4045 1754 4102 tres
1785 4045 1996 4119 partes
2016 4086 2031 4116 ,
2086 4048 2150 4103 et
2190 4042 2402 4121 quoad

861 4139 1153 4216 quartam
1187 4139 1507 4209 extraneo,
1542 4137 1761 4194 contra
1803 4132 1967 4193 hanc
2009 4133 2208 4193 solam
2256 4154 2402 4214 par-

858 4234 987 4289 tem
1017 4246 1198 4306 posse
1257 4244 1444 4304 agere
1493 4226 1766 4304 reliquos
1797 4244 1871 4285 ex
1902 4225 2160 4286 familia.
2221 4227 2401 4298 Quod

860 4320 1119 4401 quidem
1147 4338 1365 4380 verum
1397 4322 1524 4390 est;
1577 4319 1725 4397 quia
1767 4318 2005 4378 nullum
2029 4316 2136 4397 jus
2166 4318 2403 4383 liabent

858 4418 1072 4475 contra
1104 4413 1244 4473 illos
1274 4431 1350 4472 ex
1377 4411 1633 4487 familia,
1668 4412 1895 4490 quibus
1924 4410 2107 4473 datus
2138 4416 2234 4473 est
2260 4412 2399 4474 fun-

855 4506 995 4582 duS,
1030 4524 1173 4567 cum
1201 4503 1430 4583 singuli
1462 4510 1716 4583 possent
1744 4503 1881 4564 aliis
1913 4504 2205 4565 omnibus
2237 4524 2399 4584 prae-

852 4598 1023 4659 ferri.
1057 4597 1242 4659 Aliud
1273 4614 1420 4657 vero
1464 4600 1595 4673 est,
1653 4615 1733 4655 an
1782 4602 2080 4673 gravatus
2128 4597 2395 4658 reddere

850 4692 982 4767 uni,
1015 4690 1387 4752 satisfecerit
1415 4687 1622 4749 dando
1650 4688 1895 4750 duobus
1924 4688 2232 4751 voluntati
2263 4695 2392 4751 tes-

848 4784 1089 4860 tatoris,
1125 4803 1196 4843 ex
1240 4801 1364 4861 qua
1393 4781 1641 4843 videtur
1670 4781 1839 4859 quod
1886 4782 1991 4841 uni
2034 4782 2151 4842 soli
2195 4783 2392 4844 debe-

849 4878 958 4938 bat
984 4877 1143 4952 dari,
1179 4880 1248 4936 ut
1270 4874 1599 4954 judicatur
1626 4878 1844 4952 postea
1875 4873 1936 4933 in
1968 4874 2024 4951 ἓ.
2058 4874 2225 4953 Roqo
2252 4876 2394 4956 fun-

846 4970 1004 5046 dum,
1065 4969 1174 5029 ubi
1228 4971 1486 5046 rogatus
1543 4967 1873 5026 restituere
1928 4966 2194 5026 fundum
2248 4973 2392 5047 post

844 5069 1114 5124 mortem
1143 5060 1254 5122 uni
1286 5079 1361 5120 ex
1388 5059 1629 5120 libertis
1681 5059 1785 5118 cui
1812 5057 2033 5134 vellet,
2072 5059 2389 5120 neminem

2041 253 2144 313 DE
2195 251 2551 315 JUS'I'ITIA
2596 251 2697 312 ΕΤ
2739 251 2939 312 JURE

2509 425 2657 486 dere
2674 445 2749 487 ex
2768 427 3088 488 voluntate
3110 427 3446 504 testatoris,
3474 427 3583 507 qui
3597 426 4000 491 sidistributio-

2512 537 2654 584 nem
2683 519 2846 579 inter
2875 520 3084 597 plures
3114 520 3516 597 peculiariter
3543 520 3837 597 intendit,
3881 524 4003 601 quia

2509 612 2771 671 fortasse
2801 612 2998 673 voluit
3032 612 3313 691 pluribus
3343 611 3675 690 prodesse,
3721 620 3788 677 ut
3823 615 4001 692 plures

2511 702 2776 764 haberet
2818 703 2924 783 qui
2953 723 3065 782 pro
3099 723 3172 765 eo
3205 709 3495 782 orarent,
3540 707 3641 766 vel
3670 706 3723 766 ei
3752 709 3902 786 grati
3926 728 4004 767 es-

2511 800 2686 868 sent;
2733 796 3063 858 satisfieret
3107 797 3313 859 dando
3358 798 3468 859 uni
3496 798 3630 860 soli.
3675 804 3831 863 Item
3869 801 3913 860 si
3938 802 4006 862 ita

2515 889 2707 950 voluit
2734 889 2869 949 dari
2900 890 3008 950 uni
3039 890 3185 966 soli,
3246 896 3313 951 ut
3340 891 3404 950 id
3434 891 3784 954 intenderet
3827 913 3897 953 ne
3923 895 4006 954 be-

2510 981 2803 1041 neficium
2824 981 3126 1043 divisione
3157 983 3562 1060 minueretur,
3596 985 3704 1044 sed
3726 1005 3883 1045 unus
3902 1005 4007 1045 ma-

2512 1078 2691 1134 neret
2743 1075 2800 1133 ei
2855 1074 3165 1152 obligatus
3199 1121 3214 1150 ,
3287 1077 3386 1135 vel
3439 1077 3522 1136 ad
3578 1077 3697 1138 hoc
3750 1083 3818 1139 ut
3865 1079 4008 1157 lega·

2513 1172 2644 1227 tum
2726 1167 3062 1227 indivISum
3132 1174 3417 1230 maneret
3485 1176 3548 1231 et
3614 1179 4010 1232 reservaretur

2511 1261 2574 1319 in
2621 1261 2856 1320 familia
2897 1266 3194 1340 perpetuo
3224 1308 3239 1337 ‚
3291 1281 3413 1323 non
3457 1263 3789 1325 satisfieret
3831 1264 4007 1325 dando

2512 1353 2812 1431 pluribuS,
2847 1353 2958 1413 sed
2978 1354 3185 1432 potius
3213 1355 3262 1414 si
3285 1358 3547 1416 testator
3566 1356 3761 1418 voluit
3779 1357 4010 1418 fundum

2512 1446 2918 1507 inalienatum
2973 1464 3231 1507 manere
3285 1453 3593 1527 perpetuo
3647 1449 3708 1509 in
3777 1450 4006 1525 familia,

2512 1544 2727 1618 postea
2757 1544 3020 1618 gravato
3050 1559 3172 1601 noia
3196 1540 3489 1619 eligente,
3512 1540 3744 1620 judicis
3783 1543 4008 1604 arbitrio

2512 1631 2811 1706 dandum,
2844 1632 2944 1692 vel
2974 1632 3174 1709 magis
3206 1631 3574 1711 conjuncte,
3611 1634 3705 1693 vel
3733 1639 3897 1696 sorte
3922 1643 4010 1697 aut

2513 1724 2632 1785 alio
2664 1724 2874 1799 modO,
2912 1725 3017 1783 uni
3059 1743 3134 1784 ex
3176 1725 3296 1785 illis
3340 1744 3417 1786 ex
3443 1726 3670 1804 quibus
3699 1727 3911 1789 electio
3937 1729 4012 1788 fa·

2512 1817 2735 1877 cienda
2777 1827 2932 1878 erat.
2981 1817 3240 1890 Quando
3271 1837 3417 1879 vero
3461 1825 3720 1880 testator
3767 1820 4013 1881 ereditur

2512 1928 2625 1969 nec
2657 1909 3178 1984 disiributionem,
3219 1929 3334 1971 nec
3362 1911 3545 1971 unius
3575 1913 3765 1973 solius
3796 1914 4011 1974 electio·

2512 2021 2657 2062 nem
2686 2003 3032 2062 formaliter
3059 2003 3438 2081 intendisse,
3483 2005 3594 2064 sed
3641 2006 3841 2066 solum
3870 2007 4011 2085 quod

2511 2114 2610 2155 res
2665 2095 2922 2156 daretur
2980 2095 3085 2155 uni
3141 2096 3238 2155 vel
3286 2097 3568 2176 pluribus
3621 2117 3697 2158 ex
3744 2099 3818 2159 iis
3873 2100 4011 2160 inter

2512 2207 2671 2267 quos
2702 2188 3071 2248 electionem
3103 2188 3317 2265 voluit,
3353 2196 3564 2267 posset
3594 2192 3829 2271 absque
3855 2199 4012 2254 testa-

2509 2280 2662 2340 toris
2701 2279 2928 2358 injuria
2970 2281 3191 2359 quovis
3233 2282 3420 2342 modo
3477 2283 3763 2345 satisfieri
3801 2306 3814 2346 :
3872 2285 4014 2365 quod

2509 2378 2709 2434 totum
2785 2393 2860 2433 ex
2926 2374 3411 2435 circumstantiis
3476 2378 3870 2454 pensandum
3918 2383 4011 2440 est.

2508 2465 2685 2527 Unde
2743 2466 2793 2526 si
2850 2471 3111 2527 testator
3157 2467 3346 2545 jussit
3395 2467 3676 2545 legatum
3733 2471 3869 2531 dari
3921 2491 4014 2550 pro

2509 2558 2729 2636 viginti
2759 2558 3105 2637 virginibus
3152 2560 3553 2638 maritandiS,
3602 2567 3664 2625 et
3701 2582 3827 2624 non
3867 2584 4014 2644 repe·

2507 2651 2749 2711 riantur
2772 2651 2886 2711 nisi
2909 2651 3149 2726 decem,
3184 2652 3374 2713 debet
3396 2660 3692 2718 executor
3711 2664 4014 2735 expectare

2510 2762 2622 2821 per
2650 2743 2904 2822 aliquod
2932 2749 3180 2823 tempus
3211 2745 3472 2808 arbitrio
3502 2748 3865 2827 prudentis»,
3911 2768 4013 2830 quo

2509 2841 2855 2911 transact0‚
2891 2837 2940 2896 si
2969 2835 3178 2897 adhuc
3208 2857 3330 2898 non
3360 2839 3484 2900 sint
3510 2840 3730 2918 viginti
3751 2889 3768 2919 ,
3818 2842 4017 2921 poterit

2508 2947 2580 2989 ex
2623 2936 3007 3009 praesumpta
3047 2932 3358 2992 testatoris
3387 2933 3707 2995 voluntate
3752 2935 4014 2996 distribui

2505 3026 2706 3082 totum
2735 3021 2898 3082 inter
2926 3023 3064 3083 illas
3093 3022 3333 3098 decem,
3369 3043 3508 3103 quae
3539 3026 3688 3087 solae
3719 3029 4015 3106 reperiun-

2503 3120 2626 3191 tur,
2659 3119 2729 3175 ut
2755 3134 2898 3175 cum
2927 3116 3121 3177 Baldo
3163 3121 3226 3176 et
3264 3116 3401 3177 aliis
3439 3120 3729 3182 concedit
3759 3122 4016 3182 Sanchez

2505 3227 2677 3270 num.
2711 3213 2770 3270 9.

2585 3302 2918 3362 Dubitatur
2962 3303 3214 3380 quinto,
3273 3322 3354 3364 an
3400 3306 3713 3384 ejusmodi
3758 3308 4015 3387 legatum

2503 3394 2698 3472 possit
2723 3395 2802 3454 ab
2833 3400 3164 3456 executore
3193 3397 3492 3476 applicari
3521 3401 3924 3478 pauperibus,
3954 3420 4017 3460 ea

2501 3487 2638 3563 lege
2669 3492 2737 3546 ut
2766 3487 2864 3546 hic
2886 3506 3147 3566 pauper,
3182 3509 3240 3550 v.
3266 3509 3328 3568 g.
3364 3498 3609 3569 partem
3627 3512 3810 3553 suam
3831 3501 4014 3555 tenea-

2502 3584 2602 3641 tur
2634 3584 2772 3657 post
2799 3580 3175 3642 decennium
3203 3583 3469 3644 reddere
3496 3630 3512 3659 ,
3546 3591 3617 3646 ut
3645 3587 3832 3647 detur
3860 3586 4014 3647 alteri

2501 3672 2809 3751 pauperi?
2866 3674 3198 3735 Affirmant
3248 3675 3537 3737 doctores
3593 3679 4012 3751 communiter,

2506 3783 2661 3843 quos
2692 3767 2876 3825 affert
2904 3771 2965 3826 et
2996 3766 3279 3845 sequitur
3311 3768 3479 3829 idem
3511 3772 3744 3832 Sanch.
3796 3792 3899 3833 nu.
3931 3776 4012 3833 15.

2505 3862 2568 3918 et
2611 3858 2769 3918 ratio
2817 3876 2952 3918 esse
2982 3864 3226 3937 potest,
3280 3862 3426 3940 quia
3467 3863 3551 3924 ita
3583 3870 3733 3926 tunc
3761 3865 4016 3945 legatum

2502 3954 2717 4011 manet
2758 3968 3006 4028 semper
3034 3952 3198 4013 inter
3224 3973 3573 4033 paupereS,
3624 3975 3771 4016 cum
3826 3963 4018 4036 postea

2502 4042 2680 4103 alteri
2709 4044 2971 4121 pauperi
3000 4043 3279 4105 dandum
3307 4046 3406 4122 sit,
3441 4051 3503 4108 et
3529 4048 3694 4110 sicut
3715 4054 3920 4129 potest
3941 4049 4018 4109 di·

2499 4133 2627 4193 vidi
2673 4134 2836 4194 inter
2863 4153 3174 4214 pauperes
3205 4138 3412 4217 quoad
3444 4142 3904 4219 quantitatem;
3944 4143 4019 4203 ita

2499 4226 2691 4287 etiam
2724 4228 2933 4306 quoad
2963 4234 3232 4308 tempus,
3267 4232 3464 4293 Credo
3496 4239 3707 4294 tamen
3727 4282 3743 4311 ,
3787 4235 3948 4314 quod
3973 4233 4014 4294 si

2499 4322 2758 4380 testator
2786 4320 2981 4382 voluit
3012 4328 3078 4383 ut
3112 4323 3365 4385 daretur
3402 4324 3462 4385 in
3507 4326 3607 4386 die
3635 4328 3893 4405 funeris,
3932 4327 4017 4387 vel

2496 4411 2601 4471 tali
2635 4411 2735 4472 die
2766 4412 3183 4476 determinata
3212 4437 3227 4488 ;
3271 4417 3531 4480 deberet
3571 4424 3723 4482 tunc
3750 4422 4016 4482 absolute

2492 4509 2555 4565 et
2595 4504 2726 4564 sine
2756 4506 3130 4584 gravamine
3188 4508 3323 4569 dari
3384 4510 3456 4570 iis
3514 4512 3743 4590 quibus
3798 4514 4012 4575 datur:

2492 4597 2658 4674 quod
2690 4598 2857 4657 enim
2916 4599 3031 4659 sub
3077 4602 3446 4679 gravamine
3490 4604 3594 4665 illo
3625 4605 3849 4683 datur,
3906 4624 4017 4667 non

2493 4688 2679 4748 datur
2708 4689 3108 4768 simpliciter,
3158 4695 3270 4755 sed
3300 4696 3480 4774 quasi
3506 4703 3760 4775 mutuo,
3794 4699 3894 4761 vel
3929 4717 4017 4759 so-

2494 4780 2625 4840 lum
2656 4782 2864 4861 quoad
2907 4802 3089 4844 usum
3118 4786 3215 4846 vel
3254 4789 3716 4851 usumfructum
3754 4809 4012 4852 eommo-

2493 4873 2680 5023 datur
2702 4895 2717 4948 ;
2753 4879 3014 4938 testator
3033 4883 3245 4940 autem
3265 4881 3462 4943 voluit
3490 4883 3595 4943 tali
3618 4884 3721 4945 die
3741 4885 4013 4946 absolute

2494 4987 2514 5026 ι
2538 4986 2652 5028 ari.

4062 3440 4139 3651 {ss}
4103 3309 4139 3367 ω

2575 5062 2908 5124 Dubitatur
2937 5069 3133 5141 sexto,
3165 5086 3246 5127 an
3276 5066 3551 5147 legatum
3573 5069 3858 5132 dandum
3878 5090 4013 5151 pau·
4107 5063 4139 5121 ἒ

845 5156 1054 5235 elegit,
1089 5161 1151 5216 et
1180 5154 1446 5227 dicitur,
1494 5157 1644 5212 tunc
1686 5149 1748 5210 id
1794 5151 1960 5229 quod
2003 5150 2106 5210 uni
2140 5152 2256 5213 soli
2284 5153 2388 5213 de·
2483 5154 2735 5233 peribus
2765 5157 2960 5234 possit
2989 5158 3457 5222 distribuiinter
3486 5181 3801 5241 pauperes
3824 5164 4013 5223 inimi·
4068 5193 4139 5238 A„

842 5249 1086 5324 beatur,
1122 5265 1304 5325 posse
1336 5264 1450 5325 per
1479 5243 1773 5303 accidens
1804 5243 1882 5303 ab
1915 5243 2202 5305 omnibus
2232 5246 2383 5324 peti,

841 5341 987 5403 licet
1015 5359 1141 5401 non
1174 5339 1483 5417 pluribuS‚
1520 5336 1629 5396 sed
1662 5336 1766 5395 uni
1796 5335 2153 5398 deberetur.

924 5435 1054 5509 Ego
1087 5431 1297 5509 itaque
1330 5429 1614 5490 existimo
1637 5432 1973 5508 utrumque
2003 5447 2218 5489 casum
2237 5449 2388 5510 pen-

2491 5265 2597 5307 cos
2614 5247 2919 5309 defuncti?
2937 5250 3538 5332 Distinguuntaliqui
3552 5255 3631 5315 de
3641 5257 4013 5337 pauperibus
4047 5244 4138 5340 ’ξρ

2482 5339 2756 5418 indignis
2771 5346 3027 5421 propter
3038 5343 3344 5405 offensam
3365 5348 3648 5410 testatori
3664 5347 4014 5425 illatam,vel
4079 5354 4139 5391 ’Φ

2484 5451 2611 5493 non
2641 5433 2936 5512 indigni5‚
2971 5436 3082 5498 sed
3111 5437 3344 5500 odiosis
3371 5442 3677 5518 testatori,
3714 5447 3779 5503 et
3806 5460 4010 5503 rursus
