4263 6376
1151 401 1623 465 DISPUTATIO
1665 399 1910 476 XXVII,
1958 398 2234 466 SECTIO
2271 398 2375 461 v1.

267 580 451 644 Ratio
480 582 715 656 autem,
748 581 1178 659 curpereunte
1200 580 1298 641 vel
1328 580 1716 643 infructifera
1819 598 1859 641 a
1915 577 2323 642 sanctissimo
2377 574 2796 656 responderit,
2857 574 3081 656 etipse
3111 592 3368 654 respon-

194 672 431 735 reddita
472 673 537 734 in
575 677 952 752 perpetuum
998 676 1174 751 parte
1203 673 1447 752 proedii,
1499 675 1719 753 pereat

193 785 331 846 pars
385 784 633 842 censuS,
683 784 889 846 neque
919 784 1136 827 omnes
1178 766 1418 828 fructus
1451 767 1716 828 aliarum

194 859 460 940 partium
491 859 764 921 debeant
806 859 1072 937 obligari
1118 859 1197 921 ad
1225 859 1596 938 pensionem
1624 860 1719 920 in-

195 958 451 1032 tegram,
485 956 600 1029 est,
634 951 782 1032 quia
810 971 1034 1014 census
1062 952 1179 1014 fuit
1204 954 1391 1014 realis
1420 954 1719 1031 obligatio

195 1046 377 1108 totius
422 1046 665 1124 praedii,
732 1064 874 1125 quae
934 1046 1233 1124 obligatio
1288 1046 1723 1108 coextenditur

197 1138 308 1218 ipsi
334 1139 601 1217 praedio,
636 1139 722 1200 ita
756 1142 825 1200 ut
851 1138 931 1200 sit
950 1142 1083 1199 tota
1111 1138 1175 1199 in
1204 1142 1360 1214 toto,
1395 1143 1458 1200 et
1485 1157 1630 1217 pars
1657 1139 1721 1198 in

197 1237 395 1311 parte;
444 1250 641 1311 quare
680 1235 985 1311 pereunte
1032 1235 1211 1311 parte
1265 1231 1507 1310 praedii‚
1560 1230 1725 1310 perit

199 1343 335 1406 pars
349 1325 454 1386 illa
475 1325 876 1405 obligationis
892 1344 1033 1404 quae
1055 1326 1114 1386 ei
1140 1325 1302 1403 parti
1333 1324 1721 1386 adhaerebat.

274 1418 427 1481 Hinc
469 1418 675 1479 obiter
719 1418 943 1496 infero,
999 1418 1051 1478 si
1081 1417 1290 1496 aliqua
1326 1435 1475 1496 pars
1502 1416 1722 1497 praedii

203 1529 318 1573 non
345 1511 426 1572 sit
466 1511 718 1573 reddita
746 1511 1002 1573 omnino
1046 1510 1438 1571 infructifera
1477 1509 1542 1570 in
1584 1529 1726 1589 per-

205 1609 472 1683 petuum,
516 1604 630 1665 sed
677 1604 885 1665 minus
925 1604 1196 1665 fecunda
1225 1603 1288 1663 in
1324 1607 1722 1682 perpetuum,

206 1697 284 1758 ita
310 1701 375 1759 ut
407 1698 652 1759 fructus
681 1716 823 1776 quae
867 1716 942 1758 ex
969 1697 1077 1757 illa
1109 1696 1566 1775 percipiuntur,
1601 1715 1726 1757 non

206 1790 529 1867 sufficiant,
591 1790 878 1852 deductis
947 1790 1256 1868 expensiS,
1331 1790 1411 1850 ad
1483 1794 1727 1868 partem

205 1884 509 1963 pensionis
557 1883 949 1956 solvendam,
987 1902 1127 1962 quae
1168 1883 1256 1943 illi
1294 1882 1459 1963 parti
1505 1882 1730 1961 praedii

206 1996 309 2055 pro
349 1980 488 2039 rata
529 1977 1074 2055 corresponderet,
1127 1995 1255 2038 non
1305 1995 1441 2037 esse
1490 1976 1731 2037 solven-

207 2070 340 2130 dam
367 2070 680 2149 integram
711 2070 1078 2148 pensionem
1099 2087 1345 2146 census,
1382 2068 1628 2129 etiamsi
1655 2087 1732 2129 ex

206 2163 317 2224 alia
366 2168 546 2242 parte
602 2163 823 2241 praedii
879 2162 1226 2239 uberiores,
1279 2180 1470 2241 quam
1520 2165 1730 2234 antea,

208 2257 431 2318 fructus
458 2255 915 2336 percipiantur,
970 2256 1082 2316 sed
1114 2275 1186 2315 ex
1226 2260 1406 2333 parte
1454 2255 1733 2315 secunda

208 2349 563 2411 solvendam
608 2353 855 2428 partem
900 2367 1043 2428 quae
1082 2349 1167 2410 illi
1212 2347 1729 2428 correspondeat,

210 2461 279 2502 ex
324 2442 443 2503 alia
484 2461 640 2504 vero
686 2446 865 2521 parte
913 2442 1121 2503 minus
1146 2441 1442 2503 foecunda
1487 2442 1737 2503 solven-

210 2535 348 2597 dum
392 2536 623 2612 solum,
676 2540 982 2615 quantum
1030 2536 1241 2597 valere
1296 2538 1583 2615 possunt,
1626 2535 1738 2594 de-

178 2616 396 2693 'ductis
425 2627 743 2710 expensis,
779 2628 915 2707 ejus
943 2629 1207 2689 fructuS.

279 2722 549 2784 Adverto
564 2722 858 2798 tamen,si
870 2722 1120 2801 quando
1135 2740 1358 2782 census
1369 2719 1738 2782 constitutus

210 2815 315 2876 fuit
350 2835 540 2894 super
589 2815 798 2893 aliquo
844 2814 1104 2894 praedic,
1161 2814 1296 2893 jam
1341 2818 1489 2875 tunc
1545 2814 1740 2874 altera

131 2927 141 3008 ζ
210 2927 342 2986 pars
368 2907 591 2987 praedii
637 2911 772 2968 erat
824 2908 1113 2984 fecunda,
1160 2908 1356 2968 altera
1391 2908 1599 2967 minus
1650 2907 1741 2966 fe-

138 3050 148 3061 .
211 3001 428 3073 cunda3
528 3019 657 3062 non
730 3000 988 3079 intelligi
1069 3000 1331 3061 divisam
1419 2999 1742 3079 aequaliter

212 3094 643 3172 obligationem
699 3094 1017 3173 pensionis
1058 3094 1119 3154 in
1203 3099 1467 3173 utraque
1521 3098 1735 3173 parte,

210 3187 309 3249 sed
406 3187 718 3268 majorem
800 3193 1043 3266 partem
1122 3187 1438 3267 pensionis
1515 3185 1740 3248 consti-

212 3281 291 3342 tui
332 3301 517 3361 super
548 3287 725 3360 parte
771 3281 1064 3357 fecunda,
1098 3285 1160 3342 et
1203 3282 1512 3342 minorem
1553 3298 1742 3359 super

212 3378 372 3453 parte
426 3375 641 3436 minus
694 3375 987 3451 fecunda,
1052 3373 1233 3453 juxta
1275 3373 1742 3453 proportionem

212 3468 454 3547 majoris
482 3468 587 3528 vel
632 3461 893 3528 minoris
939 3467 1362 3543 fecunditatis,
1398 3485 1588 3546 quam
1618 3466 1743 3525 sin-

213 3561 357 3637 gulae
386 3566 600 3639 partes
629 3560 885 3621 babent.
911 3560 1203 3638 Alioquin
1235 3559 1456 3621 divisio
1488 3578 1611 3620 non
1633 3560 1743 3619 sse-

212 3658 298 3715 ret
345 3653 690 3733 aequaliter,
741 3653 793 3714 si
848 3653 1051 3714 solum
1103 3652 1283 3732 juxta
1331 3653 1743 3732 quantitatem

214 3747 589 3807 materialem
624 3745 844 3824 praedii
887 3747 1087 3823 fieret,
1135 3745 1246 3806 sed
1276 3745 1511 3807 debent
1536 3745 1741 3807 consi-

216 3837 402 3902 derari
452 3844 665 3918 partes
712 3839 1058 3900 formaliter
1084 3842 1154 3899 ut
1181 3838 1517 3900 fructiferae
1565 3841 1742 3914 sunt,

217 3931 348 4008 quia
396 3933 512 3993 sub
545 3950 623 3993 ea
678 3931 879 3992 solum
926 3932 1168 3992 ratione
1216 3931 1438 4011 subjici
1486 3934 1748 4011 possunt

218 4025 410 4085 censui
459 4045 473 4086 :
529 4041 727 4104 quare
785 4042 925 4103 quae
993 4024 1194 4101 magis
1241 4028 1334 4084 est
1386 4024 1743 4100 fructifera,

218 4117 404 4195 magis
448 4117 802 4196 subjicitur,
860 4121 922 4177 et
949 4117 1174 4190 minuS‚
1211 4134 1350 4196 quae
1381 4117 1587 4178 minus
1621 4119 1750 4177 fru-

220 4209 419 4271 ctifera
473 4213 590 4272 est.
651 4210 854 4271 Minor
901 4215 1111 4271 autem
1178 4210 1552 4270 foecunditas
1607 4227 1747 4288 quae

222 4302 290 4362 ab
331 4303 501 4366 initio
560 4310 697 4365 erat
725 4303 789 4363 in
835 4321 964 4363 una
1008 4306 1185 4382 parta
1235 4321 1360 4364 non
1401 4302 1552 4364 facit
1580 4302 1748 4382 quod

222 4396 508 4471 praedium
538 4396 749 4475 quoad
778 4395 949 4456 illam
979 4399 1222 4474 partem
1250 4395 1330 4456 sit
1353 4394 1749 4456 effectumin·

223 4485 612 4565 fructuosum,
656 4489 754 4548 vel
800 4488 1008 4548 minus
1044 4488 1468 4563 fructiferum,
1518 4487 1595 4547 de
1625 4505 1748 4566 quo

226 4581 339 4642 solo
364 4601 515 4643 casu
563 4582 737 4643 bulla
783 4581 1083 4661 loquitur,
1125 4599 1265 4661 quae
1294 4581 1487 4642 verba
1516 4580 1753 4658 signifi-

225 4679 355 4738 cant
401 4675 813 4737 mutationem
868 4675 1101 4735 factam
1145 4677 1287 4753 post
1341 4673 1750 4736 constitutum

227 4783 484 4830 censum.
537 4771 687 4829 Haec
730 4768 1084 4846 procedunt
1130 4765 1309 4847 juxta
1356 4785 1754 4828 communem

226 4859 647 4941 theologorum
677 4861 1178 4940 explicationem.
1215 4863 1372 4922 Rota
1402 4863 1613 4920 tamen
1631 4862 1754 4920 Ro-

228 4969 399 5013 mana
425 4954 488 5013 in
538 4953 856 5016 decisione
886 4953 1160 5033 quadam
1204 4954 1486 5014 Romana
1532 4970 1755 5013 census

229 5045 331 5105 sub
360 5047 537 5108 Card.
571 5047 823 5108 Mellino
848 5048 946 5107 30.
981 5045 1235 5107 Octobr.
1269 5048 1447 5106 1602.
1474 5045 1758 5107 decrevit

230 5137 445 5199 reditus
491 5139 772 5218 integros
822 5138 1156 5199 solvendos
1202 5156 1276 5198 ex
1314 5143 1492 5218 parte
1538 5138 1755 5219 praedii

232 5237 590 5309 remanente,
652 5232 706 5292 si
734 5231 870 5311 ejus
911 5232 1150 5292 fructus
1192 5231 1524 5308 sufficiant,
1579 5250 1757 5292 secus

234 5322 276 5381 si
328 5343 445 5385 non
497 5325 833 5400 sufficiant,
868 5342 992 5403 quo
1048 5343 1198 5385 casu
1256 5325 1514 5403 intelligi
1571 5325 1759 5386 debet

233 5413 387 5478 bulla
466 5419 635 5498 quod
675 5417 1003 5498 probabile
1047 5422 1163 5496 est,
1196 5417 1322 5480 imo
1351 5418 1597 5481 videtur
1627 5437 1760 5479 am-

236 5508 622 5586 plectendum
650 5510 716 5573 in
742 5511 943 5590 praxi,
988 5528 1065 5574 eo
1095 5512 1266 5592 quod
1294 5515 1435 5576 rota
1475 5512 1761 5575 consulta

3244 399 3357 467 371

1819 690 1958 733 sum
1986 669 2429 750 acceptaverit.

1898 765 2233 827 Dubitatur
2259 762 2556 839 secundo,
2590 761 2844 843 quando
2873 759 3183 841 praedium
3213 777 3361 822 cen-

1816 857 1914 920 sui
1942 858 2295 937 subjectum
2327 875 2451 918 non
2481 856 2663 935 perit,
2696 856 2807 916 sed
2838 855 3366 933 dividiturpostea

1818 953 1980 1015 inter
2007 951 2218 1030 plures
2266 950 2574 1027 dominos,
2627 968 2707 1011 an
2748 948 2978 1028 singuli
3032 952 3366 1011 teneantur

1819 1044 1900 1106 ad
1948 1044 2314 1124 pensionem
2363 1043 2695 1122 integram,
2749 1043 2802 1104 si
2847 1042 3138 1103 dominus
3165 1041 3245 1102 ab
3275 1039 3366 1101 eis

1822 1138 2064 1218 exigat;
2114 1156 2194 1199 an
2226 1154 2374 1199 vero
2424 1137 2627 1199 solum
2670 1137 2749 1198 ad
2777 1140 3021 1217 partem
3049 1134 3366 1214 pensionis

1820 1250 1935 1314 pro
1962 1235 2101 1293 rata
2129 1231 2325 1311 partis
2343 1230 2586 1310 praedii‚
2606 1249 2799 1311 quam
2828 1229 3194 1308 possident?
3210 1230 3362 1290 Pos-

1820 1344 1887 1387 se
1916 1325 2294 1387 creditorem
2322 1343 2359 1385 a
2388 1324 2648 1402 singulis
2695 1323 2942 1402 exigere
2983 1326 3184 1384 totum
3225 1340 3367 1383 cen-

1823 1437 1985 1495 sum,
2021 1418 2341 1479 affirmant
2376 1417 2605 1481 Molina
2633 1417 2792 1497 disp.
2843 1420 2983 1479 391.
3017 1435 3189 1476 num.
3222 1418 3361 1477 391.

1823 1530 1996 1572 num.
2031 1514 2090 1573 3.
2145 1515 2208 1571 et
2243 1511 2492 1572 Lessius
2538 1530 2710 1571 num.
2745 1514 2843 1573 89.
2894 1528 3039 1571 cum
3087 1511 3367 1570 Navarro

1826 1605 1905 1665 de
1934 1604 2141 1665 usuris
2167 1623 2340 1668 num.
2375 1608 2511 1665 114.
2560 1604 2708 1682 quia
2737 1602 3012 1665 conditio
3042 1601 3369 1663 creditoris

1827 1715 1953 1759 non
1983 1696 2173 1757 debet
2215 1697 2352 1757 fieri
2400 1696 2678 1759 deterior
2705 1714 2782 1756 ex
2811 1695 3136 1757 baeredum
3164 1694 3370 1757 multi-

1824 1790 2183 1869 plicatione,
2219 1809 2422 1869 neque
2453 1791 2614 1852 ullus
2633 1790 2821 1852 vellet
2845 1808 2991 1851 cum
3017 1788 3124 1851 tali
3153 1806 3373 1867 grava·

1825 1883 1994 1944 mine
2023 1901 2283 1944 censum
2312 1901 2543 1944 emere.

1909 1976 2303 2039 Contrariam
2352 1977 2729 2039 sententiam
2756 1977 2987 2039 docent
3012 1978 3235 2040 Covar.
3270 1993 3366 2040 111.

1828 2089 1963 2132 var.
1999 2088 2053 2132 c.
2090 2087 2202 2132 vn.
2256 2089 2429 2131 num.
2463 2075 2523 2131 ’1.
2583 2072 2871 2131 Emman.
2931 2071 3262 2148 ValascuS,
3314 2074 3377 2133 et

1829 2164 2066 2225 Rebell.
2103 2182 2260 2243 quos
2291 2167 2474 2225 affert
2501 2167 2564 2225 et
2588 2164 2873 2243 sequitur
2901 2165 3078 2226 Salas
3106 2165 3256 2226 dub.
3282 2180 3368 2226 xx.

1831 2275 2004 2318 num.
2038 2261 2098 2317 2.
2131 2259 2195 2318 et
2224 2256 2375 2316 mibi
2423 2257 2613 2318 etiam
2640 2256 2843 2334 magis
2872 2256 3096 2336 placet.
3131 2258 3209 2317 Et
3239 2257 3378 2335 qui-

1833 2350 2001 2427 dem,
2037 2349 2089 2409 si
2136 2368 2285 2428 pars
2314 2368 2455 2429 quae
2486 2369 2560 2410 ex
2590 2349 2694 2410 illo
2741 2349 2936 2411 fundo
2967 2350 3045 2409 de
3076 2368 3241 2411 novo
3268 2369 3377 2411 ve-

1831 2443 1927 2505 nit
1953 2442 2033 2502 ad
2063 2444 2341 2519 Petrum,
2368 2460 2490 2502 non
2520 2441 2967 2521 possitbabere
2996 2443 3233 2504 fructus
3253 2443 3377 2504 suf-

1832 2535 2113 2597 ficientes
2145 2535 2225 2595 ad
2268 2534 2632 2595 solvendam
2673 2535 2983 2613 integram
3010 2536 3377 2615 pensionem

1834 2646 2080 2704 census,
2114 2646 2240 2689 non
2266 2632 2529 2706 apparet
2575 2646 2699 2707 quo
2729 2628 2908 2689 titulo
2931 2629 3128 2707 possit
3157 2632 3376 2691 Petrus

1836 2722 2100 2799 obligari
2129 2721 2209 2781 ad
2241 2739 2380 2781 eam
2411 2722 2653 2800 integre
2684 2721 3070 2798 solvendam,
3098 2726 3208 2783 aut
3221 2740 3380 2802 quo-

1836 2815 2026 2876 modo
2057 2832 2281 2875 census
2310 2814 2411 2874 ille
2458 2818 2747 2894 respectu
2776 2813 2945 2874 Petri
2974 2817 3139 2875 esset
3166 2815 3374 2891 realiS,

1838 2913 1902 2969 et
1930 2926 2053 2969 non
2082 2907 2289 2986 potius
2334 2907 2700 2986 personalis,
2734 2907 2832 2966 vel
2880 2906 3100 2968 saltem
3131 2908 3373 2985 mistus,

1837 3019 1981 3062 cum
2009 3019 2109 3060 res
2165 3000 2378 3061 censui
2434 2999 2738 3079 subjecta,
2772 3018 2913 3079 quae
2971 3001 3138 3078 apud
3171 3002 3379 3080 ipsum

1837 3098 1953 3170 est,
1986 3094 2083 3154 vel
2139 3112 2462 3173 nunquam
2498 3094 2635 3170 fuit,
2686 3111 2809 3154 non
2840 3092 2921 3154 sit
2963 3112 3162 3173 capax
3188 3099 3381 3157 tantae

1839 3185 2237 3264 obligationis
2273 3207 2286 3247 :
2330 3190 2392 3248 et
2419 3207 2496 3247 ex
2529 3186 2812 3248 terminis
2858 3185 3006 3267 ipsis
3053 3190 3381 3252 manifeste

1841 3279 2183 3340 absurdum
2213 3284 2495 3358 apparet,
2522 3281 2690 3360 quod
2719 3280 2769 3340 si
2800 3299 2986 3362 emaS,
3010 3282 3382 3361 particulam

1839 3372 2013 3433 fundi
2042 3373 2281 3450 magni,
2315 3391 2456 3451 quae
2481 3375 2689 3436 valeat
2717 3377 2854 3435 100.
2888 3393 3136 3453 aureos,
3159 3394 3231 3436 eo
3244 3377 3381 3454 ipso

1843 3483 2123 3526 assumas
2178 3465 2295 3527 tibi
2361 3467 2806 3546 obligationem
2860 3468 3142 3530 solvendi
3198 3473 3376 3531 2000.

1843 3576 2066 3622 aureos
2096 3576 2338 3619 annuos
2366 3576 2478 3637 pro
2524 3560 2821 3637 pensione
2860 3579 3105 3638 censuS,
3159 3561 3258 3623 cui
3288 3566 3386 3623 to-

1839 3655 1941 3712 tus
1966 3651 2198 3712 fundus
2223 3652 2544 3730 subjectus
2574 3658 2728 3715 erat.

1924 3745 2101 3818 Quod
2131 3762 2280 3805 vero
2311 3745 2480 3805 idem
2535 3745 2873 3807 dicendum
2917 3748 3017 3824 sit,
3066 3747 3214 3810 licet
3239 3764 3385 3827 pars

1842 3838 2018 3898 fundi
2074 3855 2216 3916 quae
2263 3838 2344 3898 ad
2393 3840 2646 3899 Petrum
2676 3847 3024 3920 emptorem
3072 3841 3380 3922 pervenit,

1844 3931 2004 3993 ferat
2028 3931 2266 3991 fructus
2309 3932 2687 3993 sufficientes
2735 3935 2812 3992 ad
2841 3935 3206 3996 solvendam
3236 3936 3388 3997 inte-

1846 4043 2024 4104 gram
2057 4024 2445 4102 pensionem,
2483 4026 2736 4103 probari
2770 4031 2995 4105 potest.

1930 4117 2159 4193 Prim0,
2196 4118 2343 4196 quia
2396 4118 2692 4197 obligatio
2722 4121 2802 4181 ad
2856 4121 3222 4200 pensionem
3262 4141 3386 4185 non

1847 4210 2116 4273 inhaeret
2145 4210 2628 4289 indivisibiliter,
2672 4217 2744 4273 ut
2786 4215 3080 4292 vidimus,
3127 4216 3388 4295 singulis

1845 4304 2127 4383 partibus
2156 4304 2356 4381 fundi,
2392 4305 2500 4365 sed
2549 4305 2964 4385 divisibiliter,
2999 4313 3130 4370 tota
3158 4309 3223 4369 in
3251 4314 3384 4373 toto

1850 4402 1913 4458 et
1940 4415 2085 4476 pars
2115 4398 2179 4456 in
2228 4401 2437 4476 parte;
2481 4416 2632 4478 ergo
2685 4418 2828 4460 cum
2856 4406 3033 4480 parte
3062 4402 3241 4463 fundi
3261 4422 3389 4465 non

1848 4494 2053 4570 potest
2096 4491 2364 4552 transire
2418 4495 2549 4552 tota
2603 4493 2900 4573 obligatio
2950 4496 3031 4557 ad
3079 4495 3392 4577 integram

1847 4583 2235 4663 pensionem,
2270 4584 2382 4645 sed
2413 4586 2614 4646 solum
2644 4605 2792 4666 pars
2823 4589 3221 4668 obligationis
3252 4610 3392 4670 quae

1850 4680 1987 4738 erat
2012 4676 2078 4736 in
2105 4676 2215 4737 illa
2240 4681 2419 4755 parte
2442 4678 2638 4740 fundi.
2675 4680 2852 4752 Quod
2875 4683 3167 4760 explicari
3191 4687 3396 4762 potest

1853 4770 2138 4849 exemplo
2168 4769 2458 4847 haerediS,
2508 4773 2614 4850 qui
2643 4772 2696 4832 si
2725 4792 2850 4834 non
2895 4775 2974 4836 sit
3021 4775 3223 4836 haeres
3251 4777 3391 4836 uni-

1851 4862 2129 4939 versaliS,
2165 4862 2274 4922 sed
2303 4864 2582 4942 partialis
2611 4883 2754 4925 cum
2778 4866 2914 4926 aliis
2935 4867 3389 4944 cohoeredibuS,

1853 4973 1977 5015 non
2008 4954 2176 5015 subit
2203 4973 2397 5016 onera
2427 4961 2490 5017 et
2517 4957 2932 5036 obligationes
2953 4960 3252 5038 defuncti,
3278 4960 3394 5020 nisi

1847 5047 2027 5127 juxta
2080 5052 2324 5124 partem
2381 5049 2762 5112 haereditatis
2816 5052 2882 5111 in
2912 5070 3035 5131 qua
3089 5053 3392 5131 succedit,

1856 5159 1971 5200 nec
1999 5145 2206 5219 potest
2234 5142 2506 5203 creditor
2534 5143 2809 5205 defuncti
2839 5164 2878 5205 a
2906 5144 3164 5225 singulis
3194 5146 3394 5207 baere-

1856 5233 2040 5294 dibus
2070 5251 2182 5312 pro
2212 5234 2387 5295 libito
2418 5236 2665 5314 exigere
2685 5240 2885 5297 totum
2915 5238 3214 5312 debitum,
3252 5241 3400 5318 quia

1857 5344 2001 5388 cum
2028 5331 2207 5405 parte
2257 5327 2641 5390 baereditatis
2679 5347 2804 5389 non
2835 5330 3055 5392 transit
3082 5336 3213 5393 tota
3243 5333 3401 5392 obli-

1854 5418 2025 5498 gatio
2056 5420 2355 5497 defuncti,
2381 5422 2490 5482 sed
2521 5441 2666 5501 pars
2697 5422 2884 5486 illius.
2918 5424 3220 5486 Similiter
3248 5443 3398 5506 ergo

1858 5515 1923 5575 et
1946 5530 1987 5574 a
2013 5511 2256 5576 fortiori
2313 5513 2614 5593 obligatio
2660 5514 2861 5598 fundi,
2921 5534 3065 5598 quae
3111 5536 3237 5581 non
3266 5521 3402 5581 erat

3513 771 3631 831 106

3469 894 3591 947 Quid,
3625 895 3664 938 si

3416 949 3614 1003 prndium
3642 948 3721 993 ‹11-

3416 1002 3578 1045 vidntur
3608 1002 3723 1048 inta-

3488 1057 3652 1111 plures.
