4263 6376
164 4083 216 4227 52²3

1265 306 1735 372 DISPUTATIO
1780 305 1972 379 XXV,
2022 303 2296 364 SECTIO
2344 304 2443 369 Vl.

288 518 424 579 ergo
446 516 570 559 non
598 514 662 556 es
690 494 942 570 invituS,
992 492 1105 553 sed
1149 489 1415 550 libenter
1456 482 1653 563 pretio
1685 480 1797 541 ali-

288 612 399 673 quo
428 591 763 652 redimeres
792 606 829 644 a
856 603 958 645 me
994 584 1274 645 laborem
1304 585 1503 653 tuum,
1538 594 1661 637 non
1685 575 1795 634 ha-

288 688 394 747 beo
421 683 822 745 intentionem
867 678 1198 739 virtualem
1246 669 1642 735 condonandi
1682 666 1797 728 tibi

286 789 447 840 tuum
473 775 772 847 laborem,
822 771 932 832 sed
961 769 1167 849 potius
1208 764 1497 845 exigendi
1525 761 1796 841 pretium

285 890 387 951 pro
414 870 534 943 illo,
568 871 629 926 et
654 862 1062 942 computandi
1089 862 1201 922 tibi
1229 861 1295 919 in
1316 862 1558 936 partem
1587 853 1791 933 pretii,

287 959 571 1044 quidquid
602 958 714 1019 tibi
744 957 846 1029 do,
881 974 996 1015 nec
1027 953 1219 1013 dandi
1237 951 1344 1013 tibi
1375 949 1591 1029 gratis.
1626 944 1796 1026 quod

287 1055 467 1135 pretio
496 1052 645 1111 dare
675 1066 951 1128 possum.
989 1047 1164 1108 Sicut
1192 1045 1358 1105 enim
1381 1049 1443 1104 tu
1468 1037 1795 1101 nihilmihi

284 1148 461 1226 gratis
489 1145 600 1204 das
628 1142 689 1201 in
722 1141 825 1201 illo
852 1143 1215 1210 contractu;
1250 1137 1337 1198 ita
1365 1154 1481 1214 ego
1512 1132 1654 1193 nolo
1685 1129 1798 1191 tibi

284 1243 522 1313 donare,
556 1236 674 1296 nisi
695 1233 866 1313 quod
895 1233 1165 1292 vendere
1189 1250 1311 1292 non
1333 1245 1607 1309 possum.
1644 1227 1797 1286 Cum

285 1351 420 1412 ergo
472 1346 719 1409 possem
784 1325 895 1388 tibi
952 1325 1233 1385 laborem
1279 1328 1457 1385 tuum
1498 1319 1793 1390 vendere,

285 1442 456 1507 quem
484 1428 550 1483 tu
576 1420 778 1501 pretio
809 1419 1018 1497 aliquo
1050 1436 1086 1476 a
1128 1435 1228 1476 me
1274 1414 1644 1483 redimeres3
1696 1428 1800 1470 vo·-

281 1519 470 1579 luntas
522 1532 667 1574 mea
712 1510 997 1571 virtualis
1048 1514 1161 1585 est,
1223 1512 1292 1568 ut
1334 1506 1604 1586 pretium
1646 1501 1799 1562 illud

283 1612 662 1687 computetur
690 1606 753 1665 in
809 1607 1055 1681 partem
1113 1601 1276 1662 illius
1322 1599 1489 1679 quod
1536 1596 1649 1658 tibi
1685 1612 1798 1675 pro

282 1704 441 1764 lucro
471 1701 623 1760 dare
652 1696 1035 1758 debuissem.

354 1793 524 1856 Unde
552 1791 780 1866 infero,
812 1790 876 1848 in
891 1788 1066 1848 lucro
1090 1804 1165 1846 ex
1183 1803 1360 1845 mera
1379 1782 1800 1862 negotiatione

282 1890 549 1949 cessante
578 1900 806 1963 parum
836 1885 944 1940 aut
972 1878 1126 1939 nihil
1155 1877 1400 1939 detrahi
1428 1876 1657 1937 debere
1687 1890 1799 1951 pro

282 1981 480 2041 labore
498 1973 892 2049 mercatoria,
931 1972 983 2032 is
1004 1972 1170 2032 enim
1205 1968 1663 2030 modicissimus
1697 1985 1804 2026 ex-

281 2076 520 2134 cusatur
547 2067 878 2130 occasione
906 2064 1108 2126 mutui
1158 2083 1172 2123 2
1231 2081 1376 2121 nam
1423 2060 1584 2121 sicut
1614 2059 1800 2119 aliam

281 2166 596 2245 pecuniam
619 2159 1013 2239 expositurus
1034 2159 1129 2217 est
1145 2154 1353 2216 adhuc
1374 2150 1799 2231 negotiationi,

280 2260 368 2319 vel
395 2257 547 2318 alias
578 2271 824 2315 merces
853 2250 1252 2322 venditurus;
1304 2246 1526 2307 eodem
1556 2244 1684 2304 fere
1712 2244 1803 2303 la-

280 2353 421 2413 bore
451 2350 613 2409 hanc
660 2343 995 2426 pecuniam
1023 2342 1208 2403 simul
1253 2337 1666 2418 negotiationi
1697 2356 1805 2396 ex-

281 2447 546 2524 poneret,
582 2439 684 2499 vel
715 2437 828 2497 has
858 2453 1098 2496 merces
1126 2432 1530 2505 vendidisset,
1567 2448 1683 2490 nec
1711 2430 1806 2490 vi-

281 2539 454 2598 detur
480 2532 706 2594 haberi
734 2531 894 2591 ratio
923 2527 1156 2588 laboris
1185 2526 1370 2601 illius,
1419 2524 1525 2604 qui
1557 2523 1673 2584 hac
1704 2541 1804 2583 oc-

281 2629 519 2691 casione
550 2628 907 2685 excusatur.
950 2620 1145 2681 Aliter
1174 2635 1321 2679 vero
1353 2615 1688 2677 dicendum
1720 2614 1805 2674 vi-

282 2723 454 2782 detur
492 2720 572 2779 de
622 2715 849 2795 opifice
896 2714 1073 2791 cujus
1102 2711 1281 2771 labor
1331 2707 1805 2769 considerabilis

282 2818 404 2886 est;
463 2828 662 2892 quare
710 2807 908 2868 otium
955 2824 991 2864 a
1039 2804 1146 2866 tali
1189 2803 1403 2863 labore
1444 2801 1807 2879 frequenter

281 2902 658 2967 aestimabilis
704 2903 800 2960 est
838 2898 917 2958 ab
965 2897 1209 2976 opifice,
1262 2898 1331 2955 ut
1376 2893 1531 2954 dixit
1575 2892 1807 2954 Molina

281 3017 461 3078 supra
488 2996 820 3073 allegatae„
855 2995 917 3051 et
934 2990 1075 3050 ideo
1092 2988 1335 3048 facilius
1357 2986 1544 3047 debet
1568 2985 1805 3064 aliquid

280 3092 493 3153 intuitu
525 3088 695 3147 illius
723 3083 954 3144 laboris
975 3082 1053 3142 de
1080 3082 1253 3141 lucro
1284 3078 1526 3140 extrahi
1551 3098 1565 3151 ;
1602 3096 1805 3157 quan-

281 3184 355 3246 do
383 3191 594 3247 tamen
625 3177 836 3258 opifex
880 3175 1070 3236 nollet
1099 3192 1282 3234 suum
1322 3172 1602 3232 laborem
1645 3169 1809 3231 redi-

282 3296 464 3352 mere,
497 3273 612 3336 sed
639 3267 868 3333 lucrari
898 3271 1199 3347 quantum
1219 3268 1426 3344 potest
1447 3263 1635 3325 etiam
1663 3281 1807 3323 cum

281 3371 508 3445 labore,
558 3369 767 3429 totum
797 3380 980 3421 suum
1021 3361 1262 3420 lucrum
1310 3361 1517 3437 potest
1561 3356 1808 3434 exigere

281 3465 356 3525 ab
383 3481 454 3524 eo
486 3461 549 3520 in
580 3456 765 3537 cujus
792 3453 1062 3532 gratiam
1089 3452 1376 3512 laborare
1399 3449 1628 3509 desinit
1659 3469 1672 3509 :
1706 3448 1810 3508 vix

284 3563 480 3619 tamen
510 3548 865 3631 reperietur
910 3545 1137 3624 opifex,
1189 3543 1295 3621 qui
1344 3542 1557 3621 aliqua
1583 3542 1809 3601 saltem

281 3650 496 3727 exigua
520 3643 684 3706 lucri
714 3643 889 3720 parte
909 3656 1032 3698 non
1066 3637 1273 3711 vellet,
1308 3635 1358 3695 si
1380 3639 1607 3714 posset,
1639 3634 1810 3695 labo·

283 3760 406 3802 rem
435 3738 775 3809 redimere,
833 3735 896 3791 et
923 3727 1377 3808 aliquantulum
1422 3727 1628 3787 minus
1655 3727 1811 3787 lucri

282 3837 405 3896 sine
430 3833 653 3893 labore
685 3825 938 3886 habere.

355 3930 547 3990 Juxta
577 3923 716 3981 haec
745 3914 1111 3994 responderi
1145 3915 1281 3992 jam
1329 3915 1534 3991 potest
1561 3912 1641 3972 ad
1671 3912 1814 3972 fun-

284 4021 571 4081 damenta
604 4013 846 4093 primae,
882 4012 945 4069 et
968 4005 1260 4068 secundae
1283 4005 1628 4082 sententiae,
1663 4023 1811 4083 qua-

285 4120 459 4174 tenus
488 4113 715 4171 contra
743 4106 1021 4163 nostram
1049 4099 1318 4159 militare
1349 4104 1630 4176 possunt.

360 4205 453 4267 Ad
512 4198 959 4278 argumentum
1015 4210 1165 4270 ergo
1223 4191 1440 4270 primae
1489 4189 1813 4250 sententiae

284 4315 466 4377 supra
492 4293 842 4356 adductum
871 4285 1307 4365 respondetur,
1340 4282 1487 4343 licet
1515 4285 1814 4343 mutuans

287 4395 555 4452 lucretur
584 4400 777 4462 supra
807 4383 1061 4452 sortem,
1097 4379 1160 4438 et
1186 4394 1379 4454 supra
1405 4374 1651 4435 lucrum
1681 4392 1815 4434 ces-

284 4503 421 4546 sans
450 4478 822 4542 vitationem
874 4470 1135 4545 laboriS,
1196 4468 1260 4529 id
1306 4473 1517 4529 tamen
1563 4485 1696 4527 esse
1739 4485 1815 4526 ex

285 4571 747 4639 condonatione
774 4565 975 4626 libera
1003 4561 1388 4636 mutuatarii‚
1424 4560 1529 4639 qui
1562 4558 1813 4638 quando

285 4688 403 4730 non
433 4669 644 4747 potest
670 4659 820 4721 illud
851 4657 1046 4718 otium
1076 4653 1346 4717 vendere
1368 4652 1678 4714 mutuanti
1708 4669 1816 4711 no-

284 4762 426 4824 lenti
455 4756 611 4821 illud
643 4770 875 4826 emere,
932 4767 1048 4809 nec
1076 4765 1319 4809 cessare
1367 4765 1405 4806 a
1446 4745 1659 4806 labore
1703 4761 1815 4822 pro

285 4854 511 4935 pretio,
560 4847 676 4909 sed
703 4841 936 4904 lucrari
969 4842 1031 4900 in
1060 4839 1341 4919 pecuniis
1372 4840 1677 4916 quantum
1705 4854 1817 4914 po-

289 4953 421 5024 test,
456 4959 582 5005 non
615 4941 820 5020 potest
848 4952 1072 5013 cogere
1105 4952 1248 4993 eum
1277 4931 1356 4992 ad
1380 4928 1817 4990 redimendum

286 5042 587 5112 laborem,
614 5051 731 5093 nec
748 5030 945 5091 otium
966 5026 1118 5086 illud
1141 5026 1293 5086 dare
1314 5024 1378 5083 in
1398 5028 1642 5106 partem
1662 5020 1819 5081 lucri

286 5127 652 5214 pecuniarii,
688 5128 749 5185 et
779 5122 919 5182 ideo
951 5120 1097 5179 licet
1125 5121 1337 5197 posset
1354 5116 1434 5177 ab
1466 5134 1539 5176 eo
1570 5114 1818 5192 exigere

3307 307 3422 366 205

1973 482 2091 540 Pro
2122 480 2400 541 secunda
2442 497 2593 541 vero
2648 478 2956 542 sententia
3005 479 3187 559 plura
3241 498 3423 559 argu-

1894 577 2105 633 menta
2153 573 2435 651 congerit
2463 572 2662 650 Salas,
2723 590 2861 652 quae
2912 592 2983 633 ex
3034 572 3215 633 dictis
3244 573 3422 634 facile

1894 663 2338 725 dissolvuntur.

1974 757 2182 817 Primo
2213 756 2440 834 arguit,
2501 756 2648 834 quia
2694 756 2744 817 si
2792 757 2971 817 labor
3017 757 3426 820 deducendus

1895 853 2058 909 esset
2085 868 2161 908 ex
2185 849 2381 923 lucr0,
2416 848 2777 927 frequenter
2800 850 3037 909 nullum
3068 855 3427 913 remaneret

1893 942 2137 1002 lucrum
2166 941 2723 1020 compensandum,
2771 942 2918 1021 quia
2946 943 3122 1004 labor
3147 944 3280 1022 ipse
3307 944 3425 1005 fre-

1894 1039 2158 1113 quenter
2182 1034 2513 1113 aequivalet
2540 1034 2710 1094 lucro
2733 1035 3023 1095 cessanti.
3061 1037 3424 1115 Responde-

1895 1132 1998 1188 tur
2027 1127 2086 1186 in
2118 1127 2359 1205 primis,
2409 1126 2473 1185 in
2501 1126 2674 1187 lucro
2723 1131 3003 1187 cessante
3051 1130 3424 1207 negotiato1i

1895 1220 1960 1279 id
1988 1219 2214 1279 falsum
2262 1238 2418 1296 esse,
2473 1223 2539 1279 ut
2567 1219 2859 1294 vidimuS,
2917 1220 3063 1299 quia
3112 1220 3290 1282 labor
3320 1222 3425 1302 qui

1898 1316 2099 1372 cessat
2127 1311 2387 1390 exiguus
2417 1314 2530 1387 est,
2581 1330 2725 1371 cum
2769 1317 2973 1374 totum
3006 1312 3135 1375 fere
3182 1316 3426 1376 lucrum

1899 1404 2136 1465 oriatur
2163 1423 2237 1463 ex
2264 1402 2531 1483 pecunia
2561 1408 2626 1465 et
2653 1404 2958 1465 industria
2993 1426 3005 1466 :
3041 1404 3103 1465 in
3125 1406 3296 1468 lucro
3319 1427 3427 1469 au-

1898 1500 2023 1557 tem
2053 1503 2335 1557 cessante
2365 1496 2593 1576 opifici,
2629 1496 2880 1575 quando
2902 1497 3083 1577 juxta
3109 1518 3301 1578 supra
3330 1500 3425 1560 di-

1897 1594 1997 1649 cta
2026 1588 2272 1649 detrahi
2301 1589 2489 1649 debet
2531 1589 2712 1649 labor
2741 1607 2815 1649 ex
2862 1590 3058 1668 lucro,
3121 1610 3245 1652 non
3294 1611 3427 1655 esse

1899 1679 2356 1741 detrahendum
2385 1681 2729 1742 secundum
2750 1686 2948 1743 totum
2975 1685 3275 1761 valorem,
3304 1704 3428 1764 quo

1899 1774 2076 1834 labor
2105 1773 2207 1834 ille
2237 1774 2425 1833 vendi
2448 1774 2638 1849 solet,
2687 1774 2797 1833 sed
2828 1775 3029 1835 solum
3058 1778 3274 1854 quanti
3302 1778 3429 1857 opi-

1895 1865 1995 1925 fex
2024 1865 2157 1943 ipse
2175 1865 2485 1926 redimere
2508 1865 2694 1926 vellet
2712 1885 2896 1927 suum
2920 1867 3224 1946 laborem,
3261 1869 3430 1948 quod

1902 1963 1994 2018 est
2023 1958 2218 2018 multo
2247 1957 2487 2030 minus;
2540 1976 2686 2017 nam
2716 1963 3039 2037 operarius
3087 1961 3195 2039 qui
3240 1962 3433 2024 habet

1900 2069 2011 2130 pro
2041 2050 2331 2111 mercede
2361 2050 2588 2110 diurna
2636 2050 2732 2110 sui
2762 2051 2993 2112 laboris
3024 2057 3293 2132 quatuor
3319 2056 3352 2116 J
3362 2075 3432 2116 u-

1902 2144 2039 2220 lios,
2072 2164 2134 2205 v.
2159 2162 2221 2222 g.
2256 2161 2380 2204 non
2410 2143 2590 2204 daret
2618 2136 2937 2222 quatuorJ
2945 2145 3102 2206 ulios
3132 2166 3249 2208 nec
3276 2147 3433 2208 duos

1903 2236 2159 2315 quidem
2186 2254 2300 2316 pro
2333 2236 2699 2296 redimendo
2725 2236 2964 2314 labore,
3013 2239 3122 2299 sed
3155 2240 3233 2298 ad
3263 2258 3434 2300 sum-

1903 2347 2100 2403 mum,
2135 2346 2330 2389 unum
2359 2327 2575 2389 mallet
2601 2329 2769 2388 enim
2790 2330 3021 2390 lucrari
3051 2335 3439 2410 quatuor-Iu-

1904 2420 2400 2495 lioslaborando,
2427 2438 2616 2500 quam
2646 2421 2802 2481 duos
2819 2423 3071 2484 otiando
3092 2444 3106 2497 ;
3124 2425 3435 2487 malletta-

1903 2533 2048 2575 men
2080 2514 2343 2574 fortasse
2358 2517 2485 2574 tres
2501 2512 2752 2574 otiando
2769 2534 2957 2593 quam
2980 2521 3249 2594 quatuor
3267 2518 3438 2579 labo-

1901 2606 2135 2680 rando;
2161 2606 2372 2684 itaque
2391 2605 2775 2665 conscientia
2795 2606 3032 2684 opificis
3052 2610 3435 2670 consulenda

1904 2705 2018 2776 est,
2052 2703 2114 2759 et
2141 2697 2275 2776 ejus
2303 2696 2590 2758 voluntas
2620 2716 2692 2758 ac
2722 2698 3072 2777 dispositio,
3108 2702 3188 2761 ad
3218 2703 3436 2763 decer-

1906 2791 2183 2851 nendum
2214 2793 2518 2868 quantum
2565 2789 2895 2852 detrahere
2926 2791 3153 2853 debeat
3180 2813 3290 2873 pro
3321 2814 3433 2857 suo

1904 2885 2143 2945 labore.

1986 2976 2276 3040 Secundo
2305 2975 2533 3053 arguit,
2584 2974 2733 3053 quia
2762 2981 2966 3053 potest
3006 2977 3230 3057 aliquis
3277 2980 3436 3040 velle

1903 3069 2111 3151 potius
2139 3068 2448 3143 laborare,
2502 3086 2691 3146 quam
2722 3073 2978 3147 propter
3006 3072 3203 3132 otium
3254 3073 3438 3134 amit-

1902 3170 2037 3227 tere
2064 3160 2301 3242 aliquid
2323 3160 2401 3221 de
2430 3161 2601 3222 lucro
2625 3160 2793 3241 quod
2813 3163 3128 3242 sperabat.
3165 3168 3437 3246 Respon-

1907 3258 2092 3318 detur
2118 3274 2190 3315 eo
2220 3272 2369 3314 casu
2399 3253 2552 3314 nihil
2582 3253 2811 3314 debere
2841 3274 2952 3333 pro
2984 3256 3198 3319 labore
3228 3258 3439 3321 detra-

1908 3350 2056 3411 here
2087 3348 2166 3407 de
2193 3348 2390 3422 lucro,
2423 3345 2535 3406 sed
2563 3346 2788 3418 solum,
2823 3348 3073 3426 quando
3104 3350 3321 3412 mallet
3348 3351 3440 3411 la-

1906 3442 2125 3502 borem
2154 3457 2338 3500 suum
2365 3442 2541 3517 parte
2569 3438 2779 3517 aliqua
2804 3439 2960 3500 lucri
2990 3442 3296 3504 redimere
3315 3489 3332 3521 ,
3378 3449 3441 3506 et

1908 3533 2278 3613 regulariter
2307 3549 2429 3591 non
2460 3533 2554 3591 est
2581 3530 2684 3610 qui
2727 3532 2920 3594 nollet
2953 3533 3235 3595 laborem
3263 3541 3439 3616 parte

1910 3627 2120 3706 aliqua
2151 3626 2374 3686 saltem
2404 3624 2631 3702 exigua
2660 3624 2815 3684 lucri
2845 3625 3175 3689 redimere.

1988 3720 2196 3781 Tertio
2228 3718 2453 3795 argust,
2516 3717 2663 3795 quia
2708 3735 2852 3777 cum
2895 3719 3034 3797 quis
3088 3722 3333 3800 cogitur
3359 3722 3440 3783 ad

1910 3811 2350 3886 mutuandum,
2403 3813 2649 3870 tenetur
2693 3812 3111 3872 mutuatarius
3142 3832 3442 3893 compen-

1912 3924 2050 3967 sare
2078 3905 2322 3965 lucrum
2363 3920 2633 3978 cessans,
2687 3901 2838 3962 nihil
2886 3903 3254 3968 deducendo
3299 3927 3443 3987 pro·

1912 4004 2051 4077 pter
2075 3997 2393 4068 laborem;
2428 3995 2576 4055 item
2607 3995 2715 4073 qui
2745 4014 2821 4055 ex
2850 3996 3076 4058 delicto
3109 4016 3298 4060 causa
3327 4001 3443 4063 fuit

1914 4090 2077 4172 quod
2110 4088 2290 4150 alteri
2316 4088 2558 4148 lucrum
2589 4093 2882 4165 cessaret,
2919 4093 3167 4151 tenetur
3195 4092 3443 4155 lucrum

1912 4189 2112 4245 totum
2161 4199 2589 4260 compensare,
2651 4180 2803 4240 nihil
2859 4171 3112 4261 propter
3162 4185 3441 4247 laborem

1914 4275 2323 4338 detrahendo.
2376 4274 2831 4352 Respondetur,
2883 4277 3260 4339 antecedens
3306 4299 3442 4341 esse

1912 4370 2140 4431 falsum
2169 4367 2604 4429 universaliter
2631 4368 3038 4445 intellectum,
3090 4390 3307 4434 verum
3336 4393 3443 4434 au-

1910 4466 2038 4523 tem
2067 4461 2182 4521 sub
2212 4460 2607 4520 distinctione
2637 4479 2674 4519 a
2703 4460 2881 4521 nobis
2911 4462 3132 4539 posita.

1995 4555 2226 4627 Quarto
2247 4552 2474 4631 arguit,
2516 4551 2661 4630 quia
2690 4551 2740 4612 si
2766 4552 3039 4631 agricola
3058 4561 3320 4634 mutuet,
3346 4559 3443 4619 vel

1913 4646 2148 4708 vendat
2202 4645 2476 4706 triticum
2501 4694 2515 4718 ,
2578 4656 2746 4723 quod
2807 4646 3116 4708 seminare
3168 4651 3439 4728 volebat,

1913 4743 2124 4819 posset
2158 4739 2386 4817 pacisci
2435 4737 2512 4798 de
2542 4742 2671 4799 toto
2713 4737 2883 4799 lucro
2923 4746 3240 4816 cessante;
3291 4744 3445 4804 nihil

1917 4831 2304 4893 detrahendo
2334 4834 2591 4909 propter
2616 4830 2920 4908 laborem,
2965 4838 3028 4894 et
3053 4834 3223 4895 idem
3247 4841 3341 4897 est
3367 4837 3445 4897 de

1917 4944 1991 4986 eo
2039 4924 2143 5003 qui
2200 4924 2417 4984 vendit
2466 4923 2566 4983 vel
2619 4928 2867 4984 mutuat
2920 4926 3214 5003 triticum,
3276 4929 3445 5009 quod

1913 5018 2254 5079 transferre
2281 5016 2533 5077 volebat
2557 5034 2638 5075 an
2666 5016 2894 5093 locum,
2929 5017 3035 5078 ubi
3064 5020 3268 5081 carius
3296 5040 3448 5082 ven-

1920 5111 2205 5172 debatur.
2268 5109 2724 5188 Respondetur,
2776 5108 2911 5169 haec
2945 5111 3134 5171 etiam
3162 5116 3446 5195 exempla

291 5222 684 5288 tantumdem
710 5213 943 5276 laboris
974 5213 1038 5273 in
1067 5229 1243 5272 suam
1274 5210 1640 5280 utilitatem;
1676 5205 1823 5286 quia
1919 5203 2076 5264 falsa
2106 5221 2264 5280 esse,
2299 5201 2414 5262 nisi
2451 5220 2595 5262 cum
2615 5201 2917 5279 praedicta
2937 5202 3332 5267 distinctione
3362 5209 3450 5269 in-

292 5326 498 5382 tamen
538 5333 614 5374 co
644 5311 857 5372 labore
888 5324 1009 5367 non
1053 5304 1313 5382 indiget,
1363 5301 1678 5363 condonat
1704 5298 1822 5359 hoc
1919 5296 2300 5375 telligantur.
2354 5297 2431 5356 Et
2458 5294 2715 5373 quidem
2762 5294 2928 5356 iniis
2971 5299 3311 5384 exemplis,
3342 5302 3448 5381 qui

287 5412 408 5492 juS,
438 5405 694 5489 quando
724 5399 997 5461 vendere
1026 5396 1175 5458 illud
1207 5415 1332 5456 non
1361 5398 1587 5473 potest,
1622 5411 1698 5453 ne
1727 5390 1823 5452 ni-

294 5507 451 5567 mius
479 5502 739 5563 exactor
765 5492 1071 5555 videatur.

1922 5407 2035 5468 per
2061 5389 2216 5450 alios
2238 5388 2567 5464 seminare,
2597 5387 2697 5447 vel
2716 5388 3052 5448 transferre
3072 5391 3322 5454 volebat
3349 5395 3453 5455 tri-

1922 5483 2152 5555 ticum3
2212 5482 2341 5542 fere
2372 5499 2496 5541 non
2526 5478 2718 5541 habet
2746 5478 2863 5539 nisi
2908 5498 3233 5563 expensaS,
3297 5507 3451 5565 quas
