4263 6376
1226 313 1693 375 DISPUTATIO
1738 314 1925 390 XXV,
1975 316 2248 377 SECTIO
2294 315 2451 377 VIII.

249 489 374 550 cedi
403 489 640 550 fructus
692 506 924 566 genero
953 488 1193 549 ratione
1241 489 1395 548 lucri
1443 489 1763 565 cessantis,

250 583 339 642 vel
366 582 578 641 damni
609 582 982 660 emergentis
1005 601 1079 640 ex
1101 581 1294 641 dilata
1323 582 1629 642 solutione
1659 583 1767 641 do-

249 675 319 736 tis
345 676 404 734 in
443 673 736 735 oneribus
781 673 1165 733 matrimonii
1211 674 1611 738 sustinendis
1679 677 1770 735 Ita

251 768 573 841 AdrianuS,
605 767 949 842 ConraduS,
982 766 1204 845 Major,
1239 771 1301 826 et
1320 767 1419 825 alii
1453 767 1619 845 apud
1639 769 1772 828 Mo-

249 860 450 935 linam,
502 859 820 934 silvester,
857 858 1104 918 Ricard.
1146 859 1486 934 AlmainuS,
1535 862 1768 919 Panor-

252 954 454 1012 mitan.
489 951 854 1027 HostiensiS,
883 953 1109 1029 Lopez,
1161 951 1374 1027 etalii,
1410 971 1566 1030 quos
1594 954 1775 1014 affert

253 1046 416 1107 Salas
445 1064 550 1104 nu.
575 1046 636 1108 3.
671 1044 789 1103 Alii
818 1050 1031 1103 tamen
1063 1044 1227 1104 hanc
1257 1044 1631 1105 sententiam
1660 1045 1776 1104 im·

250 1142 539 1216 pugnant.
594 1136 828 1211 Primo,
866 1136 1010 1215 quia
1039 1137 1103 1195 in
1134 1142 1304 1197 textu
1338 1156 1459 1197 non
1491 1138 1777 1199 redditur

252 1248 319 1289 ea
345 1229 523 1304 ratio,
577 1229 688 1287 sed
735 1228 878 1288 alia.
941 1228 1254 1305 Secundo,
1317 1230 1463 1308 quia
1493 1230 1778 1290 Pontifex

253 1322 438 1382 noluit
464 1322 551 1381 ibi
598 1320 851 1381 tradere
897 1320 1247 1381 doctrinam
1298 1323 1657 1400 generalem
1699 1321 1777 1381 de

254 1416 543 1475 interesse
572 1414 745 1474 licito
776 1414 857 1473 ob
885 1415 1129 1474 lucrum
1161 1433 1434 1490 cessanS,
1476 1415 1575 1476 vel
1606 1415 1778 1474 dam-

257 1525 394 1567 num
424 1525 780 1585 emm-gem,
832 1506 940 1566 sed
970 1506 1209 1585 aliquid
1255 1508 1528 1586 speciale
1557 1508 1636 1566 de
1666 1526 1776 1585 ge-

255 1617 415 1659 ner0.
448 1597 686 1674 Tertio,
721 1598 869 1676 quia
897 1598 949 1658 si
979 1617 1053 1658 ea
1084 1603 1244 1659 esset
1273 1599 1454 1675 rati0,
1489 1616 1779 1679 sequere-

255 1696 348 1752 tur
371 1709 491 1751 non
523 1709 710 1768 posse
753 1709 1056 1769 generum
1087 1708 1193 1751 eos
1222 1692 1460 1751 fructus
1496 1692 1780 1770 accipere

255 1783 494 1864 quando
524 1802 603 1841 ex
632 1783 932 1842 dilatione
951 1783 1113 1842 dotis
1143 1783 1382 1843 nullum
1401 1783 1516 1844 sibi
1538 1784 1784 1843 lucrum

257 1881 467 1950 cessat,
517 1876 623 1935 vel
653 1875 957 1935 damnum
989 1876 1271 1953 emergit.
1333 1878 1588 1948 Quarto,
1639 1877 1787 1955 quia

257 1969 466 2029 saltem
495 1987 624 2029 non
657 1972 868 2047 posset
895 1986 1001 2028 eos
1030 1968 1266 2029 fructus
1314 1969 1591 2047 integros
1625 1968 1785 2029 acci-

257 2080 417 2139 pere,
450 2060 709 2141 quando
735 2060 1110 2120 excederent
1134 2060 1378 2120 lucrum
1409 2079 1659 2121 cessans
1686 2059 1787 2120 vel

258 2155 548 2214 damnum
606 2171 978 2230 emergens;
1042 2171 1234 2231 quare
1289 2171 1413 2213 non
1469 2153 1789 2213 debuisset

260 2245 528 2307 Pontifex
575 2245 1015 2304 universaliter
1071 2249 1133 2304 et
1186 2245 1469 2305 absolute
1525 2263 1788 2323 respon-

260 2339 417 2413 dere,
450 2337 562 2397 sed
592 2355 742 2397 cum
774 2337 1191 2396 distinctione.
1228 2337 1475 2412 Quinte,
1512 2337 1660 2415 quia
1685 2337 1786 2396 lu-

262 2450 425 2492 crum
475 2447 734 2490 cessans
791 2429 1128 2508 aliquando
1183 2427 1388 2507 majus
1446 2434 1541 2489 est
1596 2448 1788 2508 quam

262 2523 416 2602 quod
446 2522 793 2601 requiritur
841 2521 920 2581 ad
953 2539 1146 2581 onera
1189 2521 1575 2581 matrimonii
1605 2523 1787 2583 susti-

264 2616 474 2687 nenda,
526 2619 597 2675 ut
628 2614 680 2673 si
709 2633 906 2692 gener
932 2616 1095 2673 esset
1138 2613 1234 2671 vir
1262 2613 1624 2689 industriuS,
1681 2615 1789 2693 qui

262 2709 396 2769 dote
422 2708 540 2768 sibi
568 2707 800 2783 soluta,
853 2706 1282 2784 negotiaturus
1328 2709 1391 2766 et
1433 2706 1788 2767 lucraturus

264 2806 446 2873 esset;
495 2819 625 2860 non
661 2817 810 2876 ergo
840 2798 1056 2859 debuit
1082 2797 1263 2857 reddi
1292 2798 1450 2858 ratio
1484 2817 1559 2858 ex
1588 2800 1790 2859 oneri·

263 2894 368 2954 bus
395 2892 820 2967 matrimonii,
880 2890 989 2951 sed
1019 2910 1092 2950 ex
1122 2891 1295 2950 lucro
1327 2896 1626 2963 cessante,
1692 2891 1788 2968 vel

265 2986 480 3048 damno
508 2989 904 3062 emergente,
954 2983 1119 3062 quod
1153 2983 1488 3062 aliquando
1532 2985 1670 3063 plus
1700 2988 1793 3046 est

266 3099 333 3140 ex
360 3079 684 3152 fructibuS,
722 3076 1058 3155 aliquando
1090 3076 1317 3135 minus».

339 3172 561 3245 Quinta
619 3168 1051 3248 interpretatio
1083 3172 1196 3245 est,
1254 3186 1560 3247 generum
1608 3186 1790 3248 posse

268 3267 572 3344 percipere
603 3281 715 3323 eos
760 3262 998 3322 fructus
1053 3266 1308 3338 propter
1356 3280 1547 3322 onera
1573 3262 1791 3322 matri-

266 3358 466 3434 monii,
498 3358 630 3417 sive
659 3357 906 3414 lucrum
936 3358 1135 3414 cesset
1164 3359 1225 3414 et
1254 3353 1553 3413 damnum
1586 3372 1787 3413 emer-

265 3457 383 3530 gat,
427 3452 555 3510 sive
585 3467 740 3510 non.
792 3449 964 3507 Hanc
987 3451 1203 3507 tenent
1233 3446 1586 3525 CajetanuS‚
1619 3447 1789 3508 Salo-

269 3544 414 3620 niuS,
464 3543 721 3615 Molina‚
779 3544 841 3600 et
867 3539 968 3600 alii
1001 3540 1168 3618 apud
1201 3541 1377 3600 Salas
1425 3558 1597 3600 num.
1633 3544 1691 3600 6.
1726 3540 1781 3617 §.

268 3637 440 3696 Sexta
469 3632 906 3715 interpretatiO.
944 3633 1128 3692 Sotus
1159 3635 1366 3691 autem
1398 3636 1459 3691 et
1487 3632 1591 3691 alii
1618 3632 1788 3695 idem

264 3729 544 3804 sentiunt,
597 3726 707 3787 sed
749 3724 989 3784 addunt
1017 3724 1397 3783 decisionem
1429 3724 1596 3784 illam
1629 3727 1787 3784 Pon-

265 3822 431 3880 tificis
457 3818 707 3880 fundari
739 3817 802 3876 iu
831 3816 1341 3895 praesumptione,
1397 3817 1564 3894 quod
1593 3835 1788 3894 gener

266 3931 331 3972 ex
358 3914 621 3992 pecunia
667 3910 785 3970 sibi
833 3910 1035 3970 soluta
1064 3913 1384 3986 empturus
1429 3909 1647 3969 fuisset
1676 3909 1786 3968 ali·

267 4007 402 4084 quid
445 4005 863 4076 fructiferum,
919 4001 1086 4061 unde
1129 4001 1303 4060 salva
1344 4000 1489 4061 dote
1528 4018 1786 4060 uxorem

268 4100 446 4160 aleret
497 4120 511 4160 t
564 4115 759 4178 quam
790 4100 1032 4173 partem
1061 4094 1434 4172 impugnant
1461 4094 1692 4154 Melina
1724 4098 1787 4154 et

266 4192 380 4269 alii,
410 4194 637 4271 prime,
673 4187 968 4268 quiajam
990 4186 1238 4246 videtur
1259 4186 1443 4246 Sotus
1462 4204 1784 4246 recurrere

268 4286 338 4344 ad
365 4286 672 4346 rationem
703 4282 781 4341 de
828 4281 1002 4340 lucro
1031 4283 1314 4338 cessante
1361 4277 1530 4355 prius
1579 4279 1657 4338 ab
1687 4298 1786 4339 eo-

268 4378 396 4438 dem
428 4381 572 4439 Soto
605 4374 927 4454 rejectam.
981 4370 1294 4447 Secundo,
1332 4370 1479 4448 quia
1510 4371 1556 4429 si
1588 4390 1784 4449 gener

267 4488 378 4530 non
407 4471 621 4530 fuisset
652 4466 888 4545 aliquid
935 4468 1255 4542 empturus
1301 4481 1374 4523 ac
1401 4482 1784 4540 expensurus

267 4563 580 4640 pecuniam
612 4561 806 4634 illam,
842 4560 1113 4617 cessaret
1139 4555 1200 4613 in
1222 4554 1356 4615 foro
1389 4556 1781 4617 conscientiae

268 4655 652 4733 praesumptio
682 4652 807 4726 illa,
840 4654 902 4710 et
930 4667 1043 4727 per
1070 4665 1458 4726 consequens
1481 4652 1629 4708 tunc
1658 4668 1781 4709 uon

269 4753 460 4825 posset
486 4748 655 4808 licite
703 4746 939 4804 fructus
981 4740 1259 4820 pignoris
1306 4741 1625 4819 percipere
1657 4761 1780 4802 non

267 4839 705 4917 computandos
734 4838 793 4896 in
827 4838 1080 4895 sortem.

340 4936 521 4994 Porro
553 4952 628 4992 ex
674 4928 915 4990 ratione
946 4926 1050 4986 illa
1096 4944 1357 4985 onerum
1401 4926 1777 4988 matrimonii

267 5025 416 5087 licite
444 5024 644 5103 accipi
691 5040 872 5101 posse
922 5020 980 5078 in
1031 5018 1311 5097 quolibet
1354 5038 1499 5079 casu
1541 5020 1781 5081 fructus

271 5118 552 5196 pignoriS,
597 5116 822 5195 probat
849 5111 1014 5171 idem
1043 5109 1308 5183 Molina;
1356 5111 1502 5189 quia
1532 5105 1778 5172 desda-

271 5215 360 5270 tur
385 5211 512 5271 viro
543 5209 626 5269 ad
673 5207 793 5266 hoc
823 5209 890 5265 ut
917 5223 991 5264 ex
1021 5202 1155 5282 ejus
1190 5202 1493 5264 fructibus
1523 5223 1778 5265 uxorem

272 5303 404 5376 alat,
436 5309 496 5365 et
523 5319 717 5363 onera
744 5296 1125 5359 matrimonii
1143 5295 1446 5357 sustineat
1464 5314 1605 5356 cum
1629 5299 1781 5358 obli-

272 5398 503 5474 gatione
558 5390 925 5454 restituendi
977 5387 1265 5448 eamdem
1320 5388 1529 5451 dotem
1574 5391 1776 5455 soluto

569 5489 729 5547 Tou.
763 5484 894 5543 Vll.

3279 325 3391 382 225

1867 491 2302 564 matrimonio;
2336 511 2530 570 quare
2561 513 2752 554 onera
2773 497 3152 557 matrimonii
3173 517 3286 577 per
3303 505 3399 561 to·

1867 586 1999 642 tum
2031 585 2165 660 ejus
2210 588 2455 662 tempus
2490 587 2867 665 aequivalent
2904 590 3210 652 fructibus
3239 593 3402 653 dotis

1869 675 1922 753 ej
1935 676 2150 735 usdem
2174 677 2490 755 temporis,
2543 683 2605 739 et
2633 698 2824 740 onera
2866 684 3246 745 matrimonii
3277 702 3401 745 uno

1869 768 1969 826 vel
1998 767 2229 845 duplici
2259 787 2421 828 anno
2471 771 2850 849 aequivalent
2894 775 3198 836 fructibus
3243 777 3404 838 dotis

1871 860 2154 939 ejusdem
2209 862 2392 921 unius
2438 864 2535 923 vel
2593 863 2856 943 duplicis
2913 868 3079 928 anni.
3143 869 3404 942 Quando

1873 972 2019 1030 ergo
2050 953 2311 1014 maritus
2340 957 2603 1018 sustinet
2632 975 2824 1019 onera
2850 962 3228 1022 matrimonii
3260 962 3405 1025 dote

1876 1064 1997 1105 non
2026 1047 2248 1122 soluta,
2276 1048 2381 1125 jus
2411 1048 2603 1109 habet
2631 1050 2917 1129 exigendi
2948 1053 3183 1133 aliquid
3214 1056 3409 1134 aequi-

1873 1139 2108 1215 valenS‚
2146 1156 2219 1197 ex
2250 1139 2427 1217 cujus
2454 1141 2757 1203 fructibus
2787 1146 3089 1206 sustinere
3112 1148 3306 1225 possit
3335 1166 3407 1209 eo

1875 1235 2158 1309 tempore
2181 1250 2373 1292 onera
2392 1235 2773 1297 matrimonii
2793 1258 2807 1310 ;
2844 1239 3117 1318 alioquin
3140 1260 3261 1301 non
3285 1260 3411 1301 ser-

1876 1329 2059 1385 vatur
2089 1326 2435 1404 aequalita8‚
2488 1346 2631 1388 cum
2677 1337 2940 1408 cogatur
2968 1352 3044 1392 ea
3091 1351 3281 1393 onera
3312 1354 3411 1394 su·

1879 1418 2107 1477 stinere
2136 1422 2267 1479 toto
2289 1426 2568 1498 tempore
2597 1423 3000 1501 matrimonii,
3034 1430 3097 1487 et
3114 1445 3239 1487 non
3261 1427 3413 1487 den-

1880 1514 1982 1571 tur
2010 1510 2066 1570 ei
2095 1511 2331 1571 fructus
2363 1511 2525 1572 dotis
2553 1517 2685 1575 toto
2716 1533 2789 1575 eo
2823 1520 3124 1597 tempore,
3178 1520 3289 1579 sed
3321 1520 3416 1579 di-

1880 1601 2072 1663 midio
2122 1623 2135 1663 :
2179 1603 2444 1682 ideoque
2477 1611 2679 1683 potest
2719 1608 2997 1688 recipere
3029 1629 3100 1672 eo
3133 1616 3414 1690 tempore

1880 1695 2017 1755 loco
2049 1695 2211 1755 dotis
2240 1715 2373 1755 rem
2403 1697 2591 1758 aliam
2621 1699 3028 1779 fructiferam,
3082 1706 3259 1784 cujus
3287 1706 3418 1766 fru-

1883 1788 2085 1848 ctibus
2112 1789 2308 1866 possit
2337 1808 2409 1849 eo
2460 1791 2649 1851 etiam
2695 1798 2977 1873 tempore
3009 1814 3201 1857 onera
3230 1799 3416 1860 susti·

1885 1898 2053 1939 nere.
2112 1880 2333 1941 Merito
2365 1900 2514 1960 ergo
2548 1885 2827 1946 Pontifex
2878 1888 2956 1947 ad
2989 1907 3177 1949 onera
3208 1890 3419 1951 matri-

1885 1971 2074 2032 monii
2121 1974 2385 2034 recurrit
2430 1974 2490 2033 in
2523 1994 2597 2037 eo
2650 1996 2788 2056 cap.
2826 1978 3182 2058 Salubm‘ter,
3244 1985 3424 2062 quasi

1886 2064 2073 2138 dicat,
2110 2064 2247 2125 illos
2278 2066 2514 2128 fructus
2543 2087 2665 2129 non
2686 2089 2819 2131 esse
2841 2092 3095 2134 usuram
3121 2075 3267 2153 quia
3299 2094 3424 2136 non

1888 2157 2317 2235 percipiuntur
2345 2179 2457 2239 pro
2506 2166 2748 2239 mutue,
2804 2183 2919 2226 nec
2966 2186 3078 2245 pro
3127 2168 3424 2230 dilatione

1888 2249 2211 2310 solutionis
2242 2251 2423 2328 dotis,
2484 2254 2592 2313 sed
2623 2274 2735 2333 pro
2767 2260 3060 2320 oneribus
3102 2262 3428 2323 matrimo-

1888 2342 1971 2401 nii
2005 2344 2437 2419 praesentibuS,
2488 2347 2570 2406 ad
2600 2366 2739 2426 quae
2787 2350 2975 2413 debet
3015 2372 3173 2414 uxor
3201 2355 3425 2415 afferre

1888 2434 2100 2495 dotem
2129 2441 2192 2496 et
2241 2437 2477 2498 fructus
2521 2441 2746 2518 quibus
2794 2444 3055 2505 maritus
3102 2464 3176 2506 ea
3225 2465 3418 2508 onera

1887 2528 2194 2588 sustinere
2224 2531 2438 2606 possit.

1969 2621 2144 2679 Hanc
2173 2621 2749 2700 interpretationem
2797 2632 2859 2689 et
2888 2628 3021 2708 ejus
3067 2632 3427 2709 explicatio-

1889 2729 2032 2769 nem
2080 2732 2115 2771 a
2146 2714 2379 2774 Molina
2431 2716 2681 2778 allatam
2733 2719 3063 2801 impugnat
3092 2725 3267 2786 Salas
3315 2746 3423 2787 nu·

1889 2821 2063 2864 mero
2094 2810 2153 2866 7.

1974 2897 2204 2974 Primo,
2240 2899 2386 2978 quia
2415 2901 2668 2964 difficile
2698 2909 2981 2987 estquod
3005 2911 3118 2972 dos
3147 2913 3210 2972 in
3241 2931 3426 2991 pecu-

1890 2992 1994 3050 nia
2021 2995 2349 3052 numerata
2391 2993 2574 3054 detur
2616 2999 2840 3061 marito
2886 3022 3000 3080 pro
3045 3005 3425 3084 obligatione

1891 3084 2236 3144 sustinendi
2267 3103 2457 3145 onera
2484 3092 2867 3154 matrimonii
2903 3115 2917 3155 ε
2951 3114 3093 3156 cum
3123 3099 3289 3159 enim
3316 3099 3427 3160 illa

1889 3175 2158 3255 pecunia
2202 3179 2479 3240 transeat
2538 3180 2600 3240 in
2648 3182 2995 3248 dominium
3043 3191 3252 3252 mariti
3282 3210 3425 3253 cum

1889 3269 2272 3346 obligatione
2342 3274 2739 3336 tantumdem
2796 3282 3166 3343 restituendi
3220 3285 3424 3347 soluto

1888 3362 2312 3439 matrimonio,
2348 3364 2596 3426 videtur
2617 3386 2750 3429 esse
2771 3378 3059 3435 mutuum
3095 3397 3108 3438 ε
3142 3396 3257 3456 pro
3284 3397 3426 3438 mu-

1887 3458 1993 3514 tuo
2028 3458 2237 3513 autem
2266 3474 2391 3515 non
2422 3463 2626 3535 potest
2667 3461 2902 3541 imponi
2930 3469 3155 3530 marito
3185 3470 3425 3549 obliga-

1886 3546 1972 3606 tio
2003 3547 2350 3607 sustinendi
2400 3567 2589 3611 onera
2615 3557 2996 3619 matrimonii
3042 3561 3175 3621 sine
3205 3581 3416 3623 usura.

1886 3639 2018 3697 Hoc
2047 3642 2257 3699 tamen
2288 3648 2728 3719 argumentum
2760 3649 2838 3709 ab
2867 3652 3154 3714 omnibus
3177 3655 3421 3714 solven-

1887 3729 2037 3789 dum
2067 3736 2181 3806 est,
2217 3733 2323 3810 qui
2352 3734 2411 3792 in
2437 3735 2795 3800 definitione
2827 3741 2987 3804 dotis
3017 3744 3252 3822 dicunt,
3280 3765 3420 3807 eam

1886 3822 2021 3881 dari
2052 3825 2276 3885 marito
2294 3826 2373 3885 ad
2392 3827 2680 3889 alendam
2701 3851 2961 3894 uxorem
2991 3836 3255 3900 durante
3284 3858 3421 3901 ma-

1884 3917 2200 3993 trimoni0,
2236 3922 2297 3977 et
2324 3917 2457 3997 ejus
2479 3939 2670 3982 onera
2695 3926 3056 3988 sustinenda
3091 3947 3105 3992 :
3142 3931 3416 4010 alioquin

1885 4026 2010 4068 non
2041 4013 2302 4087 apparet
2330 4011 2410 4070 ad
2441 4014 2588 4091 quid
2618 4016 2789 4077 aliud
2820 4019 2932 4079 dos
2954 4021 3136 4082 detur
3163 4025 3411 4086 marito·

1886 4103 2088 4172 Quare
2121 4104 2480 4180 negandum
2510 4111 2603 4167 est
2649 4108 2801 4170 illud
2832 4131 2966 4174 esse
2996 4117 3248 4194 proprie
3277 4136 3418 4178 mu-

1883 4199 2061 4255 tuum
2107 4212 2120 4256 z
2174 4213 2287 4273 pro
2319 4215 2442 4275 quo
2489 4200 2745 4263 adverte
2794 4205 3025 4284 dotem,
3077 4229 3191 4288 per
3230 4231 3295 4271 se
3330 4212 3417 4273 lo-

1885 4287 2156 4364 quendo,
2192 4287 2423 4349 debere
2454 4290 2590 4351 dari
2620 4293 2681 4353 in
2703 4296 2890 4358 rebus
2920 4299 3272 4380 fructiferiS,
3309 4305 3416 4364 da-

1890 4382 1989 4440 tur
2017 4379 2184 4438 enim
2209 4382 2433 4442 marito
2465 4387 2533 4444 ut
2560 4385 2640 4446 sit
2670 4390 3165 4455 usufructuarius
3196 4413 3414 4456 eorum

1881 4471 2213 4548 honorum,
2247 4474 2419 4534 salva
2447 4475 2607 4537 dotis
2635 4480 3000 4544 substantia.
3060 4487 3412 4566 Aliquando

1879 4567 2089 4625 tamen
2122 4583 2197 4624 ex
2223 4565 2467 4628 defectu
2498 4568 2806 4632 bonorum
2836 4575 3270 4657 immobilium,
3306 4580 3413 4641 da·

1879 4660 1982 4717 tur
2011 4657 2280 4734 pretium
2327 4678 2544 4721 eorum
2590 4665 2902 4728 sufficiens
2945 4669 3024 4729 ad
3070 4673 3219 4733 talia
3246 4674 3413 4734 bona

1881 4749 2175 4826 emenda,
2197 4752 2364 4829 quod
2383 4755 2649 4830 pretium
2672 4776 2792 4817 non
2816 4767 3137 4824 mutuatur
3157 4766 3404 4844 marite,

1881 4842 1988 4900 sed
2021 4841 2203 4903 datur
2232 4848 2301 4904 ut
2318 4844 2515 4923 possit
2536 4866 2744 4909 emere
2775 4851 2939 4913 bona
2970 4856 3312 4934 fructifera,
3347 4859 3409 4918 in

1881 4934 2107 5012 quibus
2136 4936 2215 4996 sit
2243 4937 2740 5003 usufructuarius
2786 4945 3049 5009 durante
3091 4954 3407 5016 matrimo-

1881 5026 2005 5102 ni0,
2056 5033 2119 5088 et
2147 5028 2370 5090 reddat
2415 5032 2634 5092 eadem
2666 5035 2830 5096 bona
2871 5043 2968 5101 vel
2998 5060 3213 5106 eorum
3244 5049 3410 5110 aesti-

1879 5119 2217 5179 mationem
2247 5122 2448 5183 soluto
2479 5127 2896 5192 matrimoniO.
2935 5137 3064 5196 Non
3098 5158 3246 5218 ergo
3276 5163 3405 5204 sus-

1879 5212 2030 5288 cipit
2056 5213 2499 5290 obligationem
2521 5219 2760 5281 alendae
2790 5227 2998 5287 uxoris
3027 5250 3137 5308 pro
3161 5240 3400 5315 mutue,

1876 5304 1985 5364 sed
2018 5323 2129 5383 pro
2162 5307 2485 5369 usufructu
2529 5310 2836 5376 bonorum
2885 5338 3023 5397 quae
3051 5327 3279 5406 accipit
3306 5332 3404 5391 vel

1879 5396 1958 5456 ad
1988 5417 2127 5476 quae
2160 5402 2581 5477 comparanda
2626 5408 2895 5483 pretium
2926 5413 2979 5473 ei
3013 5415 3219 5483 datur.
3271 5423 3403 5496 Quo

3008 5511 3081 5571 15

3575 2641 3690 2700 ¹56
