4263 6376
75 2992 199 3248 25322

75 4108 205 4365 {aa
75 3983 99 4042 “²

1231 358 1704 422 DISPU'PATIO
1746 357 1990 435 xxvll,
2039 359 2314 422 SECTIO
2358 362 2461 425 lv.

258 551 415 595 cum
443 533 738 597 venditor
765 533 923 595 dans
951 536 1197 613 partem
1222 533 1406 613 pretii
1435 537 1643 613 Petro,
1678 551 1801 596 non

256 631 441 689 emat
469 628 551 689 ab
580 646 654 689 eo
700 646 958 689 censum
1002 628 1261 705 realem,
1313 629 1657 708 reportabit
1700 629 1801 689 lu-

254 738 449 782 crum
473 739 551 781 ex
578 725 816 797 mutua,
867 722 967 782 vel
997 721 1334 782 constituet
1378 739 1635 782 censum
1663 740 1802 801 per-

255 813 572 889 sonalem,
618 817 689 874 ut
713 813 940 892 probat
968 813 1155 875 etiam
1187 813 1401 875 Rebel.
1434 814 1543 876 lib.
1578 816 1653 876 X.
1689 833 1796 893 qu.

252 906 380 967 ult.
416 904 703 967 difficult.
736 923 823 967 vi.

345 998 588 1060 Clarius
613 1002 849 1075 tamen,
888 1003 951 1060 et
977 998 1198 1059 melius
1228 998 1554 1077 distinguit
1582 998 1794 1061 Molin.

254 1090 429 1171 disp.
463 1094 601 1154 394.
636 1091 787 1153 dub.
817 1096 879 1153 2.
923 1109 1113 1171 quem
1141 1092 1425 1171 sequitur
1454 1092 1632 1154 Salas
1661 1092 1799 1154 loco

253 1184 479 1247 citato.
541 1185 607 1247 Si
634 1184 802 1245 enim
852 1185 957 1265 qui
1006 1203 1263 1246 censum
1292 1185 1685 1261 vendiderat,
1739 1188 1801 1247 et

250 1278 508 1339 solvere
537 1277 727 1339 dehet
766 1277 1120 1356 pensiones,
1178 1278 1618 1356 redempturus
1667 1281 1802 1339 erat

251 1388 339 1430 ex
384 1370 493 1430 illa
534 1375 711 1450 parte
758 1372 1041 1450 pecunioe
1090 1375 1334 1450 partem
1384 1389 1640 1447 census,
1699 1370 1800 1431 vel

250 1464 456 1524 alium
491 1482 749 1524 censum
779 1482 1010 1540 emere,
1061 1465 1159 1526 vel
1202 1464 1391 1524 aliam
1420 1482 1554 1524 rem
1581 1462 1797 1524 fructi-

249 1558 483 1632 feram,
532 1557 632 1617 vel
678 1557 985 1636 negotiari
1029 1557 1112 1617 ad
1158 1556 1526 1617 solvendam
1556 1560 1799 1635 partem

248 1649 581 1729 pensionis
607 1649 856 1725 debitae,
908 1654 970 1710 et
1015 1649 1078 1709 in
1106 1650 1376 1727 gratiam
1404 1650 1575 1710 Petri
1620 1650 1801 1709 dam-

250 1762 413 1803 num
442 1742 595 1802 illud
625 1742 905 1818 incurrit,
954 1741 1054 1802 vel
1099 1741 1274 1802 lucro
1317 1742 1421 1802 illo
1469 1761 1536 1803 se
1564 1742 1793 1821 privat,

250 1855 384 1897 non
411 1836 662 1896 videtur
706 1835 967 1895 dubium
1013 1835 1182 1915 quod
1228 1835 1425 1913 possit
1467 1853 1613 1895 eum
1643 1834 1801 1895 obli-

249 1947 411 2008 gare
441 1928 525 1989 ad
545 1928 910 1989 solvendam
930 1933 1175 2008 partem
1195 1927 1533 2006 pensioniS,
1567 1932 1636 1988 ut
1662 1926 1798 1987 red·

251 2022 369 2084 dat
395 2040 463 2082 se
491 2020 877 2095 iudemnem,
931 2021 1028 2081 vel
1076 2021 1319 2081 ratione
1365 2020 1524 2080 lucri
1552 2038 1799 2081 cessan-

249 2115 370 2188 tis;
421 2132 628 2194 neque
657 2113 826 2173 enim
853 2113 917 2173 id
948 2113 1109 2174 facie
1138 2113 1318 2174 titulo
1373 2113 1518 2174 novi
1549 2132 1794 2189 census,

251 2224 452 2285 quem
482 2208 665 2267 Petro
696 2205 938 2282 vendit,
973 2205 1083 2266 sed
1103 2206 1455 2268 titulolucri
1475 2207 1795 2282 cessantis,

250 2298 359 2359 vel
389 2299 607 2359 damni
635 2297 1034 2378 emergentis.
1096 2299 1164 2360 Si
1191 2317 1340 2360 vero
1372 2317 1447 2359 ea
1475 2300 1800 2360 occasione

252 2392 503 2452 nullum
525 2408 758 2452 novum
776 2391 1076 2452 damnum
1096 2393 1396 2468 incurrat,
1424 2410 1539 2452 nec
1558 2392 1800 2452 lucrum

250 2484 508 2564 perdat,
543 2484 650 2563 qui
671 2503 813 2544 eam
834 2485 1167 2561 pecuniam
1189 2485 1453 2545 otiosam
1479 2484 1607 2563 jam
1635 2482 1800 2563 apud

249 2596 325 2638 se
354 2577 594 2637 habere
623 2575 926 2649 debebat;
961 2595 1085 2638 non
1113 2576 1343 2656 poterit
1363 2579 1616 2638 Petrum
1645 2576 1803 2637 obli-

251 2687 414 2749 gare
437 2670 515 2731 ad
533 2674 778 2748 partem
798 2670 1115 2748 pensionis
1133 2669 1519 2747 solvendam,
1543 2673 1803 2749 propter

252 2763 573 2825 rationem
600 2763 1005 2841 propositam.

344 2856 505 2918 Hinc
533 2859 745 2916 autem
776 2873 813 2914 a
858 2854 1101 2916 fortiori
1128 2855 1219 2931 fit,
1266 2856 1507 2918 licitum
1538 2873 1696 2931 esse,
1749 2854 1799 2915 si

257 2948 557 3011 venditor
602 2965 825 3009 census
874 2966 910 3007 a
958 2946 1264 3026 principio
1310 2948 1613 3029 majorem
1656 2966 1803 3009 cen-

172 3068 199 3076 -
256 3061 407 3104 sum
439 3042 558 3103 sibi
585 3041 883 3120 imponat,
919 3045 989 3101 ιιι
1014 3046 1255 3120 partem
1283 3042 1470 3121 pretii
1499 3044 1681 3104 Petro
1712 3042 1802 3102 in-

256 3135 507 3215 digenti
536 3134 663 3213 det,
711 3137 774 3196 et
802 3134 1004 3213 ipsum
1054 3134 1289 3215 obliget
1315 3135 1396 3196 ad
1436 3135 1801 3198 solvendam

256 3229 633 3309 pensionem
659 3228 745 3289 illi
775 3228 940 3307 parti
961 3229 1581 3307 correspondentem,
1615 3233 1804 3308 prout

256 3321 551 3402 praedicti
571 3325 861 3382 auctores
878 3321 1252 3398 concedunt,
1288 3327 1351 3384 et
1364 3322 1619 3394 merito;
1654 3322 1804 3401 quia

255 3414 642 3476 heneficium
690 3413 932 3475 confert
958 3416 1143 3476 Petro
1191 3415 1572 3494 imponendo
1601 3419 1804 3475 totum

258 3525 529 3569 censum
558 3506 678 3567 sibi
708 3511 771 3569 et
800 3506 987 3567 rebus
1014 3507 1164 3584 suiS‚
1216 3512 1286 3569 ιιι
1313 3509 1368 3568 ei
1392 3513 1634 3587 partem
1661 3525 1804 3586 pre-

257 3600 333 3662 tii
364 3599 638 3673 tribuat;
689 3617 885 3679 quare
930 3600 1155 3661 merito
1201 3604 1404 3679 potest
1441 3602 1618 3661 illum
1647 3600 1804 3661 obli-

256 3708 420 3772 gare
472 3691 553 3752 ad
598 3690 994 3752 reddendum
1040 3692 1247 3770 ipsum
1301 3693 1682 3769 indemnem,
1741 3698 1805 3753 et

256 3783 630 3846 solvendam
674 3788 917 3862 partem
960 3785 1278 3863 pensionis
1325 3786 1406 3848 ad
1436 3803 1625 3866 quam
1666 3785 1802 3866 ejus

257 3876 471 3957 gratia
502 3896 566 3937 se
597 3877 856 3955 obligat.

345 3972 585 4032 Rursus
612 3969 898 4042 infertur,
951 3970 1104 4049 quid
1147 3970 1485 4032 dicendum
1522 3971 1600 4032 sit
1634 3972 1697 4031 in
1727 3988 1800 4032 eo

259 4081 440 4139 casu,
490 4080 679 4142 quem
720 4081 797 4122 ex
826 4062 1080 4125 Salonio
1129 4065 1310 4125 affert
1335 4064 1507 4125 Salas
1548 4064 1609 4125 d.
1646 4064 1795 4125 dub.

258 4173 367 4218 xv.
404 4174 467 4216 n.
502 4157 560 4217 3.
592 4157 814 4216 Petrus
843 4159 905 4217 et
930 4157 963 4217 J
972 4173 1205 4216 oannes
1225 4156 1411 4217 ambo
1441 4156 1502 4217 in
1532 4157 1803 4219 solidum

258 4248 549 4310 vendunt
574 4266 833 4310 censum
863 4248 1157 4324 Antonio,
1209 4253 1271 4310 et
1310 4253 1441 4310 tota
1471 4251 1657 4328 pretii
1681 4250 1803 4312 uti-

255 4342 407 4403 litas
436 4344 532 4401 est
556 4358 669 4419 pro
697 4341 829 4400 solo
857 4343 1036 4403 Petro
1072 4340 1178 4420 qui
1216 4359 1288 4403 eo
1316 4341 1577 4421 indiget.
1609 4344 1642 4405 J
1649 4361 1799 4404 oan-

256 4452 372 4494 nes
419 4451 569 4494 vero
599 4432 827 4510 accipit
868 4451 903 4493 a
933 4436 1116 4495 Petro
1167 4433 1653 4497 instrumentum
1700 4437 1797 4496 in-

257 4525 643 4602 demnitatis,
675 4543 801 4604 quo
830 4526 1051 4590 Petrus
1080 4527 1392 4603 promittit
1419 4545 1676 4589 censum
1705 4529 1801 4589 in-

256 4623 361 4680 tra
387 4617 736 4694 biennium,
788 4635 849 4678 v.
883 4636 943 4695 g.
979 4619 1313 4696 redimere,
1362 4620 1462 4679 vel
1489 4622 1798 4682 Joannem

256 4712 341 4773 ab
384 4729 462 4772 ea
502 4710 883 4789 obligatione
930 4711 1219 4788 liberare,
1281 4713 1493 4790 elapso
1544 4713 1796 4775 biennio

254 4806 483 4866 Petrus
511 4808 802 4865 neutrum
832 4803 976 4865 fecit
1008 4824 1022 4864 ε
1057 4805 1377 4884 quaeritur‚
1415 4824 1494 4865 an
1523 4808 1556 4868 J
1564 4825 1796 4868 oannes

254 4896 459 4976 possit
487 4914 745 4958 censum
775 4914 850 4956 ex
880 4896 1006 4957 suis
1035 4897 1369 4972 redimere,
1401 4902 1464 4960 et
1494 4900 1795 4979 quamdiu

260 4992 487 5053 Petrus
532 5008 677 5050 eum
725 5006 848 5049 non
896 4989 1171 5066 redimit,
1232 4990 1483 5068 exigere
1532 4992 1613 5053 ab
1659 4992 1795 5071 ipso

251 5083 612 5163 pensiones,
639 5101 798 5162 quas
817 5083 987 5161 prior
1008 5086 1256 5161 emptor
1275 5083 1645 5162 accipiebat.
1682 5087 1797 5146 Ne-

250 5180 367 5255 gat
410 5175 588 5238 Salas
647 5192 794 5236 cum
839 5174 1165 5252 MolinaeO,
1225 5176 1476 5238 Salonio
1524 5180 1587 5239 et
1632 5178 1790 5254 aliis,

250 5268 426 5348 quod
436 5267 696 5347 intelligi
710 5267 898 5329 dehet
910 5268 1152 5329 secluso
1166 5268 1394 5330 damno
1409 5274 1788 5348 emergente,

248 5366 318 5423 et
342 5361 515 5424 lucro
544 5364 856 5423 cessante.
893 5361 1072 5422 Ratio
1101 5379 1249 5423 vero
1279 5366 1394 5439 est,
1430 5362 1578 5442 quia
1603 5364 1636 5424 J
1645 5381 1790 5423 oan—

248 5473 362 5518 nes
388 5473 650 5520 censum
680 5452 944 5516 extinxit
985 5453 1161 5520 illum
1203 5455 1570 5518 redimendo
1621 5475 1636 5516 :
1691 5473 1792 5515 ex-

3314 361 3431 423 363

1901 538 2092 601 tincto
2123 542 2334 602 autem
2380 541 2571 602 semel
2618 560 2829 616 censu,
2890 559 3014 603 non
3065 544 3327 621 possunt
3355 557 3431 600 ex

1902 651 1975 693 eo
2006 634 2340 710 pensiones
2369 635 2635 713 amplius
2666 655 2702 696 a
2730 635 3011 697 debitore
3037 634 3258 713 accipi.

1980 728 2127 787 Haec
2156 730 2367 788 tamen
2398 729 2553 789 ratio
2586 733 2648 789 et
2693 728 2987 789 resolutio
3036 725 3306 787 difficilis
3336 723 3431 784 vi-

1900 819 2033 880 deri
2087 824 2294 899 potest
2351 841 2365 882 :
2423 840 2705 901 suppono
2755 821 2944 898 enim,
2999 837 3255 881 censum
3301 834 3426 878 non

1898 910 2086 973 fuisse
2117 913 2519 975 constitutum
2549 933 2738 994 super
2764 914 2944 975 bonis
2973 914 3118 974 solis
3141 913 3175 975 J
3182 910 3422 984 oannis,

1897 1004 2009 1065 sed
2039 1006 2228 1066 etiam
2259 1026 2447 1085 super
2491 1007 2669 1067 bonis
2697 1008 2866 1069 Petri
2927 1027 2941 1069 ε
3001 1024 3195 1085 quare
3225 1003 3428 1083 potuit

1897 1097 2172 1159 Joannes
2201 1099 2359 1159 velle
2390 1101 2753 1179 extinguere
2802 1103 2864 1162 et
2897 1099 3203 1160 redimere
3228 1096 3426 1157 solam

1897 1194 2142 1268 partem
2173 1208 2395 1253 census
2425 1210 2564 1271 qum
2608 1193 2734 1254 suis
2773 1193 2953 1254 honis
2983 1187 3429 1268 corresponde-

1896 1281 2007 1344 bat
2054 1304 2068 1344 ε
2120 1283 2292 1344 illam
2319 1304 2468 1346 vero
2499 1286 2687 1346 aliam
2728 1290 2973 1364 partem
3016 1302 3155 1363 quae
3185 1297 3427 1343 corres-

1897 1376 2217 1453 pondebat
2266 1378 2448 1438 bonis
2503 1379 2691 1456 Petri,
2749 1379 2953 1458 potuit
3007 1376 3169 1439 nolle
3225 1372 3424 1433 extin-

1896 1487 2109 1546 guere,
2165 1470 2276 1530 sed
2330 1489 2538 1532 emere
2594 1471 2674 1532 ab
2702 1471 2995 1544 Antonio,
3064 1468 3226 1529 sicut
3268 1464 3426 1525 alius

1895 1562 2115 1624 tertius
2171 1564 2477 1642 potuisset
2530 1565 2702 1626 illam
2754 1583 2996 1636 emere;
3059 1561 3227 1622 unde
3281 1559 3427 1619 licet

1895 1656 1928 1717 J
1935 1673 2169 1716 oannes
2197 1675 2322 1718 non
2357 1658 2546 1729 possit
2573 1659 2819 1737 exigere
2850 1677 2886 1718 a
2904 1659 3087 1717 Petro
3116 1655 3426 1730 integram

1897 1749 2266 1827 pensionem
2320 1751 2511 1812 totius
2552 1769 2796 1828 census,
2857 1751 3005 1831 quia
3048 1748 3176 1826 iam
3217 1743 3426 1826 quoad

1896 1859 2089 1902 unam
2116 1846 2360 1919 partem
2391 1843 2698 1905 extinctus
2730 1844 2873 1916 fuit3
2921 1861 3047 1903 non
3080 1845 3291 1903 tamen
3317 1856 3428 1916 ap·-

1896 1938 2075 2012 paret
2102 1953 2216 1995 cur
2259 1953 2381 1996 non
2425 1938 2618 2016 possit
2673 1942 2885 2017 petere
2932 1935 3265 2015 pensiones
3293 1948 3425 1992 cor-

1896 2029 2348 2106 respondentes
2391 2031 2571 2092 alteri
2611 2030 2794 2109 parti,
2843 2048 2983 2109 quae
3013 2018 3293 2088 nondum
3321 2043 3428 2085 ex-

1897 2120 2088 2181 tincta
2114 2121 2251 2198 fuit,
2285 2122 2394 2183 sed
2413 2124 2713 2184 translata
2743 2123 2822 2184 ab
2840 2121 3109 2184 Antonio
3142 2120 3204 2180 in
3223 2119 3427 2198 ipsum

1897 2215 2226 2276 Joannem.
2271 2217 2429 2275 Nam
2457 2216 2603 2278 licet
2630 2220 2892 2295 uterque
2923 2231 3180 2276 censum
3211 2211 3428 2273 vendi-

1899 2307 2093 2379 derit3
2140 2325 2284 2367 cum
2315 2312 2523 2369 tamen
2553 2327 2776 2370 census
2805 2308 2991 2368 fuerit
3017 2306 3224 2381 realis,
3270 2302 3428 2364 obli-

1898 2400 2066 2478 gatio
2096 2400 2296 2461 divisa
2323 2401 2441 2463 fuit
2464 2402 2626 2464 inter
2652 2402 2818 2462 bona
2838 2400 3004 2461 Petri
3042 2403 3102 2459 et
3122 2401 3154 2460 J
3162 2396 3383 2459 oannis
3407 2414 3422 2457 z

1898 2494 2100 2570 potuit
2126 2510 2277 2571 ergo
2305 2494 2338 2555 J
2347 2512 2580 2555 oannes
2621 2511 2813 2554 unam
2845 2492 3293 2571 obligationem
3326 2506 3429 2549 so-

1898 2584 2023 2645 lam
2052 2586 2209 2645 velle
2248 2587 2634 2665 extinguere,
2683 2604 2909 2667 nempe
2939 2602 3198 2645 suorum
3225 2583 3430 2643 bono-

1897 2697 2061 2755 rum,
2095 2682 2159 2741 et
2186 2680 2444 2741 alteram
2475 2680 2850 2759 relinquere,
2894 2679 3191 2756 illamque
3220 2691 3428 2735 emere

1900 2772 1978 2832 ab
2009 2772 2304 2849 Antonio,
2356 2776 2418 2835 et
2444 2773 2671 2835 virtute
2700 2772 2864 2834 illius
2903 2774 3147 2852 partem
3182 2767 3429 2850 pensio·

1899 2865 1995 2926 nis
2022 2866 2292 2944 exigere.

1988 2963 2213 3024 Adhuc
2254 2965 2465 3023 tamen
2503 2960 2661 3022 ratio
2702 2959 2810 3020 illa
2845 2955 3211 3020 sustinenda
3253 2952 3428 3015 vide-

1897 3066 2002 3123 tur
2043 3079 2055 3120 :
2100 3057 2248 3136 quia
2275 3055 2419 3117 licet
2447 3054 2741 3133 obligatio
2770 3053 2956 3113 realis
2994 3050 3305 3111 honorum
3335 3046 3431 3107 di-

1899 3154 2034 3215 visa
2074 3150 2293 3224 fuerit;
2355 3148 2653 3228 obligatio
2698 3151 2912 3209 tamen
2957 3145 3064 3206 illa
3102 3145 3164 3205 et
3201 3142 3305 3223 jus
3348 3139 3428 3201 ad

1900 3248 2138 3307 fructus
2177 3245 2487 3305 bonorum
2516 3241 2950 3316 immobilium,
3005 3239 3264 3299 reducta
3299 3235 3429 3296 fue-

1901 3343 2047 3401 runt
2076 3338 2158 3398 ad
2187 3335 2634 3414 obligationem
2677 3333 2995 3413 pensionis
3026 3335 3211 3392 certae
3242 3347 3432 3407 pecu·

1900 3432 2138 3508 niariae,
2190 3430 2270 3490 ad
2300 3445 2489 3508 quam
2529 3428 2592 3487 in
2623 3426 2889 3488 solidum
2920 3428 2983 3487 et
3019 3441 3197 3505 aeque
3228 3423 3429 3501 primo

1900 3530 2164 3604 uterque
2193 3542 2259 3585 se
2289 3521 2588 3600 obligavit
2616 3519 2977 3581 immediate
3018 3539 3031 3579 ε
3079 3535 3275 3597 quare
3306 3534 3430 3576 non

1900 3618 2103 3697 potuit
2128 3636 2289 3677 unus
2320 3634 2395 3675 ex
2441 3614 2563 3675 illis
2609 3614 2872 3689 solvere,
2926 3612 3076 3691 quin
3107 3610 3430 3690 utriusque

1900 3711 2184 3772 debitum
2239 3709 2724 3787 extingueretur.
2795 3706 2970 3766 Idem
3034 3709 3244 3765 autem
3312 3706 3426 3777 est,

1900 3804 2067 3885 quod
2094 3805 2128 3867 J
2137 3821 2369 3864 oannes
2399 3806 2567 3863 emat
2585 3800 2866 3861 debitum
2897 3798 3069 3873 illud,
3104 3815 3176 3858 ac
3197 3796 3250 3856 si
3275 3794 3430 3855 illud

1898 3898 2188 3959 solveret.
2250 3894 2545 3968 Quamvis
2581 3911 2730 3972 ergo
2768 3891 2924 3951 alius
2961 3891 3179 3952 tertius
3221 3889 3433 3968 posset

1898 3991 2074 4052 illum
2103 4005 2360 4050 censum
2398 4004 2628 4063 emere,
2697 3984 2846 4063 quin
2891 3985 3067 4044 illum
3109 3982 3430 4061 extingue-

1896 4087 2026 4156 ret;
2085 4085 2358 4144 Joannes
2385 4084 2597 4141 tamen
2653 4078 2759 4159 qui
2802 4081 2938 4139 erat
2977 4075 3338 4156 principalis
3369 4079 3432 4137 et

1898 4174 2296 4237 immediatus
2326 4174 2574 4235 debitor
2599 4174 2665 4232 in
2695 4172 2963 4232 solidum
2991 4171 3180 4232 totius
3209 4169 3424 4246 debiti,

1899 4289 2023 4331 non
2052 4269 2254 4349 potuit
2281 4267 2434 4328 illud
2480 4267 2670 4328 etiam
2700 4285 2774 4326 ex
2804 4270 2980 4344 parte
3012 4282 3241 4341 emere,
3278 4263 3428 4342 quin

1896 4363 2049 4423 illud
2077 4362 2331 4423 omnino
2372 4361 2794 4439 extingueret,
2843 4376 2987 4418 curn
3030 4375 3102 4418 eo
3156 4357 3290 4436 ipso
3332 4372 3430 4415 sa-

1896 4455 2213 4518 tisfactum
2256 4457 2418 4515 esset
2444 4454 2716 4516 Antonio
2747 4471 2786 4513 a
2831 4450 3161 4531 principali
3211 4452 3273 4510 et
3307 4448 3427 4507 im-

1897 4549 2172 4610 mediato
2227 4548 2532 4609 debitore.
2595 4545 2829 4607 Poterit
2884 4562 3033 4623 ergo
3074 4545 3349 4606 Joannes
3391 4559 3429 4602 a

1896 4645 2078 4703 Petro
2110 4641 2357 4720 exigere
2414 4640 2687 4721 pretium
2741 4638 2917 4715 illud,
2978 4637 3146 4718 quod
3201 4636 3264 4696 in
3294 4635 3429 4715 ejus

1894 4735 2226 4796 utilitatem
2262 4734 2475 4806 solvit;
2516 4751 2643 4794 non
2672 4734 2885 4793 tamen
2928 4729 3158 4810 poterit
3183 4728 3428 4809 pensio-

1897 4846 2008 4888 nes
2036 4828 2289 4906 exigere
2321 4845 2397 4887 ex
2432 4844 2627 4888 censu
2654 4825 2763 4907 qui
2782 4827 2916 4905 jam
2954 4823 3206 4886 omnino
3237 4821 3428 4883 extin-

1896 4924 2032 4984 ctus
2060 4920 2284 4982 fuerat.
