4263 6376
642 2826 718 2886 37

603 2950 708 3004 Quid
739 2952 790 2993 de

578 3017 705 3048 censu
726 3004 824 3047 reali

607 3058 799 3101 viminio.

875 334 994 394 348

873 512 1053 569 tuum
1076 556 1091 586 ,
1126 512 1214 573 sic
1243 515 1471 591 poterit
1496 515 1576 575 ad
1607 532 1839 594 paucos
1868 532 2065 575 annos
2090 562 2105 590 ,
2156 515 2318 575 sicut
2345 518 2408 576 et

874 608 1086 680 posset
1115 606 1377 665 conduci
1410 607 1655 684 domus,
1690 608 1788 667 vel
1818 607 2046 667 fundus
2076 607 2156 666 ad
2186 606 2406 686 viginti

877 712 1074 755 annos
1097 743 1112 773 ,
1168 716 1293 757 non
1339 700 1540 759 solum
1572 719 1685 779 pro
1714 699 2014 779 pensione
2044 718 2251 760 annua
2281 699 2409 760 sin-

875 787 1037 864 gulis
1086 791 1264 849 annis
1312 793 1614 853 solvenda
1638 839 1653 868 ,
1706 792 1816 852 sed
1847 792 2034 853 etiam
2062 812 2177 872 pro
2208 793 2405 871 pretio

877 881 1010 939 toto
1053 880 1235 941 simul
1270 902 1435 944 nunc
1465 886 1763 945 solvendo
1790 932 1805 962 ,
1858 892 1918 945 et
1947 886 2064 945 hoc
2092 886 2239 945 iicet
2267 904 2410 963 pre-

878 970 1030 1033 tium
1063 991 1185 1032 non
1214 975 1508 1055 adaequet
1535 978 1811 1038 valorem
1841 979 2155 1039 fructuum
2193 982 2410 1057 postea

876 1064 1465 1143 percipiendorun13
1502 1070 1649 1149 quia
1678 1071 1741 1130 id
1772 1070 1938 1150 quod
1970 1071 2231 1146 emitur,
2287 1088 2408 1131 non

876 1161 1024 1218 sunt
1049 1158 1286 1220 fructus
1316 1167 1532 1240 postea
1561 1163 1943 1242 percipiendi
1975 1210 1990 1241 ,
2051 1164 2164 1223 sed
2210 1163 2412 1223 domi-

876 1250 1050 1310 nium
1082 1253 1231 1312 utile
1264 1255 1431 1332 quod
1464 1275 1630 1317 nunc
1658 1257 2000 1336 accipitur,
2057 1262 2120 1318 et
2149 1257 2314 1336 quod
2348 1256 2408 1315 in

878 1343 1291 1406 aestimatione
1313 1347 1713 1425 prudentum,
1750 1368 1870 1410 non
1894 1351 2032 1430 plus
2062 1368 2228 1410 nunc
2248 1349 2415 1410 valet

878 1454 1073 1515 quam
1118 1436 1197 1498 sit
1227 1440 1493 1517 pretium
1545 1460 1667 1520 quo
1700 1444 1947 1503 emitur.
1999 1442 2286 1503 Advenit
2320 1446 2415 1503 ta-

877 1546 1026 1589 mon
1048 1530 1302 1607 Molina‚
1337 1534 1559 1594 merito
1581 1536 2041 1613 prohibendum
2073 1554 2207 1595 esse
2224 1536 2413 1596 talem

880 1638 1137 1681 censum
1165 1624 1400 1684 realem
1430 1629 1839 1704 temporalem
1869 1629 2008 1706 lege
2030 1629 2328 1704 humana,
2363 1628 2414 1687 si

880 1718 1045 1775 essct
1070 1715 1151 1774 ad
1181 1735 1415 1794 paucos
1443 1736 1666 1795 annos,
1705 1725 1773 1780 ut
1798 1720 1878 1780 ad
1912 1721 2212 1800 quinque,
2247 1724 2410 1796 oct0,

881 1812 989 1866 aut
1017 1806 1231 1866 decem
1253 1854 1268 1884 ,
1305 1809 1383 1869 ob
1415 1810 1689 1887 pericula
1721 1813 2016 1890 palliandi
2046 1830 2117 1872 ea
2150 1813 2249 1872 via
2274 1832 2415 1871 usu-

879 1917 1002 1974 raS,
1034 1903 1142 1960 aut
1169 1902 1414 1961 emendi
1440 1921 1545 1964 eos
1567 1922 1789 1965 census
1810 1906 2005 1966 multo
2031 1905 2256 1965 minori
2280 1924 2416 1983 pre-

879 1989 966 2052 tio
998 2009 1188 2070 quam
1215 1994 1504 2067 valeant;
1538 1997 1886 2076 praesertim
1918 1998 2170 2076 quando
2193 2016 2416 2058 census

882 2088 1046 2144 esset
1073 2085 1468 2162 pecuniarius
1493 2135 1508 2164 ,
1568 2089 1630 2148 in
1679 2109 1801 2168 quo
1833 2091 2011 2150 valor
2041 2092 2413 2168 pensionum

883 2175 946 2236 in
980 2175 1344 2237 indivisibili
1378 2180 1677 2253 consistit.
1716 2183 1839 2243 Sed
1871 2184 1947 2243 de
1977 2183 2143 2244 facto
2172 2203 2293 2243 non
2327 2190 2420 2246 est

884 2286 1140 2329 necesse
1170 2269 1307 2330 ilios
1335 2290 1558 2332 census
1589 2274 1667 2333 ob
1698 2274 1818 2336 hoc
1836 2277 2182 2355 periculum
2206 2276 2417 2354 prohi-

884 2360 1066 2434 bere3
1098 2362 1242 2441 quia
1274 2381 1396 2424 non
1427 2369 1573 2427 suut
1617 2366 1678 2425 in
1728 2387 1842 2427 usu
1892 2369 2045 2428 tales
2087 2387 2310 2429 census
2339 2370 2419 2428 ad

885 2457 1143 2532 tempus
1174 2455 1682 2519 determinatum.
1735 2460 1800 2521 Si
1843 2466 2052 2522 tamen
2086 2462 2310 2540 aliquis
2338 2463 2418 2522 ad

887 2546 1271 2625 palliandam
1328 2568 1581 2610 usuram
1640 2571 1745 2613 eos
1801 2558 2070 2631 emeret,
2130 2559 2422 2634 peccaret

887 2646 1147 2718 peccato
1179 2641 1497 2719 injustitiae
1528 2650 1745 2706 contra
1788 2646 1992 2724 legem
2027 2652 2266 2708 naturae
2298 2666 2421 2727 qua

892 2750 1094 2793 usurae
1125 2734 1456 2811 prohibitae
1485 2742 1648 2798 sunt.

971 2827 1186 2886 Restat
1224 2826 1357 2905 jam
1386 2827 1601 2889 videre
1634 2830 1711 2889 de
1760 2849 1949 2891 censu
1981 2833 2314 2909 temporali
2342 2833 2422 2892 ad

891 2921 1140 2996 tempus
1169 2918 1730 2983 indeterminatum
1760 2928 1823 2983 et
1853 2924 2183 2999 incertum,
2248 2929 2315 2986 ut
2343 2926 2422 2985 ad

892 3009 1090 3070 vitam
1120 3012 1440 3089 emptoriS,
1474 3014 1574 3073 vel
1593 3014 1955 3093 venditoris,
1991 3018 2097 3096 qui
2124 3018 2422 3096 appellari

894 3102 1053 3163 solet
1080 3121 1302 3164 census
1333 3105 1647 3167 vitalitius.
1685 3110 1949 3187 Negavit
1973 3110 2139 3171 hunc
2169 3129 2424 3171 censum

892 3194 1132 3255 licitum
1163 3216 1298 3257 esse
1328 3199 1631 3260 Henricus
1661 3201 1982 3279 quodlibet
2000 3205 2045 3264 Ι.
2082 3224 2188 3283 qu.
2213 3221 2421 3266 xxxxx.

895 3291 957 3348 et
983 3287 1262 3366 quodlib.
1296 3291 1369 3350 11.
1407 3310 1513 3370 qu.
1548 3309 1650 3353 xv.
1699 3299 1762 3355 et
1789 3313 1901 3372 pro
1933 3296 2156 3356 eadem
2184 3301 2428 3357 senten-

894 3379 984 3442 tia
1012 3380 1283 3440 citantur
1312 3383 1722 3462 Raimundus,
1759 3388 2097 3466 GofreduS‚
2146 3395 2208 3450 et
2235 3391 2430 3450 Anto-

897 3472 1117 3549 ninuS,
1153 3492 1309 3552 quos
1338 3478 1520 3538 affert
1551 3479 1725 3540 Salas
1772 3481 1921 3541 dub.
1957 3498 2017 3542 v.
2070 3501 2242 3544 num.
2280 3486 2334 3542 1.
2370 3488 2430 3542 et

898 3565 976 3626 de
1009 3566 1142 3646 ejus
1165 3566 1408 3646 justitia
1450 3570 1770 3631 dubitasse
1801 3574 2049 3635 videtur
2079 3575 2427 3636 Sarmiento

898 3660 1256 3722 V11.select.
1291 3680 1427 3741 cap.
1456 3679 1497 3723 1.
1536 3683 1638 3725 nu.
1673 3669 1768 3726 29.
1805 3667 1865 3726 in
1889 3668 2217 3746 principio.
2254 3671 2429 3730 Com-

895 3753 1105 3812 munis
1132 3757 1341 3815 tamen
1368 3755 1695 3818 doctorum
1716 3761 2021 3821 sententia
2040 3762 2276 3822 licitum
2295 3781 2430 3823 esse

897 3845 1171 3906 affirmat
1200 3846 1277 3906 de
1291 3846 1434 3926 jure
1459 3854 1719 3927 naturae,
1755 3852 1805 3911 si
1829 3851 2071 3931 justitia
2093 3856 2276 3932 pretii
2308 3875 2431 3915 ser-

899 3943 1114 4014 vetur,
1167 3939 1410 4000 etiamsi
1460 3948 1679 4020 postea
1724 3945 2012 4006 cumulus
2060 3947 2432 4024 pensionum

900 4032 1162 4091 excedat
1182 4033 1451 4110 pretium
1483 4034 1561 4094 ab
1584 4040 1864 4114 emptore
1891 4039 2185 4100 solutum.
2222 4043 2283 4100 S.
2310 4040 2427 4101 Th.

903 4139 1117 4200 opusc.
1153 4140 1370 4186 nxxm.
1406 4125 1475 4186 de
1502 4128 1713 4189 usuris.
1763 4148 1823 4207 p.
1858 4147 1902 4191 1.
1950 4150 2087 4209 cap.
2124 4137 2182 4194 9.
2221 4133 2434 4192 Ricar-

902 4214 1043 4290 dus,
1078 4217 1344 4278 Conrad.
1390 4219 1573 4280 Joan.
1606 4221 1880 4297 Medma,
1915 4225 2121 4300 SotuS,
2175 4228 2428 4286 Covarr.

905 4307 1192 4369 Valentia
1218 4355 1233 4385 ,
1277 4311 1604 4388 Salonius,
1653 4314 1845 4374 etalii
1877 4314 2228 4392 innumeri,
2279 4335 2436 4396 quos

905 4402 1189 4479 congerit
1235 4406 1298 4463 et
1334 4405 1617 4482 sequitur
1646 4407 1822 4467 Salas
1852 4408 1954 4469 ubi
1987 4429 2175 4488 supra
2207 4412 2437 4471 Melina

905 4493 1065 4572 disp.
1102 4498 1239 4556 388.
1274 4496 1520 4556 Lessius
1550 4498 1717 4559 dicto
1765 4519 1904 4579 cap.
1938 4519 2089 4564 xxn.
2140 4504 2337 4564 dubit.
2373 4507 2432 4564 6.

906 4590 969 4648 et
1019 4587 1121 4647 alii
1164 4606 1381 4649 omnes
1438 4593 1872 4654 communiter.
1934 4596 2012 4656 Et
2066 4596 2320 4674 quidem
2374 4596 2437 4656 in

906 4698 1098 4740 censu
1126 4681 1275 4741 reali
1308 4686 1551 4744 constat
1580 4703 1654 4743 ex
1684 4685 1886 4762 dictis,
1922 4688 2069 4766 quia
2098 4706 2241 4748 cum
2272 4688 2330 4747 in
2365 4706 2437 4747 eo

909 4790 1032 4833 non
1063 4777 1350 4834 emantur
1378 4776 1708 4854 pensiones
1737 4779 2076 4854 solvendae,
2108 4780 2219 4840 sed
2246 4780 2438 4840 domi-

910 4866 1081 4927 nium
1113 4867 1262 4926 utile
1293 4871 1354 4928 et
1372 4869 1760 4930 ususfructus
1780 4872 2080 4950 partialiS,
2117 4878 2185 4933 ut
2205 4873 2441 4933 dictum

909 4963 1023 5034 est,
1059 4960 1220 5020 sicut
1248 4959 1349 5020 hic
1378 4960 1562 5020 vendi
1594 4967 1801 5041 potest
1829 4965 1890 5023 in
1921 4971 2318 5044 perpetuum,
2353 4967 2441 5026 sic

908 5057 1116 5132 potest
1142 5052 1371 5113 minori
1400 5054 1602 5132 pretio
1633 5056 1822 5115 vendi
1851 5057 1930 5116 ad
1960 5062 2210 5136 tempus
2239 5059 2443 5118 incer-

911 5150 1067 5206 tum.
1092 5147 1158 5205 In
1177 5163 1364 5206 censu
1381 5151 1588 5206 autem
1606 5149 1919 5225 personali
1942 5151 2262 5228 probatur,
2297 5151 2443 5230 quia

911 5238 1057 5299 licet
1083 5239 1145 5297 in
1177 5257 1249 5299 eo
1280 5240 1467 5299 vendi
1497 5240 1830 5302 videantur
1860 5243 2190 5320 pensiones
2207 5244 2445 5304 solven-

914 5331 1041 5407 dae,
1088 5336 1150 5392 et
1178 5331 1317 5392 ideo
1350 5351 1472 5392 non
1510 5333 1749 5411 possint
1772 5334 1995 5395 minori
2028 5336 2226 5414 pretio
2261 5336 2442 5396 vendi

914 5424 1246 5485 videantur
1273 5426 1604 5504 pensiones
1633 5427 1949 5488 solvendae
1973 5474 1989 5506 ,
2040 5433 2103 5491 et
2149 5430 2289 5490 ideo
2321 5449 2443 5491 non

2041 338 2142 397 DE
2183 338 2538 399 JUSTITIA
2584 337 2683 397 ΕΤ
2724 337 2923 397 JURE

2504 513 2744 592 possint
2788 512 3013 573 minori
3069 512 3269 590 pretio
3326 510 3556 584 vendi,
3619 508 3738 568 nisi
3783 512 3998 585 propter

2504 606 2749 667 lucrum
2782 624 3052 681 cessans,
3092 605 3392 664 damnum
3422 619 3788 680 emergenS,
3821 604 3926 659 etc.
3951 606 4000 660 ut

2506 716 2696 777 supra
2751 698 3055 769 diximus3
3109 697 3360 776 quando
3407 700 3618 757 tamen
3667 693 3893 753 emitur
3928 692 4000 751 hic

2507 808 2730 852 census
2772 790 2852 851 ad
2882 795 3131 868 tempus
3169 789 3511 861 incertum,
3553 790 3905 847 contractus
3926 785 4001 843 hic

2508 888 2601 944 est
2629 884 2894 943 fortunae
2926 882 3246 960 expositus
3272 931 3286 955 ‚
3340 881 3502 940 sicut
3526 878 3751 953 ludus,
3812 877 3870 935 in
3910 896 3998 955 quo

2506 975 2679 1035 lucro
2721 979 2783 1035 et
2817 974 3082 1053 jacturae
3114 977 3380 1052 uterque
3420 972 3757 1051 exponitur
3789 988 3806 1037 ;
3852 988 4003 1047 quare

2509 1067 2677 1146 quod
2707 1067 3040 1147 pensiones
3070 1071 3370 1144 superent
3399 1071 3618 1143 postea
3645 1062 3908 1141 pret-ium
3930 1081 4005 1121 so-

2507 1161 2742 1237 lutum,
2789 1161 2852 1221 id
2881 1161 3147 1221 fortunae
3180 1159 3480 1237 emptoris
3509 1159 3886 1235 imputatur,
3925 1157 4003 1234 qui

2507 1253 2709 1333 potuit
2757 1253 2945 1313 etiam
2993 1252 3321 1330 pauciores
3365 1252 3700 1330 pensiones
3740 1249 4001 1327 recipere.

2511 1349 2573 1406 et
2603 1344 2747 1406 huic
2779 1345 3057 1422 periculo
3089 1362 3154 1403 se
3186 1343 3495 1422 exposuit.

2590 1438 2792 1512 Dices,
2839 1436 3006 1496 hunc
3035 1440 3427 1497 contractum
3457 1434 3855 1495 occasionem
3881 1452 4007 1512 pre·

2509 1531 2658 1591 bere
2689 1528 3086 1590 desiderandi
3118 1532 3180 1588 et
3225 1528 3610 1606 procurandi
3658 1532 3915 1586 mortem
3938 1526 4006 1584 al·

2511 1623 2727 1698 teriuS,
2776 1628 2846 1682 ut
2872 1621 3170 1699 obligatio
3219 1620 3503 1680 solvendi
3553 1620 3885 1697 pensiones
3913 1624 4006 1677 ter·

2511 1716 2805 1776 minetur.
2865 1713 3324 1793 Respondetur‚
3359 1713 3479 1772 hoc
3509 1730 3632 1771 non
3666 1730 3801 1771 esse
3829 1712 4006 1770 vitium

2513 1812 2891 1883 contractus,
2917 1807 3026 1865 sed
3048 1804 3579 1877 contrahentium,
3604 1804 4005 1883 propterquod

2512 1920 2638 1961 non
2669 1900 2953 1960 redditur
2996 1902 3354 1958 contractus
3401 1897 3673 1972 illicitus,
3726 1897 3898 1956 sicuti
3921 1915 4008 1955 nec

2514 1992 2784 2053 baeredis
2811 1991 3135 2063 institutiO,
3187 1989 3286 2050 vel
3314 1980 3888 2057 fideicommissum,
3929 1996 4008 2049 aut

2514 2086 2822 2146 successio
2851 2084 3204 2144 necessaria
3231 2083 3530 2157 filiorum,
3565 2087 3675 2144 aut
3703 2082 3910 2160 pensio
3933 2101 4011 2141 ec-

2516 2180 2884 2254 clesiastica,
2919 2183 2981 2238 et
3006 2178 3127 2238 alia
3157 2176 3466 2255 ejusmodi
3497 2176 3668 2237 licita
3695 2181 3859 2250 sunt,
3899 2176 4010 2235 licet

2517 2272 2800 2333 haeredcs
2833 2269 3114 2341 instituti,
3150 2269 3248 2328 vel
3278 2269 3618 2342 substituti,
3653 2275 3765 2329 aut
3788 2269 3908 2342 filii,
3939 2268 4010 2325 vel

2517 2366 2765 2426 solvens
2838 2363 3199 2442 pensionem
3224 2409 3239 2437 ,
3313 2362 3710 2422 occasionem
3781 2361 4014 2420 habeant

2519 2456 2770 2537 optandi
2804 2459 3068 2516 mortem
3098 2454 3434 2530 testatoris,
3481 2454 3581 2513 vel
3612 2454 4014 2514 fideicommis-

2519 2550 2686 2624 sarii,
2719 2549 2816 2608 vel
2846 2552 3198 2626 parentum,
3248 2546 3344 2606 vel
3377 2546 3782 2625 pensionarii,
3816 2552 3880 2607 ut
3904 2566 4015 2605 suc·

2519 2643 2744 2704 cedere
2768 2639 3008 2720 possint
3068 2658 3080 2700 ε
3137 2637 3234 2698 vel
3280 2638 3537 2699 liberari
3586 2639 3665 2699 ab
3710 2657 3895 2700 onere
3920 2639 4014 2700 sol·

2519 2734 2705 2795 vendi
2735 2732 3087 2811 pensiones

2600 2826 2943 2887 Difficultas
2973 2829 3086 2900 est,
3144 2825 3459 2904 quomodo
3509 2825 3934 2885 {estimandum
3954 2826 4016 2885 sit

2514 2919 2756 3001 justum
2785 2918 3053 2997 pretium
3084 2935 3307 2977 census
3334 2917 3601 2978 vitalitii.
3648 2919 3856 2998 Aliqui
3881 2918 4014 2977 euim

2522 3012 2758 3087 dicunt,
2811 3029 2945 3070 esse
2974 3009 3425 3071 attendendum
3476 3029 3710 3071 annum
3756 3011 3836 3070 ad
3862 3027 4014 3090 quem

2523 3105 2851 3184 pervenire
2919 3107 3123 3181 potest
3179 3101 3549 3163 naturaliter
3618 3110 3680 3164 et
3735 3104 4018 3164 moraliter

2523 3199 2672 3275 vita,
2732 3215 2846 3276 pro
2894 3215 3017 3276 quo
3066 3197 3313 3274 emitur,
3373 3202 3436 3258 et
3461 3198 3828 3258 sumendam
3873 3197 4018 3256 dimi-

2526 3292 2695 3352 diam
2724 3295 2965 3370 partem
2987 3308 3319 3364 annorum,
3355 3290 3457 3369 qui
3481 3290 3874 3351 intercedunt
3891 3310 3920 3349 a
3940 3290 4018 3348 die

2527 3383 2860 3462 emptionis
2908 3400 3104 3462 usque
3151 3382 3228 3441 ad
3283 3383 3458 3441 illum
3506 3402 3762 3459 annum,
3816 3389 4018 3444 ettunc

2525 3477 2796 3557 pretium
2825 3493 3050 3536 census
3079 3474 3309 3535 debere
3355 3476 3695 3554 adaequare
3722 3477 4020 3555 pensiones

2528 3587 2836 3631 annorum
2864 3568 3026 3628 illius
3055 3568 3429 3644 medietatiS,
3482 3587 3544 3631 v,
3577 3587 3671 3646 gr.
3718 3569 3769 3628 si
3810 3574 4021 3646 emptor

2529 3664 2609 3725 sit
2633 3661 3095 3739 sexagenariuS,
3130 3666 3193 3722 et
3218 3666 3505 3740 speretur
3531 3680 3710 3739 posse
3730 3661 4020 3740 pervenire

2529 3757 2610 3817 ad
2639 3772 2871 3814 annum
2902 3754 3100 3816 aetatis
3126 3755 3225 3814 80.
3259 3753 3494 3814 debent
3534 3754 3872 3833 computari
3902 3773 4019 3833 pen·

2530 3851 2735 3910 siones
2764 3847 2980 3907 decem
3013 3864 3341 3921 annorum,
3378 3847 3485 3925 qui
3515 3852 3660 3908 sunt
3687 3847 4022 3925 mediapars

2529 3943 2693 4003 illius
2739 3939 3057 4018 temporie,
3115 3958 3236 4018 quo
3280 3939 3491 3999 vivere
3540 3941 3894 4001 naturaliter
3928 3958 4020 4016 po·

2531 4041 2671 4109 test,
2722 4041 2909 4110 atque
2939 4032 3078 4090 ideo
3112 4031 3381 4109 pretium
3421 4032 3665 4110 justum
3712 4039 3883 4092 erunt
3904 4034 4017 4091 300.

2531 4146 2644 4207 pro
2677 4131 2771 4187 w.
2805 4124 3062 4196 annuis;
3096 4124 3147 4183 si
3175 4142 3323 4183 vero
3355 4125 3434 4183 sit
3464 4124 4017 4204 quinquagenarius,

2531 4220 2800 4300 pretium
2839 4219 3079 4296 justum
3121 4220 3305 4276 erunt
3330 4219 3469 4278 300.
3522 4235 3634 4294 pro
3669 4221 3761 4277 15.
3805 4215 4019 4282 annuis,

2534 4315 2587 4374 si
2614 4316 2865 4391 putetur
2883 4328 3065 4389 posse
3089 4309 3471 4382 naturaliter,
3507 4315 3572 4369 et
3591 4310 3896 4370 moraliter
3915 4326 4028 4385 per·

2533 4406 2749 4467 venire
2777 4404 2854 4464 ad
2885 4422 3118 4463 annum
3147 4405 3247 4464 80.
3281 4407 3430 4463 tunc
3468 4403 3635 4462 enim
3667 4402 3910 4482 {equalis
3936 4401 4030 4458 erit

2535 4518 2677 4578 spes
2707 4496 3109 4576 perveniendi
3141 4496 3218 4555 ad
3242 4514 3480 4556 annum
3501 4500 3582 4557 80
3631 4501 3695 4556 et
3721 4494 4027 4574 periculum

2535 4591 2845 4653 moriendi
2890 4591 3091 4669 primo
3139 4607 3326 4662 anno,
3389 4596 3578 4668 atque
3624 4591 3762 4650 ideo
3802 4585 4029 4666 mqualis

2538 4685 2654 4746 erit
2687 4687 3063 4758 contractuS,
3115 4682 3164 4741 si
3193 4682 3463 4760 pretium
3495 4683 3575 4744 sit
3603 4683 3864 4742 medium
3895 4681 4030 4738 inter

2538 4784 2876 4856 utrumque
2921 4782 3291 4836 extremum.
3353 4775 3553 4848 Quam
3601 4775 3868 4853 regulam
3909 4773 4029 4832 licet

2539 4890 2664 4932 non
2694 4870 2998 4950 approbet
3027 4869 3258 4929 Molina
3286 4869 3349 4928 in
3380 4887 3571 4928 censu
3601 4867 3743 4928 reali
3771 4866 4025 4926 vitalitio.

2540 4965 2688 5043 quia
2716 4964 2775 5024 in
2810 4981 2883 5022 eo
2915 4963 3143 5022 emitur
3167 4961 3422 5040 aliquod
3464 4963 3569 5039 ‚ius
3598 4961 3758 5019 reale
3782 4974 4030 5036 praesens

2541 5058 2900 5117 distinctum
2954 5074 2989 5113 a
3035 5053 3473 5133 pensionibuS,
3542 5052 3712 5132 cujus
3763 5051 4026 5129 pretinm.

2540 5150 2700 5210 sicut
2754 5148 3015 5208 aliarum
3071 5146 3373 5206 mercium
3417 5146 3773 5205 sumendum
3828 5150 3920 5202 est
3965 5140 4030 5199 ab

2542 5242 2953 5304 aestimatione
2984 5239 3298 5301 communi
3332 5239 3654 5299 hominum
3706 5256 3717 5296 ε
3774 5236 3832 5293 in
3865 5251 4028 5292 ceusu

2545 5340 2754 5398 tamen
2784 5333 3095 5414 personali
3138 5332 3401 5393 vitalitio
3445 5349 3656 5391 veram
3692 5347 3817 5388 esse
3845 5327 4027 5385 docet.

2547 5427 2802 5490 seclusis
2875 5426 3358 5488 circumstantiis
3429 5423 3772 5485 extrinsecis
3839 5417 4030 5479 damni
