4263 6376
124 3795 159 3874 *Υ

1257 324 1726 387 DISPUTATIO
1770 325 1985 402 XXXI,
2035 326 2310 386 SECTIO
2352 328 2398 386 1.

176 504 510 581 mortali,
585 509 653 566 ut
720 507 936 564 contra
1006 502 1248 582 aliquos
1318 503 1544 580 prohat
1603 501 1763 562 hene

180 597 460 658 Sanch.
526 598 635 658 lib.
685 613 779 657 111.
831 596 889 655 in
934 594 1135 656 Decal.
1183 613 1324 674 cap.
1370 612 1551 657 xvm.
1587 614 1648 656 n.
1699 598 1758 655 2.

180 690 363 769 quia
397 694 614 770 potest
640 689 863 768 aliquis
892 706 1036 749 cum
1064 687 1250 749 laude
1280 693 1343 750 et
1369 689 1589 749 merito
1619 688 1768 748 obli·

180 801 371 861 gare
404 803 479 844 se
512 783 592 843 ad
640 781 1081 842 abstinendum
1125 781 1204 840 ab
1245 780 1557 861 aliquibus
1585 780 1767 841 licitis

182 881 261 937 et
293 876 527 952 boniS,
562 896 621 936 v.
656 895 751 953 gr.
787 894 823 935 a
864 874 1289 950 matrimonio,
1324 893 1360 933 a
1402 874 1586 935 certis
1614 874 1769 933 cibis

183 970 614 1045 salubribus,
651 969 730 1028 ab
777 967 1127 1028 amicorum
1156 966 1479 1043 conviviiS,
1526 971 1589 1027 et
1633 966 1769 1026 aliis

186 1061 568 1141 ejusmodi.
604 1062 708 1123 Sic
735 1078 884 1138 ergo
921 1063 1126 1139 potest
1153 1060 1378 1139 aliquis
1406 1080 1481 1120 ex
1509 1060 1768 1119 meliore

187 1158 341 1216 fine
390 1155 713 1216 abstinere
741 1172 781 1214 a
809 1152 1222 1213 delectatione
1270 1154 1422 1229 ludi,
1475 1157 1542 1215 ut
1568 1153 1771 1230 magis

189 1253 351 1310 Deo
390 1266 627 1308 vacare
672 1247 887 1326 possit,
921 1246 1019 1306 vel
1050 1250 1120 1306 ut
1144 1264 1258 1324 pro
1289 1245 1563 1324 peccatis
1590 1246 1770 1306 satis-

190 1343 443 1404 faciat.
482 1343 575 1401 Ex
619 1341 736 1401 hac
782 1343 993 1401 autem
1024 1339 1389 1415 intentione,
1424 1344 1486 1399 et
1524 1339 1650 1399 fine
1678 1338 1772 1397 vi-

193 1435 522 1496 dendum
562 1438 676 1509 est,
728 1432 981 1512 quando
1029 1432 1280 1492 violatio
1311 1431 1452 1492 talis
1481 1432 1630 1507 voti,
1666 1435 1774 1492 aut

184 1527 580 1610 juramenti
624 1529 705 1587 sit
732 1526 944 1604 gravis
990 1528 1100 1586 aut
1126 1525 1304 1587 levis.
1341 1524 1404 1586 Si
1434 1524 1601 1584 enim
1629 1524 1772 1610 finis

194 1624 341 1684 fuit
366 1624 630 1702 jactura
660 1619 979 1698 temporiS,
1031 1637 1155 1678 non
1186 1617 1305 1679 erit
1341 1617 1595 1678 violatio
1635 1636 1774 1695 gra-

196 1718 339 1792 viS,
400 1716 457 1775 si
498 1732 610 1793 per
637 1730 858 1792 parum
892 1710 1193 1789 temporis
1230 1710 1377 1771 lusit
1416 1710 1605 1771 etiam
1636 1729 1775 1769 ma-

196 1828 426 1889 gnam
459 1823 795 1881 summam,
828 1804 962 1864 sine
991 1804 1270 1881 periculo
1300 1806 1512 1863 tamen
1542 1803 1773 1882 persis-

198 1902 410 1965 tendi
442 1900 510 1958 in
537 1899 685 1958 ludo
714 1915 829 1976 per
868 1896 1115 1973 longius
1142 1901 1414 1974 tempus.
1449 1897 1498 1955 E
1528 1900 1770 1971 contra,

203 1997 266 2057 si
323 1994 487 2055 finis
534 1991 653 2053 suit
696 1990 895 2049 vitare
935 1987 1250 2067 jacturam
1299 1988 1605 2066 pecuniae,
1668 1991 1778 2049 aut

200 2085 525 2169 pericula
572 2083 833 2143 aliorum
886 2086 1319 2159 peccatorum;
1369 2081 1621 2141 violatio
1661 2081 1780 2141 erit

200 2180 453 2261 gravis
482 2176 731 2237 modico
763 2174 951 2235 etiam
979 2178 1262 2251 tempore
1293 2173 1508 2234 ludere
1531 2173 1779 2234 notabi-

201 2276 355 2335 lem
391 2287 734 2345 summam,
770 2272 832 2329 et
879 2286 912 2327 e
950 2272 1190 2342 contra,
1243 2284 1366 2325 non
1415 2267 1531 2327 erit
1571 2267 1781 2346 gravis

202 2365 517 2445 longiori
558 2369 840 2440 tempore
875 2360 1091 2420 ludere
1139 2360 1273 2419 sine
1304 2358 1578 2437 periculo
1627 2360 1783 2420 alio-

205 2479 382 2522 rum
421 2461 852 2539 peccatorum,
906 2457 1013 2513 aut
1034 2452 1300 2531 jacturae
1338 2452 1479 2512 talis
1506 2453 1782 2512 fortuna·

207 2572 404 2627 rum,
457 2551 709 2630 qualem
756 2552 901 2608 voto
950 2546 1048 2606 vel
1071 2544 1429 2625 juramento
1477 2545 1782 2623 impedire

209 2644 639 2717 intendebat,
699 2645 761 2701 et
812 2639 902 2700 sic
957 2638 1035 2698 de
1092 2638 1230 2699 aliis
1286 2637 1585 2718 exemplis
1642 2655 1781 2717 quae

211 2742 431 2801 affert
479 2735 648 2795 idem
699 2732 981 2795 Sanchez
1026 2732 1135 2808 ibi,
1170 2731 1338 2809 apud
1369 2749 1557 2810 quem
1595 2732 1784 2793 etiam

208 2830 451 2894 videri
503 2831 726 2907 potest,
769 2845 848 2885 an
879 2824 1189 2903 ejusmodi
1217 2828 1435 2885 votum
1482 2828 1593 2886 aut
1613 2824 1785 2903 jura-

210 2928 537 2987 mentum
566 2920 798 2997 obliget
825 2918 1014 2979 etiam
1045 2917 1125 2977 ad
1147 2935 1270 2977 non
1299 2917 1643 2977 ludendum
1674 2935 1786 2978 no-

210 3018 418 3080 mine
460 3013 735 3087 alteriuS,
790 3018 853 3073 et
892 3011 955 3070 in
1005 3012 1140 3088 ejus
1169 3011 1523 3084 utilitatem,
1557 3011 1657 3070 vel
1705 3010 1784 3071 ad

215 3130 370 3173 non
403 3106 762 3169 faciendam
790 3103 1192 3182 sponsionem
1225 3122 1336 3181 pro
1367 3104 1563 3165 altero
1594 3123 1667 3163 ex
1697 3105 1788 3164 lu-

215 3203 571 3278 dentibus,
630 3204 691 3259 et
735 3197 885 3278 quid
930 3196 1266 3258 dicendum
1307 3198 1386 3257 de
1427 3197 1785 3276 juramento

215 3317 373 3360 non
424 3293 684 3356 ludendi
726 3291 840 3351 nisi
888 3290 994 3351 tali
1043 3290 1212 3367 ludo,
1265 3295 1328 3351 et
1355 3290 1478 3350 alia
1522 3309 1661 3371 quae
1708 3290 1789 3351 ad

217 3390 403 3453 illud
450 3389 882 3467 juramentum
939 3383 1252 3462 pertinere
1302 3388 1582 3462 possunt.
1652 3387 1788 3445 Hoc

218 3480 608 3563 suppositO,

318 3574 675 3637 Dubitatur
718 3571 942 3648 primo,
992 3589 1073 3630 an
1104 3569 1184 3630 sit
1224 3574 1552 3647 peccatum
1597 3589 1790 3648 grave

218 3671 479 3733 ludere
528 3663 953 3743 principaliter
1002 3667 1261 3740 propter
1288 3663 1573 3722 lucrum?
1601 3663 1791 3723 Affir-

218 3765 435 3825 mant
466 3757 714 3819 Gabriel
743 3757 807 3816 in
836 3773 923 3816 lv.
957 3755 1099 3815 dist.
1133 3771 1237 3815 xv.
1272 3773 1333 3834 q.
1370 3758 1465 3816 13.
1493 3756 1694 3831 concl,
1728 3759 1786 3816 3.

220 3863 299 3918 et
342 3849 687 3916 Abulensis
734 3849 795 3908 in
845 3867 900 3909 c.
946 3864 1032 3908 vl.
1078 3847 1298 3910 Mattlz.
1347 3867 1409 3927 q.
1468 3851 1544 3908 53
1585 3854 1647 3909 et
1686 3852 1786 3910 55.

221 3948 492 4030 quibus
521 3944 674 4003 alios
702 3943 913 4021 plures
940 3940 1117 4002 addit
1146 3941 1321 4002 Salas
1351 3941 1501 4005 dub.
1526 3958 1594 4002 11.
1630 3961 1692 4002 n.
1734 3947 1787 4003 l.

220 4056 534 4124 quorum
561 4035 1040 4097 fundamentum
1070 4039 1183 4110 est,
1219 4034 1367 4113 quia
1394 4033 1518 4114 jam
1552 4034 1794 4095 deside-

218 4137 512 4199 raretur
530 4134 592 4190 et
610 4128 1039 4189 intenderetur
1058 4127 1480 4206 principaliter
1495 4128 1796 4188 damnum

221 4224 557 4311 proximi,
610 4227 672 4284 et
697 4222 877 4282 fieret
905 4224 1124 4280 contra
1156 4220 1469 4281 decimum
1500 4221 1797 4300 Decalogi

221 4320 650 4404 praeceptum
696 4334 709 4375 :
759 4313 892 4375 Non
950 4314 1311 4394 concupisces
1361 4333 1483 4373 rem
1534 4314 1801 4395 pro.rimi

221 4414 359 4476 tui.
428 4413 566 4470 Hoc
593 4412 801 4469 tamen
834 4411 1276 4485 argumentum
1322 4407 1639 4485 probaret,
1682 4425 1797 4467 nec

225 4507 455 4569 etiam
515 4519 695 4580 posse
741 4501 989 4560 lucrum
1036 4498 1253 4559 haberi
1298 4503 1367 4559 ut
1420 4499 1608 4559 finem
1665 4499 1799 4559 ludi

222 4601 473 4663 minus
521 4594 952 4673 principalem,
1002 4611 1146 4653 cum
1190 4612 1393 4672 neque
1434 4593 1555 4653 hoc
1608 4594 1796 4654 modo

222 4690 578 4775 possimus
617 4687 822 4749 aliena
855 4686 1298 4766 concupiscere
1346 4704 1418 4746 eo
1469 4685 1794 4765 concupis-

231 4784 495 4849 centiae
525 4797 778 4860 genere,
830 4779 996 4859 quod
1053 4779 1138 4840 ibi
1167 4779 1558 4858 prohibetur.
1596 4780 1798 4853 Quare

230 4879 365 4942 alii
423 4893 646 4936 omnes
694 4891 835 4933 eam
865 4873 1242 4933 sententiam
1285 4871 1598 4951 rejiciunt,
1642 4891 1799 4951 quos

230 4971 547 5034 referunt
615 4972 679 5028 et
740 4969 1091 5045 sequuntur
1135 4964 1368 5026 Melina
1432 4965 1591 5043 disp.
1651 4968 1793 5026 511.

238 5061 502 5128 Sancb.
555 5059 617 5120 d.
670 5059 778 5120 lib.
816 5076 858 5120 1.
893 5057 1110 5119 consil.
1157 5075 1211 5118 c.
1246 5074 1383 5118 vm.
1431 5057 1581 5118 dub.
1625 5074 1794 5119 xxn'.

238 5178 315 5219 n.
364 5158 467 5216 11.
522 5153 700 5215 Salas
730 5153 792 5213 d.
831 5151 983 5212 dub.
1018 5167 1087 5211 11.
1132 5149 1327 5211 etalii
1356 5150 1794 5212 communiter.

248 5248 455 5313 Ratio
485 5264 633 5307 vero
666 5249 778 5322 est,
813 5245 959 5324 quia
990 5243 1150 5304 sicut
1178 5263 1302 5304 non
1331 5248 1425 5305 est
1454 5248 1672 5304 contra
1701 5263 1804 5305 no·

244 5360 421 5406 num
450 5343 839 5419 praeceptum
871 5337 1231 5398 desiderare
1252 5355 1512 5398 uxorem
1534 5337 1801 5416 proximi

246 5436 377 5510 tui,
428 5433 683 5513 quando
732 5431 935 5493 solum
967 5430 1358 5492 desiderares
1401 5430 1573 5490 illam
1615 5430 1803 5492 modo

244 5529 463 5602 licito,
526 5526 644 5587 hoc
699 5529 815 5601 est,
867 5523 1103 5585 habere
1148 5524 1320 5585 illam
1357 5523 1421 5584 in
1467 5523 1804 5604 conjugem

3280 331 3398 389 499

1862 506 2036 565 tuam
2084 521 2233 563 casu
2278 522 2402 582 quo
2435 502 2569 582 ejus
2615 503 2877 564 maritus
2924 504 3229 565 moriatur
3262 525 3275 565 τ
3312 505 3396 567 ita

1863 615 1988 657 non
2037 599 2130 657 est
2157 600 2372 656 contra
2403 595 2713 656 decimum
2743 602 3125 675 praeceptum
3156 598 3398 659 deside-

1864 708 2003 750 rare
2045 708 2180 749 rem
2223 689 2487 768 proximi
2538 689 2623 750 tui
2672 691 2859 752 modo
2891 691 3096 767 licite,
3151 713 3274 772 quo
3323 714 3397 755 ea

1865 800 1965 842 res
2008 783 2119 843 fiat
2159 786 2271 843 tua
2297 800 2411 861 per
2459 786 2874 846 contractum.
2910 784 3011 844 Sic
3042 785 3211 845 enim
3239 788 3399 848 desi-

1867 874 2050 934 deras
2094 879 2157 935 et
2199 875 2356 953 petis
2403 879 2473 935 ut
2501 874 2685 935 detur
2712 875 2823 935 tibi
2856 894 2969 953 per
2997 876 3398 941 donationem

1868 966 2168 1039 liberam;
2205 986 2399 1046 quare
2449 967 2671 1027 eodem
2719 968 2904 1028 modo
2936 974 3112 1046 potes
3155 971 3400 1033 deside-

1867 1078 2030 1135 rare,
2084 1064 2153 1120 ut
2193 1078 2308 1139 per
2354 1065 2742 1120 contractum
2778 1060 3016 1140 justum
3067 1082 3400 1126 onerosum

1870 1153 1978 1213 fiat
2002 1157 2109 1213 tua
2144 1173 2157 1214 :
2192 1153 2357 1231 quod
2391 1154 2678 1231 quamvis
2726 1154 2859 1213 fieri
2894 1173 3017 1215 808
3047 1158 3241 1234 possit
3267 1160 3399 1220 sinc

1869 1246 2135 1324 proximi
2179 1246 2441 1318 damno;
2495 1264 2621 1306 non
2662 1249 2872 1307 tamen
2916 1248 3236 1310 desideras
3283 1253 3402 1313 for-

1869 1339 2115 1399 maliter
2145 1339 2297 1398 illud
2346 1339 2668 1415 damnum,
2703 1340 2850 1419 quia
2892 1340 3194 1402 damnum
3240 1344 3402 1406 illius

1871 1436 1966 1493 est
1995 1432 2138 1511 (hoc
2168 1432 2332 1491 enim
2369 1436 2535 1493 esset
2561 1436 2889 1512 peccatum
2919 1433 3068 1513 odii)
3117 1437 3225 1496 sed
3257 1438 3405 1517 quia

1872 1524 2274 1584 commodum
2321 1529 2499 1586 tuum
2547 1530 2661 1601 est,
2715 1530 2776 1586 ct
2831 1544 2954 1586 non
3014 1534 3125 1604 est,
3189 1536 3406 1592 contra

1873 1616 2243 1679 charitatem
2343 1617 2638 1697 praeferre
2729 1621 2909 1679 tuum
3003 1623 3404 1684 commodum

1874 1710 2096 1789 aequali
2128 1710 2460 1770 commodo
2491 1710 2580 1770 tui
2613 1712 2905 1788 proximi.

1956 1802 2245 1863 Secundo
2276 1803 2547 1865 dubitari
2589 1806 2793 1881 potest
2820 1823 2900 1863 an
2930 1805 3144 1867 ludere
3174 1808 3407 1886 princi-

1874 1896 2098 1975 paliter
2134 1900 2392 1974 propter
2432 1896 2676 1956 lucrum
2707 1897 2786 1958 sit
2813 1899 3032 1959 saltem
3078 1907 3404 1979 peccatum

1875 1988 2163 2049 veniale?
2192 1989 2525 2049 Affirmant
2550 1989 2727 2050 multi
2771 1991 2876 2069 qui
2906 1992 3110 2053 varias
3138 1996 3409 2059 afferunt

1875 2081 2171 2143 rationes,

1961 2174 2166 2234 Prima
2195 2178 2309 2250 est,
2344 2174 2493 2253 quia
2543 2174 2684 2235 finis
2713 2175 2840 2235 ludi
2874 2180 2968 2238 est
2994 2181 3298 2242 recreatio
3335 2183 3411 2243 li-

1878 2267 2034 2329 cita:
2061 2271 2156 2327 est
2183 2273 2395 2328 autem
2417 2273 2746 2346 peccatum
2769 2270 3011 2331 veniale
3043 2279 3410 2337 convertere

1879 2360 1941 2419 in
1972 2360 2164 2420 alium
2210 2362 2399 2420 finem
2449 2379 2581 2420 rem
2622 2361 2702 2420 ad
2741 2363 2930 2422 finem
2971 2365 3160 2426 alium
3202 2368 3412 2429 inven-

1879 2457 2031 2514 tam.
2082 2454 2173 2514 Ita
2212 2455 2474 2514 Navarr.
2522 2453 2582 2512 in
2620 2455 2878 2516 manual.
2926 2475 2981 2518 c.
3019 2474 3143 2520 xlx.
3178 2462 3275 2521 vel
3308 2479 3409 2524 xx.

1881 2565 1943 2607 8.
1990 2549 2027 2607 3
2066 2550 2129 2607 et
2164 2550 2223 2607 8.
2271 2551 2334 2607 et
2375 2546 2498 2619 alii,
2536 2565 2693 2625 quos
2725 2550 2904 2609 affert
2935 2550 3111 2612 Salas
3156 2553 3217 2614 d.
3257 2555 3407 2618 duh.

1883 2655 1977 2700 111.
2012 2658 2076 2699 n.
2107 2642 2167 2699 4.
2216 2641 2344 2699 Hoc
2377 2642 2589 2699 tamen
2619 2640 3095 2704 fundamentum
3139 2665 3264 2707 non
3294 2651 3408 2724 est,

1883 2732 2151 2793 solidum
2187 2751 2200 2792 ε
2236 2731 2384 2810 quia
2433 2750 2557 2791 non
2608 2737 2702 2793 est
2746 2739 3075 2812 peccatum
3121 2740 3413 2801 ordinare

1881 2826 2161 2886 medium
2190 2824 2270 2884 ad
2301 2841 2444 2884 eum
2473 2824 2665 2884 finem
2695 2826 2776 2886 ad
2809 2845 2995 2905 quem
3027 2835 3121 2892 cst
3153 2833 3323 2910 utile,
3363 2833 3414 2894 si

1884 2919 2026 2979 finis
2069 2920 2201 2998 ipse
2229 2917 2434 2978 licitus
2461 2918 2560 2979 sit.
2599 2919 2701 2980 Sic
2731 2925 2940 2998 potest
2959 2921 3146 2985 homo
3178 2927 3415 3006 absque

1885 3016 2141 3091 peccato
2185 3011 2413 3074 veniali
2453 3012 2783 3072 comedere
2827 3014 3038 3075 cibum
3082 3017 3417 3080 delectabi-

1885 3106 2008 3166 lem
2034 3104 2240 3183 potius
2272 3121 2463 3184 quam
2494 3104 2832 3182 ingratum,
2868 3106 3014 3169 licet
3047 3114 3308 3191 uterque
3340 3113 3420 3175 sit

1887 3218 2065 3279 oeque
2111 3198 2426 3259 sufficiens
2474 3197 2552 3257 ad
2592 3201 3107 3262 sustentationem
3152 3211 3414 3284 naturae,

1888 3297 1949 3354 et
1980 3293 2099 3353 hoc
2126 3296 2381 3371 propter
2411 3291 2893 3353 delectationem
2928 3295 3097 3356 illam
3127 3300 3420 3360 modera-

1887 3390 2016 3447 tam
2048 3403 2239 3465 quam
2267 3385 2432 3445 licite
2465 3385 2786 3463 percipere
2809 3392 3013 3464 potest
3033 3391 3114 3449 ad
3134 3410 3420 3452 recrean-

1889 3477 2034 3539 dam'
2093 3482 2405 3554 naturam,
2470 3477 2631 3538 sicut
2689 3483 2897 3556 potest
2968 3482 3049 3541 ad
3124 3486 3420 3546 eumdem

1888 3575 2077 3632 finem
2138 3571 2402 3632 odorare
2460 3571 2697 3646 florem,
2754 3577 2864 3633 aut
2909 3573 3119 3636 videre
3169 3583 3420 3655 pratum

1891 3682 2234 3725 amoenum.
2288 3667 2443 3726 Cum
2492 3683 2640 3741 ergo
2686 3664 2927 3725 lucrum
2973 3670 3321 3730 secundum
3355 3690 3421 3731 58

1891 3759 1970 3819 sit
1996 3757 2260 3833 licitum,
2310 3760 2372 3816 et
2413 3756 2673 3817 honeste
2713 3759 3043 3836 expetibile
3076 3762 3153 3820 ad
3184 3782 3283 3822 res
3314 3783 3424 3824 ne-

1891 3850 2194 3912 cessarias
2237 3849 2722 3926 comparandas;
2759 3852 2988 3930 poterit
3027 3853 3210 3915 ludus
3256 3856 3423 3917 licite

1891 3944 1954 4004 in
1985 3961 2129 4004 eum
2162 3943 2348 4002 finem
2397 3941 2674 4002 ordinari
2706 3943 2784 4003 ad
2817 3963 3006 4023 quem
3038 3947 3224 4008 etiam
3258 3950 3423 4011 utilis

1891 4037 2220 4115 reperitur.

1973 4129 2265 4192 Secunda
2292 4127 2559 4189 aliorum
2592 4129 2750 4190 ratio
2784 4134 2896 4208 est,
2933 4133 3084 4212 quia
3112 4134 3214 4196 ille
3247 4141 3426 4198 actus

1894 4224 2237 4303 pertineret
2322 4222 2402 4283 ad
2474 4223 3018 4301 prodigalitatem;
3114 4248 3426 4308 exponere

1895 4335 2120 4394 nempe
2153 4315 2483 4395 pecuniam
2515 4316 2803 4377 [ortunae.
2841 4319 2930 4380 Ita
2966 4321 3184 4381 Petrus
3202 4325 3430 4384 Covar-

1894 4410 2126 4486 ruviaS,
2176 4412 2372 4487 Vega,
2425 4414 2486 4469 et
2541 4411 2854 4471 Navarrus
2902 4413 3069 4489 apud
3128 4415 3302 4476 Salas
3359 4416 3421 4477 d.

1895 4523 1957 4564 n.
2005 4507 2064 4563 4.
2123 4502 2351 4581 quibus
2398 4504 2799 4563 annumerari
2841 4509 3048 4582 potest
3097 4510 3281 4570 Azor.
3318 4510 3420 4570 111.

1895 4615 2029 4674 par.
2069 4595 2179 4656 lib.
2229 4612 2289 4657 v.
2324 4613 2378 4655 c.
2431 4611 2602 4655 xxlv.
2639 4614 2699 4674 q.
2733 4600 2791 4656 2.
2846 4596 3081 4675 dicenS,
3117 4619 3260 4661 eum
3292 4621 3427 4663 esse

1896 4693 2104 4749 actum
2153 4687 2443 4764 otiosum,
2496 4687 2666 4766 quod
2705 4689 2959 4766 probari
2988 4698 3198 4768 posset
3232 4715 3245 4754 :
3281 4695 3423 4773 quia

1897 4781 2131 4842 otiosus
2166 4785 2259 4842 est
2303 4784 2500 4856 actuS,
2537 4780 2643 4859 qui
2677 4781 2754 4840 ad
2806 4782 3044 4842 nullum
3095 4785 3428 4847 honestum

1896 4874 2086 4935 finem
2137 4873 2302 4933 utilis
2347 4878 2486 4935 est:
2521 4873 2661 4933 talis
2721 4879 2930 4935 autem
2990 4876 3238 4938 videtur
3293 4899 3428 4941 0558

1896 4967 2103 5041 lmine,
2141 4966 2204 5025 in
2240 4985 2362 5044 quo
2380 4984 2501 5026 non
2526 4965 2996 5044 estmajorspes
3025 4968 3202 5045 lucri,
3238 4991 3429 5050 quam

1897 5060 2088 5122 timor
2127 5060 2425 5138 jacturae;
2481 5077 2606 5119 non
2649 5059 2816 5118 enim
2857 5059 3109 5121 videtur
3152 5063 3317 5125 utilis
3348 5065 3429 5126 ad

1898 5152 2143 5212 lucrum
2180 5171 2192 5212 :
2229 5169 2424 5231 quare
2457 5151 2506 5209 si
2539 5169 2662 5211 808
2696 5151 2776 5211 ad
2808 5152 3282 5232 recreationem,
3320 5158 3428 5217 sed

1899 5246 1981 5306 ad
2037 5245 2239 5304 solum
2293 5243 2537 5304 lucrum
2596 5243 2937 5320 ordinetur,
3000 5246 3248 5308 videtur
3295 5268 3430 5311 csse

1903 5341 2079 5398 actus
2118 5337 2375 5399 otiosus„
2426 5337 2495 5398 ln
2527 5355 2649 5415 quo
2683 5336 2929 5396 videtur
2967 5337 3085 5398 sibi
3117 5343 3435 5403 contradi-

1905 5449 2046 5492 cere
2080 5431 2278 5505 Salas,
2315 5430 2421 5508 qui
2451 5448 2593 5490 cum
2640 5429 2801 5490 hanc
2830 5430 3037 5491 Azorii
3084 5431 3434 5497 doctrinam

1904 5524 2127 5585 falsam
2158 5541 2293 5583 esse
2328 5523 2586 5585 dixisset
2614 5543 2720 5584 nu.
2753 5528 2812 5586 4.
2848 5529 2910 5585 et
2946 5529 3129 5586 antea
3161 5546 3333 5592 num.
3369 5534 3429 5593 3.

3521 1992 3697 2035 veniale.
