4263 6376
663 1454 738 1512 16

574 1578 640 1619 An
658 1578 846 1632 princeps

563 1631 737 1672 infidelis
754 1644 858 1684 pos-

561 1685 614 1726 sit
651 1686 860 1738 imponere

615 1738 810 1779 tributum

587 1791 828 1832 Christianis

661 1898 754 1939 bus.

569 5183 736 5359 9„ss
755 5308 827 5351 m,
895 5253 1290 5336 praecedente
1321 5254 1506 5328 pacto
1538 5247 1615 5307 de
1646 5248 1963 5308 solvendis
1990 5248 2264 5324 tributiS,
2299 5267 2425 5310 non
2527 5267 2587 5309 n.
2623 5251 2720 5310 23.
2757 5253 2819 5310 et
2844 5250 2948 5310 alii
2976 5250 3081 5330 qui
3113 5255 3367 5329 notant,
3397 5253 3629 5315 debere
3654 5262 3797 5318 tunc
3824 5256 4044 5335 prinei·

550 5359 718 5412 insani,
745 5362 843 5404 iicet
894 5351 975 5412 sit
1001 5344 1298 5425 obligatio
1331 5340 1657 5417 solvendi,
1711 5341 1963 5420 quando
2011 5345 2266 5420 pactum
2297 5360 2422 5403 non
2522 5359 2668 5421 pem
2695 5342 3048 5421 moderari,
3103 5350 3410 5423 quantum
3438 5347 3574 5408 fieri
3605 5350 3834 5427 possit,
3887 5367 4040 5409 sun-

541 5418 718 5511 ffimt
736 5448 842 5511 solvi
892 5444 1010 5505 fuit
1033 5441 1303 5502 liberum
1328 5481 1344 5513 ,
1377 5434 1487 5495 sed
1516 5437 1687 5496 metu
1718 5438 2029 5510 extortum
2059 5453 2097 5495 a
2124 5433 2423 5514 principi..

669 5427 744 5457 uus
772 5415 827 5457 sit

915 346 1032 407 612

915 522 1172 598 propter
1197 535 1351 597 quas
1376 516 1667 596 princeps
1712 533 1826 594 per
1873 534 1940 576 se
1985 514 2194 594 ipsum
2240 517 2453 593 posset

913 612 1021 672 illa
1051 612 1397 691 imponere.
1435 610 1616 682 Quod
1647 628 1793 688 ergo
1826 628 1901 669 ex
1929 610 2250 669 voluntate
2279 607 2451 686 prin-

914 704 1068 783 cipis
1109 703 1383 781 supremi
1431 706 1645 781 posset
1690 702 1791 761 hic
1851 701 2142 762 dominus
2188 700 2444 776 habere,

910 796 1139 875 poterit
1173 796 1360 857 ctiam
1392 795 1691 854 adversus
1723 793 1897 854 illum
1927 797 1989 854 et
2017 794 2319 853 adversus
2344 811 2453 851 va-

911 889 1097 950 sallos
1143 887 1611 967 praescriptione
1655 887 1938 965 legitima
1967 885 2290 965 acquirere
2316 931 2330 960 ‚
2385 888 2452 945 ut

910 982 1106 1061 possit
1132 981 1356 1042 saltem
1402 981 1466 1040 in
1520 980 1597 1040 iis
1627 980 1876 1041 casibus
1913 983 1975 1040 et
2025 984 2282 1057 propter
2310 978 2451 1037 illas

909 1092 1130 1135 causas
1198 1074 1436 1135 tributa
1504 1072 1828 1150 imponere
1862 1119 1877 1149 ,
1952 1076 2214 1152 propter
2292 1089 2449 1150 quas

906 1186 1017 1227 rex
1046 1185 1159 1246 per
1202 1185 1269 1227 se
1317 1167 1524 1245 ipsum
1570 1165 1896 1245 imponere
1948 1168 2160 1243 posset
2212 1164 2450 1224 eisdem

909 1259 1161 1320 vasallis
1207 1259 1613 1319 manentibus
1662 1258 1777 1318 sub
1819 1258 1924 1318 illo
1982 1257 2235 1319 domino
2293 1257 2451 1317 inte-

908 1370 1083 1414 r1or1.

988 1444 1323 1508 Dubitatur
1351 1444 1597 1506 ultimo:
1650 1463 1732 1506 an
1760 1444 2053 1523 princeps
2083 1443 2273 1504 etiam
2309 1442 2447 1502 infi-

909 1537 1066 1598 delis
1085 1537 1281 1616 possit
1300 1537 1537 1598 tributa
1555 1537 1878 1616 imponere
1898 1536 2199 1597 solvenda
2219 1554 2258 1595 a
2276 1534 2448 1596 Chri-

910 1630 1124 1691 stianis
1152 1649 1268 1710 per
1296 1629 1431 1709 ejus
1464 1648 1730 1708 regnum
1760 1628 2279 1691 transeuntibus?
2324 1630 2445 1687 Ne-

906 1727 1060 1801 gant
1086 1723 1282 1803 aliqui
1336 1722 1646 1802 ejusmodi
1705 1722 1940 1784 tributa
1986 1741 2022 1781 a
2074 1720 2442 1782 Christianis

669 1856 769 1885 seu„
790 1857 837 1885 ι..
907 1816 1150 1877 deberi.
1176 1818 1268 1877 Ita
1289 1816 1657 1892 HostiensiS,
1682 1815 1980 1877 Antonin.
2001 1814 2302 1890 Tabiena,
2329 1817 2443 1874 Ar-

905 1909 1257 1970 chidiacon.
1286 1909 1512 1987 Angel.
1540 1909 1789 1969 Rosella
1818 1926 1973 1987 quos
2005 1908 2185 1967 affert
2205 1905 2435 1967 Sanch.

904 2001 967 2062 d.
1001 2020 1056 2062 c.
1090 2003 1194 2062 IV.
1244 2001 1392 2061 dub.
1430 2018 1488 2062 v.
1540 2001 1662 2061 Alii
1708 2019 1741 2061 e
1770 2004 1987 2061 contra
2017 2000 2283 2075 docent,
2337 1998 2440 2058 de-

902 2095 1038 2155 beri
1068 2094 1205 2154 haec
1236 2094 1467 2155 tributa
1498 2093 1786 2154 omnibus
1807 2092 2195 2171 principibus
2223 2091 2440 2151 infide-

904 2186 1066 2247 libus
1102 2206 1114 2247 :
1150 2192 1284 2247 tum
1312 2185 1457 2265 quia
1487 2185 1652 2246 hosti
1673 2185 1860 2246 etiam
1893 2189 1986 2245 est
2004 2184 2162 2245 fides
2191 2202 2441 2244 servan-

905 2279 986 2339 da
1015 2298 1071 2340 c.
1106 2278 1405 2354 Innocens,
1439 2295 1591 2340 xx11.
1629 2297 1733 2357 qu.
1767 2283 1827 2339 4.
1865 2281 1927 2339 et
1971 2296 2025 2338 c.
2059 2277 2200 2353 noli,
2252 2293 2433 2339 xxm.

905 2391 968 2451 q.
1004 2375 1062 2434 1.
1103 2374 1263 2433 Tum
1295 2372 1515 2449 etiam,
1550 2371 1696 2450 quia
1726 2372 1872 2432 licet
1898 2371 2189 2449 princeps
2216 2370 2440 2430 infide-

900 2465 978 2525 lis
1008 2464 1234 2544 injuste
1281 2464 1556 2524 alienum
1600 2482 1867 2543 regnum
1916 2468 2175 2542 usurpet
2215 2483 2229 2523 z
2283 2462 2438 2523 illud

902 2561 1113 2619 tamen
1145 2557 1493 2617 dominium
1544 2574 1669 2616 non
1700 2556 1969 2634 pertinet
2013 2557 2093 2616 ad
2130 2560 2436 2617 mercato-

904 2669 1003 2712 res
1032 2653 1466 2727 transeunteS,
1519 2649 1629 2710 sed
1660 2649 1740 2710 ad
1770 2650 2123 2729 principem
2153 2649 2435 2710 christia-

904 2762 1095 2819 num,
1148 2742 1327 2822 cujus
1355 2760 1624 2821 regnum
1652 2741 1803 2802 illud
1852 2747 2025 2815 erat;
2086 2761 2280 2820 quare
2311 2760 2435 2802 non

902 2838 1165 2914 possunt
1190 2839 1572 2896 mercatores
1599 2853 2003 2914 compensare
2033 2835 2150 2896 sibi
2181 2854 2438 2914 usurpa-

901 2928 1071 2989 tione
1098 2926 1336 2988 tributi.
1385 2929 1476 2988 Ita
1507 2927 1836 2988 Rainerius
1865 2928 2034 3006 apud
2064 2929 2434 2990 Silvestrum

902 3020 1078 3081 verb.
1110 3019 1357 3099 qabella‚
1390 3036 1484 3080 111.
1521 3039 1582 3099 q.
1613 3025 1674 3082 4.

984 3114 1193 3174 Tertia
1261 3114 1570 3175 sententia
1622 3113 1836 3176 verior
1889 3114 2217 3194 distinguit
2272 3113 2436 3175 inter

904 3206 1252 3285 principem
1299 3206 1615 3267 infidelem
1655 3207 1827 3288 justo
1875 3208 2054 3270 titulo
2109 3207 2437 3287 possiden-

904 3306 1032 3361 tem
1060 3317 1347 3378 regnum,
1382 3303 1443 3360 et
1468 3300 1645 3360 illum
1676 3301 1782 3379 qui
1811 3300 2039 3380 injusto
2069 3302 2249 3362 titulo
2281 3301 2434 3361 illud

904 3392 1184 3472 possidet
1211 3393 1437 3471 injuste
1468 3392 1832 3454 Christianis
1863 3393 2166 3454 ablatum.
2229 3394 2433 3454 Primo

906 3486 1115 3566 itaque
1146 3485 1458 3546 debentur
1502 3486 1736 3548 tributa
1783 3486 1970 3548 etiam
2000 3506 2035 3546 a
2066 3487 2434 3548 Christianis

903 3577 1371 3640 transeuntibus
1390 3623 1406 3655 ,
1463 3579 1561 3639 vel
1604 3578 2098 3657 negotiantibus;
2157 3578 2432 3640 secundo

905 3690 1032 3733 non
1060 3670 1402 3746 debentur,
1437 3670 1554 3730 nisi
1582 3672 1899 3750 praecedat
1927 3675 2180 3751 pactum
2209 3672 2286 3732 de
2315 3672 2433 3733 illis

906 3764 1244 3827 solvendiS.
1277 3766 1372 3825 Ita
1398 3766 1588 3843 Vasq.
1633 3764 1694 3826 d.
1730 3784 1784 3826 c.
1821 3767 1923 3826 VI.
1959 3764 2108 3825 dub.
2146 3783 2188 3826 1.
2233 3784 2294 3826 n.
2329 3768 2427 3828 21.

905 3862 967 3920 et
994 3857 1095 3918 alii
1133 3874 1291 3940 quos
1320 3857 1501 3916 affert
1528 3860 1592 3917 et
1619 3857 1902 3937 sequitur
1923 3857 2153 3919 Sanch.
2187 3857 2250 3919 d.
2277 3857 2427 3919 dub.

907 3970 967 4014 v.
1004 3950 1310 4011 Probatur
1349 3949 1554 4028 prima
1583 3967 1726 4026 pars
1749 3996 1765 4027 ,
1828 3950 1974 4030 quia
2014 3949 2102 4010 illi
2129 3954 2276 4012 sunt
2302 3952 2434 4013 veri

906 4047 968 4105 et
994 4042 1256 4121 legitimi
1281 4041 1626 4122 principes;
1660 4061 1853 4121 quare
1885 4042 1964 4103 ab
1986 4043 2276 4104 omnibus
2288 4042 2433 4122 jure

906 4140 1144 4198 naturae
1174 4135 1440 4195 debetur
1466 4135 1586 4195 illis
1616 4135 1920 4216 quidquid
1953 4135 2220 4214 principi
2255 4136 2433 4196 debi-

902 4236 1037 4293 tum
1084 4231 1221 4289 est:
1274 4245 1423 4305 ergo
1470 4227 1630 4288 sicut
1658 4227 1988 4289 Christiani
2036 4232 2433 4300 transeuntes

906 4343 1018 4404 per
1041 4338 1306 4399 regnum
1336 4320 1590 4380 alterius
1618 4321 1917 4400 principis
1942 4313 2290 4397 christiani,
2327 4321 2433 4382 de-

906 4419 1055 4479 bent
1082 4413 1166 4475 ibi
1195 4411 1431 4474 tributa
1450 4411 1621 4498 justa
1651 4413 1893 4474 solvere
1915 4460 1930 4490 ,
1978 4407 2066 4474 sic
2096 4413 2285 4474 etiam
2315 4413 2430 4474 de-

904 4510 1142 4572 bebunt
1195 4499 1591 4567 transeuntes
1655 4524 1770 4584 per
1835 4525 2103 4586 regnum
2170 4506 2432 4586 legitimi

902 4600 1200 4685 principis
1228 4597 1515 4659 infidelis.
1553 4599 1843 4660 Secunda
1871 4618 2020 4660 vero
2043 4618 2189 4677 pars
2209 4600 2432 4678 proba-

899 4704 1025 4771 tur,
1058 4694 1206 4775 quia
1233 4691 1321 4752 illi
1347 4709 1471 4750 non
1501 4696 1647 4753 sunt
1663 4692 1797 4752 veri
1823 4711 2027 4771 reges,
2060 4710 2177 4753 nec
2199 4692 2435 4755 habent

901 4790 1151 4854 titulum
1184 4806 1197 4846 ε
1232 4804 1357 4846 non
1389 4802 1538 4863 ergo
1572 4784 1851 4864 obligant
1889 4804 2105 4846 eorum
2135 4786 2306 4864 leges
2336 4789 2431 4848 ut-

901 4888 1047 4965 pote
1087 4901 1126 4943 a
1155 4880 1529 4960 potestatem
1571 4895 1695 4937 non
1726 4877 1997 4939 habente
2029 4879 2296 4939 conditae
2316 4924 2332 4956 ,
2367 4882 2431 4941 et

901 4996 1013 5057 per
1041 4989 1431 5051 consequens
1460 4969 1678 5031 tributi
1707 4970 1806 5030 lex
1832 4990 1957 5033 non
1988 4971 2227 5050 obligat
2255 4970 2427 5033 Chri-

898 5071 1132 5132 stianos
1161 5066 1301 5127 illac
1331 5064 1748 5125 transeuntes

977 5165 1154 5224 Hanc
1183 5155 1530 5218 doctrinam
1557 5155 1827 5216 limitant
1855 5156 2058 5234 primo
2083 5202 2098 5233 ,
2142 5159 2210 5217 ut
2237 5155 2426 5218 etiam

889 5536 1007 5597 bus
1037 5531 1295 5595 secundi
1322 5526 1592 5608 generiS.
1644 5529 1738 5589 lta
1765 5529 2007 5590 Bosella
2048 5528 2218 5608 apud
2261 5531 2420 5590 San-

2072 340 2176 401 DE
2217 338 2569 402 JUSTITIA
2613 339 2713 399 ΕΤ
2753 339 2953 401 JURE

2555 514 2706 575 chez
2735 532 2907 575 num.
2943 518 3005 578 6.
3067 515 3173 594 qui
3217 534 3360 577 eam
3388 515 3827 580 limitationem
3853 537 4030 599 appro-

2548 607 2678 667 bat.
2714 608 3004 669 Secundo
3033 608 3324 686 limitant,
3359 614 3430 669 ut
3448 610 3726 672 debeant
3753 612 3927 671 etiam
3947 615 4034 672 eis-

2552 700 2696 760 dem
2718 700 3103 779 principibus
3125 703 3409 780 tyrannis
3430 703 3666 763 tributa
3687 704 3863 780 solvi,
3883 723 4034 784 quan-

2551 792 2631 852 do
2662 792 2795 852 sine
2825 792 3150 873 perjuriis,
3210 795 3540 871 scandalo,
3603 800 3717 857 aut
3742 798 4037 858 mendaciis

2553 886 2766 964 negari
2798 904 2920 946 non
2951 892 3224 965 possent.
3268 889 3360 948 Ita
3406 887 3576 948 idem
3614 889 3849 950 Sanch.
3876 911 3966 951 nu.
3988 894 4034 952 8.

2551 979 2832 1059 Denique
2869 980 3054 1042 tertio
3083 980 3357 1043 limitant
3378 1028 3394 1058 ,
3446 987 3514 1043 ut
3542 982 3822 1045 debeant
3846 984 4036 1043 eisdem

2549 1072 2726 1148 solvi,
2760 1073 2807 1132 si
2840 1073 3131 1152 princeps
3159 1074 3260 1134 ille
3290 1074 3556 1135 infidelis
3584 1094 3811 1155 pacem
3837 1077 4040 1137 iecisset

2550 1183 2692 1225 cum
2722 1184 2870 1244 rege
2898 1166 3261 1243 christiano,
3293 1167 3375 1228 ad
3405 1186 3593 1247 quem
3621 1188 3890 1247 regnum
3922 1171 4038 1229 illud

2548 1259 2925 1337 pertineret,
2970 1260 3270 1321 solvendo
3318 1262 3376 1321 ei
3405 1280 3518 1340 pro
3550 1281 3754 1340 regno
3783 1264 4035 1323 tributum

2546 1370 2826 1413 annuum
2858 1372 2873 1424 ;
2924 1357 3073 1414 tunc
3119 1354 3287 1413 enim
3316 1354 3450 1434 jam
3493 1374 3569 1415 ex
3597 1357 3915 1417 voluntate
3938 1358 4039 1416 τεὴ

2547 1444 2803 1517 domini,
2839 1448 2902 1506 et
2921 1464 3043 1506 non
3063 1447 3390 1524 tyrannice
3410 1466 3676 1526 regnum
3706 1450 4035 1527 possideret.

2545 1538 2636 1597 Ita
2672 1555 2816 1597 cum
2845 1538 3112 1615 Metina,
3170 1545 3234 1601 et
3274 1539 3565 1601 Corduba
3595 1541 3771 1601 idem
3802 1543 4040 1602 Sanchez

2545 1647 2716 1691 num.
2749 1634 2808 1691 9.

3024 2058 3445 2143 8ΕοΤ10
3512 2061 3597 2147 ΙΙ.

2579 2360 2720 2436 Quoe
2753 2360 2888 2423 aliae
2915 2361 3266 2424 conditiones
3291 2365 3677 2445 requirantur
3721 2367 4012 2447 adjustum

2973 2469 3183 2530 tributi
3202 2472 3642 2553 impositionem.

2610 2735 2786 2796 Ultra
2811 2740 3183 2815 potestatem
3212 2737 3590 2817 imponentis
3619 2744 3903 2805 tresaliae
3926 2763 4042 2804 con—

2536 2828 2801 2889 ditiones
2857 2830 3018 2908 exigi
3066 2831 3270 2892 solent
3314 2832 3394 2892 ad
3436 2834 3657 2895 tributi
3677 2838 4041 2914 justificatio-

4107 2876 4129 2925 Ε

2536 2939 2703 2982 nem.
2752 2921 2962 2982 Prima
2990 2925 3083 3011 est
3108 2942 3313 2984 causae
3338 2923 3587 3003 justitia
3628 2947 3643 2987 ε
3697 2928 3839 2990 haec
3864 2936 4042 2990 autem
4093 2942 4129 2969 ‘¹

2537 3014 2880 3075 attenditur
2908 3034 2984 3075 ex
3009 3016 3376 3078 necessitate
3422 3018 3576 3079 boni
3605 3025 3955 3083 communis
3979 3022 4042 3084 ad

2536 3106 2704 3187 quod
2730 3108 2965 3169 tributa
2992 3107 3225 3170 debent
3262 3110 3583 3188 ordinari,
3638 3133 3772 3175 non
3802 3116 3882 3176 ad
3910 3118 4042 3195 prin-

2536 3203 2691 3281 cipis
2738 3203 3070 3265 utilitatem
3111 3204 3212 3264 vel
3256 3205 3741 3270 abundantiam.
3804 3212 4046 3274 Pertinet

2532 3299 2743 3357 tamen
2772 3296 2853 3356 ad
2880 3296 3116 3357 bonum
3132 3297 3450 3376 publicum
3466 3309 4044 3380 congruenssustea-

2532 3390 2685 3451 tatio
2727 3389 2922 3468 ipsius
2964 3389 3263 3468 principis
3295 3393 3478 3471 juxta
3524 3393 3664 3473 ejus
3695 3396 4042 3476 dignitatem

2536 3487 2598 3544 et
2625 3487 2877 3545 statum.
2938 3485 3230 3544 Cessante
3259 3489 3471 3546 autem
3516 3489 3780 3551 omnino
3813 3491 4046 3551 necessi-

2533 3580 2691 3651 tate,
2726 3579 2928 3638 cessat
2947 3577 3191 3656 justitia
3230 3577 3481 3656 tributi,
3546 3582 3665 3641 nisi
3717 3584 3840 3643 alia
3885 3602 4045 3644 causa

2533 3671 2945 3747 subrogetur,
3011 3675 3265 3749 propter
3311 3689 3506 3750 quam
3552 3674 3866 3736 tributum
3918 3677 4046 3736 iliud

2532 3766 2744 3842 posset
2770 3763 2847 3823 de
2877 3780 3039 3823 novo
3070 3762 3340 3841 imponi,
3399 3764 3538 3826 haec
3589 3767 3762 3827 enim
3809 3770 4046 3830 sufficiet

2535 3856 2614 3916 ad
2643 3855 3156 3916 continuandum.

2611 3947 2890 4009 Dubitari
2925 3947 3105 4025 solet,
3136 3949 3386 4028 quando
3415 3950 3716 4031 princeps
3742 3972 3861 4015 sua
3887 3955 4044 4032 eulpa

2532 4041 2595 4100 in
2654 4041 3086 4102 necessitatem
3127 4042 3225 4102 vel
3269 4049 3711 4123 paupertatem
3757 4051 4041 4126 pervenit,

4092 2994 4129 3059 ¹!

4113 4083 4128 4130 s:

2533 4133 2678 4214 quia
2705 4133 2984 4213 prodigis
3025 4134 3490 4213 largitionibus»,
3549 4138 3696 4198 luxu
3722 4187 3740 4216 ‚
3801 4142 3901 4201 vel
3941 4142 4043 4200 alio
4077 4141 4128 4188 in

2532 4227 2729 4287 abusu
2758 4227 3048 4287 aerarium
3076 4230 3481 4307 consumpsit,
3531 4235 3644 4292 aut
3689 4251 3819 4294 aere
3865 4235 4046 4294 alieno

2530 4324 2830 4400 gravatur
2853 4366 2869 4396 ,
2925 4338 3004 4380 an
3035 4322 3232 4399 possit
3257 4322 3491 4383 tributa
3522 4324 3903 4403 imponere?
3949 4330 4044 4387 Ne-

2529 4431 2681 4491 gare
2709 4412 3002 4473 videntur
3029 4414 3324 4474 Antonin.
3342 4415 3708 4493 HostiensiS‚
3735 4421 4040 4490 Heuriem,

2535 4505 2802 4566 Palatios
2832 4504 3087 4582 Rubios,
3121 4525 3279 4585 quos
3309 4509 3491 4570 affert
3517 4511 3750 4571 Sanch.
3784 4512 3850 4573 d.
3883 4532 3938 4572 e.
3970 4530 4043 4572 rr.

2536 4598 2684 4658 dub.
2718 4614 2788 4659 11.
2825 4617 2886 4659 n.
2923 4602 2984 4661 8.
3020 4604 3083 4659 et
3110 4599 3296 4660 Gabr.
3329 4600 3393 4659 in
3424 4602 3526 4663 IV.
3565 4603 3710 4665 dist.
3742 4621 3848 4666 xv.
3883 4624 4042 4686 qus.

2531 4695 2647 4753 art.
2682 4694 2737 4751 1.
2773 4692 2970 4752 concl.
3005 4695 3063 4751 2.
3119 4692 3243 4753 Sed
3290 4692 3409 4754 hoc
3438 4694 3629 4757 debet
3655 4698 3950 4777 intellig-i,
4003 4698 4043 4756 si

2529 4784 2652 4844 alia
2678 4783 2781 4843 via
2807 4784 3005 4861 possit
3032 4785 3386 4846 necessitati
3411 4787 3779 4861 subvenire3
3809 4792 3867 4851 si
3895 4791 4046 4851 enim

2528 4895 2653 4937 non
2681 4880 2919 4955 potest,
2979 4877 3212 4939 debent
3235 4878 3470 4941 subditi
3497 4883 3935 4960 contribuere,
3987 4893 4046 4943 nt

2528 4970 2754 5031 docent
2782 4970 2885 5031 alii
2914 4971 3346 5049 communiter,
3374 4991 3529 5051 quos
3558 4976 3738 5038 affert
3761 4982 3826 5038 et
3854 4977 4046 5057 sequi-

2526 5067 2628 5124 tur
2652 5063 2881 5124 Sanch.
2926 5064 3030 5125 ibi.
3090 5065 3323 5126 Molina
3363 5067 3475 5127 ubi
3515 5087 3652 5149 sup.
3702 5070 3861 5148 disp.
3909 5075 4038 5132 667.

2525 5158 2695 5218 Les5.
2728 5156 2879 5218 dub.
2915 5174 3000 5218 v1.
3034 5177 3140 5218 nu.
3174 5161 3273 5223 48.
3308 5162 3498 5240 Vasq.
3531 5163 3595 5223 d.
3627 5163 3683 5242 §.
3716 5180 3758 5224 1.
3788 5162 3946 5224 dub.
3979 5180 4038 5223 u.

2519 5438 2663 5513 ptus
2691 5428 2976 5514 proprios
3017 5455 3096 5497 ne
3123 5437 3410 5500 subditos
3456 5459 3573 5502 sua
3599 5442 3776 5521 culpa
3798 5451 4034 5520 gravet„

2519 5523 2752 5589 debere
2779 5528 2966 5590 etiam
2995 5533 3234 5608 postea,
3268 5533 3525 5611 quando
3552 5536 3632 5596 ad
3659 5535 4038 5613 pinguim-en

4081 4257 4128 4286 ,ἲΙ
