4263 6376
699 5072 777 5131 98

628 5195 876 5248 Quid‚01·x

624 5250 762 5314 royela
764 5251 822 5345 tino
796 5262 877 5346 orins

624 5315 866 5412 ρει-11111616

686 5423 795 5454 rem.

959 320 1080 384 530

961 495 1071 556 sed
1085 494 1529 574 obligationem
1546 493 1626 555 ad
1645 493 1993 574 periculum
2013 510 2148 554 esse
2166 491 2492 554 materiam

961 588 1067 667 huj
1079 607 1148 648 us
1160 592 1513 650 contractus
1530 608 1543 648 :
1560 589 1811 666 quando
1827 588 1993 648 enim
2006 586 2353 665 periculum
2368 603 2492 646 non

963 682 1181 758 est,vel
1204 681 1507 742 estmulto
1530 681 1735 741 minus
1756 701 1770 755 ;
1793 680 2090 759 obligatio
2113 680 2304 740 etiam
2319 678 2397 740 ad
2426 678 2493 737 il-

959 775 1069 835 lud
1090 774 1436 852 periculum
1453 774 1571 834 erit
1590 774 1652 834 in
1671 793 1736 834 se
1759 779 1821 834 et
1839 774 2173 834 intrinsece
2194 772 2389 832 multo
2407 771 2493 831 le·

960 868 1131 939 vior;
1164 872 1227 928 et
1251 885 1285 924 6
1341 871 1554 927 contra
1605 867 1858 946 quando
1896 865 2248 945 periculum
2289 863 2494 942 majus

961 963 1075 1035 est,
1106 959 1402 1037 obligatio
1449 960 1639 1021 etiam
1685 960 1803 1021 erit
1846 960 1910 1020 in
1951 977 2018 1021 se
2065 961 2128 1019 et
2160 958 2493 1019 intrinsece

959 1053 1207 1115 diversa
1237 1056 1301 1113 et
1326 1051 1600 1130 gravior.
1638 1055 1865 1114 Parum
1882 1056 2093 1112 autem
2123 1048 2494 1128 refertquod

959 1145 1192 1224 passim
1218 1145 1375 1207 tanti
1404 1145 1745 1206 aestimetur
1780 1165 1793 1205 :
1828 1145 1890 1204 id
1912 1144 2077 1204 enim
2108 1141 2397 1221 provenit
2420 1160 2494 1202 ex

958 1237 1352 1316 ignorantia,
1400 1256 1525 1297 non
1573 1237 1829 1316 quidem
1875 1236 2359 1298 circumstantiae
2391 1252 2495 1296 ex-

958 1330 1244 1391 trinsecae
1268 1375 1284 1405 ‚
1327 1329 1439 1389 sed
1468 1329 1796 1407 ipsiusmet
1841 1328 2103 1407 periculi
2136 1328 2230 1388 vel
2260 1326 2493 1404 obliga-

958 1423 1143 1486 tionis
1167 1468 1183 1498 ‚
1218 1439 1357 1501 quae
1387 1422 1778 1484 existimatur
1806 1440 1940 1482 esse
1970 1421 2109 1483 talis
2134 1467 2150 1497 ,
2196 1438 2340 1482 cum
2371 1438 2493 1479 non

957 1517 1040 1578 sit
1064 1515 1225 1578 talis.
1263 1514 1437 1577 Sicut
1465 1515 1718 1592 quando
1750 1533 2004 1592 gemma
2042 1514 2200 1575 falsa
2230 1513 2495 1573 (65ιί1116-

958 1613 1062 1670 tur
1088 1607 1506 1668 communiter
1534 1625 1685 1666 vera
1714 1613 1776 1667 et
1822 1607 2036 1685 magni
2097 1605 2320 1685 pretii,
2369 1624 2492 1665 non

958 1702 1100 1764 ideo
1129 1699 1421 1762 venditor
1449 1700 1557 1778 qui
1585 1700 1702 1761 scit
1731 1717 1865 1759 esse
1895 1699 2141 1775 falsam,
2176 1702 2382 1776 potest
2395 1716 2494 1757 ca-

957 1796 1086 1856 rius
1107 1793 1278 1854 illam
1306 1792 1580 1854 vendere
1604 1838 1620 1868 ‚
1672 1792 1820 1870 quia
1848 1792 2127 1854 defectus
2157 1795 2252 1853 est
2279 1790 2494 1852 intrin-

958 1906 1137 1950 secus
1166 1886 1231 1948 in
1260 1886 1397 1964 ipsa
1422 1903 1693 1964 gemma.
1730 1885 1990 1958 Quando
2022 1890 2231 1947 autem
2252 1901 2494 1943 merces

957 1981 1316 2042 venduntur
1345 1979 1547 2056 pretio
1574 1978 1848 2039 currenti
1883 1998 1919 2037 a
1948 1978 2186 2038 sciente
2217 1977 2492 2036 futuram

957 2071 1410 2134 abundantiam
1435 2117 1451 2147 ,
1498 2087 1622 2131 non
1653 2070 2003 2132 occultatur
2026 2069 2246 2130 vitIum
2291 2068 2494 2129 occul-

956 2169 1115 2240 tum,
1148 2164 1295 2243 quia
1322 2181 1560 2225 merces
1591 2181 1713 2223 non
1736 2167 1882 2224 sunt
1909 2163 2138 2237 minuS,
2163 2161 2262 2222 vel
2290 2161 2493 2240 magis

957 2258 1140 2319 bonae
1156 2258 1219 2317 in
1232 2275 1297 2319 56
1311 2262 1568 2334 propter
1582 2255 2035 2317 abundantiam
2046 2255 2145 2318 vel
2164 2255 2492 2333 penuriam

955 2351 1251 2413 futuram.

1041 2445 1219 2507 Sicut
1244 2462 1392 2522 ergo
1424 2443 1502 2505 de
1531 2441 1865 2523 sponsione
1897 2441 2168 2502 diximus
2194 2488 2210 2518 ,
2246 2460 2386 2503 eam
2415 2441 2493 2501 li-

957 2537 1077 2600 cite
1105 2536 1243 2599 fieri
1269 2536 1471 2615 posita
1499 2536 1875 2614 ignorantia,
1906 2535 2002 2594 vel
2023 2534 2216 2595 dubio
2241 2534 2304 2594 in
2325 2539 2493 2595 utro-

957 2649 1079 2710 que
1124 2630 1507 2710 spondente;
1560 2629 1708 2708 quia
1736 2629 1956 2689 volunt
1985 2647 2049 2688 56
2098 2627 2380 2706 obligare
2427 2628 2491 2687 in

956 2724 1170 2800 dubio,
1203 2723 1337 2783 sive
1363 2722 1445 2783 sit
1472 2723 1602 2782 sive
1631 2739 1755 2781 non
1786 2721 1864 2782 sit
1892 2720 2238 2799 periculum
2257 2720 2493 2781 falsita-

955 2817 1067 2889 tis;
1101 2818 1261 2878 sicut
1288 2814 1542 2894 quando
1565 2819 1826 2893 uterque
1849 2813 2226 2874 contrahens
2247 2812 2493 2874 dubitat

956 2910 1035 2971 de
1065 2908 1343 2970 bonitate
1372 2925 1670 2986 gemmae,
1705 2906 1856 2968 etin
1887 2906 2077 2966 dubio
2107 2907 2403 2966 venditur
2430 2911 2493 2970 et

957 3001 1185 3063 emitur
1211 3000 1410 3079 pretio
1441 3000 1673 3074 medio,
1705 2999 1836 3060 sive
1865 3016 2015 3059 vera
2044 2998 2124 3060 sit
2141 2999 2270 3060 sive
2291 2999 2485 3061 falsa:

957 3093 1125 3173 quod
1152 3098 1363 3155 tamen
1414 3110 1616 3172 neque
1664 3092 1729 3153 in
1774 3091 2133 3152 venditione
2179 3111 2383 3170 neque
2425 3092 2489 3152 in

956 3185 1290 3266 sponsione
1317 3184 1553 3260 liceret,
1586 3184 1639 3246 si
1666 3184 1846 3247 alteri
1874 3204 1946 3245 ex
1976 3184 2491 3247 contrahentibus

958 3283 1272 3342 constaret
1317 3279 1395 3339 de
1441 3279 1701 3339 veritate
1735 3299 1748 3339 :
1782 3279 1871 3338 sic
1914 3278 1978 3338 in
2027 3278 2489 3340 assecuratione

956 3372 1293 3435 dIcendum
1322 3376 1452 3449 est,
1504 3390 1646 3432 eam
1692 3371 2111 3432 communiter
2145 3371 2279 3431 fieri
2319 3390 2492 3433 com-

955 3465 1260 3528 mittendo
1289 3484 1355 3528 56
1385 3467 1673 3541 fortnnae,
1707 3465 1837 3524 sive
1868 3482 2090 3525 revera
2106 3464 2185 3525 sit
2214 3465 2342 3525 sive
2365 3483 2489 3526 non

955 3560 1036 3621 sit
1061 3558 1409 3637 periculum
1437 3576 1657 3619 verum
1686 3556 1856 3636 quod
1897 3557 2175 3632 timetur,
2216 3557 2346 3618 sive
2388 3576 2490 3619 res

948 3650 1084 3731 jam
1111 3652 1283 3713 sitin
1310 3655 1442 3713 tuto
1469 3697 1485 3727 ,
1517 3650 1647 3711 sive
1676 3649 1866 3711 etiam
1904 3651 2039 3728 ‚iam
2080 3650 2240 3712 forte
2286 3650 2491 3729 perie-

952 3746 1081 3808 rit:
1115 3744 1263 3824 quia
1311 3745 1463 3805 dum
1513 3747 1775 3822 uterque
1804 3742 1869 3802 id
1898 3744 2181 3820 ignorat,
2222 3748 2490 3822 uterque

955 3856 1020 3898 se
1047 3838 1316 3899 fortunoe
1345 3836 1715 3912 committit,
1765 3840 1827 3896 et
1855 3835 2039 3897 datur
2085 3836 2356 3914 pretium
2385 3855 2485 3898 as·

954 3930 1267 3992 securanti
1286 3948 1398 4008 pro
1424 3928 1702 4009 periculo
1732 3928 1859 4003 illo,
1893 3928 2025 3989 sive
2049 3929 2133 3990 sit
2178 3928 2309 3990 sive
2362 3948 2487 3990 non

952 4024 1052 4099 sit,
1086 4027 1149 4085 et
1173 4022 1304 4083 sive
1326 4023 1463 4101 jam
1492 4039 1590 4081 res
1621 4020 1895 4099 perierit,
1934 4019 2066 4080 sive
2097 4020 2269 4081 salva
2301 4021 2490 4083 fuerit

953 4121 1018 4178 et
1041 4120 1177 4179 tuta
1211 4136 1223 4177 ε
1259 4115 1405 4194 quia
1433 4133 1611 4174 mens
1657 4113 2164 4174 contrahentium
2194 4119 2289 4175 est
2316 4132 2488 4175 asse-

952 4227 1171 4269 curare
1205 4210 1493 4286 suscepto
1538 4206 1814 4285 periculo
1861 4224 1984 4266 non
2028 4206 2230 4266 solum
2276 4207 2483 4269 futuro

952 4305 1094 4381 post
1119 4305 1508 4363 contractum
1532 4344 1547 4374 ,
1582 4298 1693 4359 sed
1722 4298 1911 4359 etiam
1943 4299 2259 4377 praeterito
2291 4317 2327 4358 a
2357 4299 2480 4375 die,

951 4415 1012 4455 v.
1046 4413 1107 4472 g;
1144 4412 1268 4473 qua
1298 4392 1473 4454 navis
1502 4392 1687 4453 solvit
1732 4409 1765 4451 e
1809 4395 1992 4470 portu
2017 4437 2033 4468 ,
2085 4392 2238 4451 dum
2288 4397 2485 4453 status

950 4505 1225 4568 praesens
1256 4504 1292 4546 a
1321 4483 1836 4547 contrahentibus
1864 4483 2210 4562 ignoratur,
2243 4489 2314 4545 ut
2341 4502 2484 4545 cum

951 4582 1089 4643 aliis
1147 4580 1386 4641 notavit
1427 4578 1659 4639 Molina
1712 4577 1850 4638 loco
1904 4578 2092 4639 citato
2112 4624 2127 4654 ,
2192 4578 2249 4656 ς.
2309 4577 2478 4639 Dixi.

952 4674 1211 4748 Quando
1240 4690 1388 4752 ergo
1416 4671 1574 4733 alter
1602 4689 1676 4730 ex
1706 4670 2221 4731 contrahentibus
2249 4670 2488 4733 sciebat

950 4767 1298 4846 periculum
1354 4782 1479 4825 non
1527 4781 1662 4824 esse
1687 4809 1702 4839 ‚
1735 4762 1835 4823 vel
1863 4781 1997 4822 rem
2037 4762 2173 4842 jam
2198 4764 2480 4842 periisse,

949 4860 1220 4924 debebat
1246 4859 1309 4920 id
1337 4857 1759 4931 manifestare,
1795 4856 1955 4917 sicut
1982 4857 2045 4916 in
2066 4858 2401 4935 sponsione
2423 4862 2486 4922 et

947 4955 1012 5015 in
1039 4953 1399 5015 venditione
1428 4967 1695 5029 gemmae
1723 4949 1962 5010 dictum
1993 4955 2106 5011 est.

1028 5047 1206 5110 Unde
1234 5063 1449 5106 rursus
1479 5043 1723 5115 infero,
1777 5042 1837 5102 in
1870 5060 2019 5102 casu
2066 5043 2172 5103 illo
2206 5062 2242 5104 a
2270 5043 2481 5105 Lessio

946 5141 1217 5202 adducto
1264 5140 1652 5200 contractum
1693 5153 1826 5196 esse
1876 5134 2210 5213 injustum,
2259 5155 2371 5214 per
2416 5155 2482 5199 56

944 5233 1297 5315 loquendo,
1358 5230 1409 5291 si
1466 5247 1567 5290 res
1624 5228 1711 5289 ita
1764 5231 1935 5289 certo
1986 5229 2298 5290 sciretur:
2336 5248 2482 5289 nam

943 5326 1202 5389 scientia
1221 5344 1294 5385 ex
1322 5321 1660 5399 astrologia
1690 5340 1812 5382 non
1832 5323 2060 5383 futurae
2087 5323 2480 5402 tempestatis

939 5419 1339 5482 fallacissima
1366 5421 1483 5491 est,
1517 5420 1581 5477 et
1608 5433 1934 5495 nunquam
1964 5415 2155 5477 credo
2187 5416 2475 5477 sufficere

939 5514 1019 5575 ad
1050 5511 1397 5575 tollendum
1432 5509 1780 5587 periculum
1810 5509 2000 5569 etiam
2047 5508 2107 5568 in
2157 5508 2472 5571 existima-

2076 316 2180 380 DE
2221 313 2576 379 JUSTITIA
2621 313 2722 376 ΕΤ
2763 311 2964 376 JURE

2591 490 2761 551 tione
2788 489 3099 570 prudenti.
3148 490 3600 571 Undecumque
3643 499 3823 555 autem
3852 496 3899 559 id
3926 502 4000 559 sei-

2591 588 2783 659 retur‚
2818 583 2949 644 sive
2978 603 3055 643 ex
3099 584 3319 648 litteris
3359 585 3546 646 amici
3587 585 3709 647 sive
3749 605 3809 647 ex
3834 589 4001 654 alinea-

2591 675 2740 754 pite,
2792 695 2916 738 non
2959 681 3171 755 posset
3218 676 3390 756 juste
3447 678 3708 755 pretium
3743 683 3902 760 accipi
3931 703 4002 761 pro

2592 768 3078 844 assecuratione,
3112 770 3166 832 si
3191 788 3415 830 revera
3443 770 3634 831 scitur
3663 770 3782 850 jam
3804 793 3900 837 non
3920 795 4004 838 mse

2590 861 2957 938 periculum.
2982 861 3043 923 Si
3067 868 3280 923 autem
3299 862 3643 940 periculum
3663 865 3838 926 adhuc
3859 886 4004 929 revera

2591 958 2794 1024 esset,
2844 954 2955 1017 sed
2986 973 3063 1014 ex
3091 955 3473 1017 revelatione
3521 958 3705 1018 scires
3730 976 3909 1019 navem
3928 980 4005 1021 uon

2592 1064 2728 1107 esse
2757 1047 2836 1108 ab
2865 1046 3150 1109 hostibus
3178 1048 3576 1126 capiendam,
3609 1068 3799 1128 posses
3819 1055 4006 1130 pretium

2592 1139 2876 1218 accipere
2902 1186 2920 1215 ‚
2957 1141 3106 1219 quia
3156 1159 3298 1202 cum
3353 1143 3698 1219 periculum
3740 1144 3807 1205 sit
3841 1164 4005 1218 verum.

2594 1233 2799 1293 nullus
2829 1238 2924 1295 cst
2950 1234 3252 1310 defectus,
3287 1240 3395 1294 aut
3423 1236 3658 1297 falsitas
3688 1237 3949 1298 intrinseca
3970 1241 4006 1298 in

2592 1343 2658 1383 re
2687 1343 2800 1403 pro
2832 1344 2956 1404 qua
2984 1327 3255 1403 pretium
3284 1327 3554 1405 accipis,
3606 1347 3806 1408 nempe
3841 1331 3888 1390 in
3924 1330 4006 1409 ipso

2592 1418 2867 1495 periculo
2897 1423 2960 1478 et
2987 1419 3365 1498 obligatione
3391 1421 3474 1480 ad
3501 1421 3701 1499 ipsum
3731 1443 3744 1481 ε
3776 1442 3888 1484 uam
3910 1425 4009 1484 tutu·

2592 1529 2700 1570 rus
2730 1516 2992 1570 eventus
3022 1529 3146 1572 non
3176 1512 3338 1573 tollit
3384 1513 3560 1592 quod
3605 1533 3754 1575 nunc
3781 1516 3845 1576 sit
3865 1534 4008 1576 verum

2590 1604 2939 1682 periculum
2967 1610 3225 1666 eventus
3253 1607 3575 1683 contrarii,
3609 1613 3668 1668 et
3692 1609 3911 1686 pretium
3933 1628 4007 1668 11611

2591 1696 2901 1773 accipitur
2928 1715 3040 1774 pro
3072 1703 3320 1774 eventu,
3353 1697 3466 1758 sed
3493 1718 3608 1777 pro
3637 1701 3874 1777 periculo
3889 1719 4008 1760 eren·

2589 1791 2711 1864 tua,
2739 1789 2908 1866 quod
2937 1794 3032 1850 est
3058 1790 3226 1852 idem
3254 1791 3315 1851 in
3350 1810 3438 1867 56,
3471 1793 3606 1853 sive
3626 1799 3854 1872 captura
3867 1812 4009 1872 sequa·

2591 1885 2694 1942 tur
2720 1882 2851 1941 sive
2881 1901 3007 1943 non
3038 1888 3359 1962 sequatur.

2632 1989 2645 1998 ·
2671 1974 2956 2035 Dubitari
2989 1976 3153 2037 solet
3179 1976 3382 2054 primo
3410 2023 3426 2053 ,
3472 1996 3557 2036 an
3588 1978 3669 2039 sit
3690 1979 3893 2039 validus
3912 1998 4008 2040 eoa·
4072 1991 4108 2048 Β

2591 2071 2829 2129 tractus
2858 2069 3385 2145 assecurationiS,
3439 2070 3692 2148 quando
3733 2072 4009 2132 suitsalsias
4075 2117 4118 2174 *a

2592 2160 2654 2220 in
2683 2161 3002 2221 mercibus
3033 2162 3392 2239 asportatis,
3429 2169 3500 2223 ut
3527 2164 3584 2222 si
3603 2169 3828 2243 petatur
3848 2184 4009 2225 assecu-
4045 2153 4118 2212 ί-

2590 2253 2748 2315 ratio
2779 2254 3085 2314 mercium
3105 2299 3120 2329 ,
3155 2272 3296 2333 quae
3331 2257 3519 2316 Petro
3551 2276 3628 2315 ex
3658 2258 3817 2317 India
3839 2258 4009 2317 mittun·
4043 2219 4119 2272 pss

2590 2351 2693 2407 tur
2720 2347 2784 2406 in
2813 2346 2922 2408 tali
2952 2348 3132 2422 navi,
3181 2352 3244 2408 et
3270 2353 3332 2408 te
3365 2354 3767 2411 assecurante
3793 2369 3880 2428 pro
3902 2357 4006 2410 ceno

2590 2440 2814 2518 preti0‚
2848 2445 3068 2519 postea
3097 2441 3386 2502 veniente
3416 2443 3597 2502 salva
3624 2445 3777 2517 navi,
3804 2451 4011 2521 appareat

2592 2551 2715 2595 non
2744 2534 2933 2594 fuisse
2971 2552 3213 2594 merces
3259 2535 3340 2594 ad
3396 2537 3655 2596 Petrum
3699 2538 4009 2606 transmissas,

2591 2626 2696 2687 sed
2717 2626 3091 2686 remansisse
3113 2627 3374 2688 inludia
3390 2627 3421 2688 ?
3449 2628 3919 2708 Distinguendum
3930 2633 4010 2687 at:

2590 2721 2643 2781 si
2670 2720 2837 2780 enim
2884 2724 3147 2798 uterque
3195 2720 3363 2780 bona
3408 2721 3539 2782 fide
3586 2722 3824 2801 putabat
3853 2739 4012 2782 mesces

2588 2812 2924 2873 mittendas
2953 2832 3028 2872 ex
3058 2813 3255 2889 India,
3282 2813 3547 2875 intentio
3565 2815 4012 2894 praesumitureon·
4117 2839 4118 2880 ι

2590 2905 2915 2981 ditionata‚
2946 2905 3003 2965 si
3026 2905 3389 2966 mitterentur·
3407 2926 3435 2982 ,·
3462 2925 3696 2986 quare,
3725 2926 3828 2968 non
3863 2907 4010 2978 misas,

2589 2998 2800 3059 deficit
2825 2999 3091 3060 materia
3120 3004 3479 3061 contractus
3509 3006 3577 3062 et
3616 2998 4010 3061 assecuransde·

2588 3092 2696 3154 bet
2719 3092 3051 3153 restituere
3081 3092 3352 3170 pretium
3378 3099 3714 3172 acceptum
3736 3141 3751 3170 ,
3781 3112 3875 3154 nec
3896 3089 4012 3170 quid-

2588 3204 2778 3264 quam
2807 3184 2996 3247 debet
3023 3185 3266 3246 solvere
3288 3233 3303 3262 ,
3353 3186 3608 3248 etiamsi
3636 3190 3797 3248 navis
3819 3187 3900 3246 illa
3920 3203 4011 3245 mu-

2587 3279 2855 3356 tragium
2884 3278 3151 3353 fecisset,
3185 3280 3284 3339 vel
3313 3279 3535 3341 fuisset
3578 3301 3616 3341 a
3654 3282 3845 3360 piratis
3877 3284 4009 3356 capta.

2588 3374 2793 3451 Atque
2822 3371 2909 3433 ita
2937 3371 3001 3432 in
3032 3377 3253 3433 senatu
3283 3373 3588 3435 Lusitano
3619 3375 3837 3435 definiri
3860 3379 4012 3432 testan-

2587 3469 2691 3527 tur
2719 3467 2935 3540 Gama,
2970 3470 3033 3526 et
3060 3465 3326 3525 Alvarus
3357 3466 3698 3544 Valascus,
3742 3485 3870 3547 quos
3900 3466 4012 3525 afferi

2588 3562 2651 3617 et
2677 3557 2957 3635 sequitur
3002 3557 3119 3617 hac
3156 3557 3219 3617 in
3268 3563 3445 3635 parte
3493 3561 3730 3621 Molina
3766 3562 3817 3639 ἓ.
3856 3554 4011 3633 Q&

2588 3650 2822 3731 aliquis.

2668 3744 2928 3817 Quando
2971 3763 3119 3805 vero
3146 3791 3161 3821 ,
3213 3744 3321 3824 qui
3367 3747 3870 3808 assecurationem
3901 3742 4008 3822 petit„
4084 3744 4115 3811 11

2584 3837 2766 3915 fingit
2793 3855 3033 3897 merces
3062 3856 3218 3916 quas
3249 3857 3364 3898 nec
3413 3840 3611 3901 mittit
3655 3858 3762 3900 nec
3798 3840 4011 3917 expect&
4065 3876 4113 3929 ,η

2585 3948 2798 3990 rursus
2818 3929 3328 4008 distinguendum
3356 3936 3484 3993 est:
3508 3933 3566 3992 si
3593 3933 3752 3993 enim
3780 3932 3873 3991 hoc
3893 3930 4012 3989 eliam
4037 3932 4113 4237 Ξ

2586 4022 2823 4084 sciebat
2849 4029 3274 4100 assecurator,
3307 4030 3670 4087 contractus
3699 4019 4013 4086 videturnli-

2586 4116 2701 4177 dus
2732 4121 2794 4177 et
2821 4114 3145 4177 reducitur
3172 4117 3252 4176 ad
3280 4118 3756 4196 sponsionem:
3807 4113 4012 4197 quasidi·

2585 4212 2822 4285 cerent,
2855 4208 2905 4268 si
2940 4209 3077 4269 talis
3107 4210 3284 4269 navis
3312 4211 3511 4287 salva,
3546 4231 3625 4272 ex
3649 4211 3812 4272 ludia
3834 4204 4072 4278 venerit*

2585 4302 2747 4363 dabo
2777 4256 2888 4362 tibi
2931 4304 3110 4363 2000.
3171 4302 3218 4361 si
3252 4304 3509 4381 perierit
3549 4305 3649 4365 vel
3680 4309 3844 4383 capta
3877 4299 4011 4367 fuerit.
4109 4380 4110 4383 Ἴ

2585 4394 2763 4455 dabis
2791 4394 2945 4454 mihi
2975 4393 3396 4474 quadraginta
3422 4397 3636 4473 mille,
3688 4397 3884 4477 quibus
3911 4389 4017 4452 6311-

2583 4506 2685 4548 mo
2725 4505 2898 4548 meas
2945 4505 3185 4548 merces
3235 4508 3249 4549 :
3302 4508 3444 4568 quae
3488 4491 3743 4569 quidem
3784 4484 4017 4549 aestimatio

2585 4584 2678 4641 est
2704 4580 2906 4641 solum
2935 4579 3014 4641 ad
3043 4580 3426 4660 palliandam
3446 4584 3830 4660 sponsionem
3846 4577 4016 4641 nomine

2583 4671 3088 4748 assecurationis,
3121 4673 3210 4734 ita
3238 4675 3426 4736 Sotus
3455 4677 3562 4737 vl.
3598 4675 3668 4735 de
3691 4674 3920 4747 lausaim,
3949 4686 4014 4747 qu
4107 4720 4108 4759 ἢ

2585 4781 2696 4827 vn.
2731 4769 2848 4826 art.
2885 4768 2941 4826 1.
2973 4766 3208 4827 Molina
3232 4768 3288 4846 §-
3321 4767 3523 4848 Lonqe
3549 4768 3815 4843 diversus,
3840 4769 4014 4827 Lessa.

2583 4862 2681 4921 28.
2731 4858 2839 4937 qui
2883 4858 3044 4919 bene
3087 4859 3462 4936 advertunt,
3522 4863 3578 4922 si
3620 4863 3785 4922 navis
3822 4858 4017 4937 periisset

2583 4951 2768 5029 culpa
2797 4951 2961 5012 illius
3008 4951 3112 5031 qui
3142 4955 3676 5016 assecurationem
3704 4954 3948 5034 petierat,
3977 4950 4016 5004 ut

2583 5044 2702 5105 hoc
2730 5043 2918 5105 modo
2947 5048 3165 5107 40000.
3219 5046 3297 5107 ab
3346 5053 3742 5109 assecurante
3766 5046 4018 5107 lucraretur

2583 5156 2707 5198 non
2749 5137 2943 5197 teneri
2993 5137 3074 5197 ad
3120 5157 3196 5198 ea
3235 5140 3540 5200 solvenda
3597 5142 4012 5201 assecuraiorem,

2582 5230 2730 5309 quia
2755 5249 3002 5310 semper
3045 5232 3398 5294 excluditur
3440 5233 3624 5295 dolus
3652 5238 3714 5294 et
3750 5231 3903 5309 culpa
3920 5243 4015 5285 ean·

2579 5322 2905 5386 trahentis.
2942 5323 3005 5385 Si
3035 5343 3186 5385 vero
3211 5330 3611 5389 assecurator
3632 5323 4010 5388 credebam,

2578 5434 2824 5478 merces
2851 5434 2928 5478 ex
2955 5417 3136 5480 India
3162 5418 3501 5481 mittendas
3521 5466 3539 5497 ,
3598 5438 3752 5499 quas
3775 5417 3903 5478 alter
3920 5428 4014 5471 ω·-
4103 5416 4104 5451 ³

2571 5508 2828 5571 trahens
2854 5510 3057 5571 sciens
3084 5511 3385 5590 fingebat,
3417 5516 3492 5575 ut
3530 5512 3892 5592 sponsionem
3911 5506 4010 5566 fane·
4102 5466 4104 5611 Ι
