4263 6376
572 2894 649 2952 75

516 3017 582 3060 An
595 3017 727 3073 possit

502 3137 578 3220 :ub
596 3178 750 3221 eisdem

487 3233 638 3281 usuris,
657 3246 757 3287 quas

555 3286 698 3329 solvis.

858 296 971 354 194

854 469 1018 549 quod
1050 469 1299 545 sufficit,
1359 473 1427 530 ut
1455 487 1576 529 non
1607 472 1899 530 teneatur
1944 469 2024 528 ad
2053 467 2383 527 restituen-

853 562 1003 621 dum
1033 566 1377 640 acceptum,
1428 562 1712 639 quamvis
1755 562 1919 621 enim
1962 560 2382 622 mutuatarius

849 654 930 715 sit
956 654 1206 729 invitus,
1242 653 1492 731 quando
1522 654 1705 714 solvit
1733 674 1974 730 usuraS,
2024 673 2147 715 non
2182 656 2384 730 potest

852 751 1058 807 tamen
1118 745 1571 807 tattonahiliter
1599 765 1734 806 csse
1790 747 2043 821 invitus,
2103 746 2222 805 nisi
2264 744 2380 804 sub

848 837 1224 912 conditione,
1259 839 1309 898 si
1341 843 1632 898 mutuans
1662 857 1786 898 non
1819 838 2007 898 habet
2029 838 2269 916 justum
2298 837 2376 898 ti-

846 930 1044 990 tulum
1065 930 1353 1008 exigendi
1388 951 1401 990 ε
1435 930 1847 991 ‹lebetautem
1867 931 2216 992 voluntarie
2234 949 2378 991 con-

844 1022 1072 1082 sentire
1101 1021 1150 1081 si
1173 1021 1341 1100 juste
1359 1022 1648 1100 exigitur.
1681 1023 2143 1099 Adverteit-em,
2179 1041 2377 1102 quan-

843 1114 923 1174 do
955 1119 1249 1174 mutuans
1278 1115 1526 1192 cogitur
1575 1115 1656 1174 ad
1708 1117 2145 1191 mutuandum,
2194 1133 2376 1194 posse

841 1208 1089 1285 exigere
1118 1211 1337 1285 postea
1364 1208 1666 1267 interesse
1711 1208 1926 1267 damni
1968 1209 2369 1286 emergentiS,

836 1299 982 1361 licet
1007 1301 1070 1360 in
1099 1306 1317 1360 mutuo
1349 1300 1503 1359 nihil
1533 1300 1595 1359 in
1627 1306 1879 1378 pactum
1909 1300 2258 1376 deduxerit,
2307 1307 2376 1362 ut

836 1410 980 1453 cum
1012 1395 1183 1468 Soto,
1221 1392 1498 1468 SaloniO,
1542 1393 1886 1470 Aragonio,
1931 1398 1990 1453 et
2019 1393 2159 1452 aliis
2190 1393 2375 1454 docet

835 1485 1016 1546 Salas
1045 1485 1152 1545 ubi
1181 1503 1370 1564 supra
1401 1504 1508 1547 nu.
1540 1488 1600 1545 5.
1636 1503 1710 1544 ex
1739 1490 1784 1546 t.
1824 1483 1970 1546 Cum
2000 1484 2258 1565 quidam,
2305 1485 2368 1544 ff.

834 1576 904 1636 de
930 1577 1140 1653 usum's,
1195 1584 1257 1638 et
1284 1596 1358 1637 ex
1387 1578 1627 1656 regula,
1673 1577 1750 1638 Si
1775 1587 1897 1639 tua.
1948 1577 2017 1638 de
2056 1578 2244 1658 reyul.
2265 1578 2370 1657 ju-

832 1669 917 1729 ris
947 1669 1007 1730 in
1040 1686 1123 1731 v1.
1173 1670 1277 1730 ubi
1311 1671 1558 1746 dicitur,
1617 1671 1740 1731 «Si
1780 1675 1886 1731 tua
1928 1672 2112 1751 culpa
2153 1672 2370 1732 datum

833 1768 926 1823 est
954 1763 1276 1839 damnum,
1310 1764 1409 1824 vel
1437 1763 1666 1842 injuria
1694 1764 1991 1842 irrogata,
2019 1764 2162 1842 jure
2180 1783 2370 1843 super

829 1854 989 1916 histe
1019 1855 1377 1916 satisfacere
1408 1861 1675 1935 oportet.
1710 1879 1738 1913 »
1808 1857 1989 1918 Unde
2018 1875 2161 1916 cum
2191 1857 2368 1917 Salo-

828 1947 929 2008 nio
975 1949 1266 2023 advertit,
1327 1967 1543 2027 regem
1596 1955 1927 2027 cogentem
1970 1949 2211 2028 aliquos
2251 1967 2364 2027 pro

825 2041 992 2102 bono
1024 2041 1339 2102 communi
1371 2041 1452 2101 ad
1493 2042 1935 2117 mutuandum,
1988 2041 2253 2119 obligari
2282 2041 2364 2101 ad

826 2134 1128 2193 damnum
1160 2152 1487 2211 emergens
1519 2153 1591 2192 cx
1613 2139 1831 2194 mutuo
1854 2134 2358 2204 resarciendum:

826 2224 972 2304 quia
1000 2226 1147 2287 licet
1193 2226 1360 2305 juste
1391 2229 1576 2304 cogat
1626 2231 1882 2305 propter
1925 2227 2162 2287 honum
2192 2244 2364 2286 com-

823 2336 1044 2392 mune;
1109 2337 1233 2378 non
1264 2324 1474 2379 tamen
1505 2325 1650 2379 sunt
1687 2319 1774 2378 illi
1817 2320 2174 2396 specialiter
2216 2339 2364 2397 gra-

821 2409 1033 2486 vandi,
1070 2411 1179 2471 sed
1210 2412 1374 2471 inter
1415 2429 1632 2471 omnes
1657 2411 1945 2471 subditos
1985 2413 2361 2473 distribuen-

822 2503 972 2562 dum
1002 2508 1098 2563 est
1124 2521 1303 2578 onuS,
1365 2510 1434 2565 ut
1463 2502 1743 2564 dicemus
1790 2504 1951 2563 infra
1994 2509 2250 2582 agentes
2281 2505 2359 2564 de

821 2595 1091 2657 tributis.
1139 2599 1343 2668 Quare
1387 2596 1505 2656 hoc
1549 2595 1714 2655 idem
1752 2597 1813 2656 in
1857 2597 2029 2657 lucro
2075 2602 2358 2658 cessante

821 2689 1051 2750 docent
1100 2691 1370 2766 Bannes,
1430 2691 1767 2765 Navarrus,
1829 2696 1891 2752 et
1944 2691 2130 2751 Sotus
2190 2691 2360 2769 apud

822 2782 1115 2842 eumdem
1148 2783 1326 2843 Salas
1355 2781 1492 2841 loco
1523 2781 1734 2842 citat0.

900 2875 1111 2936 Tertia
1140 2874 1402 2954 quaestio
1433 2878 1566 2950 est,
1626 2894 1706 2934 an
1748 2875 1851 2953 qui
1903 2880 2191 2936 mutuum
2242 2876 2357 2935 sub

821 2969 1024 3028 usuris
1052 2969 1316 3046 accepit,
1365 2967 1561 3045 possit
1588 2967 1756 3027 licite
1786 2973 2005 3046 postea
2035 2969 2214 3029 alteri
2247 2987 2350 3047 pe-

824 3061 975 3121 tenti
1004 3063 1290 3122 mutuare
1313 3063 1557 3137 partem
1577 3059 1741 3120 illius
1767 3061 2049 3139 pecuniae
2071 3061 2186 3120 sub
2214 3079 2358 3121 one-

822 3172 888 3214 re
918 3153 1198 3214 solvendi
1244 3157 1486 3232 partem
1514 3171 1848 3213 usurarum
1878 3171 2034 3233 quas
2074 3153 2207 3233 ipse
2236 3154 2360 3214 sol-

821 3246 951 3307 vit?
994 3248 1238 3325 Negant
1262 3246 1584 3305 Almainus
1609 3291 1623 3320 ,
1658 3245 2020 3321 MonalduS,
2055 3246 2353 3324 Angelu3‚

822 3340 1137 3415 silvester,
1172 3343 1234 3399 et
1261 3339 1622 3399 Tancredus
1646 3384 1662 3415 ‚
1723 3342 1786 3399 et
1830 3337 1932 3398 alii
1980 3339 2151 3418 apud
2180 3340 2358 3400 Moli-

820 3450 967 3491 uam
996 3431 1227 3510 disput.
1280 3434 1419 3491 314.
1473 3431 1701 3491 colum.
1737 3437 1847 3491 ult.
1885 3435 1947 3491 et
1977 3432 2153 3492 Salas
2190 3431 2356 3492 dicto

820 3524 970 3584 dub.
1003 3540 1183 3585 xvm.
1208 3543 1312 3583 nu.
1333 3526 1391 3584 6.
1424 3523 1715 3583 Affirmat
1734 3522 2070 3583 archidiac.
2091 3524 2357 3584 Brisien-

819 3616 925 3693 εἰει,
956 3620 1019 3677 et
1045 3616 1147 3676 alii
1173 3616 1339 3697 apud
1371 3616 1663 3675 eumdem
1693 3615 1868 3676 Salas
1895 3635 1907 3675 ε
1943 3616 2176 3677 Melina
2205 3635 2355 3677 vero

819 3710 928 3786 ibi,
964 3728 1150 3789 quem
1179 3708 1463 3789 sequitur
1489 3707 1756 3784 LessiuS,
1784 3727 1955 3769 num.
1989 3712 2086 3770 78.
2120 3709 2238 3769 sub
2253 3729 2357 3769 va-

818 3802 928 3863 riis
982 3801 1481 3863 distinctionibus
1527 3801 1851 3879 paululum
1897 3802 2179 3861 obscuris
2225 3821 2358 3863 res-

819 3894 1073 3975 pondet.
1107 3895 1342 3957 Clarius
1372 3894 1733 3973 responderi
1769 3897 1994 3972 potest,
2030 3894 2089 3953 id
2118 3895 2356 3955 licitum

821 4008 955 4050 esse
979 4035 996 4066 ‚
1047 3988 1295 4068 quando
1325 4006 1469 4048 vere
1513 3987 1666 4047 illud
1693 3988 2039 4047 secundum
2068 3992 2356 4048 mutuum

821 4087 985 4142 esset
1011 4100 1197 4141 causa
1220 4080 1434 4140 damni
1464 4080 1841 4160 emergentis
1860 4125 1875 4155 ,
1919 4079 2016 4139 vel
2045 4080 2200 4161 lucri
2229 4099 2356 4140 ces-

821 4175 1037 4249 santis,
1069 4180 1137 4234 ut
1158 4174 1210 4232 si
1239 4174 1379 4233 ideo
1413 4174 1809 4252 prosequitur
1835 4177 2130 4232 mutuans
2161 4174 2223 4232 in
2253 4192 2355 4233 so-

821 4267 1054 4327 lutione
1084 4285 1415 4326 usurarum
1444 4266 1645 4343 primo
1674 4264 1989 4339 creditori,
2023 4284 2178 4343 quas
2208 4266 2356 4326 alio-

824 4360 971 4438 quin
1004 4378 1128 4418 non
1157 4359 1426 4419 solveret
1451 4357 1503 4418 si
1534 4376 1657 4418 non
1684 4361 2023 4433 mutuaret,
2057 4358 2154 4417 vel
2186 4357 2355 4418 aliud

823 4453 1124 4512 damnum
1164 4451 1276 4513 tali
1316 4451 1516 4530 pretio
1547 4451 1806 4529 dignum
1836 4451 2116 4510 incurrit.
2164 4452 2357 4511 Secus

822 4564 1007 4622 vero,
1066 4544 1117 4604 si
1158 4545 1395 4604 nullum
1444 4545 1743 4603 damnum
1791 4562 2023 4604 novum
2079 4543 2359 4605 incurrat

820 4643 1078 4718 propter
1122 4637 1241 4697 hoc
1288 4636 1635 4697 secundum
1679 4641 1966 4697 mutuum
2014 4636 2181 4714 quod
2222 4636 2351 4713 dat,

821 4750 944 4792 non
976 4731 1142 4791 enim
1186 4730 1395 4790 licebit
1436 4747 1656 4790 usuras
1703 4730 1949 4807 exigere
1987 4729 2246 4807 praecise
2276 4728 2356 4788 ad

818 4825 1215 4885 reddendum
1244 4841 1309 4883 se
1339 4822 1700 4882 indemnem
1729 4822 1809 4881 ab
1840 4823 2063 4896 usuriS,
2089 4821 2168 4881 ad
2201 4840 2355 4900 quas

820 4938 884 4978 se
912 4916 1233 4997 obligavit,
1268 4921 1331 4976 ct
1360 4935 1516 4995 quas
1548 4933 1689 4974 cum
1719 4914 1944 4994 aequali
1975 4919 2038 4975 et
2066 4933 2188 4974 non
2219 4934 2356 4974 ma-

812 5012 938 5090 jori
968 5011 1197 5070 damno
1230 5009 1545 5069 soluturus
1576 5013 1745 5083 erat,
1789 5007 2034 5068 etiamsi
2064 5024 2186 5066 non
2217 5026 2357 5066 mu-

821 5108 1057 5165 tuasset
1110 5103 1255 5163 huic
1301 5100 1578 5162 secundo
1632 5121 1644 5160 :
1697 5100 1858 5160 sicut
1901 5100 1953 5159 si
1996 5099 2199 5161 emisti
2242 5100 2355 5159 ali-

820 5197 969 5277 quid
999 5215 1188 5276 supra
1218 5195 1489 5274 pretium
1511 5194 1752 5272 justum
1777 5238 1792 5268 ,
1835 5211 1959 5254 non
2004 5192 2147 5252 ideo
2178 5197 2354 5270 potes

819 5290 1105 5350 eamdem
1136 5308 1267 5348 rem
1298 5287 1476 5348 alteri
1493 5286 1711 5346 eodem
1737 5287 1935 5363 pretio
1955 5284 2251 5359 vendere,
2286 5288 2356 5345 ut

822 5390 877 5442 le
906 5402 1116 5443 serves
1146 5382 1506 5441 indemnem
1534 5426 1546 5454 ,
1581 5378 1867 5439 videatur
1895 5378 2072 5439 Salas
2100 5378 2236 5437 loco
2264 5377 2354 5437 ci-

818 5480 967 5536 tato·

2010 293 2112 351 DE
2155 289 2512 352 JUSTITIA
2555 289 2655 349 ΕΤ
2696 289 2896 351 JURE

2561 465 2739 536 Quod
2797 465 2874 526 de
2931 466 3160 527 damno
3207 472 3568 548 emergente
3615 470 3854 533 dictum
3897 478 4003 546 est,

2480 557 2648 617 idem
2677 558 2887 638 plures
2933 559 3152 620 dicunt
3190 580 3331 620 cum
3363 565 3766 641 proportione
3794 565 3876 626 de
3903 586 4003 645 pe·
4046 606 4105 658 4„

2478 651 2673 711 riculo
2699 698 2715 727 ,
2775 653 3015 713 ratione
3059 653 3236 732 cujus
3272 661 3476 732 potest
3503 657 3691 716 etiam
3722 666 4006 720 mutuans
4042 661 4105 699 ‘³²¹’

4052 717 4104 752 tu

2478 742 2714 822 aliquid
2763 763 2949 823 supra
2996 753 3229 806 sortem
3278 747 3341 806 in
3370 753 3626 826 pactum
3655 751 4000 824 deducere:
4041 776 4101 818 rm

2477 839 2683 912 potest
2728 841 2939 896 tamen
2987 837 3087 898 hic
3133 856 3421 900 excessus
3468 841 3716 902 duobus
3751 844 4005 904 diversis

2474 926 2679 986 modis
2708 928 2869 1006 exigi
2900 948 2937 988 a
2964 935 3311 992 mutuante.
3347 932 3593 993 Primus
3620 940 3736 1011 est,
3761 938 4005 1015 quando

2474 1024 2767 1079 mutuans
2796 1022 3128 1098 pecuniam
3156 1026 3254 1083 vel
3284 1025 3524 1104 aliquid
3555 1026 3726 1087 aliud
3746 1075 3761 1104 ‚
3814 1030 4004 1089 susci·

2473 1111 2565 1189 pit
2592 1111 2654 1169 in
2686 1130 2750 1170 se
2781 1113 3124 1189 periculum
3154 1116 3245 1175 rei
3272 1123 3574 1179 mutuatae
3598 1166 3614 1194 ,
3661 1125 3724 1179 et
3750 1139 3866 1199 pro
3897 1122 4004 1182 hoc

2474 1203 2735 1281 periculi
2753 1205 2944 1283 exigit
2964 1206 3199 1285 aliquid
3220 1209 3379 1269 ultra
3396 1215 3653 1273 sortem.
3683 1214 4002 1275 Secundus

2473 1301 2586 1370 est,
2621 1296 2873 1374 quando
2902 1298 3110 1376 ipsum
3146 1306 3435 1362 mutuum
3465 1308 3559 1364 est
3586 1305 4000 1382 periculosum

2470 1396 2727 1467 propter
2753 1390 3177 1453 conditionem
3205 1397 3564 1456 mutuatarii
3591 1445 3606 1474 ,
3641 1398 3739 1458 cui
3769 1400 3999 1476 pericu·

2469 1480 2600 1540 lum
2632 1488 2725 1542 cst
2747 1529 2763 1559 ‚
2824 1488 2886 1544 et
2913 1484 3121 1544 timeri
3163 1491 3368 1565 potest
3395 1507 3474 1548 ne
3504 1489 3755 1551 deficiat
3781 1492 3871 1551 illi
3902 1511 3999 1571 po—

2468 1578 2603 1633 stea
2631 1574 2892 1636 facultas
2923 1576 3226 1654 solvendi,
3253 1582 3349 1640 vel
3369 1583 3736 1643 necessaria}
3764 1585 3893 1645 sint
3909 1604 3998 1645 ex-

2467 1683 2680 1743 pensae
2708 1666 2805 1726 vel
2825 1666 3129 1730 molestiae
3154 1716 3169 1746 ,
3225 1676 3290 1731 ut
3318 1671 3599 1733 debitum
3633 1675 3713 1734 ab
3743 1676 3878 1755 ipso
3907 1696 3999 1737 re-

2466 1759 2756 1835 cuperari
2783 1765 2994 1837 posset
3028 1780 3040 1820 ε
3095 1781 3218 1839 quo
3249 1781 3396 1824 casu
3425 1770 3722 1827 mutuans
3749 1787 3877 1829 non
3903 1789 3999 1829 su-

2466 1851 2648 1928 scipit
2676 1851 2738 1910 in
2768 1870 2835 1911 se
2865 1853 2988 1912 ullo
3033 1854 3221 1915 modo
3252 1855 3403 1916 illud
3449 1858 3795 1936 periculum
3824 1908 3840 1936 ,
3892 1882 3997 1923 nec

2463 1960 2825 2004 assecurare
2855 1945 2989 2005 vult
3035 1946 3270 2025 aliquid
3297 1995 3312 2022 ,
3372 1951 3477 2009 sed
3511 1955 3723 2011 tamen
3755 1954 3902 2032 quia
3928 1973 3994 2013 ex

2462 2040 2678 2095 mutuo
2711 2037 2880 2097 subit
2907 2038 3254 2114 periculum
3284 2040 3458 2115 illud,
3484 2044 3616 2104 vult
3640 2045 3875 2124 aliquid
3906 2048 3992 2106 ui—

2459 2130 2557 2186 tra
2602 2133 2835 2188 sortem
2886 2130 2948 2188 in
3003 2132 3272 2209 pretium
3316 2134 3532 2194 damni
3583 2138 3752 2216 quod
3797 2141 3991 2218 affert,

2459 2220 2668 2280 subire
2688 2221 2807 2281 tale
2829 2223 3197 2300 perieulum.
3226 2226 3339 2299 Qui
3364 2245 3545 2289 casus
3568 2231 3748 2291 valde
3770 2232 3992 2294 diversi

2459 2319 2634 2385 sunt;
2686 2315 2860 2392 prior
2911 2317 3078 2376 enim
3106 2317 3347 2379 facilior
3375 2327 3498 2393 est;
3549 2326 3858 2401 posterior
3885 2327 3992 2387 dif÷

2457 2404 2699 2482 ficilior,
2726 2425 2929 2486 neque
2947 2415 3041 2470 est
3068 2410 3288 2470 eadem
3310 2414 3563 2475 omnino
3585 2417 3745 2477 ratio
3775 2418 3837 2476 in
3868 2419 3985 2495 illo,

2459 2515 2530 2557 ac
2559 2497 2622 2556 in
2672 2516 2819 2559 casu
2855 2500 2932 2559 de
2971 2501 3201 2562 damno
3237 2507 3616 2583 emergenti,
3658 2514 3725 2569 ut
3760 2510 3990 2570 videbi-

2456 2608 2617 2665 muS,
2651 2596 2711 2651 et
2739 2592 2881 2652 idco
2910 2595 3169 2654 seorsim
3200 2598 3596 2658 examinandi
3629 2607 3793 2662 sunt.

2535 2684 2603 2744 ln
2654 2685 2853 2761 primo
2885 2705 3034 2764 ergo
3082 2706 3230 2748 casu
3276 2690 3454 2750 multi
3484 2698 3756 2771 negant,
3816 2713 3986 2773 posse

2457 2776 2692 2855 aliquid
2724 2778 2884 2838 ultra
2912 2784 3143 2840 sortem
3159 2781 3319 2859 exigi
3344 2788 3603 2862 propter
3622 2787 3985 2867 periculum,

2458 2870 2625 2947 quod
2655 2871 2716 2929 in
2746 2890 2812 2930 se
2842 2877 3137 2933 mutuans
3178 2875 3438 2953 suscipit
3469 2878 3638 2939 circa
3674 2898 3811 2940 rem
3859 2900 3988 2943 mu-

2454 2966 2692 3023 tuatam
2747 2983 2759 3024 :
2820 2963 2998 3043 quod'
3019 2965 3343 3027 definitum
3365 2987 3502 3029 esse
3524 2971 3776 3032 videtur
3801 2974 3865 3033 in
3893 2994 3980 3037 ca.

2456 3054 2800 3133 Nat-manti,
2835 3056 2904 3116 de
2931 3059 3141 3134 neumis,
3177 3059 3283 3120 ubi
3311 3059 3596 3123 Pontifex
3626 3064 3713 3125 ita
3741 3085 3984 3146 respon-

2456 3147 2563 3210 det
2595 3169 2608 3209 :
2654 3170 2680 3205 α
2707 3149 3060 3228 Naviganti,
3094 3153 3190 3212 vel
3221 3154 3393 3216 eunti
3412 3156 3494 3216 ad
3517 3159 3836 3220 nundinas
3863 3181 3985 3223 cer·

2458 3248 2583 3302 tam
2617 3249 2907 3303 mutuans
2935 3245 3215 3323 pecuniae
3246 3249 3684 3327 quantitatem,
3720 3272 3795 3313 eo
3827 3257 3984 3334 quod

2457 3335 2711 3413 suscipit
2759 3335 2821 3393 in
2870 3355 2935 3395 se
2984 3338 3329 3414 periculum
3363 3347 3730 3421 recepturus
3760 3348 3983 3427 aliquid

2459 3427 2616 3486 ultra
2647 3431 2902 3504 sortem,
2939 3431 3260 3492 usurarius
3291 3438 3386 3494 est
3412 3436 3786 3498 censendus,
3809 3464 3838 3497 n
3877 3441 3984 3502 L’bi

2456 3525 2748 3580 mutuans
2777 3522 3120 3600 suscipiens
3149 3524 3210 3584 in
3239 3544 3305 3585 se
3333 3527 3680 3604 periculum
3712 3535 3983 3610 pecuniae

2455 3620 2754 3673 mutuatae
2800 3614 2861 3673 in
2892 3615 3155 3676 transitu
3196 3618 3401 3679 donec
3431 3623 3761 3698 perveniat
3787 3627 3866 3686 ad
3896 3633 3983 3688 ta-

2458 3708 2577 3765 lem
2606 3707 2812 3766 locum
2844 3726 2956 3785 per
2983 3708 3209 3770 itinera
3232 3713 3607 3791 periculosa,
3635 3734 3760 3776 non
3791 3724 3983 3796 potest

2456 3800 2690 3877 absque
2720 3817 2910 3860 usura
2940 3801 3173 3879 aliquid
3217 3804 3382 3863 ultra
3427 3811 3663 3867 sortem
3712 3829 3787 3870 co
3815 3812 3977 3871 titulo

2456 3892 2725 3970 exigere.
2761 3894 2964 3963 Quare
2999 3892 3159 3954 hanc
3187 3898 3561 3958 sententiam
3582 3906 3802 3963 tenent
3820 3906 3976 3964 Glos-

2455 4003 2520 4043 sa
2551 3984 2657 4056 ibi,
2693 3988 2754 4044 et
2782 3984 3118 4046 canonistae
3149 3990 3584 4066 communiter,
3621 3999 3684 4053 et
3712 4013 3788 4053 ex
3814 3997 3976 4055 theo·

2455 4078 2613 4155 logis
2645 4077 2870 4137 Ricard
2901 4083 2962 4139 et
2992 4078 3135 4153 alii,
3189 4099 3346 4158 quos
3391 4084 3572 4144 affert
3609 4086 3789 4147 Salas
3835 4088 3970 4148 dub.

2454 4187 2630 4230 xxm.
2666 4189 2837 4230 num.
2875 4174 2930 4232 1.
2965 4172 3086 4230 Alii
3111 4176 3344 4249 tamen,
3380 4194 3535 4253 quos
3564 4180 3769 4255 affert,
3801 4185 3863 4241 et
3886 4199 3973 4240 se·

2457 4264 2667 4341 quitur
2708 4263 2876 4323 idem
2924 4264 3101 4325 Salas
3146 4265 3233 4324 ibi
3258 4311 3272 4340 ,
3326 4267 3680 4346 affirmant,
3760 4273 3974 4333 Moliua

2456 4357 2642 4415 rtiam
2674 4355 2904 4435 disput.
2937 4359 3076 4417 318.
3128 4359 3205 4418 Et
3233 4359 3522 4437 quidem,
3557 4362 3611 4422 si
3641 4365 3972 4442 periculum

2455 4448 2619 4527 quod
2653 4455 2947 4509 mutuans
2975 4450 3144 4510 subit
3172 4457 3265 4510 est
3293 4470 3509 4512 verum
3535 4500 3549 4528 ‚
3586 4474 3710 4515 non
3743 4458 3975 4520 videtur

2454 4541 2713 4602 dubium
2740 4587 2755 4617 ,
2806 4541 3118 4620 loquendo
3151 4560 3223 4602 ex
3255 4548 3479 4605 natura
3523 4547 3613 4606 rei
3663 4554 3726 4610 et
3754 4550 3816 4609 in
3849 4552 3971 4612 soro

2454 4634 2849 4694 conscientiae
2873 4680 2888 4709 ,
2949 4635 3118 4713 quod
3179 4636 3281 4696 ille
3330 4642 3691 4700 contractus
3740 4662 3862 4703 non
3904 4644 3976 4704 sit

2453 4726 2773 4787 usurarius
2806 4747 2819 4787 :
2853 4726 2914 4785 in
2945 4745 3018 4787 eo
3049 4728 3216 4788 enim
3236 4746 3384 4788 casu
3413 4738 3559 4791 sunt
3586 4732 3714 4793 duo
3744 4741 3973 4796 contra·

2454 4825 2589 4881 ctus
2618 4819 2912 4880 distincti.
2968 4820 3206 4880 Primus
3246 4827 3340 4882 est
3379 4828 3668 4885 mutuum
3718 4846 3832 4905 pro
3860 4846 3972 4908 quo

2455 4913 2607 4972 nibil
2637 4912 2906 4990 exigitur
2926 4958 2941 4988 ‚
2976 4918 3036 4973 et
3065 4931 3138 4972 ex
3168 4932 3290 4992 quo
3311 4918 3731 4979 mutuatarius
3758 4922 3975 4999 accipit

2453 5005 2661 5066 statim
2689 5004 3031 5064 dominium
3062 5006 3152 5064 rei
3181 5010 3478 5067 mutuatae
3503 5055 3520 5084 ‚
3573 5016 3635 5070 et
3673 5012 3973 5092 obligatus

2452 5102 2666 5157 manet
2710 5097 2789 5171 ad
2837 5097 3226 5157 reddendam
3272 5104 3543 5177 sortem,
3599 5103 3841 5165 etiamsi
3882 5124 3972 5165 res

2452 5196 2738 5252 mutuata
2757 5196 2973 5269 pereat
2997 5211 3010 5251 ε
3033 5209 3177 5251 cum
3205 5192 3371 5251 enim
3380 5192 3516 5272 jam
3533 5195 3690 5256 sitin
3720 5198 3853 5277 ejus
3867 5198 3966 5258 do·

2452 5283 2644 5343 minio
2671 5329 2685 5357 ,
2737 5283 2792 5342 ci
2822 5287 2883 5344 et
2911 5302 3034 5343 non
3082 5284 3392 5345 mutuanti
3421 5287 3610 5348 debet
3639 5291 3963 5368 perimiti-

2451 5383 2547 5436 ter
2566 5382 2922 5436 contractus
2942 5382 3162 5456 postea
3195 5379 3668 5457 superadditur,
3694 5403 3812 5463 quo
3839 5403 3958 5443 mu·

2452 5468 2755 5531 tuatarius
2783 5469 3008 5529 timens
3027 5488 3105 5529 ne
3139 5470 3202 5529 in
3220 5470 3440 5531 itinere
3458 5470 3768 5552 jacturam
3786 5476 3956 5536 faciat
