4263 6376
585 496 776 541 Amori·

580 551 798 595 sententia.

878 305 956 366 88
2035 308 2136 369 DE
2178 308 2531 370 JUSTITIA
2575 309 2675 369 ΕΤ
2717 309 2916 371 JURE

881 485 948 542 ut
977 481 1286 560 dicebam,
1321 503 1571 563 semper
1610 504 1865 546 manere
1896 486 1956 545 in
1989 485 2266 546 dominio
2298 504 2403 564 pa-

876 575 987 635 tris
1044 575 1231 636 etiam
1288 578 1553 640 nolentis
1609 597 1683 638 ea
1736 578 1854 639 sibi
1936 578 2211 654 restitui,
2272 583 2402 639 tum

875 668 1044 748 quia,
1079 674 1149 730 ut
1177 687 1367 748 supra
1388 671 1536 746 dixi,
1572 690 1695 732 non
1726 675 1931 750 potest
1964 676 2144 750 pater
2173 669 2406 750 abjice-

875 778 942 820 re
974 780 1190 821 eorum
1219 762 1590 839 dominium,
1645 782 1760 824 nec
1807 764 1961 841 vult,
1997 763 2110 824 nisi
2145 763 2405 824 transfe-

876 854 1070 915 rendo
1103 854 1254 914 illud
1284 854 1342 914 in
1368 857 1675 934 spurium,
1729 875 1868 936 quae
1903 857 2230 918 translatio
2263 874 2404 916 cum

876 964 1000 1006 non
1055 946 1134 1007 sit
1162 948 1494 1026 possibiliS,
1529 950 1666 1026 lege
1696 950 2089 1029 prohibente,
2125 948 2405 1027 impossi-

874 1038 997 1099 bile
1054 1039 1242 1099 etiam
1297 1041 1415 1102 erit
1471 1041 1768 1119 abijicere
1828 1042 2216 1112 dominium3
2271 1045 2405 1100 tum

877 1131 1023 1210 quia
1060 1150 1202 1192 cum
1231 1137 1362 1195 tota
1419 1134 1522 1194 illa
1556 1135 1868 1195 abdicatio
1916 1133 2177 1195 dominii
2207 1134 2314 1194 fiat
2343 1134 2403 1192 in

873 1225 1143 1305 gratiam
1170 1228 1387 1305 spurii,
1421 1230 1483 1288 et
1509 1227 1608 1288 lex
1638 1227 1978 1288 irritaverit
2009 1246 2259 1287 omnem
2304 1246 2410 1306 pa-

878 1317 986 1380 tris
1015 1336 1388 1379 consensum
1417 1321 1582 1380 circa
1599 1321 1765 1381 bona
1792 1321 2141 1400 praestitum
2171 1321 2234 1380 in
2264 1339 2408 1398 gra-

876 1410 1027 1471 tiam
1045 1412 1261 1489 spurii,
1295 1431 1688 1492 consequens
1719 1417 1813 1474 est
1842 1413 2010 1493 quod
2067 1431 2408 1472 consensus

879 1504 1066 1565 etiam
1096 1504 1176 1565 ad
1215 1505 1637 1566 abdicandum
1660 1506 2005 1566 dominium
2036 1507 2281 1566 irritum
2305 1506 2403 1581 sit,

878 1601 1065 1675 atque
1108 1596 1247 1658 ideo
1287 1598 1633 1658 dominium
1662 1617 1910 1677 semper
1939 1618 2130 1678 penes
2160 1604 2407 1679 patrem

879 1693 1112 1751 manet.
1174 1691 1305 1762 Quo
1354 1692 1698 1770 suppositO,
1752 1697 2212 1772 consequenter
2242 1691 2404 1765 dioc,

878 1783 1160 1862 spurium
1191 1783 1419 1843 debere
1477 1785 1745 1845 retinere
1774 1784 1940 1845 bona
1996 1785 2101 1845 illa
2157 1785 2409 1845 nomine

880 1874 1097 1953 patrie,
1132 1873 1308 1954 cujus
1339 1881 1504 1953 sunt,
1539 1882 1601 1938 et
1655 1877 1789 1956 ipso
1841 1882 2087 1938 mortuo
2145 1877 2410 1937 reddere

882 1967 1275 2029 haeredibus:
1308 1968 1555 2030 interim
1591 1975 1826 2046 autem,
1862 1969 1910 2029 si
1960 1975 2140 2050 pater
2195 1975 2406 2049 posset

882 2059 1052 2120 illam
1100 2078 1408 2120 summam
1439 2061 1713 2141 alioquin
1771 2062 2148 2140 expendere,
2181 2062 2414 2142 poterit

883 2154 1070 2214 etiam
1094 2152 1456 2214 commitere
1495 2155 1730 2233 spurio,
1783 2159 1852 2216 ut
1907 2156 2161 2216 nomine
2219 2155 2414 2235 ipsius

887 2244 1081 2324 patris
1110 2245 1450 2325 expendat:
1496 2251 1559 2308 et
1586 2252 1735 2308 tunc
1775 2248 1827 2308 si
1871 2267 1946 2308 ex
1987 2248 2061 2309 iis
2094 2253 2263 2309 emat
2317 2268 2415 2309 res

887 2337 1126 2416 aliquas
1157 2342 1616 2416 permanentes,
1666 2340 1786 2400 illae
1818 2359 2036 2402 omnes
2091 2342 2418 2422 acquiren-

889 2436 989 2493 tur
1030 2431 1214 2509 patri,
1249 2436 1311 2492 et
1339 2450 1480 2492 cum
1508 2432 1741 2511 spurio,
1801 2450 1944 2493 cum
1973 2434 2194 2494 emerit
2220 2435 2421 2494 nomi·-

890 2543 967 2584 ne
1024 2524 1254 2602 patris;
1301 2524 1575 2603 alioquin
1618 2524 1716 2585 vel
1774 2526 2118 2605 accepisset
2161 2545 2197 2586 a
2240 2532 2419 2606 patre

889 2617 1182 2721 pretium,
1207 2618 1303 2677 vel
1335 2636 1465 2677 rem
1495 2623 1817 2697 emptam:
1854 2638 2048 2698 quare
2081 2620 2182 2679 ille
2206 2636 2421 2681 omnes

892 2730 991 2770 res
1021 2711 1107 2770 sic
1140 2715 1380 2790 emptas
1401 2710 1610 2787 debet,
1634 2716 1878 2773 mortuo
1907 2718 2104 2792 patre,
2155 2713 2421 2774 reddere

894 2803 1126 2832 lam-..212-
1134 2803 1213 2832 k.-
1324 2804 1479 2832 ...Ant
1522 2820 1877 2832 ΜΛΑ-Α-.--..
1938 2806 1969 2832 ,1
1984 2806 2088 2832 ML
2098 2811 2189 2832 ..-ι
2223 2806 2388 2832 1.....-

2503 487 2912 562 tamentariis,
2962 486 3060 546 vel
3106 486 3185 546 ab
3240 487 3552 561 intestato,
3584 486 3693 545 sed
3719 505 3888 566 posse
3924 492 3997 529 ³³*

2505 579 2672 639 bona
2713 578 2830 639 sibi
2878 579 3168 640 retinere.
3206 579 3561 658 supposito,
3597 583 3821 655 tamen,
3853 600 3901 661 (s
3931 589 3957 624 1·
3987 601 4003 605 ·

2507 670 2764 732 deberet
2810 672 3159 746 restituere,
3220 672 3318 732 cui
3374 671 3438 731 id
3493 671 3733 746 debeat,
3801 678 3913 734 tra>

2507 763 2735 824 Sanch.
2773 764 2832 824 d.
2871 782 2924 823 c.
2959 765 3061 824 111.
3099 764 3246 824 dub.
3287 782 3408 826 xxi.
3470 764 3576 824 ubi
3632 765 3829 824 varias

2506 856 2731 917 tentius
2788 859 2988 918 affe-rt.
3051 857 3260 930 Qualis
3328 857 3514 916 etiam
3544 857 3623 917 sit
3674 858 3860 934 filcuS,
4064 881 4075 886 ·

2506 948 2641 1008 haec
2681 949 2845 1009 bona
2875 949 3250 1027 applicanda
3277 955 3440 1023 sunt,
3477 950 3724 1028 quando
3751 969 3860 1029 per
3901 972 3929 1006 ·:

2505 1040 2765 1102 tentiam
2793 1041 3204 1121 applicantur,
3241 1060 3318 1100 an
3348 1041 3535 1101 fiscus
3563 1041 3771 1118 laicus,
3802 1062 3902 1102 vs:
3928 1070 3965 1106 ῑ,

2506 1133 2909 1209 clesiasticuS,
2946 1135 3410 1213 quandohaeres
3433 1135 3546 1194 fuit
3559 1135 3851 1196 ecclesias*

2507 1231 2569 1287 et
2596 1231 2855 1286 testator
2902 1226 3117 1302 laicus,
3152 1231 3380 1288 tractat
3407 1227 3574 1286 idem
3623 1228 3854 1289 Sanchs
3906 1263 3911 1269 ·
3957 1263 4008 1273 --

2505 1335 2657 1380 xxn.
2694 1325 2755 1379 et
2782 1319 2951 1395 dicit,
2989 1338 3112 1379 non
3145 1338 3279 1379 esse
3312 1319 3762 1380 attendendum
3810 1322 3873 1387 iz

2507 1411 2843 1486 testatoris,
2878 1412 2988 1471 sed
3017 1413 3238 1472 fiscum
3269 1411 3559 1487 haerediS,
3624 1412 3795 1490 cujus
3893 1462 3900 1468 .

2505 1507 2641 1564 tum
2660 1503 2934 1582 punitur,
2958 1504 3126 1583 quod
3156 1505 3343 1564 etiam
3371 1504 3602 1564 docent
3627 1504 3808 1564 Molin
3845 1542 3939 1586 m,—

2509 1611 2704 1656 ctx1x.
2765 1597 2820 1674 ἓ.
2858 1594 3112 1655 Dubium
3169 1605 3271 1673 est,
3321 1601 3382 1657 et
3432 1598 3626 1675 Vasq.
3688 1596 3747 1658 d.

2510 1687 2660 1748 dub.
2695 1708 2756 1751 v.

2592 1782 2894 1855 Quartum
2919 1781 3179 1842 dubium
3201 1786 3314 1857 est,
3352 1800 3430 1842 an
3463 1785 3644 1861 pater
3669 1801 3780 1861 spu
3812 1825 3819 1860 3
3852 1746 3951 1845 :³

3881 1867 3917 1874 Q

2509 1876 2590 1935 sit
2619 1875 2827 1935 dicere
2853 1875 3030 1937 alteri
3054 1874 3306 1936 habenti
3337 1875 3536 1935 filium
3564 1876 3771 1954 spuriu
3803 1935 3818 1954 Β,
3874 1944 3879 1948 ,
3917 1938 3939 1944 ,

2508 1968 2826 2028 instituam
2848 1968 3163 2028 haeredem
3193 1973 3368 2028 tuum
3409 1968 3602 2028 filium
3651 1988 3838 2047 spu,—

2509 2065 2576 2122 tu
2607 2059 2889 2121 institues
2916 2060 3162 2120 meum?
3180 2062 3494 2120 Navarrus
3514 2061 3677 2139 apud
3700 2062 3754 2121 M
3783 2109 3794 2120 .
3840 2122 3877 2131 ‚,
3920 2066 3933 2070 “

2516 2170 2686 2214 οικΧ.
2722 2153 2838 2214 col.
2868 2154 2977 2214 ult.
3012 2153 3163 2213 satis
3193 2153 3417 2229 innuit,
3475 2153 3744 2212 validam

3847 2150 3883 2160 x

2514 2247 2641 2307 lam
2674 2245 3148 2319 institutionem,
3179 2246 3291 2306 nisi
3326 2246 3602 2307 obstaret
3628 2246 3753 2307 Bul.
3780 2219 3869 2317 sf-

2518 2357 2708 2419 quam
2734 2339 2944 2413 refert,
2978 2358 3102 2419 qua
3121 2343 3430 2399 revocatae
3461 2342 3604 2398 sunt
3630 2338 3690 2397 in
3722 2359 3735 2395 ι
3779 2331 3818 2409 ⁴,

2518 2431 2701 2507 filice,
2735 2432 2980 2510 spurios
3028 2431 3422 2506 clericorum,
3457 2435 3520 2492 et
3547 2431 3773 2500 farer

2520 2524 2780 2586 Malder.
2816 2524 2877 2584 in
2909 2525 3201 2603 praesenti
3228 2530 3306 2585 tr
3356 2526 3402 2583 Ι.
3457 2522 3527 2583 de
3554 2532 3717 2584 tester

3848 2511 3861 2527 ἶι
3905 2519 3931 2528 μ

3934 2163 3970 2173 κ

2522 2617 2670 2677 dub.
2708 2634 2794 2679 lv.
2831 2618 3017 2695 paulo
3044 2620 3188 2676 ante
3214 2617 3428 2692 finem,
3464 2616 3717 2677 bisxerk
3934 2623 3965 2634 ”
4045 2655 4061 2662 -

2523 2714 2731 2788 potest
2758 2716 2939 2787 pater
2966 2727 3040 2768 ea
3070 2710 3430 2769 conditione
3470 2727 3750 2832 quemp.Z

3067 2807 3112 2832 .ι
3153 2802 3267 2832 :nn-

2527 2803 2663 2832 ᾸΑΜ
2715 2821 2831 2832 ἰιι--
2819 2803 2986 2832 ‘LA-tn

3278 2821 3346 2832 ..n
3408 2803 3528 2832 ...aa
3538 2802 3597 2832 24.
