4263 6376
1223 264 1696 362 DJSPUTATIO
1739 263 1987 339 xxxu,
2034 262 2309 324 sEc'rlo
2354 263 2403 326 1.

922 819 978 897 g.
1016 822 1072 880 ι.

496 1094 587 1156 De
612 1094 707 1172 iis,
742 1096 848 1177 qui
871 1096 1189 1179 fidq‘ubere
1210 1109 1471 1181 possunt.

316 1362 560 1437 OmneS,
594 1361 701 1441 qui
718 1382 852 1424 sese
872 1368 1135 1443 possunt
1164 1365 1465 1444 obligare,
1498 1369 1759 1445 possunt

247 1453 416 1514 etiam
443 1455 809 1534 fidejubere,
834 1457 949 1516 nisi
981 1458 1236 1535 speciali
1266 1459 1616 1538 privilegio,
1651 1463 1760 1522 aut

243 1545 367 1624 lege
394 1547 862 1624 prohibeantur.
923 1550 1131 1610 Prima
1173 1551 1507 1612 difficultas
1555 1557 1650 1613 est
1679 1552 1757 1613 de

244 1640 630 1717 mulieribus,
692 1641 769 1702 de
813 1642 1041 1722 quibus
1085 1643 1413 1704 sciendum
1453 1647 1582 1720 est,
1641 1645 1758 1706 ali-

243 1733 470 1810 quando
499 1751 626 1795 non
647 1752 827 1812 posse
857 1754 923 1795 se
951 1737 1155 1797 valide
1185 1737 1487 1816 obligare,
1520 1742 1581 1798 et
1605 1742 1756 1799 tunc

241 1825 371 1885 licet
395 1827 754 1888 renuntient
779 1826 928 1888 huic
954 1829 1284 1908 privilegio
1305 1876 1320 1906 ,
1374 1847 1498 1890 non
1529 1834 1622 1891 est
1649 1848 1758 1891 va·-

238 1917 351 1977 lida
393 1918 526 1996 ipsa
574 1920 988 1994 renuntiatio;
1050 1922 1200 2001 quia
1242 1923 1378 2000 ipsa
1424 1925 1519 1984 est
1546 1924 1757 2002 aliqua

240 2010 536 2089 obligatio,
570 2015 634 2072 et
654 2012 802 2091 quia
825 2014 1149 2077 resistente
1179 2016 1318 2094 lege
1356 2016 1755 2095 obligationis

238 2104 452 2177 valori,
486 2124 611 2165 non
644 2111 849 2184 potest
872 2108 1098 2168 mulier
1127 2110 1380 2187 propria
1428 2110 1752 2172 voluntate

238 2196 493 2257 valorem
512 2198 690 2259 dare.
722 2199 879 2260 Hinc
909 2204 1022 2276 est,
1044 2207 1111 2262 ut
1131 2202 1183 2261 si
1209 2220 1320 2280 pro
1350 2203 1574 2264 marito
1603 2204 1753 2265 fide-

230 2288 430 2366 jubeat
463 2291 544 2353 sit
570 2290 747 2352 irrita
791 2293 1132 2372 fidejussio,
1166 2299 1237 2355 ut
1263 2295 1531 2356 habetur
1557 2296 1620 2355 in
1651 2315 1755 2356 au·-

236 2379 509 2458 thentica,
541 2382 622 2444 Si
644 2403 763 2465 qua
788 2385 1031 2462 mulier,
1064 2389 1131 2448 C.
1165 2386 1246 2447 ad
1269 2387 1749 2450 senatusconsul-

235 2481 342 2532 tum
384 2474 767 2549 Velleianum;
814 2497 1007 2557 quare
1052 2480 1103 2540 si
1149 2481 1334 2542 solvit
1379 2500 1568 2542 causa
1597 2483 1752 2542 fide-

229 2565 523 2646 jussionis,
559 2571 836 2632 creditor
864 2575 1113 2634 tenetur
1150 2573 1229 2632 ad
1267 2575 1746 2652 restitutionem,

234 2676 359 2720 cum
388 2660 516 2722 sine
539 2662 750 2724 valido
780 2665 959 2726 titulo
995 2667 1329 2745 acceperit.
1390 2668 1638 2730 Valebit
1664 2674 1751 2730 ta-

234 2770 361 2811 men
390 2753 710 2832 obligatio,
743 2756 792 2816 si
821 2757 941 2818 fuit
959 2758 1322 2837 juramento
1351 2762 1744 2838 confirmata,

232 2851 580 2923 argumento
613 2851 817 2909 textus
847 2851 908 2910 in
939 2868 1077 2929 cap.
1116 2852 1388 2926 Quamvis
1401 2862 1659 2933 pactum,
1680 2854 1751 2916 de

226 2938 416 3017 pactis.
469 2940 625 3000 Item
670 2941 720 3001 si
757 2942 1103 3022 fidejubeat
1129 2959 1242 3024 pro
1273 2945 1482 3024 aliquo
1514 2946 1749 3025 absque

232 3029 621 3094 instrumento
653 3033 902 3111 publico
931 3039 995 3096 et
1022 3037 1219 3098 tribus
1251 3039 1545 3111 testibus,
1597 3039 1747 3099 obli-

230 3123 380 3200 gatio
409 3130 499 3186 est
528 3125 735 3202 irrita,
787 3128 829 3188 l.
855 3129 1182 3210 Antiquae,
1214 3132 1269 3209 ς.
1304 3132 1411 3193 fin.
1435 3134 1503 3194 G.
1537 3130 1619 3193 ad
1641 3132 1743 3193 Se-

232 3219 627 3282 natzaeconsult.
678 3220 872 3282 Vellei.
935 3223 1001 3284 Si
1033 3228 1243 3284 tamen
1286 3226 1552 3303 juraret,
1587 3227 1747 3286 obli-

231 3314 484 3386 garetur,
521 3317 591 3373 ut
620 3312 847 3391 probat
872 3316 1106 3377 Molina
1133 3316 1292 3395 disp.
1323 3321 1462 3379 540.
1497 3320 1553 3397 ς.
1585 3319 1751 3379 Illud

232 3410 303 3460 est
323 3401 755 3467 obsewandum.

300 3495 644 3574 Aliquando
681 3517 830 3559 vero
860 3499 1087 3560 mulier
1131 3507 1336 3580 potest
1363 3503 1563 3565 valide
1588 3506 1745 3567 fide-

226 3585 426 3663 jubere
466 3590 883 3652 instrumento
926 3593 1175 3670 publico
1214 3600 1276 3656 et
1304 3610 1516 3658 coram
1545 3598 1744 3660 tribus

230 3681 505 3744 testibus:
537 3688 748 3764 potest
772 3688 984 3746 tamen
1014 3691 1231 3764 postea
1263 3690 1353 3751 uti
1379 3692 1741 3770 exceptione

229 3778 732 3838 senatusconsulti
788 3779 1088 3840 Velleiani
1113 3827 1131 3853 ,
1194 3783 1256 3842 et
1294 3782 1741 3862 obligationem

230 3866 461 3945 elidere,
495 3876 564 3932 ut
591 3876 838 3933 constat
866 3890 942 3931 ex
970 3872 1010 3932 l.
1045 3890 1088 3933 1.
1115 3878 1181 3934 et
1206 3876 1634 3954 sequentibus,
1669 3880 1734 3939 C.

230 3959 300 4018 ad
320 3962 885 4025 Senatusconsultum
930 3965 1304 4043 Velleianum,
1339 3986 1463 4047 quo
1493 3970 1741 4049 privile-

228 4053 318 4130 gio
345 4060 543 4132 potest
570 4061 709 4118 tuta
748 4057 1131 4119 conscientia
1173 4060 1297 4135 uti,
1343 4078 1490 4121 cum
1535 4062 1739 4142 alege

230 4151 462 4226 propter
517 4164 707 4211 sexus
754 4151 1161 4229 tragilitatem
1215 4170 1582 4215 concessum
1636 4156 1734 4216 sit.

229 4239 344 4300 lmo
373 4241 615 4303 etiamsi
641 4243 897 4305 solverit
918 4244 1141 4323 ignara
1169 4245 1304 4325 ejus
1326 4247 1631 4327 privilegii
1677 4248 1742 4310 et

230 4330 546 4411 facultatis,
582 4340 789 4413 potest
826 4342 1047 4416 postea
1072 4343 1357 4416 repetere
1389 4360 1403 4399 :
1437 4342 1738 4420 quamdiu

229 4428 419 4485 autem
449 4446 575 4488 non
621 4429 885 4507 repetit,
932 4430 1208 4491 creditor
1237 4436 1443 4509 potest
1467 4434 1739 4496 solutum

230 4518 473 4579 retinere
497 4565 512 4596 ,
563 4520 615 4580 si
646 4525 1054 4599 praecesserat
1074 4541 1224 4583 vera
1264 4528 1329 4585 et
1354 4524 1564 4586 valida
1589 4527 1739 4586 obli—

228 4610 380 4684 gatio
425 4630 499 4672 ex
546 4619 726 4693 parte
754 4614 1032 4675 mulieris
1062 4616 1383 4679 solventis
1434 4618 1501 4679 Si
1528 4621 1741 4680 autem

228 4702 395 4765 solvit
436 4707 686 4767 conscia
735 4707 1085 4787 privilegii,
1137 4709 1237 4769 vel
1276 4710 1465 4770 etiam
1494 4710 1736 4789 ignara,

230 4800 355 4871 post
379 4798 751 4860 sententiam
775 4804 986 4860 tamen
1034 4800 1442 4879 definitivam,
1479 4821 1604 4864 non
1634 4823 1741 4883 po—

231 4890 336 4949 test
359 4890 612 4954 ulterius
639 4894 909 4955 solutum
939 4899 1244 4972 repetere.

301 4983 421 5044 Hoc
474 4989 686 5047 tamen
739 4987 1068 5067 privilegio
1123 4989 1402 5066 gaudere
1458 5009 1583 5051 non
1630 5010 1743 5071 po-

229 5074 356 5136 test.

305 5169 520 5249 Primo,
563 5172 613 5233 si
661 5190 951 5252 expresse
986 5175 1440 5238 renuntiaverit
1466 5176 1529 5236 in
1558 5179 1743 5256 parti-

187 5318 194 5345 ·
235 5260 429 5339 calari,
462 5269 523 5326 et
569 5280 692 5326 non
730 5267 933 5327 solum
962 5268 1241 5329 clausula
1284 5271 1586 5348 generali.
1644 5270 1744 5332 Ad

236 5350 344 5414 hoo
367 5360 571 5418 tamen
600 5361 831 5421 Molina
859 5360 966 5421 ubi
996 5378 1218 5441 supra,
1249 5381 1392 5424 cum
1424 5364 1737 5438 Gomezi0‚

237 5443 489 5529 Bai-tolo,
521 5456 585 5516 et
632 5453 790 5531 aliis,
821 5453 1069 5516 Lessius
1091 5472 1153 5517 n.
1189 5458 1286 5518 «o.
1322 5457 1590 5519 etmulti
1638 5457 1742 5518 alii

3277 264 3395 325 535

1853 443 2113 520 petunt,
2169 439 2699 502 renuntiationem
2726 437 2862 499 fieri
2893 455 3108 499 coram
3145 438 3395 518 publico

1852 532 2249 612 magistratu.

1933 625 2247 702 Secundo,
2282 626 2334 686 si
2355 625 2715 705 juramento
2745 625 3218 706 fidejussionem
3249 643 3398 687 con-

1853 717 2129 781 firmavit
2159 719 2348 779 etiam
2377 718 2596 798 ignara
2628 718 2960 798 privilegii,
2994 736 3067 779 eo
3097 736 3223 778 non
3246 736 3399 798 gau-

1855 810 1994 888 det,
2047 816 2116 873 ut
2164 829 2308 872 cum
2354 811 2495 872 aliis
2524 811 2735 873 multis
2766 812 2995 872 docent
3021 812 3255 872 Melina
3284 857 3302 887 ,
3338 814 3401 873 et

1852 903 2102 965 Lessius
2159 904 2267 965 ibi.
2328 905 2625 978 Quamvis
2681 906 3024 966 Covarruv.
3083 903 3148 963 in
3205 902 3393 982 capit.

1858 995 2134 1071 Quamvis
2150 1005 2430 1078 pactum,
2463 1001 2626 1076 part.
2659 1013 2728 1058 11.
2762 998 2817 1075 ἓ.
2857 1000 2916 1058 3.
2952 1015 3126 1057 num.
3160 999 3219 1057 5.
3255 1014 3400 1056 cum

1854 1090 1991 1150 aliis
2040 1094 2250 1168 putet,
2310 1090 2364 1150 si
2408 1090 2806 1168 privilegium
2851 1089 3168 1168 ignoravit
3215 1107 3398 1167 posse

1855 1186 2076 1261 postea
2130 1184 2237 1243 illo
2284 1182 2417 1258 uti,
2477 1202 2602 1244 non
2661 1183 2948 1244 obstante
2988 1182 3395 1261 juramento:

1856 1294 2047 1354 quam
2093 1275 2472 1336 sententiam
2514 1275 2908 1354 probabilem
2938 1280 3002 1336 et
3029 1278 3232 1336 tutam
3261 1291 3398 1334 esse

1855 1368 1918 1427 in
1948 1368 2123 1446 praxi
2155 1368 2431 1430 fatentur
2458 1369 2575 1430 Th.
2609 1368 2840 1430 Sanch.
2889 1368 2998 1429 lib.
3043 1368 3146 1429 lv.
3180 1365 3251 1427 de
3277 1386 3397 1427 ma-

1855 1459 2151 1537 trimonia,
2187 1461 2347 1540 disp.
2382 1478 2466 1521 lx.
2503 1480 2674 1522 num.
2710 1464 2806 1522 15.
2842 1465 2905 1521 et
2939 1461 3190 1521 Lessius
3219 1465 3392 1520 nu'm.

1857 1555 1953 1613 17.
1988 1572 2130 1632 quae
2160 1556 2372 1613 tamen
2401 1553 2689 1631 displicet
2715 1553 2984 1628 Molinae,
3015 1553 3071 1631 ἓ.
3092 1550 3396 1613 Covarru-

1855 1644 2000 1715 vias,
2034 1649 2155 1706 etc.

1933 1738 2141 1800 Tertio
2173 1755 2298 1799 non
2343 1739 2580 1818 gaudet
2633 1756 2706 1799 eo
2753 1737 3085 1818 privilegio
3141 1738 3390 1815 mulier,

1854 1848 1969 1890 nec
1990 1831 2125 1891 aliis
2142 1831 2309 1892 circa
2323 1831 2774 1892 invaliditatem
2791 1831 3190 1909 obligationis
3207 1850 3396 1911 supra

1852 1923 2163 1999 adductffi,
2197 1924 2249 1983 si
2268 1942 2381 2004 pro
2416 1924 2706 1986 libertate
2734 1923 3034 2002 mancipii
3062 1942 3129 1984 se
3159 1923 3396 2002 obliget

1853 2016 1933 2076 ad
1966 2016 2199 2095 aliquid
2234 2017 2627 2094 solvendum,
2660 2017 2760 2077 vcl
2807 2015 3173 2096 fidejubeat,
3217 2015 3259 2077 l.
3319 2032 3391 2078 11.

1852 2107 2001 2169 Cod.
2036 2107 2116 2168 ad
2156 2108 2528 2171 Velleianum.

1934 2203 2192 2279 OuartO,
2226 2202 2278 2262 si
2304 2203 2529 2263 mulier
2556 2203 2622 2262 in
2651 2202 2861 2263 dotem
2884 2201 3138 2262 alterius
3157 2200 3395 2280 aliquid

1849 2295 2194 2373 promittam
2229 2295 2326 2355 vel
2348 2315 2460 2373 pro
2490 2296 2636 2357 dote
2668 2295 2978 2373 promissa
3017 2294 3383 2374 fidejubeat,

1850 2387 1891 2447 1.
1929 2387 2037 2448 ult.
2065 2389 2130 2449 C.
2166 2387 2291 2449 eod.
2325 2389 2416 2449 tit.

1931 2479 2180 2556 Quint0,
2213 2481 2265 2542 si
2294 2481 2504 2559 elapso
2531 2480 2781 2540 biennio
2811 2499 2850 2541 a
2879 2479 2980 2539 die
3007 2498 3133 2559 qua
3162 2480 3388 2541 mulier

1848 2591 1915 2633 se
1972 2591 2084 2651 pro
2145 2573 2266 2634 alio
2323 2573 2624 2652 obligav1t
2667 2578 2778 2634 aut
2820 2571 3149 2651 fidejussit,
3213 2573 3388 2635 dedit

1849 2666 2099 2744 pignuS,
2133 2670 2244 2727 aut
2269 2665 2712 2744 obligationem
2744 2664 3086 2741 innovavit,
3130 2665 3254 2743 leg.
3315 2665 3394 2726 Si

1846 2757 2074 2818 mulier.
2109 2774 2178 2820 11.
2213 2761 2279 2821 C.
2312 2758 2506 2819 eodem
2528 2758 2721 2819 titulo.
2758 2757 2937 2830 Quod
2971 2775 3097 2818 non
3120 2757 3387 2819 haberet

1845 2850 2076 2926 locum,
2144 2852 2196 2911 si
2252 2870 2288 2911 a
2344 2851 2650 2930 principio
2706 2855 2962 2929 pactum
3031 2849 3252 2910 fuisset
3308 2850 3385 2910 de

1846 2942 2055 3004 dando
2110 2943 2395 3024 pignore,
2446 2944 2546 3003 vel
2589 2942 2969 3022 obligatione
3018 2942 3384 3003 innovanda

1847 3035 2056 3116 elapso
2085 3036 2379 3110 biennio;
2416 3036 2564 3116 quia
2607 3036 2726 3096 hoc
2767 3054 2892 3096 non
2923 3039 3050 3096 tam
3087 3039 3251 3097 esset
3295 3035 3384 3094 in—

1845 3148 2100 3208 novare,
2152 3148 2340 3210 quam
2388 3130 2611 3210 exequi
2658 3128 3105 3208 obligationem
3152 3146 3383 3207 praece—

1845 3225 2120 3298 dentem,
2154 3229 2224 3285 ut
2249 3242 2392 3283 curn
2425 3223 2724 3302 Gregorio
2763 3224 2966 3300 Lopez
3023 3225 3201 3283 notat
3251 3222 3382 3283 Mo·

1841 3316 1971 3376 lina
1996 3317 2135 3377 loco
2167 3316 2379 3377 citat0.

1925 3410 2134 3486 Sexto,
2169 3408 2216 3467 si
2248 3427 2360 3487 pro
2389 3406 2811 3486 fidejussione,
2856 3406 2954 3467 vel
2998 3405 3378 3485 obligatione

1842 3520 1955 3581 pro
1988 3501 2107 3561 alio
2140 3501 2365 3562 mulier
2403 3500 2641 3579 aliquid
2683 3498 2948 3577 accepit,
2997 3500 3188 3578 idque
3228 3518 3379 3560 con-

1842 3600 1961 3657 stet
1979 3594 2260 3673 legitima
2279 3593 2669 3671 probatione,
2695 3592 2736 3653 l.
2770 3591 3074 3672 Ante'quoe,
3109 3594 3152 3653 C
3184 3591 3377 3653 eodem

1840 3689 1932 3749 tit.
1968 3687 2166 3748 Debet
2194 3691 2403 3748 autem
2431 3686 2496 3746 id
2548 3686 2718 3765 quod
2767 3685 3094 3763 accipitur,
3129 3689 3374 3746 tantum

1839 3800 1996 3856 esse,
2033 3784 2101 3841 ut
2129 3798 2256 3840 non
2276 3782 2600 3858 reputetur
2628 3796 2741 3857 pro
2794 3778 3012 3852 nihilo,
3047 3781 3111 3837 et
3156 3778 3374 3838 datum

1840 3874 2053 3934 dolose
2113 3872 2192 3931 ad
2237 3871 2681 3949 obligationem
2738 3869 3161 3946 validandam‚
3204 3871 3374 3949 quod

1831 3966 2061 4047 judicis
2084 3965 2341 4025 arbitrio
2369 3964 2767 4043 relinquitur.

1919 4059 2219 4137 Septimo,
2252 4057 2301 4116 si
2332 4056 2554 4116 mulier
2581 4056 2916 4135 assumptis
2964 4054 3240 4117 vestibus
3285 4056 3373 4115 vi-

1837 4152 2076 4227 rilibuS,
2128 4151 2228 4210 vel
2270 4149 2450 4211 aliter
2497 4149 2875 4211 creditorem
2918 4148 3256 4226 deciperet,
3305 4153 3374 4211 ut

1837 4247 1972 4325 ejus
2001 4243 2403 4323 fidejussione
2426 4246 2755 4304 contentus
2776 4244 2960 4318 esset,
2992 4242 3032 4303 l.
3060 4259 3129 4303 11.
3165 4242 3373 4303 etl.Si

1835 4336 2177 4420 decepiendi,
2259 4338 2324 4397 ff.
2385 4335 2466 4396 ad
2532 4334 2901 4412 Velleianum,
2961 4336 3001 4397 l.
3091 4333 3369 4411 Feme'm’8‚

1837 4434 1902 4495 C.
1935 4429 2058 4492 eod.
2092 4431 2182 4491 tit.
2217 4429 2388 4490 Idem
2419 4433 2531 4505 est,
2564 4430 2617 4490 si
2637 4429 2897 4490 maritus
2918 4446 3108 4488 uxore
3139 4428 3372 4489 sciente

1837 4530 1900 4587 et
1926 4526 2196 4598 tacente,
2230 4522 2506 4583 criditori
2537 4521 2847 4601 ignoranti
2876 4521 3185 4599 obligaret
3205 4521 3374 4581 bona

1839 4617 2047 4678 uxoris
2076 4621 2378 4695 tanquam
2408 4632 2542 4691 sua,
2598 4615 2766 4694 quod
2805 4614 2994 4674 etiam
3029 4617 3123 4675 est
3164 4613 3374 4674 mariti

1840 4711 2047 4772 fraudi
2076 4708 2424 4787 cooperari,
2450 4708 2490 4769 l.
2524 4706 2600 4768 Si
2617 4707 2756 4788 fine,
2783 4708 2849 4769 C.
2883 4705 2964 4766 ad
2995 4705 3366 4767 Velleiannm.

1919 4806 2176 4878 Oetam,
2209 4802 2262 4862 si
2301 4801 2526 4861 mulier
2568 4800 2797 4861 debeat
2830 4800 3052 4860 saltem
3098 4798 3374 4878 aequiva-

1838 4898 2039 4957 lenter
2067 4895 2154 4971 id,
2186 4894 2285 4955 vel
2312 4893 2726 4969 tantumdem,
2778 4910 2890 4971 pro
2939 4909 3062 4970 quo
3110 4909 3174 4952 se
3223 4891 3374 4953 obli-

1839 4994 1949 5071 gat
1975 4989 2074 5049 vel
2102 4985 2445 5067 fidejubet:
2491 4984 2666 5046 verbi
2694 4985 2917 5064 gratia,
2952 4985 3001 5044 si
3027 5003 3093 5044 se
3141 4984 3377 5063 obliget

1840 5103 1954 5164 pro
1984 5101 2096 5143 suo
2111 5080 2444 5155 creditore,
2473 5078 2569 5139 cui
2587 5077 2976 5140 tantumdem
2998 5077 3133 5154 ipsa
3162 5076 3370 5154 debet,

1841 5176 1939 5236 vel
1969 5175 2017 5236 si
2049 5173 2392 5253 fidejubeat
2426 5190 2539 5252 pro
2584 5171 2808 5232 debitis
2854 5169 3153 5246 defuncti,
3200 5169 3377 5249 cujus

1842 5269 2277 5331 haereditatem
2308 5265 2444 5344 ipsa
2486 5265 2565 5325 ab
2611 5264 2860 5325 haerede
2899 5264 3072 5341 emit,
3119 5264 3218 5324 vel
3263 5281 3375 5342 pro

1840 5364 1945 5423 illo
1976 5362 2081 5441 qui
2112 5362 2176 5421 in
2203 5359 2428 5439 aequali
2447 5358 2790 5437 quantitate
2820 5376 2934 5436 pro
2965 5357 3100 5435 ipsa
3127 5356 3379 5437 fidejus-

1841 5474 1947 5518 sor
1973 5454 2203 5529 existit,
2264 5454 2326 5513 et
2379 5450 2706 5528 similibuS,
2767 5469 2908 5530 quae
2949 5449 3264 5514 habentur
3301 5468 3376 5512 ex
