4263 6376
805 344 923 404 744

467 544 529 587 An
547 540 760 597 possitco-
809 539 935 583 non
976 538 1158 599 posse
1216 518 1408 580 etiam
1467 515 1816 597 principem
1878 531 2245 594 supremum
2289 511 2353 572 in

465 608 565 652 gere
584 597 628 637 lit

484 606 760 694 ,ffifflffiff
810 615 1016 677 causis
1044 613 1331 685 civilibus
1355 658 1371 688 ,
1425 611 1574 691 quia
1610 628 1737 671 non
1781 613 1988 689 potest
2017 605 2353 687 prohibere

520 703 715 749 cordiam.
811 708 1136 770 subditum
1162 752 1177 783 ,
1214 724 1292 766 ne
1322 707 1499 784 petat
1538 704 1708 784 quod
1756 702 1874 764 sibi
1923 701 2211 762 debetur.
2264 699 2350 758 Ita

577 2672 695 2733 198

814 802 1065 863 Silvest.
1100 799 1324 878 Angel.
1359 797 1662 872 Tabiena,
1694 795 1977 872 Armilla,
1997 812 2157 873 quos
2178 793 2358 852 affert

813 899 876 956 et
901 892 1191 974 sequitur
1217 892 1449 955 Sanoh.
1482 891 1592 952 lib.
1626 891 1729 953 vl.
1769 887 1987 951 Consil.
2026 906 2079 949 c.
2117 904 2161 949 1.
2197 885 2350 947 dub.

809 991 911 1049 25.
947 985 1303 1065 Aliquando
1335 989 1543 1047 tamen
1576 986 1819 1063 potest,
1868 982 2120 1062 quando
2165 997 2356 1041 causa

815 1083 980 1156 esset
1006 1080 1196 1158 longa
1225 1082 1287 1141 et
1314 1077 1607 1151 difficilis,
1659 1081 1721 1138 et
1758 1075 1906 1155 jura
1933 1074 2208 1154 partium
2248 1072 2355 1132 ob-

810 1191 1017 1250 scura,
1036 1177 1105 1234 ut
1118 1172 1347 1234 docent
1357 1174 1648 1233 Panorm.
1667 1170 1731 1229 in
1745 1188 1800 1234 c.
1822 1167 2007 1230 finde
2024 1173 2349 1228 trannsact.

812 1270 876 1329 et
901 1266 1007 1328 alii
1036 1266 1323 1345 proxime
1354 1264 1546 1341 citati,
1582 1266 1644 1325 et
1671 1262 1986 1340 colligitur
2012 1279 2089 1324 ex
2118 1279 2173 1322 c.
2218 1260 2357 1342 pla-

811 1361 952 1437 cuit,
983 1376 1082 1422 xe.
1119 1359 1265 1422 dist.
1298 1362 1481 1435 Item,
1506 1357 1652 1419 licet
1679 1359 1994 1418 constaret
2020 1356 2098 1415 de
2112 1354 2356 1434 justitia

811 1454 997 1516 unius
1024 1453 1243 1533 partis,
1267 1452 1467 1532 judex
1496 1451 1549 1511 si
1567 1450 1736 1512 videt
1760 1449 2192 1510 adversarium
2220 1465 2354 1508 esse

813 1550 1136 1625 potentem
1165 1550 1228 1605 et
1257 1545 1419 1605 velle
1455 1543 1772 1623 appellare
1805 1561 1843 1603 a
1870 1541 2180 1603 sententia
2207 1558 2355 1601 con·

812 1643 911 1702 tra
937 1658 1082 1699 eum
1111 1638 1522 1717 proferenda,
1558 1653 1760 1715 eaque
1792 1636 1870 1696 de
1901 1654 2092 1698 causa
2120 1652 2356 1714 paupe-

815 1751 948 1794 rem
977 1732 1084 1812 qui
1113 1731 1354 1792 bonum
1384 1730 1489 1810 jus
1519 1730 1711 1791 habet
1734 1777 1749 1807 ,
1786 1749 1985 1809 grave
2015 1728 2357 1790 detrimen·

812 1829 948 1888 tum
971 1843 1304 1904 passurum
1325 1845 1339 1899 3
1365 1825 1467 1885 vel
1488 1842 1679 1885 causa
1699 1829 1862 1885 esset
1875 1824 2037 1887 inter
2057 1839 2357 1902 personas

814 1919 1115 1997 insigneS‚
1151 1936 1227 1977 ex
1269 1936 1393 1997 qua
1445 1918 1703 1978 timetur
1758 1936 1950 1996 grave
1993 1914 2359 1977 scandalum

818 2013 899 2073 ad
929 2010 1080 2072 illud
1111 2011 1462 2088 vitandum,
1512 2014 1726 2090 posset
1771 2011 1967 2090 judex
2013 2009 2250 2071 hortari
2298 2010 2362 2069 et

818 2105 1143 2166 consulere
1202 2103 1630 2166 concordiam.
1686 2105 1778 2165 Ita
1835 2104 2106 2165 Didacus
2168 2105 2358 2164 Perez

815 2198 926 2259 lib.
961 2199 1064 2259 lv.
1099 2196 1490 2259 ordz‘namenti
1514 2197 1607 2259 tit.
1643 2214 1779 2259 v111.
1813 2197 1856 2258 l.
1893 2201 1949 2259 1.
1985 2201 2048 2260 et
2076 2195 2358 2259 Sanchez

819 2291 925 2354 ubi
955 2310 1166 2370 supra.
1207 2292 1379 2352 Alias
1421 2291 1633 2370 inique
1669 2309 1735 2351 se
1783 2291 1946 2370 gerit
1981 2290 2180 2369 judex
2202 2336 2217 2367 ,
2252 2289 2361 2369 qui

818 2384 1039 2445 videns
1070 2385 1506 2464 seobligatum
1556 2384 1638 2446 ad
1684 2385 2058 2446 sententiam
2089 2401 2204 2463 pro
2233 2401 2358 2445 uno

820 2477 1170 2555 ferendam,
1233 2477 1522 2541 hortatur
1576 2481 1640 2540 et
1693 2477 1938 2540 inducit
1980 2478 2059 2539 ad
2105 2495 2360 2540 concor-

824 2571 1014 2632 diam.

905 2665 1138 2725 Octavo
1171 2663 1514 2742 dubitatur,
1543 2683 1625 2726 an
1666 2663 1862 2744 judex
1890 2665 2085 2743 possit
2111 2663 2361 2724 tradere

525 2797 739 2852 Anpossit
825 2756 1089 2818 medicis
1145 2757 1419 2818 cadaver
1473 2757 1894 2837 delinquentis
1951 2758 2238 2837 suspensi
2280 2757 2359 2817 ad

481 2852 662 2948 federe
680 2863 774 2947 ωτι.
826 2850 1209 2912 anatomiam
1239 2851 1593 2912 faciendam
1607 2851 1637 2911 Ἰ
1667 2851 1966 2913 Dubitant
1978 2851 2209 2912 Bartol.
2234 2851 2293 2935 in
2312 2850 2356 2911 l.

511 2918 535 2948 ⁸
560 2917 776 3022 ⁰⁸·{m¹
820 2944 929 3024 fin.
967 2946 1031 3005 C.
1064 2943 1134 3004 de
1168 2943 1437 3006 cadaver.
1481 2947 1673 3025 punit.
1709 2948 1771 3005 et
1796 2944 2075 3005 Ananias
2103 2962 2242 3023 cap.
2281 2959 2357 3004 11.

499 3017 762 3057 anatomiam.
826 3035 896 3096 de
918 3037 1119 3116 furti-3.
1156 3037 1277 3099 Alii
1306 3042 1518 3098 tamen
1568 3037 1629 3097 id
1677 3037 1895 3098 dicunt
1935 3036 2164 3114 licere,
2217 3036 2365 3116 quia

827 3128 1064 3191 bonum
1093 3130 1414 3209 publicum
1441 3130 1773 3209 praefertur
1798 3130 2046 3193 utilitati
2078 3131 2359 3210 privatae,

827 3222 870 3285 1.
907 3223 1091 3283 unica
1118 3223 1173 3302 ς.
1207 3223 1318 3285 fin.
1345 3223 1413 3288 ff.
1445 3222 1515 3283 de
1542 3221 1811 3285 cadaver.
1841 3222 2037 3287 tollen.
2063 3227 2127 3286 et
2145 3243 2221 3284 ex
2239 3224 2363 3303 leg.

834 3315 1002 3390 Quod
1041 3315 1393 3398 respublicae,
1437 3318 1500 3378 ff.
1545 3315 1616 3377 de
1643 3316 1897 3397 injurias.
1931 3318 2025 3379 Ita
2052 3317 2277 3378 Decius
2307 3316 2371 3377 in

829 3410 874 3475 l.
907 3409 1233 3491 imperium,
1267 3412 1330 3471 ff.
1365 3409 1436 3471 de
1469 3409 1772 3491 jurisdict.
1807 3430 1961 3473 omn.
1994 3409 2138 3491 jud.
2171 3430 2233 3470 n.
2272 3414 2369 3474 17.

834 3503 978 3565 Ant.
1015 3505 1243 3564 Gomez
1268 3520 1364 3564 111.
1415 3508 1569 3565 tom.
1619 3502 1853 3565 Variar.
1888 3522 1942 3565 c.
1969 3504 2078 3564 ult.
2116 3522 2223 3564 nu.
2254 3503 2365 3564 ult.

835 3595 1069 3672 dicem,
1128 3595 1419 3658 doctores
1474 3596 1894 3659 Salmantinos
1942 3615 1979 3656 a
2022 3595 2241 3658 Carolo
2290 3597 2366 3659 V.

835 3689 1148 3750 consultos
1177 3690 1264 3751 ita
1293 3688 1711 3769 respondisse.
1733 3689 1932 3750 Debet
1958 3693 2169 3750 tamen
2188 3689 2369 3748 cada-

835 3803 946 3845 ver
976 3783 1293 3844 anatomia
1323 3784 1520 3860 facta,
1567 3783 1902 3861 sepulturae
1950 3781 2368 3843 ecclesiastico

834 3878 958 3940 ritu
989 3876 1174 3938 tradi.

916 3969 1148 4032 Ultimo
1206 3970 1405 4050 quaeri
1462 3973 1672 4050 posset
1726 3969 1805 4030 de
1858 3968 2236 4048 obligatione
2270 3967 2368 4047 ju-

836 4063 992 4124 dicis
1053 4080 1177 4123 non
1235 4063 1504 4141 negandi
1563 4062 2067 4142 appellationem.
2112 4063 2201 4121 De
2250 4060 2370 4122 hoc

836 4160 1048 4218 tamen
1078 4154 1362 4217 dicemus
1392 4156 1579 4217 simul
1621 4175 1765 4217 cum
1818 4155 1954 4215 aliis
1983 4172 2122 4234 quae
2150 4153 2232 4214 ad
2263 4172 2366 4233 ap·

836 4248 1240 4329 pellationem
1268 4255 1573 4329 spectant,
1605 4254 1824 4329 postea
1853 4251 2110 4327 agentes
2131 4247 2210 4307 de
2232 4265 2362 4323 re0‚

837 4343 921 4403 ad
949 4360 1138 4421 quem
1165 4343 1367 4421 magis
1395 4344 1666 4423 pertinet
1702 4341 2138 4422 appellationis
2164 4358 2369 4402 reme-

838 4436 1032 4498 dium.

1961 335 2065 396 DE
2108 332 2465 395 JUSTITIA
2508 331 2609 392 ET
2650 329 2852 392 JURE

2600 1045 3306 1143 DISPUTATIO
3372 1043 3863 1140 xxxvln.

2615 1415 2692 1460 DE
2735 1412 3155 1474 ACCUSATORE,
3202 1413 3281 1458 m·
3324 1410 3828 1457 DENUNTIAmRE.

2458 1703 2680 1764 Sacrlo
2709 1703 2756 1763 l.
2808 1699 2898 1762 De
2952 1708 3287 1762 accusatore
3339 1708 3397 1761 et
3453 1699 3587 1782 ejus
3640 1697 3994 1783 obli-qunami-

2539 1806 2663 1870 bus.

2460 1964 2680 2026 Sssc'no
2708 1964 2784 2024 11.
2819 1960 2909 2023 De
2935 1960 3376 2041 denuntiatore,
3428 1961 3537 2022 ubi
3568 1961 3643 2022 de
3670 1960 3993 2042 obliyatione

2537 2066 2919 2132 denuntiandi
2958 2088 3033 2130 ex
3076 2067 3247 2129 dictis
3292 2068 3390 2130 vel
3420 2077 3737 2152 proecepto
3760 2071 3995 2151 superio-

2538 2195 2643 2238 res.

2543 2481 2757 2541 Restat
2782 2477 2991 2539 dicere
3020 2477 3100 2537 de
3128 2477 3265 2538 aliis
3286 2477 3605 2556 personis,
3640 2495 3787 2558 quae
3816 2479 3876 2539 in
3902 2480 3992 2558 ju-

2460 2572 2622 2634 dicio
2649 2570 3110 2646 interveniunt,
3162 2569 3330 2632 etde
3360 2589 3587 2632 earum
3618 2572 3990 2651 obligationi-

2459 2667 2598 2730 buS.
2633 2668 2744 2727 Hae
2773 2667 2918 2726 sunt
2943 2667 3291 2741 accusator,
3338 2665 3543 2742 testiS,
3600 2684 3780 2742 rem,
3826 2666 3993 2726 advo-

2462 2764 2660 2836 catus,
2693 2758 2945 2821 tabellio
2976 2776 3086 2819 seu
3128 2759 3417 2819 notarius
3446 2778 3463 2833 ;
3516 2759 3604 2820 (16
3636 2760 3863 2840 quibus
3899 2759 3993 2818 ali-

2463 2872 2589 2933 qua
2615 2851 2785 2913 dicta
2810 2854 2958 2912 sunt
2984 2850 3216 2929 disput.
3240 2851 3661 2930 praecedenti,
3695 2852 3848 2912 dum
3870 2870 3991 2931 age

2462 2950 2635 3009 retur
2662 2945 2741 3005 de
2761 2943 3123 3024 judicibus;
3176 2943 3428 3024 reliqua
3465 2963 3641 3006 nunc
3673 2964 3992 3025 proseque-

2461 3058 2635 3116 mur,
2693 3043 2757 3100 et
2808 3037 2983 3119 prius
3028 3035 3109 3097 de
3153 3042 3525 3101 accusatore
3575 3045 3646 3101 et
3691 3039 3991 3101 denuntia·

2464 3138 2619 3196 tore.

2978 3558 3403 3644 sueno
3468 3560 3525 3648 1.

2640 3877 2731 3940 De
2757 3886 3187 3956 accusatoreyet
3212 3878 3337 3957 ejus
3364 3876 3844 3958 obliqatzbm‘bm.

2549 4150 2637 4208 De
2673 4146 2794 4207 hoc
2821 4144 3020 4204 videri
3049 4148 3312 4223 possunt
3362 4145 3430 4208 S.
3462 4143 3581 4205 Th.
3618 4143 3686 4203 in
3716 4142 3991 4221 prasenti

2469 4259 2531 4322 q.
2564 4256 2777 4302 vam.
2812 4239 2960 4300 Soto
2992 4254 3051 4299 v.
3086 4236 3372 4299 deJustit.
3393 4255 3454 4315 q.
3484 4239 3549 4297 5.
3573 4240 3641 4296 et
3668 4236 3991 4299 relectione

2467 4332 2740 4414 desiqillo
2768 4352 2831 4393 n.
2864 4334 2922 4391 2.
2957 4350 3018 4410 q.
3055 4347 3115 4392 v.
3148 4328 3451 4407 Theologi
3506 4329 3572 4388 in
3635 4345 3725 4389 ιν.
3789 4329 3855 4389 d.
3900 4344 3990 4388 n.

2469 4431 2729 4489 Navarr.
2764 4426 2828 4485 in
2859 4442 2914 4485 c.
2966 4423 3044 4485 Si
3082 4422 3434 4504 peccaverit,
3497 4437 3568 4482 11.
3606 4441 3671 4500 q.
3732 4438 3782 4482 1.
3842 4428 3901 4481 et
3940 4421 3992 4480 in

2469 4521 2716 4583 Summa
2744 4536 2798 4581 c.
2831 4534 2938 4580 XX.
2969 4536 3031 4578 n.
3066 4520 3165 4579 31.
3202 4520 3262 4579 et
3291 4533 3466 4594 seqq.
3501 4517 3737 4576 Anton.
3798 4530 3894 4575 m.
3938 4532 3990 4591 p.

2468 4615 2563 4676 tit.
2598 4630 2683 4674 1x.
2718 4630 2773 4674 c.
2806 4614 2866 4674 8.
2900 4613 3121 4692 etpost
3146 4609 3301 4670 alios
3325 4608 3441 4670 Th.
3479 4607 3714 4669 Sanch.
3774 4608 3883 4669 lib.
3916 4623 3990 4667 vl.

2477 4708 2653 4770 Cous.
2685 4725 2739 4768 c.
2774 4721 2819 4767 1.
2853 4704 3004 4766 dub.
3038 4720 3209 4765 xxvt.
3242 4707 3307 4764 et
3326 4719 3505 4781 seqq.
3541 4704 3603 4762 et
3646 4719 3699 4763 c.
3766 4718 3841 4764 11.
3897 4718 3997 4780 per

2469 4805 2584 4864 tot.
2619 4805 2681 4862 et
2695 4817 2808 4861 nos
2837 4798 3047 4878 aliqua
3076 4797 3345 4858 diximus
3366 4795 3529 4873 disp.
3556 4795 3837 4874 praeced.
3855 4799 3990 4856 sed.

2470 4911 2556 4957 v1.
2591 4897 2652 4954 et
2679 4909 2790 4955 vn.
2824 4891 2945 4954 Ubi
2971 4891 3262 4965 vidimuS,
3293 4889 3359 4948 in
3387 4907 3515 4968 quo
3557 4888 3860 4950 differant
3900 4906 3995 4948 ac-

2469 4985 2704 5048 cusatio
2736 4989 2798 5046 et
2826 4983 3235 5046 denuntiatio.
3267 4983 3424 5043 Item
3480 4981 3735 5061 quando
3784 4982 3997 5061 aliqu‘u

2471 5080 2698 5141 debeat
2724 5078 2823 5139 vel
2869 5077 3066 5156 possit
3094 5093 3391 5137 accusare
3448 5075 3551 5136 vel
3605 5074 3988 5136 denuntiare.

2469 5176 2628 5236 Item
2643 5176 2851 5233 utrum
2879 5175 3024 5231 ante
3052 5169 3596 5231 denuntiationem
3622 5167 3723 5229 vel
3753 5186 3997 5230 aecusa-

2471 5266 2705 5329 tionem
2736 5264 2964 5325 debeat
2990 5263 3343 5324 necessario
3376 5261 3677 5342 praemitti
3707 5262 3994 5324 correctio

2472 5360 2766 5421 fraterna.
2828 5358 2920 5418 Ex
2965 5357 3192 5436 quibus
3243 5356 3460 5435 aliqua
3514 5373 3686 5417 nunc
3737 5355 3995 5416 breviter

2470 5452 2858 5530 colligemus,
2918 5449 3128 5529 aliqua
3196 5449 3393 5510 etiam
3477 5450 3791 5511 addemus
3842 5448 3991 5509 cirea

2472 5544 2917 5623 obligationem
2945 5542 3348 5605 accusatoris.

4051 4282 4131 4428 Mc!
4116 4156 4129 4209 .-
