4263 6376
112 1888 143 1945 6

1210 302 1682 367 DISPUTATIO
1726 302 1943 381 xxvl,
1991 302 2267 367 SEGTIO
2310 303 2471 368 Vlll.

247 500 306 542 se
343 479 400 539 id
450 479 711 556 nescire,
763 497 987 561 nempe
1032 480 1294 543 scientia
1338 482 1610 561 publica.
1670 483 1765 545 Ita

247 572 476 635 Lessius
502 592 609 633 nu.
642 575 742 635 43.
791 573 854 636 Si
884 592 1034 636 vero
1083 575 1252 636 dicat
1297 576 1586 653 positive,
1638 593 1761 636 non

247 685 368 729 esse
405 670 731 728 venturam
789 668 1033 747 copiam
1089 669 1417 742 mercium,
1481 687 1596 729 nec
1644 668 1762 728 mi-

248 758 549 820 nuendum
576 760 859 821 valorem
889 761 1193 839 pecuniae,
1247 767 1310 824 et
1353 761 1475 823 hoc
1503 760 1766 822 menda-

245 853 331 914 cio
349 857 595 914 moveat
612 853 1091 916 contrahentem
1113 854 1192 915 ad
1214 855 1758 931 consentiendum,

240 947 360 1025 jam
385 945 630 1008 videtur
657 946 804 1008 dolo
833 952 896 1009 et
912 948 1132 1008 fraude
1163 949 1314 1008 dare
1335 966 1590 1009 causam
1621 966 1765 1010 con·

248 1038 474 1115 tractui,
506 1044 570 1102 et
597 1058 674 1100 ex
703 1040 846 1101 dolo
868 1041 1183 1102 tenebitur
1210 1041 1291 1102 ad
1306 1040 1766 1104 restituendum

250 1149 580 1210 excessum,
633 1136 697 1194 et
725 1133 1026 1194 damnum
1055 1134 1225 1213 quod
1252 1133 1631 1195 contrahens
1659 1151 1767 1213 pa-

247 1225 400 1288 titur.
456 1227 508 1286 A
552 1226 818 1305 fortiori,
868 1227 918 1288 si
965 1227 1232 1307 projecit
1269 1227 1508 1290 litteras
1537 1228 1766 1307 quibus

249 1319 635 1381 annuntiatur
691 1324 961 1381 ventura
1016 1321 1198 1399 copia
1249 1322 1556 1383 mercium
1579 1367 1594 1398 ,
1666 1318 1768 1382 vel

248 1412 488 1473 classem
513 1413 798 1491 periisse,
848 1432 987 1493 quae
1033 1432 1276 1476 merces
1302 1415 1402 1476 vel
1432 1414 1767 1495 pecuniam

247 1506 534 1585 portabat,
569 1510 641 1567 ut
667 1506 803 1586 ipse
832 1508 1027 1586 possit
1054 1507 1239 1569 vilius
1267 1527 1498 1585 emere,
1540 1508 1640 1569 vel
1667 1526 1767 1569 ca-

248 1600 361 1660 rius
387 1599 680 1676 vendere,
733 1606 953 1680 peccat
981 1604 1199 1663 contra
1232 1601 1564 1682 justitiam,
1620 1601 1770 1680 quia

246 1693 548 1753 staudibus
584 1693 834 1758 inducit
891 1694 972 1756 ad
1016 1695 1521 1756 contrahendum
1562 1694 1765 1773 pretio

247 1787 518 1863 currenti,
550 1787 653 1848 vel
684 1788 946 1849 fortasse
973 1788 1205 1848 minori
1230 1788 1329 1849 vel
1357 1788 1603 1867 majori.

317 1880 509 1941 Infero
539 1881 786 1959 quinte,
820 1885 1039 1942 contra
1066 1881 1313 1944 Valent.
1350 1881 1594 1942 etiamsi
1622 1898 1769 1942 ven·

155 2012 164 2023 -
249 1972 396 2034 ditor
438 1973 595 2035 sciat
641 1978 992 2054 emptorem
1021 1993 1231 2035 emere
1282 1976 1491 2036 animo
1523 1993 1769 2036 conser-

111 2072 207 2160 :132⁰-
248 2066 437 2142 tandi,
471 2070 532 2127 et
559 2071 783 2145 postea
812 2066 1129 2128 vendendi
1156 2068 1384 2128 iterum
1416 2067 1592 2144 aliis,
1644 2086 1768 2128 non

111 2184 205 2269 nze
247 2177 488 2238 peccare
517 2164 744 2220 contra
764 2159 1073 2239 justitiam
1103 2160 1355 2240 quando
1377 2160 1615 2221 sciebat
1628 2179 1771 2239 pre-

111 2940 204 3085 ιιι
111 2808 137 2868 ··

246 2254 384 2313 tium
410 2252 847 2315 minuendum.
907 2255 1000 2315 Ita
1028 2254 1314 2316 Turrian.
1350 2254 1457 2315 ubi
1471 2272 1674 2359 supra
1702 2272 1765 2316 n.

245 2348 299 2406 5.
331 2349 389 2405 et
414 2345 588 2406 Salas
618 2345 773 2406 dub.
807 2361 1028 2410 xxxm.
1060 2346 1125 2408 in
1152 2346 1328 2406 fine·
1315 2394 1327 2408 .
1381 2346 1529 2426 quia
1556 2346 1622 2406 in
1649 2346 1769 2407 hoc

247 2438 418 2500 etiam
468 2457 620 2499 casu
678 2439 954 2500 ratIones
1010 2458 1200 2519 supra
1248 2440 1537 2501 adductae
1592 2459 1769 2519 aeque

246 2531 595 2610 procedunt,
658 2549 803 2592 cum
850 2533 1140 2594 venditor
1201 2537 1413 2595 utatur
1459 2533 1602 2613 jure
1657 2552 1769 2595 suo

246 2623 656 2687 contrahendo
684 2625 887 2705 pretio
919 2625 1212 2703 currenti,
1247 2626 1415 2706 quod
1444 2626 1651 2688 adbuc
1672 2627 1770 2707 ju—

244 2721 393 2778 stum
421 2722 535 2781 est.

316 2813 486 2873 Petes
513 2811 746 2891 primo,
781 2829 861 2871 an
892 2812 1116 2873 saltem
1145 2816 1362 2891 peccet
1389 2815 1607 2874 contra
1628 2812 1771 2873 cha-

245 2905 473 2966 ritatem
518 2904 810 2966 venditor
856 2907 1207 2984 praevidens
1255 2907 1554 2967 damnum
1601 2907 1769 2985 quod

246 3001 468 3077 emptor
495 2997 965 3076 inculpabiliter
990 2999 1298 3060 incurrit?
1326 3000 1654 3060 Affirmare
1683 3001 1772 3061 vi·

244 3091 451 3153 dentur
476 3094 704 3153 Covar.
739 3094 803 3153 et
832 3091 1102 3153 Pinellus
1121 3139 1136 3169 ,
1184 3111 1341 3173 quos
1382 3093 1563 3154 affert
1591 3092 1767 3155 Salas

242 3184 338 3246 ubi
362 3204 547 3265 supra
574 3205 752 3247 num.
789 3188 846 3248 1.
882 3188 945 3249 et
971 3185 1219 3249 videtur
1246 3205 1321 3247 ex
1350 3190 1525 3266 parte
1554 3186 1764 3247 favere

245 3280 437 3341 Rebel.
472 3280 537 3342 d.
568 3280 681 3341 lib.
716 3281 821 3342 IX.
856 3298 962 3360 qu.
999 3298 1084 3342 vl.
1119 3281 1334 3342 dicens
1358 3328 1373 3358 ,
1424 3281 1478 3342 si
1505 3280 1594 3343 ita
1620 3299 1766 3341 ven-

243 3371 430 3435 dendo
450 3392 577 3435 non
593 3373 1127 3454 solum[indemnis
1151 3374 1261 3434 sed
1278 3373 1467 3435 etiam
1487 3374 1763 3454 locuple-

242 3466 316 3526 tio
332 3467 617 3541 revadaS‚
644 3470 708 3528 et
720 3465 994 3528 notabile
1024 3465 1325 3527 damnum
1354 3465 1491 3527 aliis
1510 3466 1762 3526 inferaS.

240 3559 359 3620 sore
411 3559 733 3640 quandam
782 3558 1311 3621 inordinationem
1354 3562 1573 3620 contra
1620 3559 1765 3620 cha-

241 3654 470 3715 ritatem
491 3700 507 3731 ,
540 3654 856 3716 rationem
886 3656 949 3716 et
976 3653 1464 3728 humanitatem;
1500 3653 1648 3733 quia
1676 3653 1765 3714 in-

244 3746 585 3809 ordinatum
617 3751 712 3809 est
751 3765 898 3809 cum
927 3746 1181 3809 alterius
1223 3747 1482 3809 notabili
1516 3746 1765 3826 jactura

240 3840 613 3920 locupletari.
648 3840 771 3903 Alii
798 3842 1013 3902 tamen
1041 3840 1266 3901 merito
1296 3839 1359 3900 id
1392 3845 1625 3920 negant
1648 3840 1762 3900 sal-

242 3935 355 3994 tem
397 3934 771 4014 regulariter
811 3934 1163 4015 loquendo,
1223 3932 1449 4013 quibus
1494 3934 1665 3995 favet
1694 3934 1756 3995 S.

240 4027 344 4088 Th.
375 4027 436 4087 in
465 4029 567 4089 illa
598 4028 1003 4108 responsione
1034 4026 1114 4088 ad
1144 4031 1459 4107 quartum,
1495 4026 1710 4088 dicens
1743 4045 1757 4089 τ

248 4141 273 4177 α
297 4120 778 4183 Abundantioris
807 4121 939 4183 fore
969 4121 1236 4199 virtuti3‚
1267 4122 1318 4181 si
1348 4121 1620 4202 pretium
1648 4121 1760 4181 mi-

242 4218 417 4291 auat,
467 4216 567 4276 vel
598 4214 874 4276 futuram
905 4214 1153 4294 copiam
1182 4218 1485 4293 exponat,
1517 4236 1547 4272 ι)
1602 4214 1763 4274 indi·

242 4325 378 4369 cans
405 4308 467 4368 id
497 4326 633 4369 esse
665 4327 821 4387 opus
849 4308 1440 4387 supererogationiS,
1458 4327 1580 4370 non
1604 4327 1760 4388 prae-

243 4402 412 4480 cepti.
472 4403 567 4464 Ita
609 4401 824 4464 Molin.
873 4402 983 4462 ubi
1031 4420 1220 4481 supra
1264 4402 1320 4480 ἓ.
1371 4400 1627 4462 Dubium
1654 4410 1756 4480 est,

241 4494 398 4555 Less.
431 4513 494 4556 n.
526 4497 628 4556 43.
663 4496 908 4555 Bannes
930 4541 946 4572 ,
998 4495 1209 4556 Salon.
1245 4498 1306 4557 et
1331 4494 1552 4555 Ledes.
1606 4512 1761 4573 quos

243 4588 410 4649 affert
434 4592 497 4650 et
522 4587 806 4668 sequitur
834 4588 1011 4650 Salas
1042 4587 1103 4649 d.
1138 4606 1200 4650 n.
1233 4590 1288 4649 1.
1342 4587 1519 4648 Ratio
1552 4591 1762 4650 autem

245 4683 364 4758 est,
412 4679 560 4761 quia
601 4680 1031 4761 unusquisque
1076 4683 1283 4760 potest
1320 4681 1461 4759 jure
1501 4699 1613 4741 suo
1644 4680 1757 4758 uti,

245 4776 300 4834 et
325 4775 504 4834 rebus
534 4775 662 4835 suis
692 4775 1034 4849 consulere,
1057 4774 1300 4836 etiamsi
1323 4774 1561 4855 aequale
1590 4774 1761 4835 dam-

245 4884 382 4926 num
418 4868 704 4947 proximo
751 4872 1070 4948 sequatur.
1132 4867 1427 4947 Alioquin
1473 4870 1765 4947 peccaret

246 4964 450 5022 contra
478 4961 849 5023 charitatem
897 4959 1000 5040 qui
1030 4964 1392 5024 testatorem
1440 4960 1674 5040 absque
1702 4961 1765 5021 vi

247 5057 302 5113 et
328 5053 649 5116 fraudibus
690 5054 968 5132 inducit,
1022 5059 1094 5116 ut
1119 5055 1422 5133 abrogato
1454 5054 1643 5133 priori
1673 5056 1766 5115 te-

246 5149 540 5209 stamento
565 5194 580 5225 ,
613 5148 820 5227 ipsum
849 5149 1165 5210 haeredem
1192 5148 1507 5225 instituat,
1561 5148 1769 5210 ablata

247 5238 600 5304 haereditate
622 5241 679 5303 ei
699 5261 887 5323 quem
910 5242 1081 5322 prius
1110 5244 1483 5305 instituerat.
1517 5242 1653 5303 Dixi
1683 5245 1771 5302 ta-

247 5351 402 5412 men,
434 5334 810 5416 requlariter,
849 5338 996 5418 quia
1025 5336 1077 5398 si
1106 5336 1262 5398 alter
1291 5337 1666 5399 contrahens
1695 5354 1767 5396 ea

250 5428 564 5490 occasione
595 5433 937 5493 extremam
957 5477 973 5509 ,
1019 5432 1119 5492 vel
1147 5449 1406 5509 gravem
1435 5430 1771 5494 necessita-

3291 306 3404 366 3¹1

1861 481 2168 561 impedire
2197 481 2410 559 debeS‚
2444 481 2735 561 peccabis
2763 484 2984 545 contra
3012 481 3407 559 charitatem,

1859 593 2002 636 cum
2048 593 2344 655 peccares
2387 576 2578 637 etiam
2627 576 2684 637 ei
2715 593 2841 637 non
2872 575 3302 637 subveniendo
3336 594 3412 638 ex

1860 668 2006 730 tuis.

1944 764 2121 824 Petes
2152 763 2450 840 secundo,
2475 782 2558 824 an
2587 763 2839 842 quando
2858 763 3119 825 veniunt
3146 762 3224 822 de
3247 779 3408 823 novo

1862 875 2103 917 merces
2136 857 2361 937 aliquae
2392 857 2454 917 in
2487 858 2726 934 locum,
2776 856 2840 917 in
2879 875 3000 937 quo
3049 856 3288 916 nullum
3319 857 3414 918 est

1866 968 2084 1012 earum
2129 950 2404 1029 pretium
2440 951 2613 1029 lege,
2654 951 2754 1010 vel
2798 969 2914 1011 usu
2956 949 3405 1027 introductum,

1863 1044 1976 1104 sed
2005 1062 2043 1105 a
2071 1042 2399 1105 venditore
2446 1043 2686 1123 imponi
2731 1043 2955 1116 debet,
3014 1045 3075 1104 et
3119 1043 3251 1122 ipse
3295 1042 3412 1106 scit

1863 1137 2041 1197 brevi
2082 1153 2381 1214 magnam
2424 1136 2790 1197 earumdem
2831 1136 3137 1196 mercium
3166 1136 3412 1215 copiam

1866 1233 2413 1310 superventuram,
2447 1229 2675 1291 debeat
2707 1231 2771 1289 in
2800 1229 2985 1309 pretii
3014 1228 3413 1309 impositione

1864 1323 2189 1385 attendere
2243 1323 2324 1383 ad
2380 1323 2627 1401 copiam
2681 1322 3001 1384 futuram?
3080 1323 3414 1385 Affirmant

1865 1416 2177 1493 Corduba,
2212 1419 2275 1476 et
2303 1416 2514 1477 Salon.
2551 1432 2708 1495 quos
2737 1414 2919 1476 affert
2948 1415 3123 1476 Salas
3155 1415 3216 1477 d.
3251 1415 3404 1479 dub.

1865 1526 2084 1571 xxxm.
2121 1528 2185 1569 n.
2220 1513 2278 1570 4.
2312 1512 2504 1587 Arag.
2564 1511 2745 1586 putat
2791 1525 3007 1569 casum
3054 1506 3413 1570 esse‘meta-

1866 1602 2234 1683 physicum;
2261 1602 2370 1662 sed
2399 1601 2532 1680 ipse
2561 1603 2626 1661 et
2653 1604 2932 1661 Navarra
2964 1605 3219 1679 negant,
3255 1600 3412 1681 quos

1868 1696 2057 1757 infert
2087 1699 2151 1757 et
2178 1694 2459 1774 sequitur
2488 1693 2666 1755 Salas
2695 1693 2803 1767 ibi,
2840 1694 2988 1773 quia
3018 1693 3099 1753 ad
3120 1693 3414 1772 judican-

1869 1788 2128 1865 dumfde
2155 1787 2396 1867 justitia
2423 1786 2642 1866 pretii,
2694 1787 2897 1847 solum
2945 1786 3178 1848 attendi
3226 1786 3416 1849 debet

1871 1881 2200 1942 aestimatio
2247 1879 2633 1956 communis,
2688 1896 2829 1959 quae
2878 1881 3080 1941 solum
3113 1879 3414 1941 fundatur

1868 1974 1931 2035 in
1961 1974 2183 2036 notitia
2207 1972 2547 2049 communi,
2574 1990 2699 2033 non
2726 1972 2790 2033 in
2819 1972 3079 2034 scientia
3109 1972 3412 2053 peculiari

1870 2085 2060 2149 quam
2127 2068 2419 2130 venditor
2484 2065 2676 2129 babet
2744 2066 2822 2128 de
2877 2066 3265 2130 abundantia
3319 2067 3414 2129 fu-

1869 2164 2030 2223 tura.

1949 2254 2144 2316 Addit
2170 2256 2382 2315 tamen
2411 2254 2579 2315 idem
2610 2254 2787 2317 Salas
2810 2300 2826 2332 ,
2861 2252 3044 2316 aliter
3072 2253 3412 2317 dicendum

1870 2366 2004 2409 esse
2034 2346 2112 2407 de
2141 2350 2383 2408 rectore
2413 2347 2719 2422 civitati33
2772 2347 2874 2409 hic
2919 2348 3086 2408 enim
3127 2348 3178 2409 si
3226 2347 3411 2410 sciret

1867 2442 2145 2502 futuram
2176 2439 2627 2502 abundantiam
2650 2488 2666 2519 ,
2711 2441 2969 2503 deberet
2996 2441 3077 2502 ad
3113 2440 3176 2501 id
3207 2444 3412 2503 atten-

1870 2534 2019 2594 dere
2046 2533 2110 2593 in
2139 2533 2454 2594 taxatione
2485 2533 2670 2613 pretii
2696 2553 2735 2595 a
2763 2553 2850 2611 se,
2871 2533 2970 2594 vel
3001 2534 3190 2596 etiam
3211 2552 3409 2594 aven-

1869 2627 2070 2687 ditore
2114 2625 2441 2703 facienda,
2493 2629 2556 2687 et
2581 2627 2663 2687 ad
2710 2627 2876 2688 hunc
2918 2628 3108 2687 finem
3150 2625 3410 2688 deberet

1869 2720 2159 2783 notitiam
2186 2737 2366 2781 suam
2395 2719 2710 2798 publicam
2738 2721 2965 2783 facere.
3026 2720 3203 2793 Quod
3244 2718 3411 2779 diffi-

1870 2814 1986 2874 cile
2013 2812 2214 2873 videri
2250 2815 2483 2892 potest;
2546 2813 2694 2892 quia
2740 2812 2934 2892 judex
2982 2813 3047 2873 in
3091 2813 3405 2875 taxatione

1868 2906 2052 2985 pretii
2098 2906 2286 2967 debet
2333 2906 2653 2966 declarare
2700 2905 2874 2984 illud,
2935 2906 3126 2986 quod,
3162 2906 3405 2967 seclusa

1865 2998 2026 3078 lege,
2076 3002 2241 3061 esset
2285 3000 2555 3077 pretium
2600 2998 2859 3078 vulgare
2909 2999 3199 3080 justum:
3260 3012 3404 3060 cum

1866 3110 2017 3171 ergo
2068 3091 2310 3152 seclusa
2355 3092 2492 3170 lege
2536 3091 2599 3151 in
2647 3091 2722 3153 iis
2751 3090 3232 3154 circumstantiis
3260 3111 3406 3172 pre-

1864 3185 2023 3248 tium
2067 3185 2326 3264 vulgare
2366 3186 2608 3265 justum
2663 3204 2786 3247 non
2845 3185 3273 3249 desumeretur
3329 3206 3405 3248 ex

1867 3280 2255 3341 abundantia
2281 3280 2489 3341 futura
2515 3278 2723 3341 adhuc
2753 3281 2995 3344 occulta
3017 3328 3032 3359 ,
3063 3300 3188 3343 non
3216 3300 3406 3361 appa-

1863 3376 1962 3434 ret
1988 3374 2187 3434 curin
2216 3373 2354 3452 lege
2385 3375 2636 3434 taxante
2664 3374 2937 3453 pretium
2968 3373 3195 3437 debeat
3224 3375 3305 3435 ad
3333 3375 3403 3435 il-

1865 3467 1990 3527 lam
2018 3465 2278 3528 attendi.
2315 3465 2538 3527 Adhuc
2565 3468 2775 3528 tamen
2800 3514 2815 3545 ,
2869 3468 3037 3547 quod
3067 3468 3292 3529 attinet
3320 3467 3402 3529 ad

1865 3560 2136 3638 pretium
2163 3560 2304 3638 lege
2332 3559 2675 3620 taxandum
2698 3606 2713 3637 ,
2766 3560 2974 3639 placet
3007 3559 3163 3620 mihi
3191 3560 3298 3622 illa
3322 3561 3400 3621 li-

1863 3653 2106 3714 mitatio
2155 3671 2169 3714 :
2220 3652 2367 3730 quia
2406 3651 2554 3713 licet
2594 3652 2886 3714 venditor
2950 3653 3014 3713 in
3057 3652 3401 3713 vendendis

1863 3745 1991 3806 suis
2018 3745 2333 3805 mercibus
2376 3762 2500 3805 non
2539 3744 2767 3806 debeat
2803 3745 2982 3825 sequi
3010 3743 3293 3806 notitiam
3321 3745 3400 3805 il-

1863 3839 1989 3899 lam
2017 3838 2328 3917 privatam
2359 3855 2547 3917 quam
2580 3837 2788 3915 habet,
2821 3837 2932 3898 sed
2961 3837 3128 3916 vulgi
3162 3838 3402 3917 opinio—

1864 3950 2008 3991 nem
2044 3951 2057 3992 :
2101 3929 2296 4009 judex
2341 3932 2553 3991 tamen
2605 3934 2666 3991 et
2710 3935 2920 3992 rector
2963 3929 3270 4008 civitatis,
3319 3930 3400 3992 ad

1865 4043 2052 4104 quem
2082 4042 2157 4082 ex
2186 4041 2446 4084 munere
2493 4025 2734 4102 spectat
2762 4041 2914 4085 cura
2940 4023 3091 4084 boni
3121 4040 3403 4085 commu-

1863 4118 1980 4194 niS,
2015 4116 2202 4177 debet
2245 4116 2307 4175 in
2351 4115 2596 4195 legibus
2640 4122 2702 4178 et
2749 4115 3014 4179 decretis
3058 4117 3402 4178 condendis

1860 4229 2201 4292 procurare
2240 4208 2568 4271 utilitatem
2611 4207 2965 4288 publicam,
3017 4213 3079 4271 et
3105 4210 3185 4270 ad
3217 4210 3279 4270 id
3311 4210 3401 4271 uti

1862 4305 2050 4367 debet
2078 4321 2472 4384 quacumque
2504 4303 2725 4364 notitia
2771 4304 2958 4365 etiam
3001 4304 3243 4382 privata
3267 4351 3283 4381 ,
3335 4305 3405 4365 ut

1861 4399 2026 4461 hono
2058 4397 2374 4460 communi
2405 4397 2688 4459 consulat
2719 4415 2733 4457 ε
2779 4397 2856 4457 ad
2886 4397 3007 4457 hoc
3035 4397 3201 4457 enim
3229 4399 3402 4477 prin-

1862 4492 2032 4571 cipes
2058 4490 2527 4552 informationes
2553 4489 2790 4551 habent
2815 4493 3085 4550 secretas
3115 4491 3192 4550 de
3214 4490 3400 4551 rebus

1861 4584 2186 4661 omnibuS,
2259 4587 2329 4645 ut
2371 4585 2615 4664 possint
2670 4583 2892 4644 melius
2936 4583 3102 4644 bono
3147 4582 3399 4664 publico

1860 4678 2216 4759 providere.
2270 4676 2448 4742 Unde
2479 4694 2604 4738 non
2634 4677 2837 4739 solum
2864 4677 2927 4737 in
2957 4677 3229 4739 taxando
3259 4696 3403 4757 pre-

1862 4772 1951 4834 tio
1977 4771 2066 4834 rei
2099 4788 2278 4832 novae
2298 4817 2313 4847 ,
2363 4788 2503 4850 quae
2543 4775 2730 4832 antea
2757 4771 3028 4850 pretium
3055 4788 3179 4832 non
3207 4769 3402 4831 habe-

1863 4865 1993 4942 bat,
2028 4864 2140 4925 sed
2168 4866 2355 4926 etiam
2383 4865 2448 4925 in
2475 4864 2750 4925 taxando
2780 4865 2977 4944 pretio
3009 4863 3271 4924 aliarum
3299 4881 3403 4923 re-

1863 4979 2038 5036 rum,
2101 4959 2250 5039 quia
2296 4959 2431 5038 jam
2484 4960 2668 5019 antea
2724 4957 2995 5035 pretium
3052 4955 3397 5033 habebant,

1868 5052 2057 5113 debet
2083 5055 2289 5113 rector
2318 5051 2586 5113 civitatis
2656 5049 2734 5110 ad
2790 5051 2962 5110 illam
2992 5049 3403 5110 circumstan-

1866 5146 2019 5208 tiam
2076 5144 2273 5224 copiae
2319 5148 2596 5206 venturae
2627 5141 2945 5204 attendere
3000 5161 3013 5204 :
3075 5159 3217 5201 cum
3268 5141 3403 5201 haec

1869 5241 2059 5302 etiam
2087 5240 2224 5318 lege
2255 5238 2525 5300 debeant
2571 5237 2649 5297 ad
2688 5236 2922 5297 bonum
2953 5234 3273 5314 publicum
3303 5251 3404 5294 or-

1871 5333 2094 5396 dinari.

1951 5426 2129 5501 Quod
2158 5430 2370 5488 tamen
2401 5423 2622 5487 attinet
2667 5423 2745 5483 ad
2777 5420 3236 5482 moderandum
3263 5438 3406 5499 pre-

248 5523 365 5586 tem
393 5521 702 5602 incurrat*¹
751 5541 940 5607 quam
983 5542 1127 5587 cum
1155 5525 1367 5606 aliqua
1385 5523 1636 5605 jactura
1662 5526 1773 5588 tua
1871 5521 2028 5590 tium
2048 5567 2068 5596 ,
2120 5519 2291 5602 quod
2317 5518 2606 5583 venditor
2635 5516 2765 5596 ipse
2793 5515 3060 5598 imponit
3084 5511 3213 5579 suis
3240 5531 3408 5579 mer-

3563 779 3679 839 148

3479 906 3544 947 An
3519 904 3697 959 niupret
3699 917 3741 947 ιιι

3480 957 3591 1005 ἰιιιιο
3594 958 3739 1001 nide-

3479 1012 3573 1053 beat
3591 1012 3739 1106 minusu,

3460 1077 3514 1120 qu
3488 1065 3651 1106 uoands

3490 1118 3567 1160 abu
3571 1118 3736 1160 ndantia

3536 1172 3684 1217 futura.

3554 5433 3671 5493 149
