4263 6376
55 4195 118 4253 61

2 4312 251 4361 hamien-

2 4370 249 4435 ban-'nm

30 4428 73 4464 ὼ
87 4430 179 4467 ahts

6 4479 218 4532 225aeoe.

747 1277 1788 1482 JOANNIS

1943 1281 2267 1479 DE
2400 1275 3051 1482 LUGO

1466 1785 2326 1917 TRAGTATUS

312 2161 619 2269 DE
835 2163 2049 2276 JUSTITIA
2274 2166 2578 2273 ΕΤ
2808 2165 3473 2279 JURE

1305 2827 2077 2925 DISPUTATIO
2161 2829 2480 2926 XXIII.

782 3493 1205 3579 sterio
1269 3494 1378 3583 lv,

300 3805 353 3865 A
368 3823 406 3861 n
436 3802 753 3884 acceptatio
778 3800 1043 3882 sufficiat
1067 3800 1257 3862 relata
1276 3801 1335 3862 in
1350 3799 1661 3861 arbitr-mm
1692 3819 1839 3881 pro-

624 3908 925 3985 mittentis,
969 3906 1064 3969 vel
1084 3924 1242 3968 mere
1264 3905 1516 3968 interna.

386 4175 759 4252 Supponunt
772 4177 842 4233 ut
859 4174 1101 4231 certum
1115 4168 1330 4249 aliqui,
1345 4169 1837 4248 acceptationem

300 4267 477 4327 illam
505 4284 628 4345 qua
655 4264 880 4344 aliquis
907 4268 1193 4342 acceptat
1215 4308 1232 4340 ,
1261 4261 1635 4323 remittendo
1661 4280 1728 4324 se
1757 4261 1837 4322 ad

301 4358 628 4420 arbitrium
657 4356 1075 4435 promittentis
1099 4401 1116 4433 ,
1166 4373 1290 4416 non
1320 4355 1605 4415 sufficere
1624 4400 1640 4431 ‚
1692 4358 1762 4415 ut
1788 4353 1838 4413 si

302 4451 477 4512 dicat
507 4450 596 4511 :si
618 4447 1109 4525 volumk,veltt'bi
1125 4446 1437 4529 placuerit,
1461 4456 1713 4528 accepto,
1747 4448 1839 4508 Ita

301 4545 536 4605 docent
564 4545 629 4604 P.
662 4543 897 4603 Molina
925 4541 1072 4602 dict.
1106 4544 1260 4602 tom.
1294 4556 1364 4601 11.
1398 4539 1560 4619 disp.
1593 4542 1733 4601 264.
1769 4559 1831 4601 n.

301 4639 361 4698 6.
396 4634 625 4698 Sanch.
675 4635 824 4696 dict.
856 4633 963 4694 lib.
999 4650 1041 4695 1.
1094 4632 1253 4711 disp.
1286 4636 1346 4693 6.
1392 4651 1564 4693 num.
1593 4636 1654 4693 4.
1683 4635 1841 4693 Tur-

301 4730 516 4789 rianus
544 4728 711 4789 dicta
735 4727 897 4806 disp.
929 4726 1144 4787 LXIV.
1177 4723 1326 4785 dub.
1362 4741 1421 4785 v.
1470 4744 1576 4786 nu.
1619 4727 1678 4786 3.
1728 4724 1837 4785 sed

302 4821 439 4881 haec
488 4819 777 4880 doctrina
827 4817 1238 4896 explicatione
1284 4816 1563 4893 indiget,
1636 4820 1837 4895 potest

303 4914 466 4974 enim
496 4912 829 4992 dupliciter
857 4911 920 4971 id
950 4909 1335 4988 contingere.
1374 4909 1578 4969 Primo
1605 4909 1841 4969 sidicat

301 5005 740 5085 promissarius
772 5021 789 5068 :
819 5004 1101 5083 Accepto,
1134 5002 1189 5061 si
1213 4999 1322 5061 tibi
1340 5000 1536 5082 placet
1561 5020 1650 5062 me
1676 5019 1840 5062 acce-

291 5108 486 5179 ptare.
519 5097 812 5161 Secundo
840 5096 889 5157 si
920 5096 1090 5157 dicat
1112 5114 1125 5154 ε
1145 5102 1377 5175 accepto
1404 5094 1460 5154 si
1483 5093 1841 5175 tibiplacue-

304 5192 386 5252 rit
400 5190 757 5273 promissum
783 5188 1089 5249 observare
1121 5206 1134 5247 :
1166 5184 1261 5246 vel
1283 5186 1515 5246 remitto
1542 5185 1607 5245 id
1630 5196 1835 5265 totum,

304 5296 357 5345 et
394 5286 518 5365 ejus
560 5282 952 5344 executionem
989 5277 1237 5340 arbitrio
1282 5286 1400 5339 tuo.
1462 5280 1540 5339 Et
1585 5279 1839 5358 quidem

299 5378 528 5442 nelina
558 5377 680 5438 hoc
707 5374 984 5437 secundo
1014 5371 1202 5433 modo
1230 5389 1445 5433 casum
1473 5373 1834 5451 proposuit:

299 5464 583 5533 Sanch'ez
609 5487 765 5530 vero
788 5516 805 5545 ,
864 5471 928 5528 et
970 5464 1310 5528 Turrianus
1354 5464 1562 5526 minus
1602 5469 1838 5528 attente

616 5565 780 5628 Tou.
812 5562 946 5625 v11.

1939 3151 2131 3214 verba
2160 3156 2503 3232 mutarunt,
2529 3156 2592 3216 et
2617 3157 3076 3234 proposuerunt
3103 3173 3318 3218 casum
3345 3154 3474 3235 pri-

1938 3263 2041 3306 mo
2070 3246 2283 3323 modo,
2317 3265 2462 3308 cum
2489 3251 2702 3308 tamen
2731 3248 2913 3308 valde
2944 3248 3228 3310 diversus
3257 3250 3357 3311 sit.
3403 3250 3472 3310 ln

1939 3339 2214 3399 secundo
2245 3339 2411 3399 enim
2443 3358 2591 3401 casu
2621 3344 2861 3402 certum
2881 3345 2997 3417 est,
3022 3359 3146 3402 non
3163 3339 3335 3403 nasci
3361 3340 3474 3402 ob-

1937 3430 2300 3508 ligationem
2325 3478 2340 3508 ,
2390 3433 2538 3511 quia
2576 3432 2681 3493 illa
2710 3450 2834 3493 non
2863 3438 2958 3495 est
2985 3433 3347 3514 simpliciter
3373 3452 3472 3495 ac-

1939 3523 2233 3601 ceptati0,
2264 3524 2374 3584 sed
2405 3525 2611 3603 potius
2632 3525 2915 3586 remissio
2936 3527 3123 3587 totius
3144 3526 3473 3606 obligatio-

1939 3615 2068 3693 nis,
2126 3634 2271 3677 cum
2299 3617 2452 3677 velis
2481 3617 2945 3696 promittentem
2991 3618 3258 3680 liberum
3287 3618 3473 3680 relin-

1939 3724 2155 3785 quere,
2189 3712 2252 3769 et
2276 3709 2708 3770 executionem
2738 3709 3196 3789 dependentem
3227 3710 3306 3771 ab
3336 3709 3470 3790 ejus

1938 3798 2217 3860 arbitri0.
2279 3802 2346 3860 In
2394 3800 2594 3879 primo
2644 3807 2854 3863 autem
2883 3821 3030 3863 casu
3060 3803 3308 3864 videtur
3336 3821 3470 3864 esse

1939 3892 2282 3970 acceptatio
2305 3892 2513 3952 valida
2546 3913 2559 3954 :
2595 3900 2884 3972 acceptas
2913 3896 3081 3954 enim
3109 3894 3225 3955 sub
3255 3894 3473 3956 condi-

1941 3983 2110 4045 tione
2143 4003 2266 4045 non
2298 3984 2555 4063 quidem
2604 3986 2682 4046 de
2713 3987 2919 4048 futuro
2945 4033 2960 4063 ,
3006 3988 3058 4048 si
3103 3988 3472 4068 promittens

1939 4075 2089 4138 velit
2116 4095 2248 4135 rem
2277 4077 2523 4156 exequi,
2555 4077 2665 4137 sed
2693 4078 2808 4138 sub
2829 4079 3185 4142 conditione
3205 4098 3471 4159 praesen-

1938 4168 2005 4244 ti,
2038 4167 2089 4228 si
2119 4169 2486 4246 promittens
2514 4171 2649 4231 vult
2677 4174 2736 4232 te
2767 4177 3113 4251 acceptare,
3138 4192 3288 4253 ergo
3309 4173 3474 4233 veri-

1937 4261 2123 4321 ficata
2152 4260 2254 4320 illa
2284 4261 2639 4322 conditione
2669 4262 2747 4322 de
2777 4265 3088 4342 praesenti,
3109 4265 3474 4343 purificatur

1937 4352 2282 4432 acceptatio
2312 4359 2375 4414 et
2400 4354 2471 4414 fit
2497 4353 2783 4416 absoluta
2811 4360 2873 4416 et
2899 4355 3125 4418 valida.
3185 4357 3469 4420 Conditio

1939 4449 2151 4506 autem
2179 4445 2283 4505 illa
2329 4464 2603 4523 praesens
2631 4447 3047 4510 communiter
3072 4450 3467 4525 verificatur;

1939 4538 2043 4617 qui
2074 4538 2243 4598 enim
2294 4537 2528 4615 aliquid
2559 4538 2670 4600 tibi
2717 4541 3056 4619 promittit,
3101 4548 3161 4603 et
3191 4561 3266 4602 ex
3293 4547 3471 4623 parte

1938 4648 2053 4691 sua
2077 4649 2142 4690 se
2173 4629 2430 4707 obligat,
2466 4648 2539 4690 eo
2569 4630 2703 4709 ipso
2734 4633 2868 4694 vult
2895 4637 2955 4695 te
2985 4641 3338 4714 acceptare,
3372 4635 3471 4698 vel

1936 4723 2158 4784 saltem
2188 4722 2300 4783 dat
2325 4721 2641 4784 licentiam
2670 4727 3067 4805 acceptand13
3100 4747 3250 4808 ergo
3282 4748 3354 4791 eo
3384 4730 3472 4810 ip-

1936 4834 2005 4876 so
2034 4816 2170 4876 vult
2197 4815 2416 4875 saltem
2446 4816 2766 4878 voluntate
2796 4819 2953 4897 signi
2984 4824 3159 4882 tuam
3179 4828 3468 4902 accepta-

1936 4908 2192 4983 tionem,
2227 4907 2386 4968 sicut
2412 4908 2517 4987 qui
2539 4907 2651 4970 tibi
2671 4910 2905 4990 aliquid
2929 4912 3054 4990 dat,
3092 4932 3164 4975 eo
3183 4915 3315 4995 ipso
3337 4914 3474 4977 vult

1937 5004 1997 5062 te
2027 5000 2178 5061 illud
2208 5000 2494 5078 accipere
2545 5020 2558 5061 :
2603 5002 2962 5065 verificatur
2991 5025 3139 5085 ergo
3169 5007 3465 5084 conditio,

1939 5098 2001 5155 et
2029 5112 2142 5172 per
2160 5111 2552 5177 consequens
2583 5095 2926 5173 acceptatio
2969 5104 3183 5160 manet
3225 5118 3382 5177 pura
3410 5105 3474 5161 et

1938 5186 2246 5248 absoluta.
2295 5186 2733 5263 confirmatur,
2770 5188 2915 5267 quia
2939 5190 2992 5250 si
3021 5192 3201 5253 Petro
3240 5192 3348 5254 tibi
3381 5193 3474 5253 of-

1936 5279 2175 5340 ferente
2203 5278 2432 5338 librum
2460 5297 2642 5340 suum
2671 5285 2736 5340 tu
2767 5280 2937 5342 dicas
2980 5302 2995 5343 ε
3035 5284 3278 5364 accipio,
3308 5286 3366 5346 si
3388 5285 3474 5346 vis

1936 5391 2026 5433 me
2054 5371 2220 5432 illum
2251 5370 2515 5451 acct'pere
2535 5418 2551 5447 ,
2584 5371 2689 5432 illa
2719 5377 2886 5434 certe
2911 5376 3191 5454 acceptio
3224 5378 3473 5440 absolu-

1937 5470 2002 5528 ta
2039 5469 2101 5527 et
2135 5462 2346 5526 valida
2371 5464 2821 5528 aestimaretur:
2856 5484 3003 5528 nam
3033 5486 3105 5530 eo
3136 5468 3270 5549 ipso
3302 5470 3470 5551 quod

3117 5564 3148 5625 1
