4263 6376
1234 330 1704 390 DISPUTATIO
1749 331 1938 405 XXV,
1987 331 2262 391 SECTIO
2315 332 2464 392 VIII.

252 508 474 575 ortum,
509 502 677 582 quod
708 503 773 562 in
803 504 908 564 illo
942 504 1196 583 quidem
1226 505 1418 582 priori
1447 508 1649 565 ortum
1679 504 1788 564 ha-

251 596 384 656 buit
409 599 473 656 et
492 602 588 656 est
614 595 934 656 diversum
965 597 1043 657 ab
1073 597 1201 672 illo,
1237 602 1300 658 et
1327 615 1453 657 non
1483 596 1671 658 debet
1699 616 1789 656 se-

253 687 354 767 qui
382 688 777 748 conditiones
798 688 991 749 debiti
1018 688 1243 768 prioris
1263 735 1281 761 ,
1335 688 1443 749 sed
1493 693 1587 750 est
1629 689 1790 748 sicut

250 779 371 840 alia
396 778 611 839 debita
640 781 1002 859 pecuniaria
1026 828 1041 856 ,
1075 800 1215 860 quae
1261 782 1462 841 solum
1511 781 1791 859 obligant

253 872 330 933 ad
358 872 726 933 solvendam
756 874 1088 952 pecuniam
1119 873 1394 935 debitam
1422 919 1437 949 ,
1485 891 1609 934 non
1638 890 1786 932 vero

253 965 329 1025 ad
357 964 833 1043 subrogandum
863 965 1098 1044 aliquid
1128 965 1538 1041 fructiferum,
1572 982 1788 1044 quam-

253 1057 355 1118 diu
384 1075 509 1118 non
539 1057 823 1118 solvitur.
860 1057 1034 1130 Quod
1054 1058 1351 1135 explicari
1366 1062 1570 1135 potest
1585 1075 1789 1116 exem-

252 1150 350 1229 plo
378 1150 509 1209 voti
539 1150 874 1225 reservati,
910 1149 1076 1229 quod
1105 1150 1155 1209 si
1201 1149 1476 1229 legitime
1513 1167 1789 1210 commu-

254 1247 445 1304 tatum
476 1241 636 1303 sitin
653 1241 981 1302 materiam
1011 1242 1196 1302 aliam
1228 1260 1351 1301 non
1380 1246 1785 1316 reservatam,

253 1334 545 1414 obligatio
577 1333 654 1393 ad
688 1333 852 1394 hanc
876 1334 1218 1394 secundam
1245 1334 1573 1394 materiam
1599 1381 1613 1408 ,
1646 1334 1793 1393 lieet

191 1436 202 1443 '
254 1431 451 1487 ortum
468 1425 706 1486 habeat
721 1444 796 1485 ex
815 1427 1005 1504 priori
1028 1426 1562 1505 obligatione,non
1578 1430 1790 1486 tamen

90 2456 149 2514 P..

90 2578 185 2726 {52}

91 5136 173 5194 161

90 5259 104 5302 I·
117 5265 239 5312 mdo

91 5325 128 5351 u
146 5317 241 5359 datur

91 5363 149 5406 In
165 5372 203 5410 td

91 5421 225 5480 “Upim

254 1519 414 1580 subit
438 1518 835 1581 conditiones
862 1519 1049 1595 illius,
1076 1537 1191 1579 nec
1220 1522 1316 1580 est
1340 1523 1683 1593 reservata,
1709 1518 1792 1577 si-

255 1616 354 1673 cut
365 1612 560 1689 prior,
578 1616 654 1672 ut
670 1630 815 1671 cum
834 1612 973 1672 aliis
994 1612 1178 1673 docet
1188 1610 1544 1673 Tb.Sanch.
1561 1611 1666 1671 lib.
1684 1612 1786 1671 lv.

254 1703 611 1784 inDecaloq.
645 1721 897 1784 capul..
924 1724 1028 1766 nu.
1051 1708 1151 1766 46.
1186 1710 1248 1765 et
1273 1704 1457 1765 latius
1484 1703 1592 1763 lib.
1628 1704 1786 1765 VIII.

253 1795 318 1857 de
342 1796 684 1860 matrimon.
716 1797 877 1875 disp.
915 1814 999 1858 1x.
1043 1817 1149 1859 nu.
1196 1801 1292 1858 20.
1332 1796 1455 1859 Sed
1495 1795 1686 1856 habet
1726 1812 1791 1855 se

255 1889 407 1950 sicut
431 1889 558 1949 alia
588 1890 804 1950 omnia
820 1895 961 1951 vota
992 1909 1117 1951 non
1131 1894 1472 1950 reservata.
1495 1887 1794 1950 Similiter

255 2000 396 2062 ergo
423 1982 732 2063 obligatio
761 1983 842 2044 ad
870 1984 1107 2044 fructus
1135 2002 1247 2062 pro
1270 1982 1562 2044 oneribus
1581 1980 1793 2042 matri-

253 2075 440 2137 monii
468 2075 720 2136 dandos
762 2080 1146 2138 commutata
1186 2076 1249 2136 in
1288 2074 1568 2135 debitum
1610 2091 1794 2152 pecu·

256 2168 517 2228 niarium
572 2168 852 2230 extincta
893 2172 1024 2245 est,
1075 2172 1138 2229 et
1165 2168 1285 2229 hoc
1314 2167 1481 2228 aliud
1509 2166 1793 2227 debitum

257 2261 439 2323 habet
477 2279 547 2320 se
605 2260 771 2322 sicut
798 2261 922 2321 alia
964 2260 1173 2322 omnia
1228 2260 1441 2321 debita
1494 2258 1790 2337 pecunia-

257 2372 363 2415 ria.

331 2447 461 2507 Hoc
503 2450 723 2507 autem
771 2445 977 2525 ipsum
1029 2464 1173 2505 cum
1220 2446 1624 2524 proportione
1673 2445 1793 2505 dici

258 2542 454 2618 potest
479 2538 546 2598 in
579 2557 733 2599 casu
766 2538 829 2597 in
857 2539 1237 2599 contrarium
1269 2538 1541 2599 adducto
1572 2538 1650 2598 de
1671 2538 1794 2598 hae-

259 2631 398 2692 rede
426 2630 710 2709 obligato
739 2630 821 2690 ad
853 2630 1144 2691 alimenta
1173 2650 1382 2691 annua
1411 2652 1424 2692 :
1468 2630 1797 2710 dupliciter

260 2724 415 2783 enim
440 2728 659 2802 potest
700 2723 809 2783 tali
858 2723 1157 2802 legatario
1202 2724 1563 2802 promittere
1605 2742 1796 2801 pecu-

261 2817 440 2892 niam,
487 2835 618 2895 qua
669 2819 840 2878 emat
877 2834 1136 2876 censum
1165 2816 1344 2895 cujus
1374 2815 1679 2876 fructibus
1709 2815 1794 2875 ali

259 2908 463 2986 possit.
498 2908 738 2984 Prim0‚
759 2926 881 2968 non
904 2907 1323 2986 extinguendo
1349 2908 1618 2986 priorem
1645 2906 1795 2966 obli-

260 3002 566 3079 gationem
598 3000 683 3060 ad
712 3001 1041 3073 alimenta,
1089 3001 1200 3060 sed
1227 3000 1291 3060 in
1322 2999 1455 3079 ejus
1485 2999 1798 3060 executio-

263 3112 395 3152 nem
468 3093 900 3171 promittendo
965 3092 1025 3152 ei
1077 3093 1268 3152 talem
1323 3091 1654 3171 pecuniam
1714 3091 1794 3150 ad

263 3185 589 3247 emendum
622 3205 878 3247 censum
936 3206 950 3245 ε
1008 3190 1071 3247 et
1117 3191 1262 3248 tunc
1305 3184 1548 3246 admitti
1589 3186 1796 3263 potest

263 3279 418 3359 quod
448 3279 496 3339 si
528 3279 730 3340 dilata
775 3278 1083 3339 solutione
1112 3278 1274 3337 illius
1297 3278 1576 3357 pecuniae
1600 3324 1614 3353 ,
1647 3277 1794 3338 sub·

263 3375 431 3451 roget
454 3371 726 3432 fundum
774 3370 952 3450 cujus
999 3370 1303 3430 fructibus
1346 3370 1681 3449 legatarius
1713 3370 1795 3430 ali

263 3465 464 3543 possit,
507 3483 640 3524 non
671 3462 899 3524 debeat
924 3464 1265 3542 legatarius
1295 3463 1534 3523 fructus
1564 3462 1700 3522 illos
1729 3462 1791 3522 in

266 3561 481 3618 sortem
528 3557 817 3636 pecuniae
858 3556 1178 3636 promissae
1209 3561 1601 3635 computare3
1646 3555 1792 3633 qnia

265 3650 485 3710 tructus
513 3650 601 3710 illi
633 3668 753 3709 non
786 3649 1014 3709 dantur
1041 3667 1152 3727 pro
1184 3648 1479 3709 dilatione
1509 3647 1790 3726 pecnniae

266 3743 574 3821 promissae
598 3788 616 3814 ,
665 3741 776 3801 sed
815 3759 925 3820 pro
973 3741 1185 3803 debito
1215 3742 1654 3802 alimentorum
1685 3740 1791 3800 ad-

268 3835 379 3896 huc
430 3839 895 3914 perseverante.
971 3834 1260 3895 Secundo
1314 3839 1526 3895 tamen
1581 3838 1792 3912 posset

268 3927 453 3989 haeres
499 3927 815 3989 redimere
863 3927 1308 4006 obligationem
1355 3928 1525 3987 illam
1573 3926 1652 3985 ad
1680 3926 1789 3986 ali-

266 4026 463 4083 menta
491 4020 804 4100 promissa
830 4025 1005 4081 tanta
1033 4021 1314 4099 pecuniae
1361 4038 1628 4096 summa,
1664 4038 1788 4098 qua

266 4113 593 4193 legatarius
624 4118 794 4174 emat
822 4132 1097 4188 censum,
1131 4118 1194 4174 et
1228 4118 1374 4175 tunc
1404 4113 1625 4173 eodem
1653 4131 1789 4172 mo-

269 4207 340 4267 do
368 4207 704 4269 dicendum
738 4211 831 4268 est
857 4206 1133 4286 extingui
1161 4207 1434 4285 priorem
1465 4206 1787 4284 obligatio·

269 4319 421 4378 nem,
453 4306 514 4362 et
541 4301 922 4362 commutari
949 4300 1011 4360 in
1042 4301 1162 4361 hoc
1192 4300 1360 4359 aliud
1390 4299 1669 4360 debitum
1700 4302 1787 4359 ta-

271 4391 337 4451 lis
362 4394 642 4472 pecuniae
661 4439 679 4470 ,
719 4412 833 4471 pro
882 4392 1060 4473 cujus
1090 4392 1386 4453 dilatione
1417 4397 1633 4472 postea
1661 4410 1786 4452 non

270 4486 480 4564 poterit
532 4485 811 4547 creditor
861 4486 1099 4545 fructus
1150 4485 1428 4564 pignoris
1490 4486 1783 4561 retinere,

272 4577 375 4636 nisi
402 4580 645 4641 ratione
674 4578 832 4638 lucri
859 4578 1159 4639 cessantis
1188 4578 1284 4638 vel
1327 4578 1538 4637 damni
1586 4597 1788 4638 emer-

272 4671 459 4748 gentis
478 4718 494 4748 ‚
527 4690 605 4732 eo
636 4670 804 4751 quod
834 4671 953 4731 hoc
984 4671 1329 4731 secundum
1350 4671 1631 4732 debitum
1661 4689 1786 4731 non

273 4764 546 4842 respiciat
574 4765 874 4824 alimenta
900 4764 1200 4842 temporis
1232 4763 1555 4843 praesentis
1578 4811 1593 4840 ,
1642 4763 1790 4824 licet

273 4874 339 4915 ex
390 4856 600 4922 debito
657 4857 1095 4918 alimentorum
1153 4862 1357 4918 ortum
1407 4857 1623 4930 fuerit;
1675 4875 1789 4935 per

275 4950 427 5027 quod
455 4954 629 5029 patet
653 4950 735 5011 ad
762 4950 1069 5010 rationem
1092 4949 1417 5010 dubitandi
1448 4950 1510 5009 in
1541 4953 1789 5010 contra-

276 5040 423 5100 rium
448 5043 855 5121 propositam.
889 5045 978 5103 Ex
1008 5043 1188 5102 dictis

349 5135 607 5196 Infertur
634 5136 835 5213 primo
857 5181 872 5211 ,
917 5135 1300 5195 decisionem
1332 5135 1479 5196 dicti
1510 5154 1646 5213 cap.
1679 5134 1794 5196 Sa·

279 5224 523 5303 lubriter,
547 5245 671 5287 non
693 5228 1054 5306 procedere,
1085 5228 1335 5306 quando
1354 5228 1581 5307 pignus
1610 5228 1795 5288 datur

280 5336 493 5395 genero
521 5338 693 5379 mere
722 5321 801 5380 ad
831 5320 1232 5381 securitatem
1262 5321 1424 5381 dotis
1445 5320 1789 5399 promissae,

283 5429 391 5470 non
440 5413 520 5472 ad
574 5431 768 5486 onera
821 5412 1204 5474 matrimonii
1250 5414 1635 5474 sustinenda.
1700 5415 1793 5474 Ita

167 5506 178 5515 ’
283 5504 511 5568 Lessius
540 5525 604 5570 n.
635 5510 772 5570 142.
807 5511 869 5570 et
896 5506 1040 5583 alii,
1095 5526 1253 5587 quos
1282 5507 1475 5568 refert
1501 5513 1563 5567 et
1590 5506 1791 5586 sequi-

3298 331 3414 389 229

1882 508 1986 565 tur
2016 506 2193 566 Salas
2210 526 2270 567 n.
2309 510 2403 567 11.
2466 506 2644 567 Ratio
2677 510 2885 566 autem
2916 509 3030 582 est,
3067 506 3214 585 quia
3258 506 3421 566 sicut

1885 616 2061 658 socer
2100 602 2307 676 potest
2350 598 2561 659 dotem
2600 599 2664 658 in
2694 598 2828 658 aliis
2857 599 3044 659 rebus
3073 598 3413 676 assignare,

1885 690 1972 750 ita
2002 691 2254 768 poterit,
2289 691 2336 750 si
2378 692 2549 765 velit,
2601 692 2666 750 in
2692 691 2996 752 fructibus
3043 691 3184 752 talis
3214 689 3414 765 fundi,

1885 783 1938 841 si
1965 802 2161 861 gener
2186 784 2591 862 assignationi
2613 784 2980 845 consentiat.
3016 784 3241 845 Videat
3268 800 3418 861 ergo

1884 893 2099 953 gener,
2127 894 2203 934 an
2236 876 2293 935 ei
2323 876 2612 954 expediat
2638 877 2875 936 fructus
2904 895 3018 955 pro
3050 882 3227 955 parte
3258 874 3421 936 dotis

1885 967 2246 1047 principalis
2285 968 2605 1047 accipere3
2660 969 2828 1048 quod
2876 968 2926 1028 si
2970 987 3096 1028 non
3144 967 3416 1046 expedit,

1886 1077 2012 1119 non
2041 1064 2323 1140 acceptet
2344 1060 2493 1120 illud
2526 1066 2779 1140 pactum
2802 1107 2817 1137 ,
2878 1061 2987 1121 sed
3033 1065 3207 1139 petat
3245 1065 3314 1121 ut
3356 1060 3421 1119 in

1886 1150 2023 1212 aliis
2048 1152 2237 1213 rebus
2263 1153 2773 1258 permanentibus
2802 1154 3175 1232 assignetur.

1969 1244 2239 1305 infertur
2286 1244 2599 1322 secunde,
2648 1246 2700 1305 si
2741 1264 2934 1324 gener
2961 1245 3420 1324 possessionem

1890 1356 2080 1417 quam
2123 1337 2201 1397 ab
2231 1337 2408 1398 initio
2456 1356 2566 1416 pro
2617 1338 2878 1417 pignore
2918 1338 3191 1417 aceepit,
3240 1343 3303 1399 et
3348 1357 3422 1396 ex
3474 1381 3535 1433 Q„
3537 1382 3649 1447 ,dude
3677 1383 3770 1476 ³3¹¹

3571 1258 3684 1317 165

1891 1448 2016 1509 qua
2042 1429 2208 1491 licite
2241 1430 2478 1491 fructus
2521 1431 2788 1509 percipit
2817 1449 2982 1491 11011
2989 1431 3426 1509 :omputandos
3521 1449 3587 1478 ⁰1¹¹
3609 1448 3720 1488 ce

3491 1501 3620 1551 Plffflss

1888 1521 1953 1581 in
1982 1526 2212 1582 sortem
2221 1522 2431 1600 ,juxta
2459 1523 2842 1583 decisionem
2871 1523 3035 1583 illius
3062 1528 3289 1598 textuS‚
3314 1541 3429 1599 op·
3479 1543 3660 1597 oinoppg

1890 1614 2180 1693 pignoret
2218 1615 2395 1675 alteri
2445 1633 2557 1694 pro
2596 1615 2861 1693 pecunia
2889 1620 3106 1675 mutuo
3142 1621 3421 1720 accepta,

1892 1706 2059 1766 hunc
2088 1707 2281 1766 alium
2309 1724 2431 1766 non
2462 1725 2645 1786 posse
2682 1708 2848 1768 ultra
2878 1712 3111 1768 sortem
3152 1708 3435 1785 accipere

1891 1798 2127 1858 fructus
2158 1800 2321 1859 illius
2349 1800 2793 1878 possessioniS,
2845 1801 3008 1861 sicut
3051 1819 3248 1878 gener
3277 1800 3438 1860 acci-

1892 1890 2125 1969 piebat,
2158 1892 2269 1951 sed
2300 1891 2527 1951 debere
2560 1909 2667 1951 eos
2697 1891 2757 1950 in
2780 1896 3014 1954 sortem
3044 1896 3434 1971 computare.

1891 1985 1984 2044 Ita
2010 1984 2241 2044 Molina
2288 1985 2344 2064 ἓ.
2376 1984 2536 2044 Hinc·
2564 1983 2888 2063 intelliqes,
2942 1988 3004 2045 et
3055 1985 3233 2046 Salas
3282 1984 3433 2046 dub.

1890 2092 2032 2136 xxx.
2078 2095 2139 2136 n.
2178 2079 2273 2137 11.
2300 2076 2403 2155 qui
2454 2076 2608 2137 alios
2638 2078 2838 2137 affert.
2903 2077 3080 2138 Ratio
3115 2082 3209 2138 est
3237 2077 3430 2153 clara,

1893 2168 2037 2247 quia
2070 2169 2170 2228 ille
2198 2168 2357 2229 alius
2388 2187 2511 2229 non
2543 2168 2734 2229 habet
2760 2168 3009 2230 titulum
3032 2188 3220 2248 quem
3243 2188 3439 2248 gener

1890 2260 2185 2338 habebat,
2243 2261 2351 2322 sed
2381 2262 2693 2341 acciperet
2749 2261 2989 2321 fructus
3039 2263 3299 2341 praecise
3356 2262 3435 2322 ob

1894 2360 2181 2415 mutuum
2213 2354 2453 2430 datum,
2481 2354 2648 2433 quod
2679 2358 2844 2415 esset
2872 2372 3061 2414 usura
3083 2374 3095 2414 :
3120 2373 3313 2433 gener
3328 2374 3434 2414 au-

1892 2450 2020 2508 tem
2065 2446 2309 2524 accipit,
2355 2465 2477 2507 non
2510 2446 2590 2507 ob
2618 2451 2929 2523 mutuum,
2984 2447 3096 2506 sed
3125 2465 3200 2506 ex
3230 2447 3433 2525 primo

1894 2543 2220 2600 contractu
2251 2538 2438 2600 dotali
2457 2586 2472 2616 ,
2519 2542 2582 2600 et
2630 2545 2931 2618 tanquam
2978 2543 3222 2617 partem
3273 2539 3433 2600 dotis

1892 2632 2237 2711 promissae.

1972 2725 2244 2785 Insertur
2266 2723 2473 2800 tertio,
2498 2724 2658 2784 sicut
2685 2727 2892 2803 potest
2919 2742 3099 2784 socer
3127 2723 3276 2783 dare
3306 2724 3430 2783 fru-

1893 2910 2097 2986 solvit,
2129 2909 2218 2969 ita
2245 2928 2428 2987 posse
2458 2910 2782 2989 assignare
2810 2910 2899 2969 1111
2929 2910 3292 2988 pensionem
3322 2908 3430 2968 ali-

1890 3096 2135 3157 rit.1ta
2164 3101 2383 3156 contra
2414 3095 2745 3155 nonnullos
2803 3095 2864 3154 id
2914 3099 3217 3174 negantes
3248 3094 3433 3155 docet

1890 3188 2121 3250 Molina
2151 3207 2293 3249 cum
2315 3190 2631 3250 communi
2659 3190 2714 3268 ς.
2750 3190 3116 3267 penultimo,
3153 3187 3330 3250 Salas
3361 3208 3423 3248 n.

1895 3285 1987 3342 17.
2028 3286 2089 3343 et
2118 3281 2221 3341 alii
2251 3281 2668 3342 communiter
2702 3301 2715 3341 ε
2752 3282 2898 3360 quia
2930 3300 3055 3342 non
3102 3286 3197 3341 est
3242 3281 3424 3356 ratic,

1891 3393 2003 3434 cur
2047 3373 2211 3435 sicut
2251 3378 2456 3451 potest
2502 3392 2575 3432 ex
2622 3374 2684 3433 vi
2732 3373 2917 3451 primi
2948 3377 3307 3434 contractus
3337 3373 3430 3432 os-

1888 3466 2051 3527 ferre
2084 3467 2247 3527 ultra
2273 3466 2483 3527 dotem
2508 3466 2915 3545 principalem
2945 3467 3183 3527 fructus
3207 3465 3429 3545 pigno-

1887 3559 1973 3618 ris
1998 3606 2012 3635 ,
2066 3577 2189 3619 non
2233 3559 2429 3637 possit
2470 3559 2659 3619 etiarn
2712 3561 2933 3619 offerre
2963 3558 3295 3636 pecuniam
3322 3576 3425 3616 an·

1890 3670 2079 3712 uuam
2118 3650 2402 3730 ejusdem
2440 3651 2668 3711 valoris
2698 3669 2841 3712 cum
2872 3650 3178 3710 fructibus
3208 3648 3422 3727 pigno-

1888 3744 1994 3804 ris,

1966 3836 2237 3896 Infertur
2257 3839 2505 3913 quarto,
2539 3835 2690 3914 quid
2726 3835 3061 3895 dicendum
3090 3833 3189 3909 sit,
3224 3851 3422 3911 quan-

1886 4022 2091 4098 solvit,
2125 4039 2248 4100 quo
2276 4039 2380 4081 cas
2385 4040 2424 4080 u
2453 4021 2686 4081 Melina
2721 4020 3034 4099 §.Quarto
3063 4017 3296 4098 collaeqo,
3334 4018 3422 4077 di-

1886 4115 1989 4191 cit,
2024 4132 2328 4193 generum
2364 4112 2592 4173 debere
2622 4113 2859 4173 fructus
2887 4112 3165 4192 pignoris
3194 4111 3253 4171 in
3288 4127 3420 4170 sol-

1883 4213 2012 4269 tem
2042 4210 2404 4286 computare
2426 4254 2441 4283 ,
2485 4207 2535 4266 si
2566 4225 2639 4267 eo
2666 4211 2947 4285 tempore
2978 4206 3214 4265 nullum
3263 4223 3420 4264 onus

1884 4300 2266 4362 matrimonii
2306 4304 2368 4361 ct
2396 4303 2654 4377 propter
2680 4318 2939 4360 uxorem
2969 4297 3195 4359 sentiat
3220 4296 3420 4375 magis

1886 4412 2076 4474 quam
2103 4393 2157 4452 si
2193 4393 2344 4452 illud
2395 4410 2520 4452 non
2562 4392 2970 4463 celebrasset;
3032 4391 3177 4470 quia
3221 4393 3423 4450 cessat

1884 4487 2101 4548 titulus
2138 4484 2346 4565 justus
2390 4503 2496 4544 eos
2541 4485 2779 4545 fructus
2810 4489 2985 4545 extra
3015 4488 3248 4543 sortem
3277 4501 3420 4560 per·

1885 4578 2159 4657 cipiendi
2210 4581 2469 4657 propter
2516 4596 2709 4637 onera
2762 4575 3165 4637 matrimonii.
3242 4575 3419 4646 Quod

1884 4672 2111 4731 sentire
2169 4671 2357 4731 etiam
2404 4670 2697 4731 videntur
2745 4670 3059 4745 Silvester,
3119 4668 3415 4744 AngeIUS,

1885 4764 2188 4840 Tabiena‚
2224 4765 2431 4838 SotuS,
2464 4765 2660 4841 vega,
2687 4768 2749 4824 et
2778 4763 2901 4837 alii,
2929 4781 3084 4842 quos
3114 4764 3292 4821 affert
3314 4762 3421 4821 Sa-

1887 4858 1977 4917 las
2009 4876 2070 4918 n.
2106 4859 2203 4918 10.
2262 4858 2393 4917 1100
2428 4861 2635 4915 tamen
2668 4874 2791 4916 non
2823 4856 3010 4916 credo
3058 4855 3119 4914 in
3167 4853 3418 4912 univer-

1887 4969 2025 5011 sum
2050 4968 2293 5010 verum.
2326 4947 2558 5025 Prim0,
2595 4948 2741 5028 quia
2768 4950 2913 5008 licet
2940 4966 3135 5025 gener
3163 4963 3423 5005 uxorem

1890 5062 2010 5103 non
2043 5043 2190 5119 alat,
2223 5045 2428 5121 potest
2454 5046 2662 5102 tamen
2694 5041 2902 5101 adhuc
2924 5040 3047 5099 alia
3078 5056 3266 5099 onera
3294 5055 3423 5096 ma·

1889 5136 2165 5199 trimonii
2193 5136 2447 5210 sentire,
2480 5153 2541 5195 ν.
2572 5154 2634 5213 g.
2668 5135 2834 5194 alere
2864 5131 3043 5204 filios,
3080 5149 3308 5209 augere
3335 5130 3422 5189 fa-

1889 5228 2148 5304 miliam,
2209 5232 2273 5288 et
2297 5232 2583 5306 sumptus
2613 5226 3021 5300 domesticos„
3081 5223 3200 5302 ipsi
3253 5223 3420 5283 enim

1890 5321 2024 5382 viro
2057 5321 2245 5382 etiam
2279 5322 2643 5380 accrescunt
2672 5319 2817 5379 novi
2855 5322 3139 5394 sumptus
3169 5319 3424 5394 propter

1892 5413 2363 5476 matrimonium
2411 5417 2639 5490 praeter
2681 5411 2977 5471 alimenta
3020 5408 3251 5469 uxoris.
3315 5409 3421 5468 Se-

1894 5506 2097 5568 cundo
2118 5552 2135 5583 ,
2201 5506 2347 5585 quia
2405 5506 2456 5568 si
2502 5505 2561 5564 in
2619 5504 2820 5588 primo
2879 5502 3042 5566 dotis
3098 5504 3421 5564 contractu

3604 1555 3710 1638 rit.-

3580 2722 3694 2781 166

1893 2821 2029 2877 ctus
2058 2817 2337 2895 pignoris
2385 2834 2653 2895 genero,
2699 2816 2998 2895 quamdiu
3048 2816 3256 2877 dotem
3304 2834 3428 2876 non
3479 2846 3675 2911 nm„
3663 2847 3777 2890 Ὴο,

3496 2912 3682 3016 «1οηρέ
3672 2913 3756 2996 ¹:3¹:

1894 3022 2084 3082 quam
2129 3020 2440 3078 annuam,
2492 3002 2791 3081 quamdiu
2841 3001 3051 3063 dotem
3083 3020 3206 3062 non
3238 3001 3433 3061 solve·
3478 3017 3595 3060 penu
3595 3019 3772 3050 umu-

3570 3842 3682 3900 167

1888 3928 1968 3989 (10
1999 3947 2178 3989 socer
2204 3927 2399 3987 filiam
2429 3929 2539 3989 alit
2568 3928 2817 3988 interim
2864 3927 3015 3987 dum
3054 3926 3266 3985 dotem
3296 3943 3419 3984 non
3466 3963 3586 4018 Qum·
3598 3980 3631 4010 ⁸,
3648 3980 3766 4011 m

3494 4021 3519 4061 1“
3523 4021 3617 4062 Ita
3637 4022 3673 4062 al
3677 4027 3736 4071 an

3468 4087 3544 4127 qua
3521 4074 3655 4115 amdin
3678 4074 3765 4117 do-

3522 4133 3651 4168 temn
3653 4140 3708 4170 on

3549 4181 3687 4223 solvit.

3663 1448 3787 1585 111ἔὰ
