4263 6376
37 3110 120 3257 ξξξι.
37 2983 63 3039 ··”

1139 274 1611 338 DISPUTATIO
1656 274 1928 349 XXXVI,
1979 274 2254 335 SEc'rlo
2300 276 2348 333 V
2357 274 2429 334 11.

201 472 353 517 nunc
399 453 747 530 debebunt,
796 452 945 533 quia
992 470 1117 512 non
1156 455 1252 513 est
1299 469 1613 512 excessuS.
1666 449 1731 511 Si

199 566 336 609 vero
366 568 493 609 non
522 545 861 621 sufficiunt,
898 545 1212 623 oportebit
1239 563 1471 623 augere
1500 544 1735 604 tributa

200 645 261 702 ιιι
285 641 617 716 sufficiant,
650 644 836 719 atque
867 639 1026 699 adeo
1072 638 1307 699 subditi
1355 656 1479 698 non
1525 654 1736 696 exem-

200 735 284 813 pti
301 734 501 813 magis
528 732 980 812 gravabuntur.
1017 732 1122 792 His
1152 731 1512 811 suppositis·

281 827 615 890 Dubitatur
647 826 872 905 prime,
918 844 996 886 an
1052 843 1163 884 rex
1204 824 1400 904 possit
1428 819 1734 903 ejusmodi

201 920 657 999 exemptionem
687 924 748 982 et
776 919 1173 980 nobilitatem
1204 936 1327 978 non
1358 918 1559 979 solum
1592 933 1736 977 con-

201 1014 415 1075 cedere
465 1012 544 1072 ad
587 1010 1050 1072 remuneranda
1104 1010 1351 1085 merita,
1388 1010 1498 1069 sed
1548 1008 1736 1069 etiam

201 1104 514 1166 vendere?
543 1106 790 1183 Negant
819 1105 993 1179 Sot0‚
1027 1101 1320 1178 Palatius,
1346 1107 1409 1163 et
1436 1100 1538 1161 alii
1570 1098 1738 1179 apud

202 1198 481 1260 Sanchez
536 1216 598 1257 u.
659 1199 718 1257 5.
776 1195 896 1255 nisi
948 1213 1060 1255 rex
1088 1195 1367 1255 remittat
1397 1193 1476 1253 de
1505 1193 1737 1254 tributo

202 1290 407 1352 debito
439 1292 684 1368 partem
711 1287 881 1348 illam
912 1303 1103 1367 quam
1131 1285 1403 1364 exempti
1423 1285 1742 1346 debebunt

200 1384 479 1459 solvere;
515 1401 592 1441 ne
622 1382 729 1443 alii
759 1381 897 1459 plus
943 1381 1186 1441 solvere
1242 1382 1570 1457 cogantur.
1621 1380 1741 1439 Ne-

199 1478 332 1557 gari
388 1480 599 1536 tamen
657 1493 781 1536 non
838 1476 1065 1552 potest,
1119 1472 1288 1551 quod
1354 1471 1553 1550 possit
1605 1488 1738 1530 esse

203 1589 389 1631 causa
409 1567 762 1648 justificans
791 1567 982 1628 talem
1011 1565 1460 1640 venditionem,
1496 1561 1738 1624 etiamsi

204 1682 325 1724 non
351 1661 707 1723 remittatur
737 1679 884 1739 pars
912 1659 1020 1719 illa
1048 1659 1124 1719 de
1142 1658 1383 1738 reliquo
1408 1657 1640 1719 tributo
1674 1660 1742 1717 ut

202 1760 416 1818 tenent
444 1754 758 1829 Corduba,
793 1757 856 1814 et
887 1753 991 1813 alii
1021 1770 1179 1831 quos
1205 1752 1400 1811 refert
1428 1755 1491 1811 et
1533 1769 1640 1828 seq
1653 1748 1741 1809 ui·

202 1855 300 1912 tur
327 1849 496 1911 idem
525 1846 757 1909 Sanch.
793 1866 854 1906 n.
887 1848 947 1907 6.
976 1849 1041 1906 et
1065 1843 1299 1906 Melina
1355 1843 1462 1905 uhi
1521 1861 1735 1922 supra,

201 1963 258 2004 v.
293 1962 357 2022 g.
391 1941 444 2002 si
471 1960 582 2002 rex
611 1939 875 2000 haberet
895 1939 1132 2017 justam
1164 1955 1419 1998 causam
1449 1934 1741 2016 exigendi

201 2035 530 2097 asubditis
576 2033 738 2094 ultra
786 2036 1157 2093 consuetum
1205 2029 1530 2106 tributum,
1564 2028 1743 2108 cujus

198 2130 335 2189 loco
389 2130 604 2208 posset
657 2125 930 2186 vendere
990 2124 1419 2202 exemptiones
1476 2123 1632 2199 illam,
1677 2125 1746 2184 ut

198 2220 397 2302 pretio
427 2224 686 2297 accepto
725 2218 1019 2279 liberaret
1047 2217 1348 2296 populum
1378 2216 1459 2277 ab
1486 2216 1591 2277 illo
1624 2215 1744 2276 alio

198 2333 390 2378 onere
417 2312 565 2373 novi
593 2311 834 2387 tributi,
869 2311 1039 2370 idem
1069 2315 1183 2387 est,
1219 2309 1472 2389 quando
1523 2307 1744 2388 populi

198 2426 325 2470 non
354 2409 503 2467 sunt
528 2404 729 2485 parati
759 2408 829 2465 ιιι
855 2402 1256 2465 contribuant
1318 2403 1748 2465 necessarium

196 2518 312 2580 pro
349 2499 564 2577 aliqua
593 2497 843 2576 urgenti
870 2496 1263 2572 necessitate,
1287 2496 1388 2556 cui
1414 2496 1612 2574 pretio
1641 2494 1746 2556 illo

195 2612 307 2655 rex
336 2590 669 2672 providere
726 2593 954 2668 potest.
1004 2588 1320 2657 Admonet
1360 2592 1571 2651 tamen
1618 2590 1750 2650 Μο-

194 2687 350 2763 lina‚
385 2683 595 2765 quoad
641 2683 777 2745 fieri
831 2681 1027 2762 possit
1081 2682 1339 2744 vitanda
1395 2680 1533 2743 baec
1561 2699 1698 2742 esse
1728 2695 1745 2755 ;

197 2797 397 2860 quare
456 2796 581 2841 non
625 2776 760 2838 sine
805 2775 1085 2853 periculo
1161 2773 1475 2853 majorum
1531 2779 1753 2854 postea

196 2889 472 2933 onerum
503 2869 1028 2949 imponendorum
1057 2867 1238 2929 fiunt.

283 2963 622 3026 Dubitatur
647 2962 946 3037 secundo,
978 2979 1060 3022 an
1083 2960 1192 3039 qui
1213 2958 1398 3020 alicui
1416 2960 1751 3039 publicano

197 3058 372 3118 locat
397 3055 715 3135 gabellam
744 3053 843 3114 vel
869 3052 1087 3115 vendit
1106 3052 1212 3133 jus
1242 3071 1385 3113 eam
1433 3053 1747 3131 exigendi,

197 3151 437 3212 debeat
463 3149 706 3222 solvere
732 3147 995 3209 locatori
1024 3152 1133 3210 aut
1152 3146 1417 3226 emptori
1442 3146 1755 3226 gabellam

37 3282 143 3320 mn
194 3246 368 3307 sicut
397 3243 526 3319 alii,
552 3260 633 3302 an
662 3260 811 3303 vero
843 3241 923 3303 sit
951 3244 1299 3319 exemptus,
1336 3242 1470 3300 Non
1504 3243 1599 3301 est
1638 3239 1756 3300 du-

195 3339 379 3399 bium
411 3335 665 3416 quando
693 3352 806 3394 rex
833 3335 965 3413 ipse
983 3333 1220 3409 vendit,
1256 3332 1353 3393 vel
1383 3333 1570 3409 locat,
1605 3332 1756 3413 quia

193 3450 313 3491 rex
350 3446 604 3508 semper
673 3426 1047 3505 intelligitur
1097 3430 1445 3504 exemptae,
1494 3429 1557 3486 et
1602 3444 1757 3486 nun-

193 3542 398 3604 quam
429 3521 646 3583 debuit
670 3521 911 3582 solvere
931 3519 1269 3598 gabellam.
1291 3520 1465 3580 Sicut
1481 3518 1531 3579 si
1550 3518 1757 3580 Eccle-

189 3618 293 3680 sia
308 3616 479 3677 locat
491 3614 678 3675 alicui
699 3611 994 3690 decimae,
1020 3630 1142 3673 non
1176 3611 1364 3672 debet
1391 3611 1656 3673 ecclesia
1683 3630 1758 3672 ex

189 3709 473 3790 propriis
493 3706 746 3786 praediis
766 3707 1008 3767 solvere
1030 3705 1305 3766 decimas
1322 3704 1760 3785 locatori,quia

191 3804 306 3863 illa
335 3801 578 3880 praedia
621 3799 988 3878 obligationi
1025 3797 1382 3859 decimandi
1410 3816 1535 3858 non
1584 3801 1761 3859 erant

189 3894 517 3974 subjecta.
550 3891 674 3955 Sed
707 3891 968 3952 dubium
999 3909 1134 3952 esse
1164 3895 1370 3970 potest
1425 3891 1677 3970 quando
1708 3892 1760 3953 is

191 3989 304 4048 cui
336 4006 450 4048 rex
484 3984 765 4046 vendidit
793 3984 893 4046 vel
922 3984 1152 4054 locavit
1185 3987 1290 4062 Jus
1319 3983 1610 4062 exigendi
1651 3985 1761 4045 tri-

196 4081 388 4157 buta,
425 4083 648 4158 postea
673 4077 826 4138 illud
856 4077 1040 4140 alteri
1078 4077 1483 4154 vendidisset,
1536 4078 1635 4138 vel
1675 4078 1763 4139 lo-

196 4174 510 4249 cavisset,
534 4190 613 4232 an
644 4171 760 4233 iste
790 4170 1076 4232 venditor
1103 4171 1203 4231 vel
1253 4171 1493 4232 locator
1533 4170 1763 4233 debeat

190 4265 489 4328 secundo
522 4264 787 4343 emptori
811 4264 908 4325 vel
956 4263 1326 4328 conductori
1367 4263 1607 4325 solvere
1648 4282 1762 4343 ga·-

189 4360 467 4435 bellam,
498 4377 687 4438 quam
725 4357 1006 4437 alioquin
1050 4358 1294 4418 solvere
1338 4356 1675 4434 debuisset,
1710 4357 1762 4418 si

191 4473 239 4514 a
279 4471 438 4532 rege
461 4450 568 4532 jus
597 4451 679 4514 ad
705 4451 1011 4515 tributum
1036 4449 1189 4514 illud
1219 4468 1343 4512 non
1392 4450 1757 4529 accepisset.

288 4548 509 4609 Prima
538 4545 849 4612 sententia
876 4545 1061 4608 docet
1090 4563 1217 4612 non
1233 4543 1463 4605 debere
1492 4545 1757 4622 solvere,

190 4659 404 4722 quam
439 4643 658 4706 tenent
712 4638 1026 4713 Bastulus,
1085 4637 1337 4713 BalduS,
1388 4641 1452 4700 et
1502 4638 1763 4700 Boerius

191 4734 410 4815 apud.
447 4731 679 4795 Sanch.
714 4732 882 4793 dicto
904 4749 1044 4810 cap.
1067 4747 1153 4791 1v.
1184 4729 1336 4792 dub.
1361 4747 1482 4793 ux.
1504 4735 1758 4793 num.1.

191 4828 362 4910 quia
385 4827 524 4908 ipse
553 4844 678 4888 non
708 4824 1013 4900 vendidit,
1061 4824 1161 4884 vel
1208 4824 1460 4901 locavit,
1513 4825 1628 4887 nisi
1658 4826 1764 4903 jus

191 4920 389 5002 quod
421 4919 734 4980 habebat:
768 4936 893 4980 non
922 4922 1133 4980 autem
1166 4915 1440 4979 babebat
1478 4916 1582 4997 jus
1636 4918 1765 4978 exi-

187 5013 407 5095 gendi
442 5030 478 5073 a
515 5011 873 5091 semetipso,
934 5028 1076 5071 cum
1134 5026 1318 5070 nemo
1382 5009 1613 5072 habeat
1662 5010 1766 5090 jus

189 5108 527 5169 adversus
556 5123 622 5166 se
648 5104 878 5185 ipsum,
915 5122 1105 5183 quam
1135 5102 1508 5166 sententiam
1537 5106 1768 5183 proba-

183 5201 410 5264 bilem
450 5203 663 5261 censet
694 5198 863 5258 idem
894 5196 1178 5260 Sanchez
1210 5215 1382 5260 num.
1416 5199 1475 5260 3.
1536 5197 1770 5260 Molina

183 5312 365 5356 vero
393 5292 558 5371 disp.
589 5295 731 5354 663.
762 5308 936 5354 num.
976 5294 1036 5353 4.
1073 5289 1138 5354 id
1172 5288 1482 5367 concedit,
1515 5290 1768 5370 quando

181 5390 460 5451 locator
489 5389 629 5447 erat
647 5385 785 5465 jam
809 5383 1106 5450 dominus
1123 5383 1338 5452 tributi
1370 5383 1539 5463 quod
1591 5383 1771 5446 alteri

185 5484 415 5543 locat.

3248 282 3366 340 639

1913 449 2104 511 Multo
2136 454 2345 512 tamen
2374 449 2582 517 verior
2609 450 2859 512 videtur
2884 453 3201 514 contraria
3231 472 3367 515 sen·

1832 543 2065 620 tentia,
2106 544 2431 604 affirmans
2475 544 2706 607 debere
2756 545 2998 605 solvere
3028 547 3364 626 gabellum,

1834 636 1950 696 nisi
1982 635 2152 696 aliud
2180 637 2242 696 in
2279 639 2604 697 contractu
2636 637 3009 699 venditionis
3050 640 3149 700 vel
3200 641 3371 701 loca-

1833 729 2019 791 tionis
2046 729 2343 808 explicet,
2396 748 2584 809 quam
2615 734 2833 792 tenent
2858 732 3025 792 idem
3057 734 3365 810 Bai-tolus,

1837 821 2248 898 ParladoruS,
2303 826 2364 883 et
2394 823 2807 883 Bertachinus
2831 869 2846 899 ,
2901 842 3058 904 quos
3090 826 3280 887 refert
3310 832 3373 887 et

1835 913 2118 994 sequitur
2145 913 2314 974 idem
2349 914 2630 977 Sanchez
2661 934 2834 977 num.
2867 920 2925 977 2.
2976 918 3080 996 qui
3112 918 3247 979 aliis
3275 936 3371 978 ra·

1834 1008 2107 1069 tionibus
2138 1026 2360 1086 parum
2390 1007 2747 1068 efficacibus
2778 1026 2916 1069 eam
2949 1011 3205 1088 prohat:
3240 1011 3372 1090 qui-

1835 1101 1953 1162 bus
1982 1099 2247 1175 omissis,
2282 1100 2532 1179 probari
2569 1105 2773 1179 potest
2800 1121 2839 1162 a
2866 1102 3078 1180 priori,
3097 1104 3243 1182 quia
3272 1105 3373 1164 hic

1837 1193 2053 1254 vendit
2078 1198 2190 1254 aut
2216 1194 2383 1255 locat
2402 1195 2509 1272 jus
2536 1193 2686 1253 illud
2739 1195 2907 1274 quod
2936 1213 3045 1255 rex
3077 1196 3371 1275 habebat,

1839 1290 1902 1347 et
1929 1286 2099 1366 quod
2144 1305 2253 1346 rex
2296 1285 2469 1364 prius
2517 1286 2580 1345 in
2613 1304 2758 1347 eum
2785 1289 3189 1349 transtulerat
3220 1310 3233 1350 τ
3266 1309 3376 1351 rex

1840 1383 2053 1440 autem
2104 1379 2379 1440 habebat
2400 1378 2505 1459 jus
2537 1378 2881 1458 accipiendi
2913 1380 3101 1441 etiam
3134 1381 3212 1441 ab
3239 1383 3374 1461 ipso

1838 1471 2188 1549 gabellam3
2241 1490 2390 1550 ergo
2440 1471 2502 1531 id
2549 1475 2751 1533 totum
2796 1473 3071 1536 secundo
3113 1476 3376 1553 emptori

1841 1565 1938 1625 vel
1966 1564 2224 1625 locatori
2257 1566 2397 1638 dat;
2431 1584 2577 1625 nam
2607 1565 2752 1626 licet
2780 1565 2899 1627 hoc
2919 1566 3026 1647 jus
3048 1573 3379 1629 contusum

1838 1658 2026 1719 fuerit
2056 1658 2117 1718 in
2149 1657 2373 1736 primo,
2400 1661 2618 1736 postea
2635 1663 2844 1719 tamen
2872 1665 3077 1739 potest
3102 1661 3379 1740 separari

1839 1757 1900 1812 et
1930 1750 2303 1811 reviviscere
2349 1750 2413 1810 in
2458 1752 2755 1813 secundo.
2820 1753 2994 1814 Sicut
3038 1754 3228 1815 etiam
3279 1756 3380 1815 ille

1840 1844 2078 1923 primus
2106 1844 2217 1904 dat
2233 1842 2360 1924 jue,
2395 1844 2562 1923 quod
2592 1843 2723 1923 ipse
2755 1845 3029 1908 habebat
3058 1848 3136 1908 ad
3166 1848 3382 1925 gabel-

1840 1939 1966 1998 lam
1997 1935 2369 2015 exigendam
2409 1937 2491 1997 ab
2530 1937 2667 2016 ipso
2698 1940 3011 2016 secund0,
3072 1940 3215 2001 licet
3262 1941 3382 2002 hoc

1843 2030 2030 2091 etiam
2051 2028 2157 2109 jus
2191 2029 2255 2088 in
2286 2029 2388 2090 illo
2422 2030 2695 2090 secundo
2728 2035 3040 2110 emptore,
3091 2033 3190 2097 vel
3237 2052 3381 2094 con-

1844 2123 2104 2184 ductore
2138 2122 2581 2185 confundatur.

1923 2216 2345 2278 Confirmatur
2371 2216 2572 2295 primo
2599 2263 2614 2293 ,
2651 2216 2798 2296 quia
2828 2217 2879 2277 si
2917 2217 3194 2283 Ecclesia
3223 2219 3385 2281 locet

1847 2312 2028 2371 Petro
2063 2308 2341 2369 decimas
2371 2308 2485 2369 sibi
2518 2313 2981 2388 competenteS‚
3016 2311 3206 2373 ethic
3236 2331 3386 2373 con-

1845 2404 2071 2464 ductor
2099 2403 2264 2463 locet
2291 2402 2483 2463 Paulo
2515 2407 2717 2464 totum
2747 2403 2900 2464 illud
2924 2406 3050 2483 jue,
3088 2424 3211 2466 non
3242 2406 3385 2467 ideo

1845 2500 2060 2557 manet
2090 2497 2311 2555 Petrus
2340 2501 2665 2574 exemptus
2696 2514 2733 2556 a
2761 2496 3020 2556 decimis
3047 2498 3383 2575 solvendis,

1848 2589 2122 2668 alioquin
2154 2607 2278 2650 non
2304 2588 2575 2650 locasset
2603 2592 2802 2650 totum
2826 2590 2954 2668 jue,
2983 2591 3153 2670 quod
3175 2592 3256 2652 ab
3276 2592 3389 2652 Ec-

1848 2682 2036 2744 clesia
2091 2681 2334 2760 accepit
2356 2728 2372 2759 ,
2428 2682 2778 2759 praesertim
2832 2681 2882 2742 si
2940 2682 3075 2762 ejus
3130 2683 3393 2745 decimoe

1849 2779 2031 2837 erant
2069 2794 2302 2853 magna
2331 2793 2478 2853 pars
2506 2775 2821 2837 redituum
2850 2776 3145 2838 Ecclesiae
3174 2777 3338 2839 illius
3372 2797 3388 2839 ε

1851 2888 2044 2949 quare
2076 2868 2208 2947 ipse
2237 2867 2581 2946 accepisset
2604 2868 2683 2929 ab
2712 2868 2990 2929 Ecclesia
3018 2870 3127 2949 jus
3154 2870 3235 2931 ad
3265 2871 3392 2933 duo

1850 2963 2077 3037 millia,
2139 2970 2201 3022 et
2250 2965 2468 3040 postea
2497 2961 2766 3023 locasset
2813 2961 3142 3024 dimidium
3191 2964 3395 3026 solum

1852 3055 2169 3117 redituum
2226 3053 2540 3115 Ecclesiae.
2618 3055 3037 3116 Confirmatur
3087 3058 3389 3134 secundo,

1854 3147 2004 3229 quia
2034 3147 2086 3209 si
2114 3145 2465 3209 conduxisti
2499 3147 2737 3209 fructus
2775 3153 2837 3210 et
2865 3148 3103 3212 reditus
3133 3150 3396 3231 alicujus

1855 3242 2053 3319 duciS,
2074 3242 2174 3301 vel
2202 3241 2607 3318 marchionis,
2629 3242 2729 3302 cui
2756 3247 2823 3303 ιιι
2855 3242 3043 3305 etiam
3072 3245 3261 3306 solvis
3289 3263 3396 3305 an-

1855 3352 2050 3396 nuum
2080 3353 2338 3396 censum
2367 3333 2558 3395 trium
2600 3335 2866 3395 millium
2908 3356 3283 3415 aureorum,
3336 3342 3399 3399 et

1856 3433 2075 3506 postea
2104 3426 2389 3506 ejusdem
2419 3426 2718 3505 principis
2743 3427 2980 3491 fructus
3004 3476 3019 3506 ,
3072 3436 3136 3492 et
3160 3432 3397 3493 reditus

1858 3520 2035 3582 alteri
2066 3521 2267 3596 loceS,
2304 3538 2429 3581 non
2457 3520 2708 3581 videtur
2734 3521 2998 3583 dubium
3029 3524 3198 3604 quod
3231 3524 3295 3584 in
3324 3524 3399 3585 iis

1858 3613 2271 3675 concludatur
2298 3632 2545 3674 annuus
2572 3612 2675 3673 ille
2706 3632 2929 3676 census
2954 3662 2970 3692 ,
3003 3633 3188 3696 quem
3228 3617 3401 3697 prin-

1858 3705 1978 3785 cipi
2010 3704 2093 3765 illi
2123 3705 2313 3766 solvis
2332 3751 2347 3780 ‚
2398 3710 2462 3766 et
2486 3704 2592 3785 qui
2623 3710 2717 3767 est
2743 3707 2910 3769 bona
2957 3727 3102 3786 pars
3151 3710 3399 3771 illorum

1858 3799 2199 3860 redituum.
2262 3797 2442 3859 Ratio
2467 3802 2679 3860 autem
2708 3804 2829 3876 est,
2883 3818 3072 3879 quam
3103 3801 3395 3880 diximuS,

1860 3892 2010 3973 quia
2040 3896 2106 3953 tu
2138 3890 2413 3952 censeris
2438 3891 2647 3952 locare
2684 3896 2885 3954 totum
2916 3894 3068 3954 illud
3091 3894 3197 3974 jus
3226 3896 3400 3975 quod

1860 3986 2176 4066 princeps,
2210 3986 2309 4045 vel
2337 3985 2616 4046 Ecclesia
2643 3983 2917 4049 habebat
2937 4034 2952 4064 ,
3004 3988 3067 4048 in
3097 4007 3225 4068 quo
3253 4007 3403 4051 con·-

1856 4079 2175 4141 tinebatur
2200 4077 2301 4158 jus
2318 4078 2507 4139 etiam
2536 4078 2618 4138 ad
2647 4097 2907 4140 censum
2924 4080 3022 4141 vel
3057 4080 3337 4143 decimas
3364 4100 3404 4146 a

1860 4191 1927 4232 se
1957 4171 2314 4232 solvendaS.
2375 4170 2674 4233 Similiter
2721 4191 2872 4252 ergo
2912 4172 2976 4233 in
3008 4190 3157 4234 casu
3187 4180 3400 4236 nostro

1857 4265 2199 4327 transferre
2230 4263 2504 4325 censeris
2552 4269 2752 4326 totum
2776 4264 2881 4345 jus
2913 4266 2991 4326 ad
3021 4266 3336 4345 gabellam
3366 4285 3401 4328 a

1859 4363 1920 4420 te
1951 4358 2338 4420 solvendam.
2393 4358 2573 4419 Unde
2603 4361 2778 4436 patet
2813 4359 2894 4419 ad
2923 4359 3405 4422 fundamentum

1862 4451 2194 4513 contrariae
2224 4449 2572 4528 sententiae,
2608 4469 2917 4529 negamus
2944 4453 3113 4513 enim
3141 4453 3333 4514 locari
3366 4471 3403 4514 a

1859 4548 1922 4606 te
1950 4544 2154 4605 solum
2174 4543 2280 4623 jus
2307 4543 2474 4623 quod
2506 4547 2573 4604 tu
2604 4543 2884 4605 habebas
2903 4590 2919 4622 ,
2970 4547 3081 4606 sed
3109 4547 3281 4608 locas
3307 4550 3404 4609 te·—

1861 4642 1995 4699 tum
2020 4635 2121 4716 jus
2153 4636 2321 4716 quod
2350 4655 2459 4696 rex
2490 4635 2796 4713 habebat,
2854 4640 2917 4698 et
2961 4639 3185 4700 eodem
3213 4640 3405 4702 modo

1863 4749 1987 4810 quo
2017 4748 2129 4789 rex
2157 4729 2455 4791 habehat.

1944 4822 2277 4884 Dubitatur
2304 4823 2489 4885 tertio
2512 4870 2527 4900 ,
2564 4842 2645 4884 an
2693 4824 3008 4904 exemptio
3040 4843 3339 4889 concessa
3365 4843 3404 4889 a

1863 4934 2013 4995 rege
2058 4915 2245 4976 alicui
2294 4916 2604 4977 servanda
2649 4918 2733 4979 sit
2768 4937 2808 4980 a
2837 4937 2985 4998 rege
3013 4937 3399 4995 successore,

1867 5009 2120 5090 quando
2152 5026 2447 5070 concessa
2475 5011 2592 5073 fuit
2619 5011 2681 5071 in
2709 5018 3106 5090 perpetuum,
3140 5032 3221 5073 an
3252 5032 3404 5076 vero

1867 5102 2065 5183 possit
2091 5102 2425 5163 revocari?
2455 5105 2638 5183 Resp.
2674 5104 3150 5184 distinguendo:
3185 5107 3235 5167 si
3264 5126 3408 5169 con-

1869 5215 2043 5258 cessa
2063 5195 2180 5257 fuit
2206 5213 2382 5257 mera
2410 5197 2731 5258 voluntate
2762 5203 2824 5258 et
2850 5198 2984 5259 sine
3014 5217 3205 5261 causa
3233 5202 3409 5263 suffi-

1872 5290 2073 5351 ciente
2124 5307 2141 5353 :
2198 5290 2480 5352 revocari
2527 5290 2758 5370 poterit
2799 5311 2835 5352 a
2863 5311 3221 5355 successore
3242 5342 3256 5364 ‚
3309 5297 3408 5357 vel

1869 5383 2263 5445 moderanda
2281 5384 2401 5445 erit
2409 5383 2591 5463 juxta
2618 5384 2844 5446 merita
2870 5404 3106 5447 causae:
3132 5387 3281 5467 quia
3300 5407 3409 5449 rex

1871 5495 1995 5537 non
2026 5482 2231 5555 potest
2258 5478 2321 5537 in
2350 5476 2787 5556 praejudicium
2816 5496 3250 5541 successorum
3266 5501 3412 5545 con-

3551 4858 3630 4918 98

3453 4982 3518 5025 An
3572 4981 3751 5037 xemptio

3505 4995 3636 5093 psssit
3674 5052 3699 5082 a

3483 5109 3724 5161 81100888οβ

3503 5163 3704 5195 mman-
