4263 6376
1223 306 1695 370 DISPUTATIO
1740 306 1868 380 XL,
1920 305 2194 366 SEc'rlo
2238 307 2285 365 1.

160 484 336 545 dicto
367 486 680 563 praecepto
711 484 869 546 vlll.
906 500 1044 561 cap.
1078 501 1295 546 xxxiv,
1334 502 1393 544 n.
1428 486 1522 543 16.
1559 481 1699 556 Qui-

3215 310 3325 374 771

1801 481 1969 561 quod
2025 481 2369 561 requiritur
2404 485 2469 550 et
2514 482 2745 550 sufficit
2792 482 2989 563 judici
3034 486 3099 552 ut
3139 481 3357 561 possit.

159 578 283 638 bus
316 577 479 638 adde
508 577 881 652 Mirandum,
916 578 1253 654 Seguram,
1287 577 1595 639 ,loannem
1624 575 1701 634 de
1794 574 2060 654 juridice
2090 575 2500 653 interrogare.
2536 577 2683 639 Haec
2730 576 2897 638 enim
2943 580 3088 638 sunt
3119 592 3334 640 corre-

159 671 224 730 la
253 674 436 745 (lruz,
469 670 784 746 Lessium‚
819 674 882 731 et
908 670 1095 745 alioS,
1131 687 1288 748 quos
1317 671 1498 729 affert
1526 673 1588 728 et
1613 686 1704 728 se·
1799 667 2012 744 lativa,
2064 672 2125 732 et
2159 667 2439 746 judicem
2486 668 2876 748 interrogare
2918 673 3012 731 est
3058 669 3336 747 obligare

164 763 386 841 quitur
411 762 611 824 Diana
637 765 740 824 ΙΙΙ.
775 766 938 841 part.
992 770 1164 822 tract.
1209 778 1268 824 v.
1316 760 1700 820 miscellaneo.

163 856 427 917 resolut.
462 859 559 918 91.
596 856 702 935 qui
731 873 947 916 omnes
980 854 1324 934 loquuntur
1353 852 1429 913 de
1460 871 1599 925 reo;
1630 852 1708 912 de

166 952 331 1010 teste
362 951 571 1009 autem
600 948 766 1008 idem
798 946 1079 1012 Sanohez
1127 946 1188 1008 d.
1241 965 1379 1025 cap.
1417 946 1519 1008 111.
1554 945 1702 1006 dub.

169 1057 386 1102 xxxvl.
437 1059 609 1103 num.
643 1043 701 1101 8.
738 1039 924 1114 dicit,
981 1039 1127 1100 licet
1169 1037 1492 1117 probabile
1538 1037 1616 1098 sit
1644 1039 1712 1098 ut

1804 759 2123 822 subditum
2153 761 2233 820 ad
2261 762 2770 840 respondendum
2804 783 2817 824 :
2852 782 3002 841 ergo
3046 762 3215 823 idem
3244 780 3340 824 re-

1806 852 2076 931 quiritur
2103 857 2165 913 ct
2184 853 2492 918 sufficitut
2507 855 2793 917 subditus
2809 855 3143 934 obligetur,
3171 852 3339 933 quod

1805 944 2145 1023 requiritur
2175 950 2236 1006 et
2263 946 2492 1010 sufficit
2520 951 2588 1007 ut
2626 946 2822 1026 judex
2861 947 3250 1025 interrogare
3281 949 3344 1008 ct

1809 1037 2085 1115 obligare
2117 1037 2332 1116 possit.
2370 1038 2621 1112 Quoties
2651 1057 2800 1118 ergo
2820 1042 3064 1102 constat
3092 1038 3341 1104 subdito

168 1134 352 1194 testis
381 1137 669 1194 teneatur
697 1131 1096 1210 respondere,
1129 1131 1362 1210 requiri
1408 1129 1574 1209 quod
1615 1129 1712 1190 in-
1799 1129 2082 1209 ¹judicem
2111 1129 2345 1190 habere
2376 1130 2678 1210 requisita
2696 1131 2774 1192 ad
2796 1131 3340 1210 interrogandum,

169 1227 363 1302 dicia,
395 1226 494 1288 vel
524 1225 863 1303 semiplena
886 1224 1169 1302 probatio
1200 1225 1281 1286 sit
1308 1223 1472 1284 facta
1493 1223 1552 1284 in
1571 1240 1711 1302 pro-

169 1340 379 1395 cessu,
422 1319 806 1397 probabilius
832 1336 966 1378 esse
1000 1317 1061 1378 id
1087 1336 1210 1377 non
1241 1316 1499 1395 requiri,
1536 1315 1714 1378 dum-

168 1412 367 1474 modo
396 1412 536 1474 testi
565 1415 812 1473 constet
839 1410 989 1471 talia
1007 1409 1407 1484 esseindicia,
1429 1408 1526 1468 vel
1555 1407 1714 1469 infa-

169 1507 394 1581 miam,
428 1504 526 1565 vel
558 1522 692 1563 esse
724 1503 916 1564 alium
947 1505 1171 1566 testem
1202 1500 1370 1562 omni
1401 1500 1720 1579 exceptio-

173 1619 258 1660 ne
289 1596 594 1676 majorem
620 1643 634 1672 ‚
682 1597 788 1674 qui
817 1595 1001 1658 simul
1032 1613 1174 1656 cum
1223 1594 1356 1671 ipso
1397 1592 1721 1655 testificari

174 1692 415 1771 possit,
466 1694 529 1751 et
573 1689 780 1750 facere
837 1687 1272 1767 probationem
1330 1686 1578 1764 plenam
1615 1688 1722 1745 :et

175 1789 402 1865 postea
433 1801 571 1861 cap.
607 1784 683 1844 V.
728 1781 879 1842 dub.
933 1798 1020 1842 lv.
1074 1779 1247 1856 dicit,
1309 1796 1434 1842 non
1489 1778 1724 1857 requiri

178 1877 355 1958 quod
384 1875 638 1936 infamia
668 1874 933 1953 probata
960 1873 1061 1949 sit,
1079 1872 1192 1933 sed
1208 1872 1495 1932 sufficere
1513 1872 1564 1931 si
1581 1869 1723 1932 testi

178 1972 430 2032 constet
456 1986 591 2029 esse
620 1966 964 2041 infamiam,
1003 1969 1070 2027 ut
1103 1965 1485 2044 respondere
1516 1969 1724 2025 tenea-

179 2069 290 2125 tur
324 2083 337 2123 :
372 2060 604 2122 indicia
659 2064 871 2120 tamen
929 2058 1159 2120 debere
1205 2076 1339 2118 esse
1369 2057 1632 2136 probata
1661 2056 1722 2116 in

171 2156 444 2237 judicio,
480 2154 578 2214 vel
606 2153 891 2232 publica,
944 2151 1220 2229 alioquin
1264 2150 1542 2212 nondum
1575 2148 1728 2208 dant

173 2251 289 2330 jus
332 2248 414 2308 ad
455 2244 990 2324 interrogandum.
1043 2242 1324 2320 Denique
1367 2242 1723 2316 advertunt,

183 2344 329 2404 haec
361 2360 485 2401 non
516 2338 858 2420 procedere
901 2337 963 2397 in
1012 2335 1251 2398 delictis
1295 2354 1434 2414 quae
1464 2337 1733 2412 vergunt

184 2437 253 2498 in
286 2436 586 2496 damnum
616 2431 917 2506 futurum,
948 2430 1010 2490 in
1042 2428 1268 2508 quibus
1296 2447 1463 2508 saepe
1494 2427 1729 2492 dictum

187 2533 310 2604 est,
355 2545 479 2588 non
509 2522 873 2603 proerequiri
930 2522 1060 2586 liaec
1111 2526 1177 2584 ut
1218 2522 1392 2584 testis
1422 2520 1734 2599 obligetur

187 2622 277 2684 ad
307 2616 840 2699 respondendum.

278 2717 411 2793 Ego
442 2712 504 2774 in
536 2711 752 2790 primis
781 2712 933 2787 puto
958 2754 973 2784 ,
1019 2726 1143 2767 non
1172 2725 1307 2767 esse
1343 2706 1531 2767 ullam
1562 2705 1732 2766 diffe-

186 2808 466 2870 rentiam
494 2803 699 2883 quoad
731 2802 851 2863 hoc
880 2802 1043 2862 inter
1071 2818 1249 2859 reum
1280 2803 1341 2860 et
1369 2803 1613 2872 testem,
1646 2796 1735 2857 lo-

191 2899 449 2981 quendo
477 2898 540 2959 in
573 2915 759 2956 sensu
786 2892 1055 2954 formali.
1091 2894 1250 2952 Nam
1274 2891 1422 2953 licet
1441 2890 1729 2951 materia-

189 2995 339 3056 liter
368 2991 697 3062 differant,
733 3004 877 3050 cum
904 2985 1081 3047 testis
1111 2983 1173 3044 in
1202 2982 1414 3061 aliquo
1445 3001 1590 3043 casu
1623 2982 1732 3042 de-

191 3087 349 3147 beat
376 3081 689 3146 testificari
716 3099 731 3153 ;
766 3079 828 3140 in
860 3096 982 3158 quo
1014 3097 1157 3138 reus
1188 3095 1310 3137 non
1342 3074 1529 3137 debet
1557 3074 1736 3136 fateri

193 3180 459 3260 propter
485 3173 689 3254 majus
719 3172 1166 3235 detrimentum
1210 3166 1379 3248 quod
1402 3186 1509 3229 reo
1540 3168 1735 3229 adve-

195 3273 295 3335 nit
323 3291 394 3332 ex
429 3268 839 3343 confessione,
874 3283 1065 3344 quam
1095 3263 1235 3325 testi
1259 3282 1335 3323 ex
1356 3262 1732 3337 testimonio,

197 3370 275 3427 ut
299 3368 516 3444 postea
543 3361 898 3423 videbimus
923 3378 937 3430 ς
973 3362 1036 3420 et
1065 3356 1351 3436 quamvis
1365 3354 1569 3434 majus
1598 3355 1738 3414 fun-

195 3460 569 3520 damentum
600 3453 830 3514 debeat
864 3450 1060 3530 judex
1102 3449 1337 3511 habere
1386 3448 1465 3511 ad
1497 3446 1736 3507 exami-

197 3552 484 3613 nandum
539 3565 716 3609 reum
775 3563 965 3624 quam
1020 3547 1244 3605 testem
1268 3587 1284 3618 ‚
1343 3560 1486 3602 cum
1541 3538 1740 3620 possit

195 3650 430 3710 testem
459 3642 738 3718 obligare
769 3657 881 3716 per
906 3637 1073 3697 viam
1102 3633 1540 3715 inquisitioniS,
1573 3650 1736 3712 prae-

197 3738 466 3800 cedente
496 3732 774 3807 infamia,
809 3734 871 3792 et
896 3748 1011 3807 per
1039 3728 1205 3787 viam
1227 3724 1662 3800 accusationiS,
1688 3723 1736 3785 si

197 3830 503 3891 delictum
530 3826 610 3886 sit
637 3825 818 3903 plene
847 3819 1170 3899 probabile
1201 3818 1345 3881 licet
1365 3816 1646 3877 noudum
1661 3817 1740 3878 sit

198 3922 541 4002 probatum
571 3915 912 3993 semiplene
938 3932 953 3986 ;
987 3929 1165 3973 reum
1183 3915 1398 3971 autem
1426 3910 1489 3971 in
1520 3913 1738 3970 neutro

200 4034 356 4077 casu
388 4011 582 4092 possit
609 4026 834 4086 cogere
855 4006 936 4066 ad
958 4003 1382 4069 confitendum
1419 4021 1432 4062 :
1465 4001 1739 4061 formali·

197 4114 301 4171 ter
331 4112 540 4167 tamen
569 4099 884 4181 loquendo
909 4145 924 4175 ‚
959 4098 1024 4158 id
1053 4096 1220 4176 quod
1250 4094 1496 4173 utrique
1528 4114 1742 4156 neces-

199 4199 444 4263 sarium
477 4200 571 4257 est
619 4198 685 4256 ut
731 4192 1044 4269 obligetur
1084 4190 1163 4249 ad
1207 4187 1737 4267 respondendum,

202 4293 460 4371 utrique
492 4288 683 4349 debet
709 4285 880 4365 prius
926 4286 1214 4344 constare
1255 4279 1524 4358 positum
1557 4300 1689 4340 esse
1725 4301 1737 4340 ε

203 4385 418 4448 neutri
447 4387 658 4443 autem
690 4395 943 4438 necesse
973 4375 1149 4437 estid
1166 4373 1493 4435 ostendere
1515 4372 1577 4433 in
1599 4392 1743 4451 pro-

201 4497 411 4552 cessu,
434 4476 485 4536 si
507 4472 756 4535 aliunde
780 4469 1163 4530 sufficienter
1184 4471 1246 4527 et
1266 4471 1434 4528 certo
1458 4472 1744 4533 constare

204 4575 263 4634 ei
297 4569 525 4650 possit;
575 4566 821 4643 utrique
851 4580 1000 4624 vcro
1049 4560 1505 4622 ostendendum
1549 4564 1643 4620 est
1670 4579 1745 4620 ex

205 4679 510 4743 processu
535 4708 548 4731 ,
602 4658 653 4719 si
696 4675 820 4717 non
865 4656 1071 4734 potest
1101 4652 1281 4713 aliter
1309 4651 1366 4712 ei
1397 4656 1566 4712 certo
1599 4670 1748 4711 con-

203 4763 400 4819 stare.
435 4751 613 4816 Unde
669 4748 851 4810 multi
907 4766 982 4806 ex
1037 4744 1353 4824 praedictis
1383 4743 1746 4804 auctoribus

204 4846 533 4912 conciliari
605 4845 868 4924 possunt
931 4859 943 4899 :
1009 4840 1231 4916 petunt
1285 4836 1451 4897 enim
1506 4836 1747 4898 ostendi

206 4963 284 5003 ex
321 4957 640 5019 processu,
676 4934 825 5015 quia
865 4933 1208 5011 loquuntur
1256 4929 1333 4988 de
1380 4928 1746 4992 fundamen-

205 5040 309 5112 to,
364 5032 531 5112 quod
588 5027 957 5108 regulariter
1011 5021 1323 5102 loquendo
1368 5040 1492 5082 non
1544 5027 1750 5102 potest

206 5128 396 5190 aliter
425 5130 595 5187 certo
645 5126 931 5184 constare
987 5136 1118 5193 reo,
1179 5115 1297 5177 nisi
1337 5134 1412 5179 ex
1454 5134 1748 5194 processu

206 5224 476 5283 constet.

295 5313 799 5375 Fundamentum
829 5306 1018 5385 hujus
1046 5303 1279 5382 regulae
1296 5304 1605 5382 generalis
1626 5303 1746 5365 hoc

208 5425 351 5469 esse
389 5426 403 5467 t
438 5405 626 5465 debet
654 5402 800 5482 quia
846 5400 909 5459 id
952 5396 1289 5477 requiritur
1334 5400 1397 5457 et
1424 5397 1651 5457 suflicit
1679 5402 1747 5458 ut

1808 1225 2054 1288 constat
2074 1222 2208 1302 jam
2238 1241 2303 1283 se
2335 1222 2680 1302 obligatum
2698 1243 2831 1285 esse
2860 1224 2937 1286 ad
2961 1222 3347 1302 responden·

1811 1316 1983 1391 dum,
2018 1316 2148 1378 sive
2178 1315 2247 1396 id
2272 1334 2346 1375 ex
2373 1334 2670 1394 processu
2700 1320 2942 1382 constet
2968 1315 3097 1380 sive
3125 1336 3201 1380 ex
3226 1314 3347 1378 alio

1814 1408 2038 1487 capite,
2071 1407 2225 1469 dum
2254 1411 2468 1472 tamen
2515 1408 2901 1472 sufficienter
2948 1413 3211 1470 constet.
3248 1407 3349 1470 vi-

1815 1501 2092 1562 dendum
2121 1519 2270 1579 ergo
2302 1503 2395 1561 est
2423 1520 2694 1580 semper,
2729 1502 2881 1581 quid
2910 1502 3160 1566 sitillud
3182 1499 3351 1580 quod

1816 1593 2309 1673 praerequiritur,
2344 1599 2413 1656 ut
2450 1592 2646 1672 judex
2674 1594 2952 1673 legitime
2982 1594 3349 1672 interroget,

1818 1686 1867 1746 si
1899 1687 2066 1748 enim
2095 1685 2174 1745 de
2206 1685 2309 1746 illo
2342 1685 2647 1764 quidquid
2677 1686 2737 1747 id
2771 1687 2872 1764 sit,
2908 1690 3155 1748 constat
3182 1685 3355 1748 suffi-

1819 1779 2055 1841 cienter
2084 1778 2334 1840 subdito
2367 1779 2535 1857 quod
2591 1779 2691 1855 sit,
2756 1797 2829 1840 eo
2886 1778 3021 1858 ipso
3070 1778 3356 1840 subditus

1821 1871 2154 1949 obligatur,
2189 1871 2473 1950 quamvis
2503 1890 2576 1934 ex
2606 1889 2904 1950 processu
2926 1871 3124 1934 einon
3154 1874 3355 1936 osten-

1821 1964 2027 2026 datur.

1903 2056 2116 2118 Solum
2148 2055 2335 2135 objici
2362 2059 2569 2136 potest
2597 2075 2673 2117 ex
2719 2057 2869 2119 Soto
2916 2057 3150 2120 memb.
3187 2073 3255 2122 11.
3290 2076 3353 2136 q.

1821 2155 1880 2211 7.
1916 2148 2060 2229 quia
2090 2167 2273 2210 nemo
2306 2153 2553 2211 tenetur
2607 2150 2730 2228 legi
2776 2169 3000 2230 parere
3038 2154 3181 2212 ante
3224 2149 3359 2229 ejus

1824 2242 2393 2322 promulgationem
2427 2262 2440 2304 ε
2478 2262 2625 2322 ergo
2658 2262 2772 2304 nec
2790 2262 2933 2304 reus
2953 2243 3141 2304 debet
3160 2241 3362 2323 judici

1824 2355 2045 2416 parere
2076 2339 2416 2415 antequam
2446 2336 2505 2395 ei
2534 2336 2812 2399 notificet
2831 2355 2897 2397 se
2922 2335 3191 2417 juridice
3220 2354 3361 2416 pro·

1826 2429 2074 2490 cedere.
2108 2431 2240 2490 Hoc
2268 2431 2479 2489 tamen
2533 2433 2974 2506 argumentum
3013 2424 3362 2508 retorqueri

1827 2525 2061 2600 potest3
2113 2521 2262 2601 quia
2290 2523 2360 2581 ut
2387 2521 2675 2584 subditus
2706 2521 2937 2585 debeat
2964 2522 3088 2602 legi
3115 2540 3357 2601 parere,

1829 2613 2057 2676 sufficit
2084 2613 2252 2692 quod
2281 2612 2382 2677 lex
2410 2612 2735 2677 intimetur
2772 2618 2836 2676 et
2880 2614 3358 2693 promulgatum

1827 2726 1954 2769 non
1983 2710 2076 2768 est
2104 2725 2358 2767 necesse
2400 2707 2568 2786 quod
2624 2707 2680 2767 ei
2727 2707 3048 2769 intimetur
3089 2711 3364 2787 potestas

1826 2799 2201 2877 legislatoris
2231 2799 2310 2858 ad
2339 2798 2545 2877 legem
2574 2800 2931 2873 ferendam;
2952 2800 3181 2862 sufficit
3197 2798 3364 2860 enim

1829 2892 1880 2954 si
1914 2891 2165 2954 aliunde
2195 2890 2250 2951 ei
2280 2894 2521 2952 constet
2539 2892 2617 2951 de
2635 2896 2942 2971 potestate
2966 2891 3359 2971 legislatoriS.

1833 2984 2130 3050 Similiter
2160 3002 2310 3062 ergo
2350 2988 2419 3044 ut
2463 2988 2848 3064 praeceptum
2871 2984 3104 3064 judicis
3132 2985 3369 3064 obliget

1832 3094 2030 3152 reum,
2067 3076 2300 3137 sufficit
2329 3077 2499 3155 quod
2531 3076 2585 3137 ei
2624 3076 2949 3139 intimetur
2977 3079 3184 3157 ipsum
3211 3096 3370 3158 prae·

1832 3174 2083 3250 ceptum
2113 3169 2474 3247 confitendi,
2508 3188 2624 3235 nec
2653 3170 2993 3251 requiritur
3020 3171 3189 3252 quod
3212 3192 3248 3233 a
3268 3173 3369 3252 ju-

1832 3265 1969 3325 dice
2000 3263 2190 3327 etiam
2220 3263 2566 3340 intimetur,
2620 3266 2682 3326 et
2710 3264 3068 3327 notificetur
3097 3266 3369 3328 auctori-

1830 3360 1928 3418 tas
1976 3355 2056 3416 ad
2105 3354 2378 3434 juridice
2433 3356 2897 3434 imperandum,
2957 3357 3010 3418 si
3064 3357 3199 3419 haec
3231 3357 3368 3438 jam

1830 3447 2084 3513 aliunde
2115 3467 2223 3508 reo
2257 3452 2522 3511 constat.
2558 3449 2716 3510 Hinc

1911 3540 2114 3602 Infero
2148 3540 2376 3619 primo,
2412 3546 2480 3602 ut
2506 3542 2679 3604 testis
2708 3543 2937 3605 debeat
2958 3545 3363 3624 respondere,

1833 3652 1958 3695 non
1989 3632 2221 3711 requiri
2254 3634 2420 3711 quod
2452 3633 2508 3693 ei
2541 3638 2781 3697 constet
2807 3636 3129 3697 infamiam
3149 3657 3282 3699 esse
3303 3639 3368 3701 in

1825 3726 2062 3807 judicio
2096 3726 2423 3804 probatam
2444 3771 2460 3801 ,
2514 3744 2628 3787 nec
2658 3729 2826 3805 quod
2857 3728 2977 3789 hoc
3006 3730 3062 3788 ei
3096 3729 3368 3810 juridice

1833 3818 2210 3893 notificetur,
2246 3821 2314 3878 ut
2338 3819 2499 3878 bene
2530 3819 2798 3881 advertit
2826 3821 3106 3882 Sanchcz
3137 3822 3240 3883 ubi
3272 3843 3368 3887 su·

1835 3930 1969 3991 pra.
2003 3909 2295 3989 Alioquin
2327 3910 2406 3971 ad
2440 3911 2827 3989 probandam
2860 3912 3021 3975 hanc
3053 3914 3252 3993 ipsam
3281 3915 3371 3979 in-

1835 4004 2092 4065 famiam
2122 4021 2247 4063 non
2278 4009 2488 4082 posset
2517 4004 2714 4082 judex
2760 4024 2983 4083 cogere
3013 4007 3111 4067 vel
3139 4008 3374 4069 exami-

1837 4115 1988 4157 nare
2019 4094 2254 4176 primos
2284 4100 2473 4156 testes
2496 4142 2512 4173 ,
2558 4096 2707 4175 quia
2748 4101 2932 4159 antea
2973 4116 3098 4160 non
3128 4102 3377 4177 poterat

1837 4188 2236 4269 praesupponi
2259 4189 2544 4267 probata,
2561 4189 2672 4249 sed
2694 4188 2894 4269 solum
2915 4190 3205 4253 existenS.
3224 4194 3375 4253 Pra-

1836 4284 1929 4344 xis
1958 4283 2106 4344 item
2138 4281 2506 4345 universalis
2534 4281 2598 4341 id
2631 4283 2925 4361 ostendit,
2960 4302 3103 4345 cum
3128 4287 3377 4365 praelati

1841 4374 2121 4452 obligent
2148 4392 2262 4453 per
2292 4373 2497 4434 edicta
2527 4374 2607 4434 ad
2656 4374 3085 4439 denuntianda
3114 4378 3377 4440 crimina

1841 4467 1918 4527 de
1950 4466 2175 4546 quibus
2205 4470 2299 4528 est
2325 4466 2605 4543 infamia,
2640 4472 2701 4529 et
2728 4468 2959 4530 subditi
2993 4488 3068 4531 ex
3098 4471 3160 4532 vi
3189 4471 3374 4537 edicti

1842 4563 2198 4635 teneantur,
2233 4566 2301 4623 ut
2329 4578 2547 4620 omnes
2576 4560 2852 4622 fatentur
2883 4582 2895 4622 :
2932 4580 3054 4640 quo
3084 4581 3229 4624 casu
3264 4583 3378 4626 nec

1837 4652 2033 4732 judex
2064 4653 2233 4730 prius
2263 4652 2454 4713 hahet
2482 4652 2810 4731 probatam
2851 4653 3172 4723 infamiam
3197 4702 3213 4733 ,
3259 4676 3375 4719 nec

1843 4745 1907 4807 id
1936 4749 2143 4824 potest
2169 4745 2433 4809 subditis
2464 4744 2808 4822 notificare,
2843 4749 2913 4808 ut
2932 4752 3194 4810 constat.
3232 4750 3375 4811 Suf-

1843 4839 1973 4900 ficit
2002 4856 2153 4917 ergo
2213 4838 2381 4917 quod
2439 4837 2758 4916 praecedat
2812 4837 3089 4917 infamia,
3137 4845 3200 4904 et
3239 4841 3376 4907 haeo

1845 4930 2097 4991 aliunde
2127 4931 2367 4993 constet
2394 4929 2643 4991 subdito
2691 4933 2760 4992 ut
2797 4932 3087 4995 teneatur
3124 4951 3379 5012 respon-

1847 5023 2016 5097 dere,
2051 5023 2199 5102 quia
2226 5022 2483 5085 infamia
2530 5022 2662 5083 sola
2690 5027 2784 5100 est
2812 5042 2951 5103 quae
3000 5024 3109 5086 dat
3144 5024 3249 5104 jus
3289 5026 3379 5087 in-

1847 5116 2136 5197 quirendi
2188 5116 2486 5194 legitime,
2539 5134 2665 5178 non
2718 5116 2976 5179 infamia
3025 5117 3089 5181 in
3137 5117 3375 5198 judicio

1846 5210 2133 5289 probata.

1927 5305 2131 5366 Intero
2207 5300 2480 5363 secundo
2506 5348 2519 5379 ,
2578 5301 2744 5363 aliud
2816 5320 2950 5363 esse
3015 5303 3373 5383 dicendum,

1847 5398 2097 5477 quando
2126 5395 2358 5456 indicia
2388 5394 2809 5474 praecedcntia
2839 5400 3022 5474 sunt,
3057 5416 3196 5477 quae
3226 5398 3380 5461 dant

3416 3685 3483 3728 An
3509 3684 3655 3728 debeat
3675 3680 3714 3726 cl

3436 3744 3625 3781 constare
3640 3738 3693 3780 do

3483 3790 3650 3834 infamia

3529 5323 3604 5384 10

3428 5451 3492 5492 An
3524 5448 3577 5492 a·
3608 5447 3724 5491 indi-

206 5499 393 5563 testis
420 5498 515 5559 vel
545 5516 692 5558 reus
740 5492 1051 5571 obligetur
1082 5490 1161 5550 ad
1207 5489 1738 5567 respondendum,
1838 5490 2035 5571 judici
2058 5488 2164 5571 jus
2212 5488 2637 5566 interrogandi
2686 5487 2998 5568 juridice:
3033 5490 3169 5553 haec
3211 5490 3376 5554 enim
3429 5502 3724 5558 damnans.
