<?xml version="1.0" encoding="UTF-8"?>
<!DOCTYPE html PUBLIC "-//W3C//DTD XHTML 1.0 Transitional//EN"
    "http://www.w3.org/TR/xhtml1/DTD/xhtml1-transitional.dtd">
<html xmlns="http://www.w3.org/1999/xhtml" xml:lang="en" lang="en">
 <head>
  <title>
</title>
<meta http-equiv="Content-Type" content="text/html;charset=utf-8" />
  <meta name='ocr-system' content='tesseract 3.04.00' />
  <meta name='ocr-capabilities' content='ocr_page ocr_carea ocr_par ocr_line ocrx_word'/>
</head>
<body>
  <div class='ocr_page' id='page_1' title='image "./joannisdelugodi00lugogoog_0341.png"; bbox 0 0 4263 6376; ppageno 0'>
   <div class='ocr_carea' id='block_1_1' title="bbox 1248 345 2504 423">
    <p class='ocr_par' dir='ltr' id='par_1_1' title="bbox 1248 345 2504 423">
     <span class='ocr_line' id='line_1_1' title="bbox 1248 345 2504 423; baseline 0.006 -20"><span class='ocrx_word' id='word_1_1' title='bbox 1248 345 1717 406; x_wconf 79' lang='lat' dir='ltr'>DisPU&#39;rA&#39;rlo</span> <span class='ocrx_word' id='word_1_2' title='bbox 1762 346 1976 423; x_wconf 81' lang='lat' dir='ltr'>xxvl,</span> <span class='ocrx_word' id='word_1_3' title='bbox 2027 348 2301 409; x_wconf 85' lang='lat' dir='ltr'>SECTIO</span> <span class='ocrx_word' id='word_1_4' title='bbox 2345 350 2504 411; x_wconf 82' lang='lat' dir='ltr'>Xlll.</span> 
     </span>
    </p>
   </div>
   <div class='ocr_carea' id='block_1_2' title="bbox 267 520 1818 5630">
    <p class='ocr_par' dir='ltr' id='par_1_2' title="bbox 302 520 1818 1609">
     <span class='ocr_line' id='line_1_2' title="bbox 315 520 1814 601; baseline -0.003 -17"><span class='ocrx_word' id='word_1_5' title='bbox 315 542 380 584; x_wconf 84' lang='lat' dir='ltr'>ex</span> <span class='ocrx_word' id='word_1_6' title='bbox 407 526 577 601; x_wconf 87' lang='lat' dir='ltr'>pacto</span> <span class='ocrx_word' id='word_1_7' title='bbox 605 520 706 582; x_wconf 91' lang='lat' dir='ltr'>illo</span> <span class='ocrx_word' id='word_1_8' title='bbox 736 524 831 582; x_wconf 91' lang='lat' dir='ltr'>est</span> <span class='ocrx_word' id='word_1_9' title='bbox 843 520 1044 581; x_wconf 90' lang='lat' dir='ltr'>solum</span> <span class='ocrx_word' id='word_1_10' title='bbox 1065 520 1445 599; x_wconf 87' lang='lat' dir='ltr'>personalis;</span> <span class='ocrx_word' id='word_1_11' title='bbox 1476 539 1667 600; x_wconf 86' lang='lat' dir='ltr'>quare</span> <span class='ocrx_word' id='word_1_12' title='bbox 1690 540 1814 580; x_wconf 82' lang='lat' dir='ltr'>cm·</span> 
     </span>
     <span class='ocr_line' id='line_1_3' title="bbox 314 613 1810 696; baseline -0.001 -20"><span class='ocrx_word' id='word_1_13' title='bbox 314 621 441 696; x_wconf 84' lang='lat' dir='ltr'>ptor</span> <span class='ocrx_word' id='word_1_14' title='bbox 466 616 698 693; x_wconf 87' lang='lat' dir='ltr'>primus</span> <span class='ocrx_word' id='word_1_15' title='bbox 724 614 1042 677; x_wconf 88' lang='lat' dir='ltr'>tenebitur</span> <span class='ocrx_word' id='word_1_16' title='bbox 1056 613 1363 675; x_wconf 75' lang='lat' dir='ltr'>venditori</span> <span class='ocrx_word' id='word_1_17' title='bbox 1387 615 1469 674; x_wconf 91' lang='lat' dir='ltr'>ad</span> <span class='ocrx_word' id='word_1_18' title='bbox 1491 616 1810 690; x_wconf 85' lang='lat' dir='ltr'>interesse,</span> 
     </span>
     <span class='ocr_line' id='line_1_4' title="bbox 311 707 1815 787; baseline -0.001 -18"><span class='ocrx_word' id='word_1_19' title='bbox 311 710 455 770; x_wconf 88' lang='lat' dir='ltr'>sicut</span> <span class='ocrx_word' id='word_1_20' title='bbox 481 708 722 787; x_wconf 90' lang='lat' dir='ltr'>quando</span> <span class='ocrx_word' id='word_1_21' title='bbox 752 726 887 767; x_wconf 89' lang='lat' dir='ltr'>rem</span> <span class='ocrx_word' id='word_1_22' title='bbox 917 707 1095 767; x_wconf 83' lang='lat' dir='ltr'>alteri</span> <span class='ocrx_word' id='word_1_23' title='bbox 1123 707 1467 784; x_wconf 82' lang='lat' dir='ltr'>venditam,</span> <span class='ocrx_word' id='word_1_24' title='bbox 1503 708 1677 768; x_wconf 88' lang='lat' dir='ltr'>alteri</span> <span class='ocrx_word' id='word_1_25' title='bbox 1711 727 1815 786; x_wconf 93' lang='lat' dir='ltr'>po-</span> 
     </span>
     <span class='ocr_line' id='line_1_5' title="bbox 311 800 1810 876; baseline -0.001 -14"><span class='ocrx_word' id='word_1_26' title='bbox 311 807 432 863; x_wconf 89' lang='lat' dir='ltr'>stea</span> <span class='ocrx_word' id='word_1_27' title='bbox 456 802 664 862; x_wconf 84' lang='lat' dir='ltr'>vendit</span> <span class='ocrx_word' id='word_1_28' title='bbox 691 804 753 861; x_wconf 89' lang='lat' dir='ltr'>et</span> <span class='ocrx_word' id='word_1_29' title='bbox 780 800 1008 876; x_wconf 86' lang='lat' dir='ltr'>tradit,</span> <span class='ocrx_word' id='word_1_30' title='bbox 1056 805 1305 862; x_wconf 86' lang='lat' dir='ltr'>tenetur</span> <span class='ocrx_word' id='word_1_31' title='bbox 1334 800 1413 860; x_wconf 88' lang='lat' dir='ltr'>ad</span> <span class='ocrx_word' id='word_1_32' title='bbox 1462 801 1761 862; x_wconf 75' lang='lat' dir='ltr'><strong>interesse</strong></span> <span class='ocrx_word' id='word_1_33' title='bbox 1796 819 1810 861; x_wconf 75' lang='grc' dir='ltr'>ε</span> 
     </span>
     <span class='ocr_line' id='line_1_6' title="bbox 309 893 1818 973; baseline -0.001 -17"><span class='ocrx_word' id='word_1_34' title='bbox 309 894 593 955; x_wconf 87' lang='lat' dir='ltr'>secundus</span> <span class='ocrx_word' id='word_1_35' title='bbox 624 900 832 954; x_wconf 86' lang='lat' dir='ltr'>autem</span> <span class='ocrx_word' id='word_1_36' title='bbox 863 898 1109 973; x_wconf 78' lang='lat' dir='ltr'>emptor</span> <span class='ocrx_word' id='word_1_37' title='bbox 1137 893 1256 954; x_wconf 91' lang='lat' dir='ltr'>sibi</span> <span class='ocrx_word' id='word_1_38' title='bbox 1286 913 1423 954; x_wconf 85' lang='lat' dir='ltr'>rem</span> <span class='ocrx_word' id='word_1_39' title='bbox 1453 895 1719 970; x_wconf 87' lang='lat' dir='ltr'>retinet,</span> <span class='ocrx_word' id='word_1_40' title='bbox 1756 898 1818 955; x_wconf 90' lang='lat' dir='ltr'>et</span> 
     </span>
     <span class='ocr_line' id='line_1_7' title="bbox 310 986 1815 1049; baseline -0.001 -2"><span class='ocrx_word' id='word_1_41' title='bbox 310 988 378 1047; x_wconf 90' lang='lat' dir='ltr'>ad</span> <span class='ocrx_word' id='word_1_42' title='bbox 405 987 546 1047; x_wconf 89' lang='lat' dir='ltr'>nihil</span> <span class='ocrx_word' id='word_1_43' title='bbox 575 991 822 1048; x_wconf 89' lang='lat' dir='ltr'>tenetur</span> <span class='ocrx_word' id='word_1_44' title='bbox 850 987 898 1047; x_wconf 90' lang='lat' dir='ltr'>si</span> <span class='ocrx_word' id='word_1_45' title='bbox 929 988 1096 1048; x_wconf 84' lang='lat' dir='ltr'>bona</span> <span class='ocrx_word' id='word_1_46' title='bbox 1122 987 1248 1047; x_wconf 88' lang='lat' dir='ltr'>fide</span> <span class='ocrx_word' id='word_1_47' title='bbox 1266 989 1437 1049; x_wconf 90' lang='lat' dir='ltr'>emit.</span> <span class='ocrx_word' id='word_1_48' title='bbox 1461 986 1581 1049; x_wconf 88' lang='lat' dir='ltr'>Alii</span> <span class='ocrx_word' id='word_1_49' title='bbox 1604 993 1815 1048; x_wconf 90' lang='lat' dir='ltr'>tamen</span> 
     </span>
     <span class='ocr_line' id='line_1_8' title="bbox 308 1079 1813 1159; baseline -0.001 -18"><span class='ocrx_word' id='word_1_50' title='bbox 308 1081 501 1142; x_wconf 90' lang='lat' dir='ltr'>dicunt</span> <span class='ocrx_word' id='word_1_51' title='bbox 527 1100 658 1141; x_wconf 90' lang='lat' dir='ltr'>esse</span> <span class='ocrx_word' id='word_1_52' title='bbox 687 1080 997 1141; x_wconf 89' lang='lat' dir='ltr'>actionem</span> <span class='ocrx_word' id='word_1_53' title='bbox 1025 1079 1281 1156; x_wconf 90' lang='lat' dir='ltr'>realem,</span> <span class='ocrx_word' id='word_1_54' title='bbox 1316 1085 1502 1159; x_wconf 88' lang='lat' dir='ltr'>atque</span> <span class='ocrx_word' id='word_1_55' title='bbox 1535 1080 1676 1140; x_wconf 89' lang='lat' dir='ltr'>ideo</span> <span class='ocrx_word' id='word_1_56' title='bbox 1693 1079 1813 1159; x_wconf 90' lang='lat' dir='ltr'>pri-</span> 
     </span>
     <span class='ocr_line' id='line_1_9' title="bbox 307 1173 1814 1251; baseline 0 -18"><span class='ocrx_word' id='word_1_57' title='bbox 307 1193 460 1234; x_wconf 91' lang='lat' dir='ltr'>mum</span> <span class='ocrx_word' id='word_1_58' title='bbox 513 1173 900 1235; x_wconf 87' lang='lat' dir='ltr'>venditorem</span> <span class='ocrx_word' id='word_1_59' title='bbox 946 1191 1127 1251; x_wconf 89' lang='lat' dir='ltr'>posse</span> <span class='ocrx_word' id='word_1_60' title='bbox 1163 1192 1201 1233; x_wconf 90' lang='lat' dir='ltr'>a</span> <span class='ocrx_word' id='word_1_61' title='bbox 1247 1173 1525 1234; x_wconf 89' lang='lat' dir='ltr'>secundo</span> <span class='ocrx_word' id='word_1_62' title='bbox 1572 1176 1814 1250; x_wconf 90' lang='lat' dir='ltr'>empto-</span> 
     </span>
     <span class='ocr_line' id='line_1_10' title="bbox 304 1266 1814 1347; baseline -0.001 -19"><span class='ocrx_word' id='word_1_63' title='bbox 304 1287 363 1329; x_wconf 90' lang='lat' dir='ltr'>re</span> <span class='ocrx_word' id='word_1_64' title='bbox 413 1287 537 1327; x_wconf 89' lang='lat' dir='ltr'>rem</span> <span class='ocrx_word' id='word_1_65' title='bbox 591 1267 764 1328; x_wconf 86' lang='lat' dir='ltr'>illam</span> <span class='ocrx_word' id='word_1_66' title='bbox 819 1267 1019 1347; x_wconf 89' lang='lat' dir='ltr'>pretio</span> <span class='ocrx_word' id='word_1_67' title='bbox 1075 1267 1321 1328; x_wconf 87' lang='lat' dir='ltr'>reddito</span> <span class='ocrx_word' id='word_1_68' title='bbox 1388 1266 1660 1345; x_wconf 84' lang='lat' dir='ltr'>exigere.</span> <span class='ocrx_word' id='word_1_69' title='bbox 1721 1268 1814 1327; x_wconf 87' lang='lat' dir='ltr'>Ita</span> 
     </span>
     <span class='ocr_line' id='line_1_11' title="bbox 305 1359 1812 1438; baseline -0.003 -15"><span class='ocrx_word' id='word_1_70' title='bbox 305 1364 535 1423; x_wconf 76' lang='lat' dir='ltr'>Covarr.</span> <span class='ocrx_word' id='word_1_71' title='bbox 597 1361 828 1422; x_wconf 90' lang='lat' dir='ltr'>Paulus</span> <span class='ocrx_word' id='word_1_72' title='bbox 878 1363 1073 1422; x_wconf 87' lang='lat' dir='ltr'>Castr.</span> <span class='ocrx_word' id='word_1_73' title='bbox 1134 1365 1198 1423; x_wconf 90' lang='lat' dir='ltr'>et</span> <span class='ocrx_word' id='word_1_74' title='bbox 1247 1361 1353 1421; x_wconf 89' lang='lat' dir='ltr'>alii</span> <span class='ocrx_word' id='word_1_75' title='bbox 1416 1359 1585 1438; x_wconf 91' lang='lat' dir='ltr'>apud</span> <span class='ocrx_word' id='word_1_76' title='bbox 1640 1359 1812 1421; x_wconf 89' lang='lat' dir='ltr'>Moli-</span> 
     </span>
     <span class='ocr_line' id='line_1_12' title="bbox 303 1452 1809 1533; baseline 0.001 -20"><span class='ocrx_word' id='word_1_77' title='bbox 303 1473 431 1515; x_wconf 90' lang='lat' dir='ltr'>nam</span> <span class='ocrx_word' id='word_1_78' title='bbox 459 1453 561 1531; x_wconf 89' lang='lat' dir='ltr'>ibi,</span> <span class='ocrx_word' id='word_1_79' title='bbox 595 1454 764 1533; x_wconf 92' lang='lat' dir='ltr'>quod</span> <span class='ocrx_word' id='word_1_80' title='bbox 788 1453 1109 1532; x_wconf 84' lang='lat' dir='ltr'>probabile</span> <span class='ocrx_word' id='word_1_81' title='bbox 1140 1454 1369 1515; x_wconf 84' lang='lat' dir='ltr'>fatetur</span> <span class='ocrx_word' id='word_1_82' title='bbox 1397 1454 1645 1514; x_wconf 90' lang='lat' dir='ltr'>Lessius</span> <span class='ocrx_word' id='word_1_83' title='bbox 1673 1452 1809 1514; x_wconf 92' lang='lat' dir='ltr'>loco</span> 
     </span>
     <span class='ocr_line' id='line_1_13' title="bbox 302 1549 392 1609; baseline 0.011 -1"><span class='ocrx_word' id='word_1_84' title='bbox 302 1549 392 1609; x_wconf 88' lang='lat' dir='ltr'>cit.</span> 
     </span>
    </p>

    <p class='ocr_par' dir='ltr' id='par_1_3' title="bbox 267 1640 1812 5333">
     <span class='ocr_line' id='line_1_14' title="bbox 366 1640 1804 1720; baseline -0.001 -19"><span class='ocrx_word' id='word_1_85' title='bbox 366 1641 693 1720; x_wconf 88' lang='lat' dir='ltr'>Loquendo</span> <span class='ocrx_word' id='word_1_86' title='bbox 723 1642 803 1702; x_wconf 92' lang='lat' dir='ltr'>de</span> <span class='ocrx_word' id='word_1_87' title='bbox 832 1640 1133 1720; x_wconf 87' lang='lat' dir='ltr'>possibili,</span> <span class='ocrx_word' id='word_1_88' title='bbox 1170 1640 1384 1719; x_wconf 87' lang='lat' dir='ltr'>negari</span> <span class='ocrx_word' id='word_1_89' title='bbox 1417 1658 1541 1700; x_wconf 91' lang='lat' dir='ltr'>non</span> <span class='ocrx_word' id='word_1_90' title='bbox 1572 1642 1804 1718; x_wconf 90' lang='lat' dir='ltr'>potest,</span> 
     </span>
     <span class='ocr_line' id='line_1_15' title="bbox 301 1733 1812 1814; baseline -0.001 -20"><span class='ocrx_word' id='word_1_91' title='bbox 301 1754 458 1814; x_wconf 86' lang='lat' dir='ltr'>posse</span> <span class='ocrx_word' id='word_1_92' title='bbox 507 1739 768 1813; x_wconf 90' lang='lat' dir='ltr'>utroque</span> <span class='ocrx_word' id='word_1_93' title='bbox 815 1733 1003 1795; x_wconf 91' lang='lat' dir='ltr'>modo</span> <span class='ocrx_word' id='word_1_94' title='bbox 1050 1738 1302 1813; x_wconf 89' lang='lat' dir='ltr'>pactum</span> <span class='ocrx_word' id='word_1_95' title='bbox 1358 1733 1491 1794; x_wconf 88' lang='lat' dir='ltr'>fieri</span> <span class='ocrx_word' id='word_1_96' title='bbox 1544 1753 1557 1793; x_wconf 91' lang='lat'>:</span> <span class='ocrx_word' id='word_1_97' title='bbox 1606 1736 1812 1810; x_wconf 90' lang='lat' dir='ltr'>potest</span> 
     </span>
     <span class='ocr_line' id='line_1_16' title="bbox 300 1826 1802 1906; baseline -0.001 -20"><span class='ocrx_word' id='word_1_98' title='bbox 300 1828 447 1886; x_wconf 89' lang='lat' dir='ltr'>enim</span> <span class='ocrx_word' id='word_1_99' title='bbox 475 1827 760 1887; x_wconf 78' lang='lat' dir='ltr'>venditor</span> <span class='ocrx_word' id='word_1_100' title='bbox 786 1826 1149 1906; x_wconf 88' lang='lat' dir='ltr'>simpliciter</span> <span class='ocrx_word' id='word_1_101' title='bbox 1168 1827 1439 1887; x_wconf 78' lang='lat' dir='ltr'>vendere</span> <span class='ocrx_word' id='word_1_102' title='bbox 1458 1844 1590 1886; x_wconf 90' lang='lat' dir='ltr'>rem</span> <span class='ocrx_word' id='word_1_103' title='bbox 1602 1844 1802 1901; x_wconf 89' lang='lat' dir='ltr'>suam,</span> 
     </span>
     <span class='ocr_line' id='line_1_17' title="bbox 299 1917 1808 1999; baseline -0.001 -21"><span class='ocrx_word' id='word_1_104' title='bbox 299 1920 514 1980; x_wconf 90' lang='lat' dir='ltr'>nullum</span> <span class='ocrx_word' id='word_1_105' title='bbox 542 1920 659 1980; x_wconf 89' lang='lat' dir='ltr'>sibi</span> <span class='ocrx_word' id='word_1_106' title='bbox 682 1921 789 1999; x_wconf 87' lang='lat' dir='ltr'>jus</span> <span class='ocrx_word' id='word_1_107' title='bbox 821 1919 879 1979; x_wconf 91' lang='lat' dir='ltr'>in</span> <span class='ocrx_word' id='word_1_108' title='bbox 912 1939 986 1979; x_wconf 87' lang='lat' dir='ltr'>ea</span> <span class='ocrx_word' id='word_1_109' title='bbox 1014 1919 1427 1995; x_wconf 73' lang='lat' dir='ltr'>reservandO,</span> <span class='ocrx_word' id='word_1_110' title='bbox 1463 1918 1573 1979; x_wconf 91' lang='lat' dir='ltr'>sed</span> <span class='ocrx_word' id='word_1_111' title='bbox 1603 1917 1808 1978; x_wconf 91' lang='lat' dir='ltr'>solum</span> 
     </span>
     <span class='ocr_line' id='line_1_18' title="bbox 296 2010 1807 2091; baseline -0.003 -18"><span class='ocrx_word' id='word_1_112' title='bbox 296 2013 607 2091; x_wconf 89' lang='lat' dir='ltr'>obligando</span> <span class='ocrx_word' id='word_1_113' title='bbox 662 2018 1012 2091; x_wconf 75' lang='lat' dir='ltr'>emptorem</span> <span class='ocrx_word' id='word_1_114' title='bbox 1068 2013 1449 2091; x_wconf 80' lang='lat' dir='ltr'>obligatione</span> <span class='ocrx_word' id='word_1_115' title='bbox 1491 2010 1807 2090; x_wconf 85' lang='lat' dir='ltr'>personali</span> 
     </span>
     <span class='ocr_line' id='line_1_19' title="bbox 296 2104 1803 2184; baseline 0.001 -19"><span class='ocrx_word' id='word_1_116' title='bbox 296 2106 365 2165; x_wconf 88' lang='lat' dir='ltr'>ad</span> <span class='ocrx_word' id='word_1_117' title='bbox 388 2106 770 2166; x_wconf 83' lang='lat' dir='ltr'>reddendam</span> <span class='ocrx_word' id='word_1_118' title='bbox 814 2106 934 2166; x_wconf 90' lang='lat' dir='ltr'>sibi</span> <span class='ocrx_word' id='word_1_119' title='bbox 979 2124 1114 2166; x_wconf 91' lang='lat' dir='ltr'>rem</span> <span class='ocrx_word' id='word_1_120' title='bbox 1154 2106 1443 2166; x_wconf 87' lang='lat' dir='ltr'>restituto</span> <span class='ocrx_word' id='word_1_121' title='bbox 1474 2106 1531 2165; x_wconf 90' lang='lat' dir='ltr'>ei</span> <span class='ocrx_word' id='word_1_122' title='bbox 1576 2104 1803 2184; x_wconf 83' lang='lat' dir='ltr'>pretio,</span> 
     </span>
     <span class='ocr_line' id='line_1_20' title="bbox 295 2197 1802 2261; baseline -0.001 -1"><span class='ocrx_word' id='word_1_123' title='bbox 295 2202 483 2260; x_wconf 83' lang='lat' dir='ltr'>Potest</span> <span class='ocrx_word' id='word_1_124' title='bbox 526 2205 739 2261; x_wconf 88' lang='lat' dir='ltr'>tamen</span> <span class='ocrx_word' id='word_1_125' title='bbox 784 2200 973 2259; x_wconf 88' lang='lat' dir='ltr'>etiam</span> <span class='ocrx_word' id='word_1_126' title='bbox 1020 2199 1314 2260; x_wconf 79' lang='lat' dir='ltr'>venditor</span> <span class='ocrx_word' id='word_1_127' title='bbox 1358 2199 1632 2259; x_wconf 81' lang='lat' dir='ltr'>vendere</span> <span class='ocrx_word' id='word_1_128' title='bbox 1689 2197 1802 2258; x_wconf 93' lang='lat' dir='ltr'>do-</span> 
     </span>
     <span class='ocr_line' id='line_1_21' title="bbox 294 2290 1806 2372; baseline -0.002 -20"><span class='ocrx_word' id='word_1_129' title='bbox 294 2311 469 2371; x_wconf 89' lang='lat' dir='ltr'>mum,</span> <span class='ocrx_word' id='word_1_130' title='bbox 499 2313 557 2355; x_wconf 81' lang='lat' dir='ltr'>v.</span> <span class='ocrx_word' id='word_1_131' title='bbox 591 2311 688 2372; x_wconf 90' lang='lat' dir='ltr'>gr.</span> <span class='ocrx_word' id='word_1_132' title='bbox 722 2291 1102 2354; x_wconf 78' lang='lat' dir='ltr'>reservando</span> <span class='ocrx_word' id='word_1_133' title='bbox 1134 2292 1249 2352; x_wconf 87' lang='lat' dir='ltr'>sibi</span> <span class='ocrx_word' id='word_1_134' title='bbox 1274 2291 1376 2371; x_wconf 88' lang='lat' dir='ltr'>jus</span> <span class='ocrx_word' id='word_1_135' title='bbox 1406 2292 1470 2352; x_wconf 89' lang='lat' dir='ltr'>in</span> <span class='ocrx_word' id='word_1_136' title='bbox 1498 2310 1565 2351; x_wconf 92' lang='lat' dir='ltr'>re</span> <span class='ocrx_word' id='word_1_137' title='bbox 1596 2290 1675 2351; x_wconf 87' lang='lat' dir='ltr'>ad</span> <span class='ocrx_word' id='word_1_138' title='bbox 1706 2309 1806 2349; x_wconf 92' lang='lat' dir='ltr'>re-</span> 
     </span>
     <span class='ocr_line' id='line_1_22' title="bbox 293 2384 1805 2463; baseline -0.002 -18"><span class='ocrx_word' id='word_1_139' title='bbox 293 2386 823 2463; x_wconf 78' lang='lat' dir='ltr'>trovenditionem,</span> <span class='ocrx_word' id='word_1_140' title='bbox 874 2386 961 2446; x_wconf 88' lang='lat' dir='ltr'>ita</span> <span class='ocrx_word' id='word_1_141' title='bbox 1006 2390 1078 2446; x_wconf 90' lang='lat' dir='ltr'>ut</span> <span class='ocrx_word' id='word_1_142' title='bbox 1123 2385 1347 2446; x_wconf 89' lang='lat' dir='ltr'>domus</span> <span class='ocrx_word' id='word_1_143' title='bbox 1391 2385 1528 2463; x_wconf 90' lang='lat' dir='ltr'>ipsa</span> <span class='ocrx_word' id='word_1_144' title='bbox 1570 2384 1805 2443; x_wconf 88' lang='lat' dir='ltr'>realem</span> 
     </span>
     <span class='ocr_line' id='line_1_23' title="bbox 291 2476 1803 2557; baseline -0.003 -18"><span class='ocrx_word' id='word_1_145' title='bbox 291 2477 711 2557; x_wconf 84' lang='lat' dir='ltr'>obligationem</span> <span class='ocrx_word' id='word_1_146' title='bbox 759 2478 1070 2539; x_wconf 88' lang='lat' dir='ltr'>retineat:</span> <span class='ocrx_word' id='word_1_147' title='bbox 1105 2478 1265 2539; x_wconf 88' lang='lat' dir='ltr'>sicut</span> <span class='ocrx_word' id='word_1_148' title='bbox 1308 2481 1571 2539; x_wconf 83' lang='lat' dir='ltr'>testator</span> <span class='ocrx_word' id='word_1_149' title='bbox 1621 2476 1803 2536; x_wconf 88' lang='lat' dir='ltr'>relin-</span> 
     </span>
     <span class='ocr_line' id='line_1_24' title="bbox 290 2570 1803 2648; baseline -0.001 -18"><span class='ocrx_word' id='word_1_150' title='bbox 290 2571 410 2648; x_wconf 86' lang='lat' dir='ltr'>quit</span> <span class='ocrx_word' id='word_1_151' title='bbox 433 2570 686 2632; x_wconf 89' lang='lat' dir='ltr'>domum</span> <span class='ocrx_word' id='word_1_152' title='bbox 737 2571 973 2632; x_wconf 62' lang='lat' dir='ltr'>haeredi</span> <span class='ocrx_word' id='word_1_153' title='bbox 1019 2570 1313 2632; x_wconf 84' lang='lat' dir='ltr'>affectam</span> <span class='ocrx_word' id='word_1_154' title='bbox 1358 2570 1510 2630; x_wconf 87' lang='lat' dir='ltr'>reali</span> <span class='ocrx_word' id='word_1_155' title='bbox 1561 2570 1803 2647; x_wconf 88' lang='lat' dir='ltr'>obliga-</span> 
     </span>
     <span class='ocr_line' id='line_1_25' title="bbox 290 2662 1802 2743; baseline -0.001 -19"><span class='ocrx_word' id='word_1_156' title='bbox 290 2664 459 2741; x_wconf 89' lang='lat' dir='ltr'>tione,</span> <span class='ocrx_word' id='word_1_157' title='bbox 490 2668 558 2726; x_wconf 90' lang='lat' dir='ltr'>ut</span> <span class='ocrx_word' id='word_1_158' title='bbox 610 2663 870 2725; x_wconf 89' lang='lat' dir='ltr'>alienari</span> <span class='ocrx_word' id='word_1_159' title='bbox 927 2684 1050 2725; x_wconf 90' lang='lat' dir='ltr'>non</span> <span class='ocrx_word' id='word_1_160' title='bbox 1106 2663 1338 2743; x_wconf 87' lang='lat' dir='ltr'>possit,</span> <span class='ocrx_word' id='word_1_161' title='bbox 1391 2682 1513 2742; x_wconf 93' lang='lat' dir='ltr'>quo</span> <span class='ocrx_word' id='word_1_162' title='bbox 1545 2681 1715 2739; x_wconf 89' lang='lat' dir='ltr'>casu,</span> <span class='ocrx_word' id='word_1_163' title='bbox 1748 2662 1802 2722; x_wconf 93' lang='lat' dir='ltr'>si</span> 
     </span>
     <span class='ocr_line' id='line_1_26' title="bbox 289 2755 1800 2837; baseline 0 -22"><span class='ocrx_word' id='word_1_164' title='bbox 289 2757 608 2832; x_wconf 82' lang='lat' dir='ltr'>alienetur,</span> <span class='ocrx_word' id='word_1_165' title='bbox 661 2758 973 2820; x_wconf 84' lang='lat' dir='ltr'>vindicari</span> <span class='ocrx_word' id='word_1_166' title='bbox 1017 2763 1223 2837; x_wconf 88' lang='lat' dir='ltr'>potest</span> <span class='ocrx_word' id='word_1_167' title='bbox 1251 2776 1288 2817; x_wconf 90' lang='lat' dir='ltr'>a</span> <span class='ocrx_word' id='word_1_168' title='bbox 1333 2755 1800 2818; x_wconf 90' lang='lat' dir='ltr'>successoribus</span> 
     </span>
     <span class='ocr_line' id='line_1_27' title="bbox 287 2850 1802 2929; baseline 0 -20"><span class='ocrx_word' id='word_1_169' title='bbox 287 2855 520 2929; x_wconf 89' lang='lat' dir='ltr'>propter</span> <span class='ocrx_word' id='word_1_170' title='bbox 547 2852 708 2912; x_wconf 90' lang='lat' dir='ltr'>onus</span> <span class='ocrx_word' id='word_1_171' title='bbox 739 2851 905 2910; x_wconf 88' lang='lat' dir='ltr'>reale</span> <span class='ocrx_word' id='word_1_172' title='bbox 934 2870 1059 2929; x_wconf 91' lang='lat' dir='ltr'>quo</span> <span class='ocrx_word' id='word_1_173' title='bbox 1090 2869 1165 2911; x_wconf 84' lang='lat' dir='ltr'>ex</span> <span class='ocrx_word' id='word_1_174' title='bbox 1196 2850 1512 2911; x_wconf 79' lang='lat' dir='ltr'>voluntate</span> <span class='ocrx_word' id='word_1_175' title='bbox 1542 2853 1802 2909; x_wconf 88' lang='lat' dir='ltr'>testato-</span> 
     </span>
     <span class='ocr_line' id='line_1_28' title="bbox 288 2940 1800 3022; baseline 0 -22"><span class='ocrx_word' id='word_1_176' title='bbox 288 2940 361 3002; x_wconf 85' lang='lat' dir='ltr'>ris</span> <span class='ocrx_word' id='word_1_177' title='bbox 386 2944 597 3005; x_wconf 79' lang='lat' dir='ltr'>affecta</span> <span class='ocrx_word' id='word_1_178' title='bbox 628 2948 768 3005; x_wconf 87' lang='lat' dir='ltr'>erat</span> <span class='ocrx_word' id='word_1_179' title='bbox 800 2962 814 3004; x_wconf 74' lang='grc' dir='ltr'>ε</span> <span class='ocrx_word' id='word_1_180' title='bbox 849 2961 964 3003; x_wconf 90' lang='lat' dir='ltr'>nec</span> <span class='ocrx_word' id='word_1_181' title='bbox 993 2946 1254 3022; x_wconf 87' lang='lat' dir='ltr'>apparet</span> <span class='ocrx_word' id='word_1_182' title='bbox 1295 2942 1419 3001; x_wconf 89' lang='lat' dir='ltr'>ulla</span> <span class='ocrx_word' id='word_1_183' title='bbox 1449 2942 1800 3002; x_wconf 86' lang='lat' dir='ltr'>verisimilis</span> 
     </span>
     <span class='ocr_line' id='line_1_29' title="bbox 287 3034 1798 3114; baseline 0.001 -21"><span class='ocrx_word' id='word_1_184' title='bbox 287 3034 427 3096; x_wconf 89' lang='lat' dir='ltr'>ratio</span> <span class='ocrx_word' id='word_1_185' title='bbox 455 3055 564 3097; x_wconf 88' lang='lat' dir='ltr'>cur</span> <span class='ocrx_word' id='word_1_186' title='bbox 592 3036 887 3097; x_wconf 81' lang='lat' dir='ltr'>venditor</span> <span class='ocrx_word' id='word_1_187' title='bbox 932 3035 1214 3095; x_wconf 87' lang='lat' dir='ltr'>similiter</span> <span class='ocrx_word' id='word_1_188' title='bbox 1262 3054 1384 3096; x_wconf 91' lang='lat' dir='ltr'>non</span> <span class='ocrx_word' id='word_1_189' title='bbox 1434 3035 1629 3114; x_wconf 89' lang='lat' dir='ltr'>possit</span> <span class='ocrx_word' id='word_1_190' title='bbox 1665 3053 1798 3095; x_wconf 90' lang='lat' dir='ltr'>rem</span> 
     </span>
     <span class='ocr_line' id='line_1_30' title="bbox 284 3128 1797 3208; baseline -0.001 -18"><span class='ocrx_word' id='word_1_191' title='bbox 284 3148 444 3190; x_wconf 85' lang='lat' dir='ltr'>suam</span> <span class='ocrx_word' id='word_1_192' title='bbox 489 3130 712 3191; x_wconf 91' lang='lat' dir='ltr'>eadem</span> <span class='ocrx_word' id='word_1_193' title='bbox 762 3128 1139 3208; x_wconf 79' lang='lat' dir='ltr'>obligatione</span> <span class='ocrx_word' id='word_1_194' title='bbox 1184 3129 1339 3190; x_wconf 86' lang='lat' dir='ltr'>reali</span> <span class='ocrx_word' id='word_1_195' title='bbox 1386 3129 1656 3190; x_wconf 84' lang='lat' dir='ltr'>afficere.</span> <span class='ocrx_word' id='word_1_196' title='bbox 1699 3132 1797 3188; x_wconf 85' lang='lat' dir='ltr'>An</span> 
     </span>
     <span class='ocr_line' id='line_1_31' title="bbox 284 3222 1791 3301; baseline 0 -17"><span class='ocrx_word' id='word_1_197' title='bbox 284 3243 416 3285; x_wconf 75' lang='lat' dir='ltr'>vero</span> <span class='ocrx_word' id='word_1_198' title='bbox 445 3225 519 3285; x_wconf 91' lang='lat' dir='ltr'>de</span> <span class='ocrx_word' id='word_1_199' title='bbox 548 3226 740 3300; x_wconf 89' lang='lat' dir='ltr'>facto,</span> <span class='ocrx_word' id='word_1_200' title='bbox 776 3224 894 3284; x_wconf 90' lang='lat' dir='ltr'>hoc</span> <span class='ocrx_word' id='word_1_201' title='bbox 914 3223 1015 3283; x_wconf 75' lang='lat' dir='ltr'>vel</span> <span class='ocrx_word' id='word_1_202' title='bbox 1044 3222 1147 3282; x_wconf 92' lang='lat' dir='ltr'>illo</span> <span class='ocrx_word' id='word_1_203' title='bbox 1170 3222 1358 3283; x_wconf 91' lang='lat' dir='ltr'>modo</span> <span class='ocrx_word' id='word_1_204' title='bbox 1384 3227 1636 3300; x_wconf 86' lang='lat' dir='ltr'>pactum</span> <span class='ocrx_word' id='word_1_205' title='bbox 1660 3223 1791 3301; x_wconf 88' lang='lat' dir='ltr'>fiat,</span> 
     </span>
     <span class='ocr_line' id='line_1_32' title="bbox 285 3315 1793 3396; baseline -0.001 -19"><span class='ocrx_word' id='word_1_206' title='bbox 285 3318 495 3396; x_wconf 89' lang='lat' dir='ltr'>pendet</span> <span class='ocrx_word' id='word_1_207' title='bbox 538 3338 613 3379; x_wconf 85' lang='lat' dir='ltr'>ex</span> <span class='ocrx_word' id='word_1_208' title='bbox 654 3317 1002 3379; x_wconf 87' lang='lat' dir='ltr'>intentione</span> <span class='ocrx_word' id='word_1_209' title='bbox 1050 3315 1555 3377; x_wconf 81' lang='lat' dir='ltr'>contrahentium</span> <span class='ocrx_word' id='word_1_210' title='bbox 1589 3337 1601 3377; x_wconf 89' lang='lat'><strong>:</strong></span> <span class='ocrx_word' id='word_1_211' title='bbox 1642 3320 1705 3377; x_wconf 90' lang='lat' dir='ltr'>et</span> <span class='ocrx_word' id='word_1_212' title='bbox 1732 3317 1793 3376; x_wconf 91' lang='lat' dir='ltr'>in</span> 
     </span>
     <span class='ocr_line' id='line_1_33' title="bbox 284 3409 1796 3488; baseline 0 -17"><span class='ocrx_word' id='word_1_213' title='bbox 284 3410 455 3471; x_wconf 89' lang='lat' dir='ltr'>dubio</span> <span class='ocrx_word' id='word_1_214' title='bbox 483 3411 636 3472; x_wconf 90' lang='lat' dir='ltr'>mihi</span> <span class='ocrx_word' id='word_1_215' title='bbox 667 3410 819 3471; x_wconf 90' lang='lat' dir='ltr'>satis</span> <span class='ocrx_word' id='word_1_216' title='bbox 841 3409 1181 3488; x_wconf 87' lang='lat' dir='ltr'>probabilis</span> <span class='ocrx_word' id='word_1_217' title='bbox 1210 3410 1796 3488; x_wconf 88' lang='lat' dir='ltr'>apparetsententia</span> 
     </span>
     <span class='ocr_line' id='line_1_34' title="bbox 283 3501 1797 3582; baseline -0.001 -16"><span class='ocrx_word' id='word_1_218' title='bbox 283 3506 682 3580; x_wconf 74' lang='lat' dir='ltr'>Covarruviae,</span> <span class='ocrx_word' id='word_1_219' title='bbox 717 3503 864 3582; x_wconf 88' lang='lat' dir='ltr'>quia</span> <span class='ocrx_word' id='word_1_220' title='bbox 894 3521 1038 3563; x_wconf 91' lang='lat' dir='ltr'>cum</span> <span class='ocrx_word' id='word_1_221' title='bbox 1067 3501 1261 3562; x_wconf 83' lang='lat' dir='ltr'>verba</span> <span class='ocrx_word' id='word_1_222' title='bbox 1290 3503 1413 3563; x_wconf 90' lang='lat' dir='ltr'>sint</span> <span class='ocrx_word' id='word_1_223' title='bbox 1440 3501 1797 3564; x_wconf 84' lang='lat' dir='ltr'>indifferen-</span> 
     </span>
     <span class='ocr_line' id='line_1_35' title="bbox 282 3595 1788 3677; baseline -0.002 -17"><span class='ocrx_word' id='word_1_224' title='bbox 282 3598 356 3660; x_wconf 84' lang='lat' dir='ltr'>tia</span> <span class='ocrx_word' id='word_1_225' title='bbox 393 3599 467 3659; x_wconf 90' lang='lat' dir='ltr'>ad</span> <span class='ocrx_word' id='word_1_226' title='bbox 511 3596 992 3677; x_wconf 82' lang='lat' dir='ltr'>significandam</span> <span class='ocrx_word' id='word_1_227' title='bbox 1039 3595 1486 3673; x_wconf 76' lang='lat' dir='ltr'>obligationem</span> <span class='ocrx_word' id='word_1_228' title='bbox 1534 3597 1788 3676; x_wconf 86' lang='lat' dir='ltr'>realem,</span> 
     </span>
     <span class='ocr_line' id='line_1_36' title="bbox 281 3688 1793 3770; baseline -0.001 -17"><span class='ocrx_word' id='word_1_229' title='bbox 281 3690 369 3755; x_wconf 72' lang='lat' dir='ltr'>vel</span> <span class='ocrx_word' id='word_1_230' title='bbox 395 3692 589 3753; x_wconf 86' lang='lat' dir='ltr'>solum</span> <span class='ocrx_word' id='word_1_231' title='bbox 619 3689 1040 3770; x_wconf 85' lang='lat' dir='ltr'>personalem,</span> <span class='ocrx_word' id='word_1_232' title='bbox 1076 3707 1198 3748; x_wconf 90' lang='lat' dir='ltr'>non</span> <span class='ocrx_word' id='word_1_233' title='bbox 1231 3688 1415 3749; x_wconf 84' lang='lat' dir='ltr'>video</span> <span class='ocrx_word' id='word_1_234' title='bbox 1445 3707 1558 3749; x_wconf 90' lang='lat' dir='ltr'>cur</span> <span class='ocrx_word' id='word_1_235' title='bbox 1586 3689 1793 3752; x_wconf 90' lang='lat' dir='ltr'>minus</span> 
     </span>
     <span class='ocr_line' id='line_1_37' title="bbox 281 3781 1792 3865; baseline -0.002 -19"><span class='ocrx_word' id='word_1_236' title='bbox 281 3785 701 3865; x_wconf 68' lang='lat' dir='ltr'>praesumenda</span> <span class='ocrx_word' id='word_1_237' title='bbox 756 3783 837 3844; x_wconf 89' lang='lat' dir='ltr'>sit</span> <span class='ocrx_word' id='word_1_238' title='bbox 882 3781 1177 3860; x_wconf 81' lang='lat' dir='ltr'>obligatio</span> <span class='ocrx_word' id='word_1_239' title='bbox 1232 3781 1418 3841; x_wconf 89' lang='lat' dir='ltr'>realis</span> <span class='ocrx_word' id='word_1_240' title='bbox 1465 3802 1540 3842; x_wconf 84' lang='lat' dir='ltr'>ex</span> <span class='ocrx_word' id='word_1_241' title='bbox 1586 3783 1792 3843; x_wconf 85' lang='lat' dir='ltr'>verbis</span> 
     </span>
     <span class='ocr_line' id='line_1_38' title="bbox 278 3873 1790 3957; baseline -0.001 -19"><span class='ocrx_word' id='word_1_242' title='bbox 278 3878 617 3955; x_wconf 78' lang='lat' dir='ltr'>venditoris,</span> <span class='ocrx_word' id='word_1_243' title='bbox 669 3894 862 3957; x_wconf 89' lang='lat' dir='ltr'>quam</span> <span class='ocrx_word' id='word_1_244' title='bbox 908 3895 985 3935; x_wconf 83' lang='lat' dir='ltr'>ex</span> <span class='ocrx_word' id='word_1_245' title='bbox 1033 3873 1241 3934; x_wconf 82' lang='lat' dir='ltr'>verbis</span> <span class='ocrx_word' id='word_1_246' title='bbox 1290 3876 1600 3935; x_wconf 86' lang='lat' dir='ltr'>testatoris</span> <span class='ocrx_word' id='word_1_247' title='bbox 1628 3922 1643 3952; x_wconf 86' lang='lat'>,</span> <span class='ocrx_word' id='word_1_248' title='bbox 1680 3877 1790 3955; x_wconf 93' lang='lat' dir='ltr'>qui</span> 
     </span>
     <span class='ocr_line' id='line_1_39' title="bbox 279 3967 1788 4046; baseline -0.001 -16"><span class='ocrx_word' id='word_1_249' title='bbox 279 3970 495 4031; x_wconf 88' lang='lat' dir='ltr'>eisdem</span> <span class='ocrx_word' id='word_1_250' title='bbox 526 3969 736 4030; x_wconf 72' lang='lat' dir='ltr'>verbis</span> <span class='ocrx_word' id='word_1_251' title='bbox 764 3967 1002 4046; x_wconf 87' lang='lat' dir='ltr'>obligat</span> <span class='ocrx_word' id='word_1_252' title='bbox 1030 3967 1346 4027; x_wconf 85' lang='lat' dir='ltr'>haeredem</span> <span class='ocrx_word' id='word_1_253' title='bbox 1376 3968 1454 4027; x_wconf 91' lang='lat' dir='ltr'>ad</span> <span class='ocrx_word' id='word_1_254' title='bbox 1488 3986 1607 4029; x_wconf 88' lang='lat' dir='ltr'>non</span> <span class='ocrx_word' id='word_1_255' title='bbox 1640 3970 1788 4030; x_wconf 86' lang='lat' dir='ltr'>alie·</span> 
     </span>
     <span class='ocr_line' id='line_1_40' title="bbox 279 4059 1793 4139; baseline -0.001 -17"><span class='ocrx_word' id='word_1_256' title='bbox 279 4063 531 4123; x_wconf 81' lang='lat' dir='ltr'>nandum</span> <span class='ocrx_word' id='word_1_257' title='bbox 550 4110 565 4139; x_wconf 89' lang='lat'>‚</span> <span class='ocrx_word' id='word_1_258' title='bbox 597 4061 699 4123; x_wconf 84' lang='lat' dir='ltr'>vel</span> <span class='ocrx_word' id='word_1_259' title='bbox 730 4059 811 4120; x_wconf 89' lang='lat' dir='ltr'>ad</span> <span class='ocrx_word' id='word_1_260' title='bbox 840 4059 1291 4120; x_wconf 87' lang='lat' dir='ltr'>restituendam</span> <span class='ocrx_word' id='word_1_261' title='bbox 1330 4060 1586 4120; x_wconf 89' lang='lat' dir='ltr'>domum</span> <span class='ocrx_word' id='word_1_262' title='bbox 1614 4061 1793 4122; x_wconf 87' lang='lat' dir='ltr'>fidei-</span> 
     </span>
     <span class='ocr_line' id='line_1_41' title="bbox 276 4151 1792 4233; baseline -0.001 -17"><span class='ocrx_word' id='word_1_263' title='bbox 276 4155 708 4217; x_wconf 80' lang='lat' dir='ltr'>commissario.</span> <span class='ocrx_word' id='word_1_264' title='bbox 745 4152 923 4227; x_wconf 89' lang='lat' dir='ltr'>Quod</span> <span class='ocrx_word' id='word_1_265' title='bbox 965 4151 1323 4213; x_wconf 81' lang='lat' dir='ltr'>confirmari</span> <span class='ocrx_word' id='word_1_266' title='bbox 1368 4156 1609 4231; x_wconf 87' lang='lat' dir='ltr'>potest,</span> <span class='ocrx_word' id='word_1_267' title='bbox 1645 4154 1792 4233; x_wconf 89' lang='lat' dir='ltr'>quia</span> 
     </span>
     <span class='ocr_line' id='line_1_42' title="bbox 276 4245 1794 4322; baseline -0.002 -12"><span class='ocrx_word' id='word_1_268' title='bbox 276 4251 539 4310; x_wconf 78' lang='lat' dir='ltr'>venditor</span> <span class='ocrx_word' id='word_1_269' title='bbox 568 4245 815 4310; x_wconf 86' lang='lat' dir='ltr'>etiamsi</span> <span class='ocrx_word' id='word_1_270' title='bbox 846 4246 1055 4306; x_wconf 88' lang='lat' dir='ltr'>tradat</span> <span class='ocrx_word' id='word_1_271' title='bbox 1096 4245 1357 4322; x_wconf 82' lang='lat' dir='ltr'>emptori</span> <span class='ocrx_word' id='word_1_272' title='bbox 1402 4264 1536 4304; x_wconf 88' lang='lat' dir='ltr'>rem</span> <span class='ocrx_word' id='word_1_273' title='bbox 1578 4247 1794 4307; x_wconf 76' lang='lat' dir='ltr'>vendi-</span> 
     </span>
     <span class='ocr_line' id='line_1_43' title="bbox 274 4337 1791 4419; baseline -0.002 -16"><span class='ocrx_word' id='word_1_274' title='bbox 274 4345 410 4419; x_wconf 80' lang='lat' dir='ltr'>tam,</span> <span class='ocrx_word' id='word_1_275' title='bbox 441 4361 563 4403; x_wconf 92' lang='lat' dir='ltr'>non</span> <span class='ocrx_word' id='word_1_276' title='bbox 592 4344 884 4402; x_wconf 90' lang='lat' dir='ltr'>censetur</span> <span class='ocrx_word' id='word_1_277' title='bbox 904 4339 1060 4398; x_wconf 79' lang='lat' dir='ltr'>velle</span> <span class='ocrx_word' id='word_1_278' title='bbox 1086 4337 1421 4398; x_wconf 84' lang='lat' dir='ltr'>transferre</span> <span class='ocrx_word' id='word_1_279' title='bbox 1444 4338 1791 4400; x_wconf 91' lang='lat' dir='ltr'>dominium</span> 
     </span>
     <span class='ocr_line' id='line_1_44' title="bbox 274 4430 1790 4512; baseline -0.001 -18"><span class='ocrx_word' id='word_1_280' title='bbox 274 4436 452 4512; x_wconf 89' lang='lat' dir='ltr'>illius,</span> <span class='ocrx_word' id='word_1_281' title='bbox 497 4436 612 4495; x_wconf 93' lang='lat' dir='ltr'>nisi</span> <span class='ocrx_word' id='word_1_282' title='bbox 645 4436 901 4511; x_wconf 87' lang='lat' dir='ltr'>accepto</span> <span class='ocrx_word' id='word_1_283' title='bbox 951 4432 1150 4510; x_wconf 89' lang='lat' dir='ltr'>pretio</span> <span class='ocrx_word' id='word_1_284' title='bbox 1180 4477 1195 4507; x_wconf 90' lang='lat'><strong>,</strong></span> <span class='ocrx_word' id='word_1_285' title='bbox 1232 4430 1323 4491; x_wconf 82' lang='lat' dir='ltr'>vel</span> <span class='ocrx_word' id='word_1_286' title='bbox 1371 4431 1692 4510; x_wconf 91' lang='lat' dir='ltr'>sequendo</span> <span class='ocrx_word' id='word_1_287' title='bbox 1722 4433 1790 4492; x_wconf 84' lang='lat' dir='ltr'>ti—</span> 
     </span>
     <span class='ocr_line' id='line_1_45' title="bbox 273 4522 1789 4608; baseline -0.001 -21"><span class='ocrx_word' id='word_1_288' title='bbox 273 4527 403 4587; x_wconf 87' lang='lat' dir='ltr'>dem</span> <span class='ocrx_word' id='word_1_289' title='bbox 429 4526 728 4608; x_wconf 91' lang='lat' dir='ltr'>emptoris</span> <span class='ocrx_word' id='word_1_290' title='bbox 757 4524 920 4585; x_wconf 89' lang='lat' dir='ltr'>circa</span> <span class='ocrx_word' id='word_1_291' title='bbox 951 4523 1130 4602; x_wconf 91' lang='lat' dir='ltr'>pretii</span> <span class='ocrx_word' id='word_1_292' title='bbox 1164 4522 1559 4600; x_wconf 89' lang='lat' dir='ltr'>solutionem,</span> <span class='ocrx_word' id='word_1_293' title='bbox 1593 4527 1663 4584; x_wconf 89' lang='lat' dir='ltr'>ut</span> <span class='ocrx_word' id='word_1_294' title='bbox 1691 4543 1789 4585; x_wconf 90' lang='lat' dir='ltr'>su-</span> 
     </span>
     <span class='ocr_line' id='line_1_46' title="bbox 272 4616 1787 4700; baseline -0.002 -19"><span class='ocrx_word' id='word_1_295' title='bbox 272 4640 372 4700; x_wconf 90' lang='lat' dir='ltr'>pra</span> <span class='ocrx_word' id='word_1_296' title='bbox 400 4621 667 4683; x_wconf 86' lang='lat' dir='ltr'>vidimus</span> <span class='ocrx_word' id='word_1_297' title='bbox 690 4666 706 4696; x_wconf 93' lang='lat'>‚</span> <span class='ocrx_word' id='word_1_298' title='bbox 752 4618 863 4679; x_wconf 91' lang='lat' dir='ltr'>sed</span> <span class='ocrx_word' id='word_1_299' title='bbox 891 4618 1099 4697; x_wconf 90' lang='lat' dir='ltr'>potius</span> <span class='ocrx_word' id='word_1_300' title='bbox 1143 4618 1431 4676; x_wconf 86' lang='lat' dir='ltr'>censetur</span> <span class='ocrx_word' id='word_1_301' title='bbox 1458 4616 1615 4676; x_wconf 88' lang='lat' dir='ltr'>velle</span> <span class='ocrx_word' id='word_1_302' title='bbox 1644 4618 1787 4678; x_wconf 90' lang='lat' dir='ltr'>reti-</span> 
     </span>
     <span class='ocr_line' id='line_1_47' title="bbox 274 4708 1787 4794; baseline -0.003 -20"><span class='ocrx_word' id='word_1_303' title='bbox 274 4732 406 4774; x_wconf 81' lang='lat' dir='ltr'>nere</span> <span class='ocrx_word' id='word_1_304' title='bbox 435 4714 549 4774; x_wconf 91' lang='lat' dir='ltr'>sibi</span> <span class='ocrx_word' id='word_1_305' title='bbox 571 4712 677 4794; x_wconf 87' lang='lat' dir='ltr'>jus</span> <span class='ocrx_word' id='word_1_306' title='bbox 706 4712 769 4772; x_wconf 88' lang='lat' dir='ltr'>iu</span> <span class='ocrx_word' id='word_1_307' title='bbox 807 4731 873 4772; x_wconf 88' lang='lat' dir='ltr'>re</span> <span class='ocrx_word' id='word_1_308' title='bbox 900 4758 915 4787; x_wconf 90' lang='lat'>,</span> <span class='ocrx_word' id='word_1_309' title='bbox 958 4715 1019 4772; x_wconf 90' lang='lat' dir='ltr'>et</span> <span class='ocrx_word' id='word_1_310' title='bbox 1059 4729 1183 4771; x_wconf 89' lang='lat' dir='ltr'>non</span> <span class='ocrx_word' id='word_1_311' title='bbox 1230 4708 1428 4770; x_wconf 89' lang='lat' dir='ltr'>solam</span> <span class='ocrx_word' id='word_1_312' title='bbox 1474 4710 1787 4770; x_wconf 80' lang='lat' dir='ltr'>actionem</span> 
     </span>
     <span class='ocr_line' id='line_1_48' title="bbox 270 4802 1785 4885; baseline -0.002 -19"><span class='ocrx_word' id='word_1_313' title='bbox 270 4806 646 4885; x_wconf 85' lang='lat' dir='ltr'>personalem</span> <span class='ocrx_word' id='word_1_314' title='bbox 673 4806 737 4865; x_wconf 90' lang='lat' dir='ltr'>in</span> <span class='ocrx_word' id='word_1_315' title='bbox 767 4810 1113 4884; x_wconf 88' lang='lat' dir='ltr'>emptorem</span> <span class='ocrx_word' id='word_1_316' title='bbox 1162 4802 1242 4863; x_wconf 89' lang='lat' dir='ltr'>ad</span> <span class='ocrx_word' id='word_1_317' title='bbox 1291 4802 1665 4881; x_wconf 86' lang='lat' dir='ltr'>exigendum</span> <span class='ocrx_word' id='word_1_318' title='bbox 1707 4803 1785 4863; x_wconf 92' lang='lat' dir='ltr'>ab</span> 
     </span>
     <span class='ocr_line' id='line_1_49' title="bbox 272 4895 1786 4980; baseline -0.001 -21"><span class='ocrx_word' id='word_1_319' title='bbox 272 4918 336 4960; x_wconf 88' lang='lat' dir='ltr'>eo</span> <span class='ocrx_word' id='word_1_320' title='bbox 362 4902 626 4980; x_wconf 90' lang='lat' dir='ltr'>pretium</span> <span class='ocrx_word' id='word_1_321' title='bbox 659 4919 673 4960; x_wconf 90' lang='lat'>:</span> <span class='ocrx_word' id='word_1_322' title='bbox 708 4916 857 4977; x_wconf 89' lang='lat' dir='ltr'>ergo</span> <span class='ocrx_word' id='word_1_323' title='bbox 905 4896 1189 4957; x_wconf 86' lang='lat' dir='ltr'>similiter</span> <span class='ocrx_word' id='word_1_324' title='bbox 1235 4896 1343 4976; x_wconf 87' lang='lat' dir='ltr'>qui</span> <span class='ocrx_word' id='word_1_325' title='bbox 1386 4895 1606 4956; x_wconf 79' lang='lat' dir='ltr'>vendit</span> <span class='ocrx_word' id='word_1_326' title='bbox 1642 4915 1786 4957; x_wconf 91' lang='lat' dir='ltr'>cum</span> 
     </span>
     <span class='ocr_line' id='line_1_50' title="bbox 267 4987 1786 5070; baseline -0.003 -17"><span class='ocrx_word' id='word_1_327' title='bbox 267 5001 433 5070; x_wconf 86' lang='lat' dir='ltr'>pacto</span> <span class='ocrx_word' id='word_1_328' title='bbox 462 4989 1032 5067; x_wconf 77' lang='lat' dir='ltr'>retrovenditioniS,</span> <span class='ocrx_word' id='word_1_329' title='bbox 1058 4995 1349 5050; x_wconf 90' lang='lat' dir='ltr'>censetur</span> <span class='ocrx_word' id='word_1_330' title='bbox 1378 4988 1440 5049; x_wconf 91' lang='lat' dir='ltr'>in</span> <span class='ocrx_word' id='word_1_331' title='bbox 1463 4987 1653 5050; x_wconf 90' lang='lat' dir='ltr'>dubio</span> <span class='ocrx_word' id='word_1_332' title='bbox 1684 5008 1786 5049; x_wconf 93' lang='lat' dir='ltr'>re-</span> 
     </span>
     <span class='ocr_line' id='line_1_51' title="bbox 269 5083 1781 5162; baseline 0 -18"><span class='ocrx_word' id='word_1_333' title='bbox 269 5085 450 5146; x_wconf 86' lang='lat' dir='ltr'>tinere</span> <span class='ocrx_word' id='word_1_334' title='bbox 503 5086 663 5146; x_wconf 81' lang='lat' dir='ltr'>velle</span> <span class='ocrx_word' id='word_1_335' title='bbox 728 5102 852 5145; x_wconf 91' lang='lat' dir='ltr'>non</span> <span class='ocrx_word' id='word_1_336' title='bbox 925 5083 1123 5144; x_wconf 89' lang='lat' dir='ltr'>solam</span> <span class='ocrx_word' id='word_1_337' title='bbox 1189 5083 1496 5143; x_wconf 88' lang='lat' dir='ltr'>actionem</span> <span class='ocrx_word' id='word_1_338' title='bbox 1564 5101 1781 5162; x_wconf 90' lang='lat' dir='ltr'>perso-</span> 
     </span>
     <span class='ocr_line' id='line_1_52' title="bbox 269 5175 1783 5258; baseline -0.001 -22"><span class='ocrx_word' id='word_1_339' title='bbox 269 5178 492 5253; x_wconf 88' lang='lat' dir='ltr'>nalem,</span> <span class='ocrx_word' id='word_1_340' title='bbox 527 5179 637 5239; x_wconf 90' lang='lat' dir='ltr'>sed</span> <span class='ocrx_word' id='word_1_341' title='bbox 660 5176 764 5258; x_wconf 88' lang='lat' dir='ltr'>jus</span> <span class='ocrx_word' id='word_1_342' title='bbox 793 5177 854 5236; x_wconf 91' lang='lat' dir='ltr'>in</span> <span class='ocrx_word' id='word_1_343' title='bbox 885 5175 1142 5256; x_wconf 88' lang='lat' dir='ltr'>reipsa,</span> <span class='ocrx_word' id='word_1_344' title='bbox 1175 5180 1244 5237; x_wconf 92' lang='lat' dir='ltr'>ut</span> <span class='ocrx_word' id='word_1_345' title='bbox 1271 5178 1524 5253; x_wconf 88' lang='lat' dir='ltr'>pactum</span> <span class='ocrx_word' id='word_1_346' title='bbox 1569 5175 1783 5236; x_wconf 90' lang='lat' dir='ltr'>obser-</span> 
     </span>
     <span class='ocr_line' id='line_1_53' title="bbox 271 5276 456 5333; baseline 0.011 -3"><span class='ocrx_word' id='word_1_347' title='bbox 271 5276 456 5333; x_wconf 81' lang='lat' dir='ltr'>vetur.</span> 
     </span>
    </p>

    <p class='ocr_par' dir='ltr' id='par_1_4' title="bbox 271 5360 1785 5630">
     <span class='ocr_line' id='line_1_54' title="bbox 340 5360 1785 5426; baseline -0.004 0"><span class='ocrx_word' id='word_1_348' title='bbox 340 5365 433 5426; x_wconf 79' lang='lat' dir='ltr'>Ad</span> <span class='ocrx_word' id='word_1_349' title='bbox 460 5365 938 5426; x_wconf 84' lang='lat' dir='ltr'>fundamentum</span> <span class='ocrx_word' id='word_1_350' title='bbox 965 5381 1113 5424; x_wconf 85' lang='lat' dir='ltr'>vero</span> <span class='ocrx_word' id='word_1_351' title='bbox 1160 5360 1489 5424; x_wconf 73' lang='lat' dir='ltr'>contrariae</span> <span class='ocrx_word' id='word_1_352' title='bbox 1534 5365 1785 5422; x_wconf 90' lang='lat' dir='ltr'>senten-</span> 
     </span>
     <span class='ocr_line' id='line_1_55' title="bbox 271 5453 1785 5536; baseline -0.003 -18"><span class='ocrx_word' id='word_1_353' title='bbox 271 5455 383 5533; x_wconf 65' lang='lat' dir='ltr'>tim,</span> <span class='ocrx_word' id='word_1_354' title='bbox 415 5461 477 5518; x_wconf 89' lang='lat' dir='ltr'>et</span> <span class='ocrx_word' id='word_1_355' title='bbox 500 5456 854 5536; x_wconf 88' lang='lat' dir='ltr'>exemplum</span> <span class='ocrx_word' id='word_1_356' title='bbox 882 5455 1181 5534; x_wconf 81' lang='lat' dir='ltr'>emptoris</span> <span class='ocrx_word' id='word_1_357' title='bbox 1203 5500 1219 5532; x_wconf 90' lang='lat'>,</span> <span class='ocrx_word' id='word_1_358' title='bbox 1271 5453 1374 5515; x_wconf 88' lang='lat' dir='ltr'>cui</span> <span class='ocrx_word' id='word_1_359' title='bbox 1418 5457 1562 5514; x_wconf 87' lang='lat' dir='ltr'>ante</span> <span class='ocrx_word' id='word_1_360' title='bbox 1592 5453 1785 5514; x_wconf 88' lang='lat' dir='ltr'>tradi-</span> 
     </span>
     <span class='ocr_line' id='line_1_56' title="bbox 273 5546 1780 5630; baseline -0.003 -20"><span class='ocrx_word' id='word_1_361' title='bbox 273 5549 497 5611; x_wconf 82' lang='lat' dir='ltr'>tionem</span> <span class='ocrx_word' id='word_1_362' title='bbox 526 5570 651 5612; x_wconf 91' lang='lat' dir='ltr'>non</span> <span class='ocrx_word' id='word_1_363' title='bbox 680 5549 1025 5630; x_wconf 89' lang='lat' dir='ltr'>acquiritur</span> <span class='ocrx_word' id='word_1_364' title='bbox 1041 5547 1148 5627; x_wconf 88' lang='lat' dir='ltr'>jus</span> <span class='ocrx_word' id='word_1_365' title='bbox 1172 5548 1237 5608; x_wconf 93' lang='lat' dir='ltr'>in</span> <span class='ocrx_word' id='word_1_366' title='bbox 1274 5565 1408 5608; x_wconf 90' lang='lat' dir='ltr'>rem</span> <span class='ocrx_word' id='word_1_367' title='bbox 1437 5546 1780 5623; x_wconf 82' lang='lat' dir='ltr'>venditam,</span> 
     </span>
    </p>
   </div>
   <div class='ocr_carea' id='block_1_3' title="bbox 3338 362 3453 420">
    <p class='ocr_par' dir='ltr' id='par_1_5' title="bbox 3338 362 3453 420">
     <span class='ocr_line' id='line_1_57' title="bbox 3338 362 3453 420; baseline 0 0"><span class='ocrx_word' id='word_1_368' title='bbox 3338 362 3453 420; x_wconf 74' lang='lat'>323</span> 
     </span>
    </p>
   </div>
   <div class='ocr_carea' id='block_1_4' title="bbox 1881 523 3453 5639">
    <p class='ocr_par' dir='ltr' id='par_1_6' title="bbox 1890 523 3453 3490">
     <span class='ocr_line' id='line_1_58' title="bbox 1916 523 3451 607; baseline 0.012 -27"><span class='ocrx_word' id='word_1_369' title='bbox 1916 523 2023 582; x_wconf 82' lang='lat' dir='ltr'>sed</span> <span class='ocrx_word' id='word_1_370' title='bbox 2048 523 2154 603; x_wconf 90' lang='lat' dir='ltr'>jus</span> <span class='ocrx_word' id='word_1_371' title='bbox 2184 529 2511 604; x_wconf 87' lang='lat' dir='ltr'>personale</span> <span class='ocrx_word' id='word_1_372' title='bbox 2543 534 2759 591; x_wconf 87' lang='lat' dir='ltr'>contra</span> <span class='ocrx_word' id='word_1_373' title='bbox 2788 532 3179 607; x_wconf 84' lang='lat' dir='ltr'>venditorem</span> <span class='ocrx_word' id='word_1_374' title='bbox 3221 541 3292 598; x_wconf 91' lang='lat' dir='ltr'>ut</span> <span class='ocrx_word' id='word_1_375' title='bbox 3319 557 3451 598; x_wconf 91' lang='lat' dir='ltr'>rem</span> 
     </span>
     <span class='ocr_line' id='line_1_59' title="bbox 1915 618 3453 707; baseline 0.01 -30"><span class='ocrx_word' id='word_1_376' title='bbox 1915 618 2141 693; x_wconf 85' lang='lat' dir='ltr'>tradat,</span> <span class='ocrx_word' id='word_1_377' title='bbox 2177 622 2545 698; x_wconf 87' lang='lat' dir='ltr'>responderi</span> <span class='ocrx_word' id='word_1_378' title='bbox 2575 628 2778 701; x_wconf 88' lang='lat' dir='ltr'>potest</span> <span class='ocrx_word' id='word_1_379' title='bbox 2803 673 2818 702; x_wconf 90' lang='lat'>‚</span> <span class='ocrx_word' id='word_1_380' title='bbox 2852 645 2986 687; x_wconf 89' lang='lat' dir='ltr'>esse</span> <span class='ocrx_word' id='word_1_381' title='bbox 3015 647 3311 707; x_wconf 88' lang='lat' dir='ltr'>magnam</span> <span class='ocrx_word' id='word_1_382' title='bbox 3341 632 3453 691; x_wconf 85' lang='lat' dir='ltr'>dif-</span> 
     </span>
     <span class='ocr_line' id='line_1_60' title="bbox 1912 710 3451 801; baseline 0.01 -33"><span class='ocrx_word' id='word_1_383' title='bbox 1912 710 2243 771; x_wconf 79' lang='lat' dir='ltr'>ferentiam</span> <span class='ocrx_word' id='word_1_384' title='bbox 2279 733 2291 774; x_wconf 91' lang='lat'>:</span> <span class='ocrx_word' id='word_1_385' title='bbox 2327 715 2475 793; x_wconf 89' lang='lat' dir='ltr'>quia</span> <span class='ocrx_word' id='word_1_386' title='bbox 2505 723 2768 796; x_wconf 89' lang='lat' dir='ltr'>emptor,</span> <span class='ocrx_word' id='word_1_387' title='bbox 2796 737 2939 779; x_wconf 90' lang='lat' dir='ltr'>cum</span> <span class='ocrx_word' id='word_1_388' title='bbox 2971 740 3290 801; x_wconf 89' lang='lat' dir='ltr'>nunquam</span> <span class='ocrx_word' id='word_1_389' title='bbox 3319 725 3451 784; x_wconf 89' lang='lat' dir='ltr'>fue-</span> 
     </span>
     <span class='ocr_line' id='line_1_61' title="bbox 1913 803 3448 896; baseline 0.01 -34"><span class='ocrx_word' id='word_1_390' title='bbox 1913 803 1994 864; x_wconf 91' lang='lat' dir='ltr'>rit</span> <span class='ocrx_word' id='word_1_391' title='bbox 2024 803 2312 866; x_wconf 90' lang='lat' dir='ltr'>dominus</span> <span class='ocrx_word' id='word_1_392' title='bbox 2341 808 2429 868; x_wconf 90' lang='lat' dir='ltr'>rei</span> <span class='ocrx_word' id='word_1_393' title='bbox 2463 814 2711 888; x_wconf 71' lang='lat' dir='ltr'>emptae,</span> <span class='ocrx_word' id='word_1_394' title='bbox 2747 831 2869 872; x_wconf 91' lang='lat' dir='ltr'>non</span> <span class='ocrx_word' id='word_1_395' title='bbox 2899 818 3103 893; x_wconf 90' lang='lat' dir='ltr'>potest</span> <span class='ocrx_word' id='word_1_396' title='bbox 3125 817 3448 896; x_wconf 87' lang='lat' dir='ltr'>acquirere</span> 
     </span>
     <span class='ocr_line' id='line_1_62' title="bbox 1914 895 3446 988; baseline 0.012 -34"><span class='ocrx_word' id='word_1_397' title='bbox 1914 895 1992 955; x_wconf 87' lang='lat' dir='ltr'>de</span> <span class='ocrx_word' id='word_1_398' title='bbox 2024 915 2184 957; x_wconf 88' lang='lat' dir='ltr'>novo</span> <span class='ocrx_word' id='word_1_399' title='bbox 2209 897 2312 977; x_wconf 82' lang='lat' dir='ltr'>jus</span> <span class='ocrx_word' id='word_1_400' title='bbox 2343 899 2404 959; x_wconf 92' lang='lat' dir='ltr'>in</span> <span class='ocrx_word' id='word_1_401' title='bbox 2447 920 2516 961; x_wconf 89' lang='lat' dir='ltr'>re</span> <span class='ocrx_word' id='word_1_402' title='bbox 2564 903 2696 963; x_wconf 91' lang='lat' dir='ltr'>sine</span> <span class='ocrx_word' id='word_1_403' title='bbox 2741 905 3077 967; x_wconf 89' lang='lat' dir='ltr'>traditione</span> <span class='ocrx_word' id='word_1_404' title='bbox 3119 909 3216 969; x_wconf 90' lang='lat' dir='ltr'>vel</span> <span class='ocrx_word' id='word_1_405' title='bbox 3266 914 3446 988; x_wconf 87' lang='lat' dir='ltr'>pacto</span> 
     </span>
     <span class='ocr_line' id='line_1_63' title="bbox 1913 995 3441 1080; baseline 0.01 -31"><span class='ocrx_word' id='word_1_406' title='bbox 1913 1007 2229 1068; x_wconf 81' lang='lat' dir='ltr'>expressO,</span> <span class='ocrx_word' id='word_1_407' title='bbox 2292 1011 2406 1053; x_wconf 90' lang='lat' dir='ltr'>nec</span> <span class='ocrx_word' id='word_1_408' title='bbox 2461 995 2663 1072; x_wconf 87' lang='lat' dir='ltr'>potuit</span> <span class='ocrx_word' id='word_1_409' title='bbox 2718 997 2868 1057; x_wconf 91' lang='lat' dir='ltr'>illud</span> <span class='ocrx_word' id='word_1_410' title='bbox 2926 998 3044 1059; x_wconf 89' lang='lat' dir='ltr'>sibi</span> <span class='ocrx_word' id='word_1_411' title='bbox 3098 1019 3441 1080; x_wconf 83' lang='lat' dir='ltr'>reservare,</span> 
     </span>
     <span class='ocr_line' id='line_1_64' title="bbox 1913 1088 3445 1164; baseline 0.012 -24"><span class='ocrx_word' id='word_1_412' title='bbox 1913 1100 2055 1142; x_wconf 87' lang='lat' dir='ltr'>cum</span> <span class='ocrx_word' id='word_1_413' title='bbox 2086 1102 2409 1164; x_wconf 90' lang='lat' dir='ltr'>nunquam</span> <span class='ocrx_word' id='word_1_414' title='bbox 2440 1106 2539 1147; x_wconf 90' lang='lat' dir='ltr'>res</span> <span class='ocrx_word' id='word_1_415' title='bbox 2569 1088 2758 1150; x_wconf 84' lang='lat' dir='ltr'>fuerit</span> <span class='ocrx_word' id='word_1_416' title='bbox 2784 1109 2918 1152; x_wconf 92' lang='lat' dir='ltr'>sua.</span> <span class='ocrx_word' id='word_1_417' title='bbox 2953 1095 3034 1154; x_wconf 88' lang='lat' dir='ltr'>At</span> <span class='ocrx_word' id='word_1_418' title='bbox 3063 1113 3211 1156; x_wconf 90' lang='lat' dir='ltr'>vero</span> <span class='ocrx_word' id='word_1_419' title='bbox 3245 1096 3306 1155; x_wconf 92' lang='lat' dir='ltr'>in</span> <span class='ocrx_word' id='word_1_420' title='bbox 3338 1116 3445 1158; x_wconf 90' lang='lat' dir='ltr'>no-</span> 
     </span>
     <span class='ocr_line' id='line_1_65' title="bbox 1910 1179 3443 1268; baseline 0.01 -34"><span class='ocrx_word' id='word_1_421' title='bbox 1910 1179 2037 1235; x_wconf 88' lang='lat' dir='ltr'>stro</span> <span class='ocrx_word' id='word_1_422' title='bbox 2068 1194 2215 1237; x_wconf 89' lang='lat' dir='ltr'>casu</span> <span class='ocrx_word' id='word_1_423' title='bbox 2250 1196 2372 1238; x_wconf 91' lang='lat' dir='ltr'>non</span> <span class='ocrx_word' id='word_1_424' title='bbox 2403 1180 2610 1257; x_wconf 86' lang='lat' dir='ltr'>agitur</span> <span class='ocrx_word' id='word_1_425' title='bbox 2649 1182 2726 1242; x_wconf 91' lang='lat' dir='ltr'>de</span> <span class='ocrx_word' id='word_1_426' title='bbox 2772 1184 3157 1263; x_wconf 90' lang='lat' dir='ltr'>acquirendo</span> <span class='ocrx_word' id='word_1_427' title='bbox 3199 1188 3341 1268; x_wconf 87' lang='lat' dir='ltr'>jure</span> <span class='ocrx_word' id='word_1_428' title='bbox 3381 1190 3443 1251; x_wconf 91' lang='lat' dir='ltr'>in</span> 
     </span>
     <span class='ocr_line' id='line_1_66' title="bbox 1910 1269 3439 1351; baseline 0.011 -24"><span class='ocrx_word' id='word_1_429' title='bbox 1910 1286 1997 1345; x_wconf 87' lang='lat' dir='ltr'>re,</span> <span class='ocrx_word' id='word_1_430' title='bbox 2033 1269 2141 1329; x_wconf 90' lang='lat' dir='ltr'>sed</span> <span class='ocrx_word' id='word_1_431' title='bbox 2172 1270 2249 1329; x_wconf 92' lang='lat' dir='ltr'>de</span> <span class='ocrx_word' id='word_1_432' title='bbox 2279 1290 2404 1331; x_wconf 86' lang='lat' dir='ltr'>non</span> <span class='ocrx_word' id='word_1_433' title='bbox 2435 1273 2778 1336; x_wconf 90' lang='lat' dir='ltr'>amittendo</span> <span class='ocrx_word' id='word_1_434' title='bbox 2806 1323 2820 1351; x_wconf 93' lang='lat'>,</span> <span class='ocrx_word' id='word_1_435' title='bbox 2855 1296 2964 1337; x_wconf 89' lang='lat' dir='ltr'>seu</span> <span class='ocrx_word' id='word_1_436' title='bbox 3000 1278 3078 1340; x_wconf 89' lang='lat' dir='ltr'>de</span> <span class='ocrx_word' id='word_1_437' title='bbox 3109 1282 3439 1344; x_wconf 87' lang='lat' dir='ltr'>retinendo</span> 
     </span>
     <span class='ocr_line' id='line_1_67' title="bbox 1902 1359 3438 1443; baseline 0.012 -24"><span class='ocrx_word' id='word_1_438' title='bbox 1902 1359 2043 1439; x_wconf 90' lang='lat' dir='ltr'>jure</span> <span class='ocrx_word' id='word_1_439' title='bbox 2072 1360 2134 1421; x_wconf 88' lang='lat' dir='ltr'>in</span> <span class='ocrx_word' id='word_1_440' title='bbox 2167 1382 2232 1423; x_wconf 91' lang='lat' dir='ltr'>re</span> <span class='ocrx_word' id='word_1_441' title='bbox 2281 1382 2420 1443; x_wconf 81' lang='lat' dir='ltr'>quae</span> <span class='ocrx_word' id='word_1_442' title='bbox 2464 1371 2602 1427; x_wconf 89' lang='lat' dir='ltr'>erat</span> <span class='ocrx_word' id='word_1_443' title='bbox 2644 1367 2706 1428; x_wconf 90' lang='lat' dir='ltr'>in</span> <span class='ocrx_word' id='word_1_444' title='bbox 2738 1368 3012 1432; x_wconf 86' lang='lat' dir='ltr'>dominio</span> <span class='ocrx_word' id='word_1_445' title='bbox 3062 1373 3438 1438; x_wconf 79' lang='lat' dir='ltr'>venditoris:</span> 
     </span>
     <span class='ocr_line' id='line_1_68' title="bbox 1910 1454 3444 1540; baseline 0.012 -28"><span class='ocrx_word' id='word_1_446' title='bbox 1910 1454 2076 1533; x_wconf 87' lang='lat' dir='ltr'>quod</span> <span class='ocrx_word' id='word_1_447' title='bbox 2107 1456 2348 1517; x_wconf 87' lang='lat' dir='ltr'>facilius</span> <span class='ocrx_word' id='word_1_448' title='bbox 2379 1459 2512 1518; x_wconf 86' lang='lat' dir='ltr'>fleri</span> <span class='ocrx_word' id='word_1_449' title='bbox 2543 1464 2745 1538; x_wconf 86' lang='lat' dir='ltr'>potest</span> <span class='ocrx_word' id='word_1_450' title='bbox 2791 1481 2904 1540; x_wconf 89' lang='lat' dir='ltr'>per</span> <span class='ocrx_word' id='word_1_451' title='bbox 2930 1464 3128 1525; x_wconf 90' lang='lat' dir='ltr'>solam</span> <span class='ocrx_word' id='word_1_452' title='bbox 3156 1467 3444 1530; x_wconf 79' lang='lat' dir='ltr'>volunta-</span> 
     </span>
     <span class='ocr_line' id='line_1_69' title="bbox 1909 1549 3437 1639; baseline 0.01 -31"><span class='ocrx_word' id='word_1_453' title='bbox 1909 1551 2035 1608; x_wconf 90' lang='lat' dir='ltr'>tem</span> <span class='ocrx_word' id='word_1_454' title='bbox 2064 1549 2428 1627; x_wconf 81' lang='lat' dir='ltr'>venditoriS,</span> <span class='ocrx_word' id='word_1_455' title='bbox 2463 1554 2568 1631; x_wconf 89' lang='lat' dir='ltr'>qui</span> <span class='ocrx_word' id='word_1_456' title='bbox 2597 1572 2740 1614; x_wconf 90' lang='lat' dir='ltr'>cum</span> <span class='ocrx_word' id='word_1_457' title='bbox 2766 1555 2845 1616; x_wconf 91' lang='lat' dir='ltr'>sit</span> <span class='ocrx_word' id='word_1_458' title='bbox 2873 1556 3163 1619; x_wconf 89' lang='lat' dir='ltr'>dominus</span> <span class='ocrx_word' id='word_1_459' title='bbox 3181 1560 3267 1619; x_wconf 80' lang='lat' dir='ltr'>rei</span> <span class='ocrx_word' id='word_1_460' title='bbox 3285 1580 3437 1639; x_wconf 84' lang='lat' dir='ltr'>suae,</span> 
     </span>
     <span class='ocr_line' id='line_1_70' title="bbox 1907 1642 3435 1729; baseline 0.01 -30"><span class='ocrx_word' id='word_1_461' title='bbox 1907 1645 2112 1718; x_wconf 89' lang='lat' dir='ltr'>potest</span> <span class='ocrx_word' id='word_1_462' title='bbox 2135 1642 2341 1719; x_wconf 90' lang='lat' dir='ltr'>legem</span> <span class='ocrx_word' id='word_1_463' title='bbox 2372 1649 2643 1705; x_wconf 87' lang='lat' dir='ltr'>statuere</span> <span class='ocrx_word' id='word_1_464' title='bbox 2676 1648 2843 1708; x_wconf 87' lang='lat' dir='ltr'>circa</span> <span class='ocrx_word' id='word_1_465' title='bbox 2873 1649 3042 1709; x_wconf 88' lang='lat' dir='ltr'>illam</span> <span class='ocrx_word' id='word_1_466' title='bbox 3073 1655 3435 1729; x_wconf 85' lang='lat' dir='ltr'>proutvclit‚</span> 
     </span>
     <span class='ocr_line' id='line_1_71' title="bbox 1908 1737 3441 1827; baseline 0.01 -35"><span class='ocrx_word' id='word_1_467' title='bbox 1908 1751 2021 1793; x_wconf 89' lang='lat' dir='ltr'>nec</span> <span class='ocrx_word' id='word_1_468' title='bbox 2050 1739 2342 1796; x_wconf 90' lang='lat' dir='ltr'>censetur</span> <span class='ocrx_word' id='word_1_469' title='bbox 2371 1737 2639 1815; x_wconf 89' lang='lat' dir='ltr'>spoliare</span> <span class='ocrx_word' id='word_1_470' title='bbox 2671 1759 2735 1799; x_wconf 87' lang='lat' dir='ltr'>se</span> <span class='ocrx_word' id='word_1_471' title='bbox 2758 1740 2900 1820; x_wconf 88' lang='lat' dir='ltr'>jure</span> <span class='ocrx_word' id='word_1_472' title='bbox 2930 1746 3059 1804; x_wconf 89' lang='lat' dir='ltr'>toto</span> <span class='ocrx_word' id='word_1_473' title='bbox 3094 1745 3158 1804; x_wconf 89' lang='lat' dir='ltr'>iu</span> <span class='ocrx_word' id='word_1_474' title='bbox 3183 1765 3249 1806; x_wconf 92' lang='lat' dir='ltr'>re</span> <span class='ocrx_word' id='word_1_475' title='bbox 3273 1748 3441 1827; x_wconf 91' lang='lat' dir='ltr'>quod</span> 
     </span>
     <span class='ocr_line' id='line_1_72' title="bbox 1906 1826 3441 1915; baseline 0.01 -31"><span class='ocrx_word' id='word_1_476' title='bbox 1906 1826 2116 1904; x_wconf 89' lang='lat' dir='ltr'>habet,</span> <span class='ocrx_word' id='word_1_477' title='bbox 2159 1827 2274 1888; x_wconf 93' lang='lat' dir='ltr'>nisi</span> <span class='ocrx_word' id='word_1_478' title='bbox 2306 1834 2491 1907; x_wconf 89' lang='lat' dir='ltr'>prout</span> <span class='ocrx_word' id='word_1_479' title='bbox 2518 1833 2713 1892; x_wconf 88' lang='lat' dir='ltr'>verba</span> <span class='ocrx_word' id='word_1_480' title='bbox 2760 1839 2987 1895; x_wconf 89' lang='lat' dir='ltr'>sonant</span> <span class='ocrx_word' id='word_1_481' title='bbox 3020 1856 3032 1896; x_wconf 91' lang='lat'>:</span> <span class='ocrx_word' id='word_1_482' title='bbox 3069 1855 3263 1915; x_wconf 84' lang='lat' dir='ltr'>quare</span> <span class='ocrx_word' id='word_1_483' title='bbox 3296 1858 3441 1899; x_wconf 90' lang='lat' dir='ltr'>cum</span> 
     </span>
     <span class='ocr_line' id='line_1_73' title="bbox 1903 1921 3441 2009; baseline 0.01 -31"><span class='ocrx_word' id='word_1_484' title='bbox 1903 1924 2181 1981; x_wconf 87' lang='lat' dir='ltr'>reservet</span> <span class='ocrx_word' id='word_1_485' title='bbox 2225 1921 2343 1982; x_wconf 88' lang='lat' dir='ltr'>sibi</span> <span class='ocrx_word' id='word_1_486' title='bbox 2390 1921 2495 2001; x_wconf 87' lang='lat' dir='ltr'>jus</span> <span class='ocrx_word' id='word_1_487' title='bbox 2537 1923 2617 1983; x_wconf 89' lang='lat' dir='ltr'>ad</span> <span class='ocrx_word' id='word_1_488' title='bbox 2645 1925 3037 1987; x_wconf 90' lang='lat' dir='ltr'>redeundum</span> <span class='ocrx_word' id='word_1_489' title='bbox 3079 1929 3142 1991; x_wconf 89' lang='lat' dir='ltr'>in</span> <span class='ocrx_word' id='word_1_490' title='bbox 3186 1932 3441 2009; x_wconf 90' lang='lat' dir='ltr'>plenum</span> 
     </span>
     <span class='ocr_line' id='line_1_74' title="bbox 1904 2011 3439 2097; baseline 0.011 -27"><span class='ocrx_word' id='word_1_491' title='bbox 1904 2011 2251 2074; x_wconf 90' lang='lat' dir='ltr'>dominium</span> <span class='ocrx_word' id='word_1_492' title='bbox 2279 2014 2392 2090; x_wconf 90' lang='lat' dir='ltr'>rei,</span> <span class='ocrx_word' id='word_1_493' title='bbox 2429 2016 2671 2077; x_wconf 88' lang='lat' dir='ltr'>reddito</span> <span class='ocrx_word' id='word_1_494' title='bbox 2704 2020 2925 2097; x_wconf 87' lang='lat' dir='ltr'>preti0‚</span> <span class='ocrx_word' id='word_1_495' title='bbox 2960 2040 3084 2082; x_wconf 89' lang='lat' dir='ltr'>non</span> <span class='ocrx_word' id='word_1_496' title='bbox 3105 2023 3352 2086; x_wconf 81' lang='lat' dir='ltr'>videtur</span> <span class='ocrx_word' id='word_1_497' title='bbox 3373 2046 3439 2087; x_wconf 90' lang='lat' dir='ltr'>se</span> 
     </span>
     <span class='ocr_line' id='line_1_75' title="bbox 1902 2105 3440 2195; baseline 0.01 -31"><span class='ocrx_word' id='word_1_498' title='bbox 1902 2105 2172 2166; x_wconf 89' lang='lat' dir='ltr'>voluisse</span> <span class='ocrx_word' id='word_1_499' title='bbox 2201 2108 2469 2186; x_wconf 84' lang='lat' dir='ltr'>spoliare</span> <span class='ocrx_word' id='word_1_500' title='bbox 2501 2110 2684 2187; x_wconf 89' lang='lat' dir='ltr'>plene</span> <span class='ocrx_word' id='word_1_501' title='bbox 2713 2117 2841 2173; x_wconf 89' lang='lat' dir='ltr'>toto</span> <span class='ocrx_word' id='word_1_502' title='bbox 2877 2113 3020 2191; x_wconf 88' lang='lat' dir='ltr'>jure</span> <span class='ocrx_word' id='word_1_503' title='bbox 3052 2117 3220 2195; x_wconf 90' lang='lat' dir='ltr'>quod</span> <span class='ocrx_word' id='word_1_504' title='bbox 3269 2118 3333 2178; x_wconf 92' lang='lat' dir='ltr'>in</span> <span class='ocrx_word' id='word_1_505' title='bbox 3371 2140 3440 2181; x_wconf 90' lang='lat' dir='ltr'>re</span> 
     </span>
     <span class='ocr_line' id='line_1_76' title="bbox 1904 2198 3440 2281; baseline 0.01 -23"><span class='ocrx_word' id='word_1_506' title='bbox 1904 2198 2219 2260; x_wconf 88' lang='lat' dir='ltr'>habebat:</span> <span class='ocrx_word' id='word_1_507' title='bbox 2258 2200 2417 2262; x_wconf 90' lang='lat' dir='ltr'>sicut</span> <span class='ocrx_word' id='word_1_508' title='bbox 2463 2220 2578 2262; x_wconf 90' lang='lat' dir='ltr'>nec</span> <span class='ocrx_word' id='word_1_509' title='bbox 2608 2203 2712 2281; x_wconf 92' lang='lat' dir='ltr'>qui</span> <span class='ocrx_word' id='word_1_510' title='bbox 2743 2204 2851 2266; x_wconf 86' lang='lat' dir='ltr'>dat</span> <span class='ocrx_word' id='word_1_511' title='bbox 2896 2205 3160 2268; x_wconf 80' lang='lat' dir='ltr'>fundum</span> <span class='ocrx_word' id='word_1_512' title='bbox 3202 2210 3267 2270; x_wconf 92' lang='lat' dir='ltr'>in</span> <span class='ocrx_word' id='word_1_513' title='bbox 3311 2213 3440 2274; x_wconf 89' lang='lat' dir='ltr'>feu-</span> 
     </span>
     <span class='ocr_line' id='line_1_77' title="bbox 1901 2291 3438 2377; baseline 0.01 -26"><span class='ocrx_word' id='word_1_514' title='bbox 1901 2291 2051 2351; x_wconf 90' lang='lat' dir='ltr'>dum</span> <span class='ocrx_word' id='word_1_515' title='bbox 2076 2339 2090 2368; x_wconf 91' lang='lat'>,</span> <span class='ocrx_word' id='word_1_516' title='bbox 2127 2292 2225 2353; x_wconf 84' lang='lat' dir='ltr'>vel</span> <span class='ocrx_word' id='word_1_517' title='bbox 2257 2293 2716 2373; x_wconf 84' lang='lat' dir='ltr'>emphyteusim</span> <span class='ocrx_word' id='word_1_518' title='bbox 2741 2343 2756 2373; x_wconf 87' lang='lat'>,</span> <span class='ocrx_word' id='word_1_519' title='bbox 2807 2299 3033 2377; x_wconf 85' lang='lat' dir='ltr'>spoliat</span> <span class='ocrx_word' id='word_1_520' title='bbox 3063 2321 3127 2361; x_wconf 84' lang='lat' dir='ltr'>se</span> <span class='ocrx_word' id='word_1_521' title='bbox 3158 2303 3438 2367; x_wconf 92' lang='lat' dir='ltr'>dominio</span> 
     </span>
     <span class='ocr_line' id='line_1_78' title="bbox 1900 2385 3439 2470; baseline 0.009 -26"><span class='ocrx_word' id='word_1_522' title='bbox 1900 2385 2134 2445; x_wconf 90' lang='lat' dir='ltr'>directo</span> <span class='ocrx_word' id='word_1_523' title='bbox 2159 2432 2174 2462; x_wconf 87' lang='lat'>,</span> <span class='ocrx_word' id='word_1_524' title='bbox 2223 2386 2368 2466; x_wconf 83' lang='lat' dir='ltr'>quia</span> <span class='ocrx_word' id='word_1_525' title='bbox 2413 2392 2694 2448; x_wconf 81' lang='lat' dir='ltr'>reservat</span> <span class='ocrx_word' id='word_1_526' title='bbox 2723 2389 2836 2449; x_wconf 87' lang='lat' dir='ltr'>sibi</span> <span class='ocrx_word' id='word_1_527' title='bbox 2862 2389 3000 2470; x_wconf 86' lang='lat' dir='ltr'>jus,</span> <span class='ocrx_word' id='word_1_528' title='bbox 3054 2398 3123 2454; x_wconf 86' lang='lat' dir='ltr'>ut</span> <span class='ocrx_word' id='word_1_529' title='bbox 3159 2395 3220 2454; x_wconf 92' lang='lat' dir='ltr'>in</span> <span class='ocrx_word' id='word_1_530' title='bbox 3253 2397 3439 2459; x_wconf 86' lang='lat' dir='ltr'>certis</span> 
     </span>
     <span class='ocr_line' id='line_1_79' title="bbox 1898 2477 3434 2566; baseline 0.01 -30"><span class='ocrx_word' id='word_1_531' title='bbox 1898 2477 2147 2537; x_wconf 89' lang='lat' dir='ltr'>casibus</span> <span class='ocrx_word' id='word_1_532' title='bbox 2173 2478 2392 2540; x_wconf 82' lang='lat' dir='ltr'>redeat</span> <span class='ocrx_word' id='word_1_533' title='bbox 2419 2479 2648 2539; x_wconf 85' lang='lat' dir='ltr'>fundus</span> <span class='ocrx_word' id='word_1_534' title='bbox 2679 2482 2757 2541; x_wconf 91' lang='lat' dir='ltr'>ad</span> <span class='ocrx_word' id='word_1_535' title='bbox 2807 2483 3064 2561; x_wconf 89' lang='lat' dir='ltr'>plenum</span> <span class='ocrx_word' id='word_1_536' title='bbox 3094 2486 3289 2566; x_wconf 89' lang='lat' dir='ltr'>ipsius</span> <span class='ocrx_word' id='word_1_537' title='bbox 3320 2490 3434 2551; x_wconf 91' lang='lat' dir='ltr'>do-</span> 
     </span>
     <span class='ocr_line' id='line_1_80' title="bbox 1898 2570 3439 2651; baseline 0.01 -21"><span class='ocrx_word' id='word_1_538' title='bbox 1898 2570 2266 2632; x_wconf 89' lang='lat' dir='ltr'>dominium.</span> <span class='ocrx_word' id='word_1_539' title='bbox 2315 2573 2441 2632; x_wconf 93' lang='lat' dir='ltr'>Nec</span> <span class='ocrx_word' id='word_1_540' title='bbox 2488 2572 2759 2651; x_wconf 90' lang='lat' dir='ltr'>denique</span> <span class='ocrx_word' id='word_1_541' title='bbox 2807 2575 3014 2639; x_wconf 89' lang='lat' dir='ltr'>obstat</span> <span class='ocrx_word' id='word_1_542' title='bbox 3058 2579 3100 2640; x_wconf 92' lang='lat' dir='ltr'>l.</span> <span class='ocrx_word' id='word_1_543' title='bbox 3152 2597 3221 2641; x_wconf 90' lang='lat'>11.</span> <span class='ocrx_word' id='word_1_544' title='bbox 3270 2584 3335 2644; x_wconf 91' lang='lat' dir='ltr'>C.</span> <span class='ocrx_word' id='word_1_545' title='bbox 3369 2582 3439 2645; x_wconf 85' lang='lat' dir='ltr'>de</span> 
     </span>
     <span class='ocr_line' id='line_1_81' title="bbox 1890 2663 3435 2751; baseline 0.009 -29"><span class='ocrx_word' id='word_1_546' title='bbox 1890 2665 2082 2744; x_wconf 81' lang='lat' dir='ltr'>pactis</span> <span class='ocrx_word' id='word_1_547' title='bbox 2112 2663 2265 2723; x_wconf 77' lang='lat' dir='ltr'>inter</span> <span class='ocrx_word' id='word_1_548' title='bbox 2293 2672 2537 2745; x_wconf 82' lang='lat' dir='ltr'>emptor.</span> <span class='ocrx_word' id='word_1_549' title='bbox 2573 2675 2626 2725; x_wconf 80' lang='lat' dir='ltr'>e!</span> <span class='ocrx_word' id='word_1_550' title='bbox 2673 2666 2839 2729; x_wconf 85' lang='lat' dir='ltr'>vend.</span> <span class='ocrx_word' id='word_1_551' title='bbox 2875 2688 3068 2748; x_wconf 89' lang='lat' dir='ltr'>quam</span> <span class='ocrx_word' id='word_1_552' title='bbox 3111 2691 3224 2751; x_wconf 91' lang='lat' dir='ltr'>pro</span> <span class='ocrx_word' id='word_1_553' title='bbox 3252 2692 3317 2735; x_wconf 92' lang='lat' dir='ltr'>se</span> <span class='ocrx_word' id='word_1_554' title='bbox 3348 2676 3435 2736; x_wconf 81' lang='lat' dir='ltr'>as-</span> 
     </span>
     <span class='ocr_line' id='line_1_82' title="bbox 1895 2756 3432 2836; baseline 0.008 -19"><span class='ocrx_word' id='word_1_555' title='bbox 1895 2758 2103 2818; x_wconf 81' lang='lat' dir='ltr'>serunt</span> <span class='ocrx_word' id='word_1_556' title='bbox 2127 2803 2143 2832; x_wconf 88' lang='lat'>‚</span> <span class='ocrx_word' id='word_1_557' title='bbox 2177 2756 2239 2816; x_wconf 93' lang='lat' dir='ltr'>in</span> <span class='ocrx_word' id='word_1_558' title='bbox 2271 2776 2392 2836; x_wconf 89' lang='lat' dir='ltr'>qua</span> <span class='ocrx_word' id='word_1_559' title='bbox 2420 2757 2731 2819; x_wconf 79' lang='lat' dir='ltr'>venditori</span> <span class='ocrx_word' id='word_1_560' title='bbox 2775 2764 3139 2826; x_wconf 86' lang='lat' dir='ltr'>conceditur</span> <span class='ocrx_word' id='word_1_561' title='bbox 3164 2767 3327 2828; x_wconf 90' lang='lat' dir='ltr'>actio</span> <span class='ocrx_word' id='word_1_562' title='bbox 3359 2788 3432 2829; x_wconf 87' lang='lat' dir='ltr'>ex</span> 
     </span>
     <span class='ocr_line' id='line_1_83' title="bbox 1895 2850 3433 2928; baseline 0.008 -19"><span class='ocrx_word' id='word_1_563' title='bbox 1895 2850 2275 2928; x_wconf 67' lang='lat' dir='ltr'>praescriptis</span> <span class='ocrx_word' id='word_1_564' title='bbox 2301 2850 2507 2911; x_wconf 86' lang='lat' dir='ltr'>verbis</span> <span class='ocrx_word' id='word_1_565' title='bbox 2532 2898 2547 2927; x_wconf 88' lang='lat'>,</span> <span class='ocrx_word' id='word_1_566' title='bbox 2584 2852 2787 2913; x_wconf 76' lang='lat' dir='ltr'>velex</span> <span class='ocrx_word' id='word_1_567' title='bbox 2828 2856 3081 2918; x_wconf 78' lang='lat' dir='ltr'>vendito</span> <span class='ocrx_word' id='word_1_568' title='bbox 3131 2859 3433 2923; x_wconf 85' lang='lat' dir='ltr'>adversus</span> 
     </span>
     <span class='ocr_line' id='line_1_84' title="bbox 1897 2943 3432 3032; baseline 0.008 -28"><span class='ocrx_word' id='word_1_569' title='bbox 1897 2947 2284 3023; x_wconf 88' lang='lat' dir='ltr'>emptorem;</span> <span class='ocrx_word' id='word_1_570' title='bbox 2333 2962 2478 3003; x_wconf 89' lang='lat' dir='ltr'>nam</span> <span class='ocrx_word' id='word_1_571' title='bbox 2508 2943 2593 3005; x_wconf 89' lang='lat' dir='ltr'>ibi</span> <span class='ocrx_word' id='word_1_572' title='bbox 2623 2964 2746 3006; x_wconf 92' lang='lat' dir='ltr'>non</span> <span class='ocrx_word' id='word_1_573' title='bbox 2778 2954 3046 3026; x_wconf 89' lang='lat' dir='ltr'>negatur</span> <span class='ocrx_word' id='word_1_574' title='bbox 3072 2957 3432 3032; x_wconf 87' lang='lat' dir='ltr'>competere</span> 
     </span>
     <span class='ocr_line' id='line_1_85' title="bbox 1894 3036 3431 3122; baseline 0.008 -25"><span class='ocrx_word' id='word_1_575' title='bbox 1894 3056 2076 3116; x_wconf 90' lang='lat' dir='ltr'>posse</span> <span class='ocrx_word' id='word_1_576' title='bbox 2106 3036 2269 3098; x_wconf 87' lang='lat' dir='ltr'>actio</span> <span class='ocrx_word' id='word_1_577' title='bbox 2287 3036 2474 3098; x_wconf 87' lang='lat' dir='ltr'>etiam</span> <span class='ocrx_word' id='word_1_578' title='bbox 2499 3038 2683 3099; x_wconf 86' lang='lat' dir='ltr'>realis</span> <span class='ocrx_word' id='word_1_579' title='bbox 2707 3059 2722 3113; x_wconf 88' lang='grc'>;</span> <span class='ocrx_word' id='word_1_580' title='bbox 2757 3040 2867 3100; x_wconf 90' lang='lat' dir='ltr'>sed</span> <span class='ocrx_word' id='word_1_581' title='bbox 2887 3043 3244 3122; x_wconf 88' lang='lat' dir='ltr'>assignatur</span> <span class='ocrx_word' id='word_1_582' title='bbox 3266 3048 3431 3110; x_wconf 90' lang='lat' dir='ltr'>actio</span> 
     </span>
     <span class='ocr_line' id='line_1_86' title="bbox 1894 3130 3430 3215; baseline 0.008 -23"><span class='ocrx_word' id='word_1_583' title='bbox 1894 3149 2034 3211; x_wconf 83' lang='lat' dir='ltr'>quae</span> <span class='ocrx_word' id='word_1_584' title='bbox 2065 3130 2145 3190; x_wconf 90' lang='lat' dir='ltr'>ad</span> <span class='ocrx_word' id='word_1_585' title='bbox 2174 3130 2379 3190; x_wconf 88' lang='lat' dir='ltr'>minus</span> <span class='ocrx_word' id='word_1_586' title='bbox 2408 3135 2579 3193; x_wconf 88' lang='lat' dir='ltr'>certo</span> <span class='ocrx_word' id='word_1_587' title='bbox 2610 3134 2928 3213; x_wconf 89' lang='lat' dir='ltr'>competit,</span> <span class='ocrx_word' id='word_1_588' title='bbox 2952 3138 3430 3215; x_wconf 81' lang='lat' dir='ltr'>praescindendo</span> 
     </span>
     <span class='ocr_line' id='line_1_87' title="bbox 1891 3223 3431 3310; baseline 0.007 -25"><span class='ocrx_word' id='word_1_589' title='bbox 1891 3226 1971 3285; x_wconf 90' lang='lat' dir='ltr'>ab</span> <span class='ocrx_word' id='word_1_590' title='bbox 1999 3225 2102 3284; x_wconf 89' lang='lat' dir='ltr'>illa</span> <span class='ocrx_word' id='word_1_591' title='bbox 2134 3223 2254 3283; x_wconf 85' lang='lat' dir='ltr'>alia</span> <span class='ocrx_word' id='word_1_592' title='bbox 2282 3223 2527 3285; x_wconf 87' lang='lat' dir='ltr'>actione</span> <span class='ocrx_word' id='word_1_593' title='bbox 2559 3243 2697 3303; x_wconf 78' lang='lat' dir='ltr'>quae</span> <span class='ocrx_word' id='word_1_594' title='bbox 2719 3227 2953 3306; x_wconf 89' lang='lat' dir='ltr'>pendet</span> <span class='ocrx_word' id='word_1_595' title='bbox 2980 3275 2995 3306; x_wconf 88' lang='lat'>,</span> <span class='ocrx_word' id='word_1_596' title='bbox 3047 3234 3117 3292; x_wconf 90' lang='lat' dir='ltr'>ut</span> <span class='ocrx_word' id='word_1_597' title='bbox 3145 3233 3314 3310; x_wconf 84' lang='lat' dir='ltr'>dixi,</span> <span class='ocrx_word' id='word_1_598' title='bbox 3354 3255 3431 3296; x_wconf 84' lang='lat' dir='ltr'>ex</span> 
     </span>
     <span class='ocr_line' id='line_1_88' title="bbox 1890 3316 3430 3405; baseline 0.008 -27"><span class='ocrx_word' id='word_1_599' title='bbox 1890 3317 2234 3379; x_wconf 90' lang='lat' dir='ltr'>intentione</span> <span class='ocrx_word' id='word_1_600' title='bbox 2264 3316 2792 3397; x_wconf 82' lang='lat' dir='ltr'>contrahentium,</span> <span class='ocrx_word' id='word_1_601' title='bbox 2828 3325 2891 3382; x_wconf 93' lang='lat' dir='ltr'>et</span> <span class='ocrx_word' id='word_1_602' title='bbox 2918 3321 2996 3383; x_wconf 90' lang='lat' dir='ltr'>de</span> <span class='ocrx_word' id='word_1_603' title='bbox 3027 3342 3152 3402; x_wconf 89' lang='lat' dir='ltr'>qua</span> <span class='ocrx_word' id='word_1_604' title='bbox 3181 3332 3430 3405; x_wconf 86' lang='lat' dir='ltr'>poterat</span> 
     </span>
     <span class='ocr_line' id='line_1_89' title="bbox 1891 3409 2642 3490; baseline 0 -18"><span class='ocrx_word' id='word_1_605' title='bbox 1891 3430 2026 3473; x_wconf 91' lang='lat' dir='ltr'>esse</span> <span class='ocrx_word' id='word_1_606' title='bbox 2056 3410 2260 3490; x_wconf 84' lang='lat' dir='ltr'>major</span> <span class='ocrx_word' id='word_1_607' title='bbox 2288 3409 2642 3472; x_wconf 84' lang='lat' dir='ltr'>difficultas.</span> 
     </span>
    </p>

    <p class='ocr_par' dir='ltr' id='par_1_7' title="bbox 1881 3502 3425 5069">
     <span class='ocr_line' id='line_1_90' title="bbox 1968 3502 3425 3574; baseline 0.005 -7"><span class='ocrx_word' id='word_1_608' title='bbox 1968 3507 2187 3567; x_wconf 88' lang='lat' dir='ltr'>Posset</span> <span class='ocrx_word' id='word_1_609' title='bbox 2214 3503 2402 3564; x_wconf 89' lang='lat' dir='ltr'>etiam</span> <span class='ocrx_word' id='word_1_610' title='bbox 2432 3502 2568 3564; x_wconf 77' lang='lat' dir='ltr'>liaec</span> <span class='ocrx_word' id='word_1_611' title='bbox 2611 3512 2823 3566; x_wconf 86' lang='lat' dir='ltr'>nostra</span> <span class='ocrx_word' id='word_1_612' title='bbox 2862 3510 3171 3571; x_wconf 89' lang='lat' dir='ltr'>sententia</span> <span class='ocrx_word' id='word_1_613' title='bbox 3200 3515 3425 3574; x_wconf 84' lang='lat' dir='ltr'>contir-</span> 
     </span>
     <span class='ocr_line' id='line_1_91' title="bbox 1887 3597 3423 3681; baseline 0.005 -22"><span class='ocrx_word' id='word_1_614' title='bbox 1887 3599 2048 3659; x_wconf 87' lang='lat' dir='ltr'>mari</span> <span class='ocrx_word' id='word_1_615' title='bbox 2077 3616 2153 3658; x_wconf 83' lang='lat' dir='ltr'>ex</span> <span class='ocrx_word' id='word_1_616' title='bbox 2182 3616 2372 3657; x_wconf 88' lang='lat' dir='ltr'>ceusu</span> <span class='ocrx_word' id='word_1_617' title='bbox 2400 3597 2756 3675; x_wconf 76' lang='lat' dir='ltr'>redimibili‚</span> <span class='ocrx_word' id='word_1_618' title='bbox 2792 3599 2852 3659; x_wconf 93' lang='lat' dir='ltr'>in</span> <span class='ocrx_word' id='word_1_619' title='bbox 2885 3619 3009 3680; x_wconf 89' lang='lat' dir='ltr'>quo</span> <span class='ocrx_word' id='word_1_620' title='bbox 3039 3609 3291 3681; x_wconf 88' lang='lat' dir='ltr'>pactum</span> <span class='ocrx_word' id='word_1_621' title='bbox 3322 3627 3423 3668; x_wconf 89' lang='lat' dir='ltr'>re-</span> 
     </span>
     <span class='ocr_line' id='line_1_92' title="bbox 1888 3688 3425 3769; baseline 0.005 -17"><span class='ocrx_word' id='word_1_622' title='bbox 1888 3689 2365 3753; x_wconf 82' lang='lat' dir='ltr'>trovenditionis</span> <span class='ocrx_word' id='word_1_623' title='bbox 2412 3688 2521 3751; x_wconf 87' lang='lat' dir='ltr'>dat</span> <span class='ocrx_word' id='word_1_624' title='bbox 2561 3710 2658 3769; x_wconf 79' lang='lat' dir='ltr'>Jus</span> <span class='ocrx_word' id='word_1_625' title='bbox 2698 3693 3011 3754; x_wconf 71' lang='lat' dir='ltr'>venditori</span> <span class='ocrx_word' id='word_1_626' title='bbox 3052 3714 3175 3756; x_wconf 92' lang='lat' dir='ltr'>non</span> <span class='ocrx_word' id='word_1_627' title='bbox 3223 3700 3425 3759; x_wconf 90' lang='lat' dir='ltr'>solum</span> 
     </span>
     <span class='ocr_line' id='line_1_93' title="bbox 1887 3783 3424 3862; baseline 0.005 -17"><span class='ocrx_word' id='word_1_628' title='bbox 1887 3786 2189 3845; x_wconf 84' lang='lat' dir='ltr'>adversus</span> <span class='ocrx_word' id='word_1_629' title='bbox 2220 3786 2567 3861; x_wconf 89' lang='lat' dir='ltr'>emptorem</span> <span class='ocrx_word' id='word_1_630' title='bbox 2614 3783 2922 3862; x_wconf 91' lang='lat' dir='ltr'>primum,</span> <span class='ocrx_word' id='word_1_631' title='bbox 2968 3788 3080 3848; x_wconf 92' lang='lat' dir='ltr'>sed</span> <span class='ocrx_word' id='word_1_632' title='bbox 3121 3789 3424 3853; x_wconf 82' lang='lat' dir='ltr'>adversus</span> 
     </span>
     <span class='ocr_line' id='line_1_94' title="bbox 1886 3875 3424 3957; baseline 0.005 -19"><span class='ocrx_word' id='word_1_633' title='bbox 1886 3878 2079 3939; x_wconf 89' lang='lat' dir='ltr'>alium</span> <span class='ocrx_word' id='word_1_634' title='bbox 2107 3875 2320 3950; x_wconf 86' lang='lat' dir='ltr'>etiam,</span> <span class='ocrx_word' id='word_1_635' title='bbox 2354 3875 2454 3935; x_wconf 90' lang='lat' dir='ltr'>cui</span> <span class='ocrx_word' id='word_1_636' title='bbox 2486 3875 2724 3953; x_wconf 88' lang='lat' dir='ltr'>primus</span> <span class='ocrx_word' id='word_1_637' title='bbox 2746 3882 2993 3957; x_wconf 88' lang='lat' dir='ltr'>emptor</span> <span class='ocrx_word' id='word_1_638' title='bbox 3010 3899 3270 3943; x_wconf 87' lang='lat' dir='ltr'>censum</span> <span class='ocrx_word' id='word_1_639' title='bbox 3298 3885 3424 3946; x_wconf 84' lang='lat' dir='ltr'>for-</span> 
     </span>
     <span class='ocr_line' id='line_1_95' title="bbox 1886 3966 3422 4056; baseline 0.005 -25"><span class='ocrx_word' id='word_1_640' title='bbox 1886 3975 2050 4031; x_wconf 87' lang='lat' dir='ltr'>tasse</span> <span class='ocrx_word' id='word_1_641' title='bbox 2099 3966 2502 4028; x_wconf 87' lang='lat' dir='ltr'>vendidisset.</span> <span class='ocrx_word' id='word_1_642' title='bbox 2563 3969 2745 4029; x_wconf 91' lang='lat' dir='ltr'>Nolui</span> <span class='ocrx_word' id='word_1_643' title='bbox 2799 3975 3012 4033; x_wconf 90' lang='lat' dir='ltr'>tamen</span> <span class='ocrx_word' id='word_1_644' title='bbox 3067 3973 3186 4036; x_wconf 89' lang='lat' dir='ltr'>hoc</span> <span class='ocrx_word' id='word_1_645' title='bbox 3230 3995 3422 4056; x_wconf 84' lang='lat' dir='ltr'>argu-</span> 
     </span>
     <span class='ocr_line' id='line_1_96' title="bbox 1886 4059 3422 4140; baseline 0.007 -17"><span class='ocrx_word' id='word_1_646' title='bbox 1886 4065 2098 4124; x_wconf 85' lang='lat' dir='ltr'>mento</span> <span class='ocrx_word' id='word_1_647' title='bbox 2149 4061 2261 4136; x_wconf 89' lang='lat' dir='ltr'>uti,</span> <span class='ocrx_word' id='word_1_648' title='bbox 2316 4059 2462 4139; x_wconf 91' lang='lat' dir='ltr'>quia</span> <span class='ocrx_word' id='word_1_649' title='bbox 2508 4066 2720 4140; x_wconf 90' lang='lat' dir='ltr'>posset</span> <span class='ocrx_word' id='word_1_650' title='bbox 2761 4063 3024 4125; x_wconf 86' lang='lat' dir='ltr'>fortasse</span> <span class='ocrx_word' id='word_1_651' title='bbox 3068 4066 3422 4133; x_wconf 78' lang='lat' dir='ltr'>differentia</span> 
     </span>
     <span class='ocr_line' id='line_1_97' title="bbox 1888 4153 3422 4233; baseline 0.005 -15"><span class='ocrx_word' id='word_1_652' title='bbox 1888 4153 2262 4233; x_wconf 86' lang='lat' dir='ltr'>excogitari,</span> <span class='ocrx_word' id='word_1_653' title='bbox 2298 4171 2371 4213; x_wconf 86' lang='lat' dir='ltr'>eo</span> <span class='ocrx_word' id='word_1_654' title='bbox 2404 4153 2572 4231; x_wconf 93' lang='lat' dir='ltr'>quod</span> <span class='ocrx_word' id='word_1_655' title='bbox 2602 4156 2893 4218; x_wconf 87' lang='lat' dir='ltr'>venditor</span> <span class='ocrx_word' id='word_1_656' title='bbox 2919 4176 3142 4220; x_wconf 89' lang='lat' dir='ltr'>census</span> <span class='ocrx_word' id='word_1_657' title='bbox 3171 4164 3422 4226; x_wconf 89' lang='lat' dir='ltr'>redimi-</span> 
     </span>
     <span class='ocr_line' id='line_1_98' title="bbox 1886 4246 3414 4336; baseline 0.006 -27"><span class='ocrx_word' id='word_1_658' title='bbox 1886 4249 2027 4310; x_wconf 88' lang='lat' dir='ltr'>bilis</span> <span class='ocrx_word' id='word_1_659' title='bbox 2056 4266 2182 4308; x_wconf 88' lang='lat' dir='ltr'>non</span> <span class='ocrx_word' id='word_1_660' title='bbox 2207 4249 2339 4314; x_wconf 83' lang='lat' dir='ltr'>tam</span> <span class='ocrx_word' id='word_1_661' title='bbox 2371 4246 2560 4307; x_wconf 89' lang='lat' dir='ltr'>habet</span> <span class='ocrx_word' id='word_1_662' title='bbox 2581 4246 2685 4325; x_wconf 89' lang='lat' dir='ltr'>jus</span> <span class='ocrx_word' id='word_1_663' title='bbox 2702 4249 2781 4308; x_wconf 91' lang='lat' dir='ltr'>ad</span> <span class='ocrx_word' id='word_1_664' title='bbox 2800 4253 3414 4336; x_wconf 78' lang='lat' dir='ltr'>retrovenditionem,</span> 
     </span>
     <span class='ocr_line' id='line_1_99' title="bbox 1887 4338 3418 4421; baseline 0.007 -20"><span class='ocrx_word' id='word_1_665' title='bbox 1887 4340 2139 4421; x_wconf 88' lang='lat' dir='ltr'>proprie</span> <span class='ocrx_word' id='word_1_666' title='bbox 2171 4338 2400 4399; x_wconf 86' lang='lat' dir='ltr'>dictam</span> <span class='ocrx_word' id='word_1_667' title='bbox 2426 4385 2442 4415; x_wconf 94' lang='lat'>‚</span> <span class='ocrx_word' id='word_1_668' title='bbox 2478 4358 2665 4419; x_wconf 86' lang='lat' dir='ltr'>quam</span> <span class='ocrx_word' id='word_1_669' title='bbox 2698 4342 2779 4401; x_wconf 87' lang='lat' dir='ltr'>ad</span> <span class='ocrx_word' id='word_1_670' title='bbox 2808 4343 3205 4407; x_wconf 88' lang='lat' dir='ltr'>liberandum</span> <span class='ocrx_word' id='word_1_671' title='bbox 3243 4368 3308 4409; x_wconf 90' lang='lat' dir='ltr'>se</span> <span class='ocrx_word' id='word_1_672' title='bbox 3339 4353 3418 4413; x_wconf 91' lang='lat' dir='ltr'>ab</span> 
     </span>
     <span class='ocr_line' id='line_1_100' title="bbox 1887 4430 3422 4512; baseline 0.006 -16"><span class='ocrx_word' id='word_1_673' title='bbox 1887 4452 2076 4496; x_wconf 85' lang='lat' dir='ltr'>onere</span> <span class='ocrx_word' id='word_1_674' title='bbox 2107 4430 2275 4510; x_wconf 91' lang='lat' dir='ltr'>quod</span> <span class='ocrx_word' id='word_1_675' title='bbox 2325 4430 2549 4508; x_wconf 89' lang='lat' dir='ltr'>habet,</span> <span class='ocrx_word' id='word_1_676' title='bbox 2600 4437 2788 4512; x_wconf 88' lang='lat' dir='ltr'>atque</span> <span class='ocrx_word' id='word_1_677' title='bbox 2819 4435 2960 4496; x_wconf 90' lang='lat' dir='ltr'>ideo</span> <span class='ocrx_word' id='word_1_678' title='bbox 3010 4439 3127 4499; x_wconf 75' lang='lat' dir='ltr'>nec‘</span> <span class='ocrx_word' id='word_1_679' title='bbox 3173 4441 3422 4506; x_wconf 84' lang='lat' dir='ltr'>videtur</span> 
     </span>
     <span class='ocr_line' id='line_1_101' title="bbox 1887 4522 3420 4614; baseline 0.007 -25"><span class='ocrx_word' id='word_1_680' title='bbox 1887 4545 2021 4589; x_wconf 91' lang='lat' dir='ltr'>esse</span> <span class='ocrx_word' id='word_1_681' title='bbox 2052 4525 2213 4584; x_wconf 90' lang='lat' dir='ltr'>actio</span> <span class='ocrx_word' id='word_1_682' title='bbox 2243 4522 2449 4599; x_wconf 89' lang='lat' dir='ltr'>realis,</span> <span class='ocrx_word' id='word_1_683' title='bbox 2485 4543 2600 4585; x_wconf 91' lang='lat' dir='ltr'>nec</span> <span class='ocrx_word' id='word_1_684' title='bbox 2629 4527 3005 4608; x_wconf 81' lang='lat' dir='ltr'>personaliS,</span> <span class='ocrx_word' id='word_1_685' title='bbox 3048 4536 3297 4614; x_wconf 89' lang='lat' dir='ltr'>proprie</span> <span class='ocrx_word' id='word_1_686' title='bbox 3326 4539 3420 4599; x_wconf 92' lang='lat' dir='ltr'>lo-</span> 
     </span>
     <span class='ocr_line' id='line_1_102' title="bbox 1886 4616 3417 4704; baseline 0 -26"><span class='ocrx_word' id='word_1_687' title='bbox 1886 4618 2159 4700; x_wconf 89' lang='lat' dir='ltr'>quend0‚</span> <span class='ocrx_word' id='word_1_688' title='bbox 2193 4616 2304 4676; x_wconf 90' lang='lat' dir='ltr'>sed</span> <span class='ocrx_word' id='word_1_689' title='bbox 2334 4634 2510 4676; x_wconf 90' lang='lat' dir='ltr'>mera</span> <span class='ocrx_word' id='word_1_690' title='bbox 2538 4617 2801 4679; x_wconf 83' lang='lat' dir='ltr'>facultas</span> <span class='ocrx_word' id='word_1_691' title='bbox 2823 4622 3224 4704; x_wconf 83' lang='lat' dir='ltr'>extinguendi</span> <span class='ocrx_word' id='word_1_692' title='bbox 3245 4629 3417 4692; x_wconf 73' lang='lat' dir='ltr'>(lehi-</span> 
     </span>
     <span class='ocr_line' id='line_1_103' title="bbox 1885 4707 3417 4792; baseline 0.01 -22"><span class='ocrx_word' id='word_1_693' title='bbox 1885 4717 2017 4774; x_wconf 87' lang='lat' dir='ltr'>tum</span> <span class='ocrx_word' id='word_1_694' title='bbox 2043 4757 2058 4786; x_wconf 88' lang='lat'>,</span> <span class='ocrx_word' id='word_1_695' title='bbox 2117 4708 2286 4788; x_wconf 88' lang='lat' dir='ltr'>quod</span> <span class='ocrx_word' id='word_1_696' title='bbox 2342 4707 2472 4787; x_wconf 92' lang='lat' dir='ltr'>ipse</span> <span class='ocrx_word' id='word_1_697' title='bbox 2527 4709 2753 4788; x_wconf 87' lang='lat' dir='ltr'>habet,</span> <span class='ocrx_word' id='word_1_698' title='bbox 2813 4732 3002 4792; x_wconf 88' lang='lat' dir='ltr'>quam</span> <span class='ocrx_word' id='word_1_699' title='bbox 3057 4719 3417 4786; x_wconf 86' lang='lat' dir='ltr'>facultatem</span> 
     </span>
     <span class='ocr_line' id='line_1_104' title="bbox 1885 4801 3416 4891; baseline 0.008 -26"><span class='ocrx_word' id='word_1_700' title='bbox 1885 4819 2208 4882; x_wconf 87' lang='lat' dir='ltr'>nunquam</span> <span class='ocrx_word' id='word_1_701' title='bbox 2238 4801 2466 4863; x_wconf 86' lang='lat' dir='ltr'>amittit</span> <span class='ocrx_word' id='word_1_702' title='bbox 2513 4821 2625 4880; x_wconf 91' lang='lat' dir='ltr'>per</span> <span class='ocrx_word' id='word_1_703' title='bbox 2672 4822 3135 4891; x_wconf 89' lang='lat' dir='ltr'>quamcumque</span> <span class='ocrx_word' id='word_1_704' title='bbox 3185 4815 3416 4879; x_wconf 85' lang='lat' dir='ltr'>aliena-</span> 
     </span>
     <span class='ocr_line' id='line_1_105' title="bbox 1881 4893 3415 4976; baseline 0.009 -17"><span class='ocrx_word' id='word_1_705' title='bbox 1881 4898 2117 4959; x_wconf 89' lang='lat' dir='ltr'>tionem</span> <span class='ocrx_word' id='word_1_706' title='bbox 2147 4893 2350 4954; x_wconf 92' lang='lat' dir='ltr'>censis</span> <span class='ocrx_word' id='word_1_707' title='bbox 2368 4895 2711 4973; x_wconf 88' lang='lat' dir='ltr'>constituti,</span> <span class='ocrx_word' id='word_1_708' title='bbox 2737 4916 2861 4976; x_wconf 88' lang='lat' dir='ltr'>qua</span> <span class='ocrx_word' id='word_1_709' title='bbox 2881 4904 2974 4962; x_wconf 86' lang='lat' dir='ltr'>tra</span> <span class='ocrx_word' id='word_1_710' title='bbox 2986 4910 3162 4966; x_wconf 88' lang='lat' dir='ltr'>nseat</span> <span class='ocrx_word' id='word_1_711' title='bbox 3181 4907 3240 4967; x_wconf 91' lang='lat' dir='ltr'>in</span> <span class='ocrx_word' id='word_1_712' title='bbox 3261 4909 3415 4974; x_wconf 88' lang='lat' dir='ltr'>alios</span> 
     </span>
     <span class='ocr_line' id='line_1_106' title="bbox 1883 4993 2218 5069; baseline -0.009 -19"><span class='ocrx_word' id='word_1_713' title='bbox 1883 4993 2218 5069; x_wconf 90' lang='lat' dir='ltr'>emptores.</span> 
     </span>
    </p>

    <p class='ocr_par' dir='ltr' id='par_1_8' title="bbox 1882 5082 3414 5639">
     <span class='ocr_line' id='line_1_107' title="bbox 1964 5082 3411 5162; baseline 0.012 -18"><span class='ocrx_word' id='word_1_714' title='bbox 1964 5082 2295 5144; x_wconf 88' lang='lat' dir='ltr'>Dubitatur</span> <span class='ocrx_word' id='word_1_715' title='bbox 2323 5084 2569 5159; x_wconf 87' lang='lat' dir='ltr'>quarte,</span> <span class='ocrx_word' id='word_1_716' title='bbox 2599 5086 2808 5143; x_wconf 86' lang='lat' dir='ltr'>utrum</span> <span class='ocrx_word' id='word_1_717' title='bbox 2839 5083 3022 5149; x_wconf 82' lang='lat' dir='ltr'>liceat</span> <span class='ocrx_word' id='word_1_718' title='bbox 3043 5093 3312 5157; x_wconf 87' lang='lat' dir='ltr'>vendere</span> <span class='ocrx_word' id='word_1_719' title='bbox 3339 5118 3411 5162; x_wconf 92' lang='lat' dir='ltr'>eo</span> 
     </span>
     <span class='ocr_line' id='line_1_108' title="bbox 1882 5173 3412 5255; baseline 0.013 -20"><span class='ocrx_word' id='word_1_720' title='bbox 1882 5179 2065 5255; x_wconf 85' lang='lat' dir='ltr'>pacto</span> <span class='ocrx_word' id='word_1_721' title='bbox 2104 5179 2175 5235; x_wconf 89' lang='lat' dir='ltr'>ut</span> <span class='ocrx_word' id='word_1_722' title='bbox 2202 5174 2454 5254; x_wconf 91' lang='lat' dir='ltr'>quando</span> <span class='ocrx_word' id='word_1_723' title='bbox 2486 5173 2773 5235; x_wconf 74' lang='lat' dir='ltr'>venditor</span> <span class='ocrx_word' id='word_1_724' title='bbox 2819 5177 3164 5247; x_wconf 86' lang='lat' dir='ltr'>reddiderit</span> <span class='ocrx_word' id='word_1_725' title='bbox 3206 5190 3412 5255; x_wconf 89' lang='lat' dir='ltr'>minus</span> 
     </span>
     <span class='ocr_line' id='line_1_109' title="bbox 1882 5265 3413 5361; baseline 0.012 -34"><span class='ocrx_word' id='word_1_726' title='bbox 1882 5267 2172 5346; x_wconf 90' lang='lat' dir='ltr'>pretium,</span> <span class='ocrx_word' id='word_1_727' title='bbox 2207 5267 2264 5327; x_wconf 91' lang='lat' dir='ltr'>ei</span> <span class='ocrx_word' id='word_1_728' title='bbox 2293 5285 2392 5326; x_wconf 90' lang='lat' dir='ltr'>res</span> <span class='ocrx_word' id='word_1_729' title='bbox 2419 5265 2672 5326; x_wconf 85' lang='lat' dir='ltr'>vendita</span> <span class='ocrx_word' id='word_1_730' title='bbox 2701 5269 3112 5336; x_wconf 87' lang='lat' dir='ltr'>restituatur?</span> <span class='ocrx_word' id='word_1_731' title='bbox 3139 5280 3413 5361; x_wconf 87' lang='lat' dir='ltr'>Respon-</span> 
     </span>
     <span class='ocr_line' id='line_1_110' title="bbox 1883 5359 3412 5441; baseline 0.012 -19"><span class='ocrx_word' id='word_1_732' title='bbox 1883 5362 2103 5434; x_wconf 88' lang='lat' dir='ltr'>detur,</span> <span class='ocrx_word' id='word_1_733' title='bbox 2156 5363 2548 5421; x_wconf 89' lang='lat' dir='ltr'>contractum</span> <span class='ocrx_word' id='word_1_734' title='bbox 2595 5359 2768 5419; x_wconf 91' lang='lat' dir='ltr'>illum</span> <span class='ocrx_word' id='word_1_735' title='bbox 2813 5368 2982 5425; x_wconf 87' lang='lat' dir='ltr'>certe</span> <span class='ocrx_word' id='word_1_736' title='bbox 3025 5387 3149 5430; x_wconf 89' lang='lat' dir='ltr'>non</span> <span class='ocrx_word' id='word_1_737' title='bbox 3180 5372 3412 5441; x_wconf 84' lang='lat' dir='ltr'>habere</span> 
     </span>
     <span class='ocr_line' id='line_1_111' title="bbox 1885 5452 3414 5532; baseline 0.013 -20"><span class='ocrx_word' id='word_1_738' title='bbox 1885 5453 2231 5531; x_wconf 90' lang='lat' dir='ltr'>periculum</span> <span class='ocrx_word' id='word_1_739' title='bbox 2260 5471 2464 5513; x_wconf 83' lang='lat' dir='ltr'>usurae</span> <span class='ocrx_word' id='word_1_740' title='bbox 2495 5452 2786 5531; x_wconf 81' lang='lat' dir='ltr'>palliatae,</span> <span class='ocrx_word' id='word_1_741' title='bbox 2820 5473 2962 5517; x_wconf 91' lang='lat' dir='ltr'>cum</span> <span class='ocrx_word' id='word_1_742' title='bbox 2991 5463 3281 5527; x_wconf 82' lang='lat' dir='ltr'>venditor</span> <span class='ocrx_word' id='word_1_743' title='bbox 3308 5489 3414 5532; x_wconf 91' lang='lat' dir='ltr'>ac-</span> 
     </span>
     <span class='ocr_line' id='line_1_112' title="bbox 1883 5545 3413 5639; baseline 0.014 -34"><span class='ocrx_word' id='word_1_744' title='bbox 1883 5545 2119 5625; x_wconf 90' lang='lat' dir='ltr'>cipiens</span> <span class='ocrx_word' id='word_1_745' title='bbox 2158 5547 2428 5625; x_wconf 88' lang='lat' dir='ltr'>pretium</span> <span class='ocrx_word' id='word_1_746' title='bbox 2449 5591 2465 5622; x_wconf 81' lang='lat'>,</span> <span class='ocrx_word' id='word_1_747' title='bbox 2500 5564 2625 5606; x_wconf 87' lang='lat' dir='ltr'>non</span> <span class='ocrx_word' id='word_1_748' title='bbox 2653 5547 2793 5625; x_wconf 88' lang='lat' dir='ltr'>plus</span> <span class='ocrx_word' id='word_1_749' title='bbox 2821 5549 2933 5610; x_wconf 92' lang='lat' dir='ltr'>sed</span> <span class='ocrx_word' id='word_1_750' title='bbox 2962 5554 3167 5618; x_wconf 80' lang='lat' dir='ltr'>minus</span> <span class='ocrx_word' id='word_1_751' title='bbox 3197 5569 3413 5639; x_wconf 82' lang='lat' dir='ltr'>postea</span> 
     </span>
    </p>
   </div>
   <div class='ocr_carea' id='block_1_5' title="bbox 3547 5112 3660 5172">
    <p class='ocr_par' dir='ltr' id='par_1_9' title="bbox 3547 5112 3660 5172">
     <span class='ocr_line' id='line_1_113' title="bbox 3547 5112 3660 5172; baseline 0.018 -2"><span class='ocrx_word' id='word_1_752' title='bbox 3547 5112 3660 5172; x_wconf 72' lang='lat'>192</span> 
     </span>
    </p>
   </div>
   <div class='ocr_carea' id='block_1_6' title="bbox 3463 5238 3761 5388">
    <p class='ocr_par' dir='ltr' id='par_1_10' title="bbox 3463 5238 3762 5402">
     <span class='ocr_line' id='line_1_114' title="bbox 3465 5238 3761 5293; baseline 0.007 -13"><span class='ocrx_word' id='word_1_753' title='bbox 3465 5238 3524 5280; x_wconf 83' lang='lat' dir='ltr'>De</span> <span class='ocrx_word' id='word_1_754' title='bbox 3560 5244 3694 5293; x_wconf 77' lang='lat' dir='ltr'>pacto,</span> <span class='ocrx_word' id='word_1_755' title='bbox 3716 5245 3761 5282; x_wconf 74' lang='lat' dir='ltr'>ut</span> 
     </span>
     <span class='ocr_line' id='line_1_115' title="bbox 3463 5292 3610 5388; baseline 0.007 0"><span class='ocrx_word' id='word_1_756' title='bbox 3463 5292 3610 5388; x_wconf 80' lang='grc'>333·</span> 
     </span>
    </p>
   </div>
  </div>
 </body>
</html>
