4263 6376
765 263 882 319 216

767 437 883 495 nisi
914 444 1204 496 mutuans
1235 444 1380 497 ante
1402 436 1880 497 diminutionem
1912 437 2141 498 valoris
2162 456 2301 515 pos-

767 535 862 590 set
891 547 1098 588 emere
1145 530 1252 588 illa
1297 529 1566 608 pecunia
1610 529 1846 607 aliquid
1893 530 2295 608 aequivalens».

767 624 900 681 Hoc
930 626 1138 681 tamen
1165 622 1388 680 merito
1420 621 1717 699 reprobat
1738 621 1904 680 idem
1928 623 2126 695 Salas,
2154 622 2304 700 quia

769 732 915 773 vere
945 718 1092 772 tunc
1132 713 1399 790 pecunia
1458 719 1702 773 tantum
1733 714 2009 772 valorem
2042 715 2297 783 retinet;

768 823 963 883 quare
993 811 1348 865 contractus
1379 805 1587 864 adhuc
1608 805 1816 884 justus
1847 812 1962 881 est,
2014 825 2160 865 cum
2192 825 2302 885 pro

767 904 942 959 tanto
973 897 1184 957 valore
1233 897 1546 975 obligetur
1586 899 2000 959 mutuatarius
2031 900 2108 957 ad
2155 900 2304 959 red-

769 990 1047 1049 dendum
1064 996 1278 1068 postea
1292 990 1599 1068 aequalem
1610 991 1912 1065 valorem,
1934 992 2102 1070 quod
2116 992 2305 1052 etiam

768 1082 952 1141 docet
976 1082 1223 1142 Lessius
1252 1101 1390 1159 cap.
1426 1100 1552 1143 xxi.
1576 1084 1726 1143 dub.
1764 1088 1864 1143 44.
1900 1084 2023 1144 Sed
2044 1086 2306 1162 quaestio

773 1174 908 1234 haec
939 1180 1034 1234 est
1061 1175 1376 1251 generalis
1404 1175 1482 1234 ad
1516 1177 1885 1254 emptioneS,
1913 1176 2308 1236 venditiones

768 1268 1313 1337 commutationes,
1374 1274 1492 1328 etc.
1556 1273 1620 1327 et
1667 1268 2039 1327 tractabitur
2094 1269 2309 1347 dispu-

771 1359 1007 1419 tatione
1039 1361 1324 1437 sequenti
1353 1360 1432 1418 de
1459 1360 1797 1437 emptione,
1832 1366 1894 1421 et
1921 1361 2304 1421 venditione.

851 1451 1078 1522 Quinta
1106 1451 1441 1512 difficultas
1469 1471 1603 1511 esse
1633 1458 1859 1530 potest,
1904 1471 1985 1512 an
2016 1454 2065 1512 si
2097 1472 2131 1513 e
2162 1472 2312 1514 con-

775 1548 871 1604 tra
899 1544 1079 1618 scias,
1099 1544 1274 1603 brevi
1304 1544 1443 1604 talis
1464 1546 1742 1623 pecuniae
1771 1545 2131 1621 augendum
2177 1565 2311 1605 esse

776 1636 1052 1695 valorem
1085 1642 1146 1696 et
1175 1637 1333 1696 nolis
1350 1637 1442 1695 vel
1473 1656 1596 1697 non
1620 1638 1818 1715 possis
1849 1639 1966 1697 hoc
1987 1644 2301 1698 secretum

779 1729 1080 1803 revelare,
1115 1730 1257 1806 quia
1308 1748 1431 1789 non
1479 1729 1751 1806 expedit,
1797 1730 1996 1808 possis
2045 1731 2106 1789 id
2136 1731 2314 1808 igno·

779 1823 940 1882 ranti
971 1828 1034 1881 et
1061 1821 1290 1898 petenti
1315 1827 1601 1881 mutuum
1620 1821 1932 1881 deducere
1954 1824 2015 1881 in
2032 1830 2310 1900 pactum,

779 1919 847 1975 ut
865 1914 1122 1975 totidem
1145 1933 1435 1973 nummos
1448 1914 1501 1992 ej
1512 1914 1729 1974 usdem
1755 1915 2032 1974 materiae
2049 1915 2313 1974 reddere

780 2007 1028 2065 debeat.
1090 2006 1360 2066 Dubium
1417 2013 1626 2066 autem
1682 2006 1996 2084 procedit,
2061 2006 2313 2085 quando

779 2105 1074 2158 mutuans
1103 2099 1434 2176 pecuniam
1465 2116 1644 2157 suam
1674 2105 1808 2159 erat
1836 2104 2200 2159 servaturus
2221 2119 2318 2158 us·

783 2208 904 2269 que
935 2190 1013 2248 ad
1045 2196 1292 2267 ternpus
1314 2190 1542 2249 valoris
1573 2190 1762 2263 aucti,
1784 2197 1969 2268 prout
1988 2192 2317 2269 unusquis·

783 2301 904 2361 que
933 2282 1208 2342 servabit
1247 2282 1591 2341 certissime
1647 2284 1931 2341 conscius
1972 2282 2112 2342 talis
2165 2301 2319 2359 aug-

783 2375 1011 2445 menti;
1038 2374 1287 2433 videtur
1306 2374 1470 2433 enim
1501 2393 1573 2432 ex
1608 2393 1730 2433 uno
1765 2375 1991 2452 capite,
2013 2374 2077 2434 id
2103 2375 2314 2449 licere,

784 2486 930 2526 cum
945 2466 1184 2527 ratione
1200 2467 1354 2525 lucri
1372 2468 1672 2527 cessantis
1689 2469 1886 2544 possis
1903 2467 2053 2527 illud
2076 2468 2320 2527 lucrum

785 2580 825 2620 a
867 2561 1246 2620 mutuatario
1292 2561 1566 2636 exigere,
1615 2560 1761 2639 quia
1814 2566 2024 2620 tamen
2077 2560 2321 2620 lucrum

787 2672 1040 2713 cessans
1087 2671 1209 2711 non
1242 2652 1525 2727 debetur,
1562 2652 1676 2711 nisi
1732 2653 2081 2713 deducatur
2120 2654 2182 2712 in
2215 2671 2323 2731 pa·

788 2752 979 2819 ctum,
1012 2745 1163 2804 dicit
1186 2745 1528 2804 Turrianus
1557 2745 1718 2821 disp.
1756 2747 1910 2805 Lxl.
1946 2745 2098 2804 dub.
2136 2763 2220 2805 1x.
2257 2764 2318 2805 n.

788 2842 848 2901 3.
881 2843 941 2897 et
968 2842 1027 2898 4.
1089 2838 1319 2896 debere
1372 2837 1488 2896 sub
1542 2836 1753 2916 aliqua
1807 2838 2028 2897 saltem
2084 2838 2324 2921 ratione

790 2931 1108 2991 communi
1155 2930 1420 3000 deduci,
1473 2930 1521 2988 si
1572 2930 1727 2990 nolit
1768 2929 2046 2990 futurum
2093 2930 2325 2990 valoris

792 3028 1202 3100 augmentum
1225 3022 1649 3081 manifestare.
1700 3024 1930 3082 Contra
1961 3022 2081 3081 hoc
2113 3027 2325 3082 tamen

793 3116 913 3176 sibi
934 3114 1170 3192 objicit,
1206 3114 1371 3193 quod
1407 3114 1762 3192 ignorantia
1793 3113 1895 3172 illa
1926 3114 1990 3172 in
2018 3118 2328 3174 mutuata-

793 3211 887 3270 rio
944 3213 1161 3268 causat
1214 3207 1736 3277 involuntarium
1799 3207 1848 3266 si
1881 3208 2047 3266 enim
2104 3207 2323 3280 sciret,

798 3302 990 3362 nollet
1014 3301 1172 3360 sorte
1201 3305 1486 3360 mutuum
1518 3318 1660 3358 cum
1682 3299 1784 3358 illo
1809 3306 2025 3376 pacto;
2060 3299 2141 3357 ad
2161 3300 2329 3376 quod

797 3393 1156 3472 respondet,
1189 3393 1239 3450 si
1270 3391 1684 3451 mutuatarius
1725 3396 2079 3450 retenturus
2109 3398 2204 3451 est
2228 3411 2331 3469 pe-

800 3486 1049 3547 cuniam
1099 3491 1423 3562 acceptam
1457 3503 1653 3562 usque
1684 3484 1762 3543 ad
1794 3491 2201 3562 augmentum
2232 3502 2332 3543 va-

799 3579 969 3655 loris,
1004 3597 1126 3639 non
1175 3577 1468 3656 praesumi
1524 3576 2010 3636 involuntarium
2059 3577 2121 3635 in
2169 3577 2326 3654 ipso,

800 3691 945 3733 cum
992 3670 1266 3750 gaudeat
1309 3676 1526 3747 postea
1582 3675 1922 3746 augmento
1953 3669 2204 3728 valoriS.
2268 3669 2330 3728 Si

802 3772 1006 3826 tamen
1056 3782 1197 3823 earn
1252 3766 1740 3839 consumpturus
1783 3766 1876 3821 est
1930 3763 2164 3836 statim,
2215 3760 2332 3820 nisi

801 3858 1009 3918 adsint
1034 3856 1171 3916 aliae
1203 3854 1708 3924 circumstantias,
1737 3854 2029 3931 praesumi
2055 3854 2334 3913 involun-

801 3951 1051 4026 tarium,
1088 3968 1200 4008 nec
1230 3967 1410 4025 posse
1442 3947 1606 4007 licite
1641 3952 1893 4024 pactum
1924 3945 2078 4005 illud
2111 3965 2337 4005 execu-

802 4043 957 4105 tioni
981 4041 1291 4101 mandari.

884 4134 1278 4196 Contrarium
1307 4131 1458 4190 mihi
1489 4149 1708 4191 verum
1737 4131 1988 4190 videtur
2011 4176 2025 4205 ,
2081 4131 2230 4209 quia
2276 4131 2337 4189 in

805 4228 1022 4309 primis
1042 4226 1175 4304 jam
1206 4224 1538 4284 deducitur
1565 4223 1624 4281 in
1656 4227 1910 4301 pactum
1940 4223 2183 4282 lucrum
2213 4241 2342 4282 ces-

806 4339 952 4381 sans
997 4319 1216 4378 saltem
1264 4317 1379 4376 sub
1410 4316 1767 4375 conditione
1792 4362 1808 4390 ,
1868 4315 1918 4374 si
1959 4316 2125 4375 enim
2157 4315 2337 4393 petiS‚

808 4412 978 4492 quod
1007 4410 1273 4490 pecunia
1318 4409 1381 4467 in
1411 4408 1632 4468 eadem
1663 4409 1868 4486 specie
1902 4415 1964 4469 et
1993 4409 2342 4487 quantitate

808 4504 1112 4566 reddatur
1133 4549 1149 4579 ,
1200 4520 1272 4562 eo
1320 4502 1455 4580 ipso
1486 4501 1645 4579 petis
1676 4500 1842 4578 quod
1873 4501 2175 4561 reddatur
2202 4519 2346 4561 cum

808 4597 1036 4677 majori
1062 4596 1297 4669 valore,
1330 4594 1384 4653 si
1411 4593 1568 4652 forte
1599 4593 1773 4652 valor
1803 4593 2049 4652 interim
2079 4598 2342 4655 crescat.

811 4690 990 4763 Quod
1019 4707 1167 4749 vero
1197 4691 1439 4765 spectat
1479 4685 1558 4744 ad
1588 4685 2032 4762 ignorantiam,
2067 4687 2215 4747 licet
2241 4687 2349 4746 illa

810 4788 1028 4846 causet
1072 4779 1558 4842 involuntarium
1600 4778 1946 4838 secundum
1979 4779 2163 4857 quid,
2224 4799 2348 4840 non

808 4883 1020 4941 tamen
1051 4875 1230 4935 vitiat
1257 4876 1682 4943 contractum;
1716 4871 1860 4949 quia
1892 4871 2246 4949 ignorantia
2278 4872 2350 4931 il-

809 4972 873 5032 la
901 4987 1104 5049 neque
1134 4971 1231 5028 est
1257 4965 1425 5025 circa
1453 4964 1865 5024 substantiam
1891 5011 1905 5039 ,
1942 4983 2056 5023 nec
2086 4965 2351 5024 insertur

814 5084 851 5124 a
879 5068 1227 5137 mutuante,
1261 5059 1374 5120 sed
1402 5058 1606 5118 solum
1639 5076 1763 5117 non
1791 5058 2093 5117 aufertur.
2156 5060 2347 5118 Porro

814 5176 937 5218 non
990 5153 1225 5214 versari
1284 5153 1451 5212 circa
1513 5150 1925 5211 substantiam
1994 5154 2350 5210 contractus

813 5247 1234 5328 ignorantiam
1263 5264 1336 5306 eo
1366 5263 1539 5320 casu,
1575 5242 1882 5320 probatur
1905 5289 1919 5318 ,
1974 5243 2121 5321 quia
2142 5289 2156 5318 ,
2206 5243 2352 5304 licet

815 5346 1108 5402 mutuans
1131 5339 1372 5416 privata
1401 5336 1659 5396 scientia
1676 5335 1918 5396 noverit
1945 5336 2225 5414 pecuniae
2249 5355 2349 5396 va-

816 5433 1144 5497 riationem
1175 5432 1483 5502 suturam;
1533 5429 1597 5488 in
1627 5428 1944 5489 communi
1978 5431 2189 5490 tamen
2219 5428 2353 5490 cxi-

1925 261 2027 319 DE
2067 258 2419 320 JL‘STITIA
2466 256 2567 315 ET
2608 257 2809 317 JURE:

2401 435 2758 495 stimatione
2789 435 3135 513 periculum
3156 434 3309 494 illud
3329 435 3683 511 ignoratum
3718 449 3934 511 quare,

2399 528 2722 587 moraliter
2748 528 3065 607 loquendo
3085 574 3101 601 ,
3148 527 3418 606 pecunia
3447 526 3553 584 illa
3578 526 3805 585 retinet
3833 524 3937 582 ad-

2402 621 2523 680 huc
2554 626 2751 682 totum
2779 639 2963 680 suum
2995 621 3271 680 valorem
3295 667 3311 695 ,
3363 624 3427 679 et
3456 637 3617 679 onus
3645 617 3815 697 quod
3845 616 3945 675 ad-

2402 713 2592 787 ditur,
2627 714 2706 772 de
2752 713 3076 773 reddenda
3122 713 3351 791 aequali
3404 711 3754 790 quantitate
3786 711 3944 786 ejus-

2405 806 2549 864 dem
2581 806 2885 883 pecuniae,
2920 825 3042 865 non
3064 806 3414 865 aestimatur
3434 804 3645 881 majus
3673 820 3945 862 commu·

2405 899 2586 972 niter,
2622 917 2811 976 quam
2842 898 2922 957 ab
2952 899 3085 975 ipso
3103 897 3486 958 mutuatario
3517 894 3947 974 apprehenda·

2402 996 2527 1051 tur.
2574 990 2749 1050 Sicut
2776 1008 2927 1067 ergo
2958 995 3316 1050 contractus
3348 990 3451 1049 ille
3484 988 3729 1048 validus
3760 992 3944 1059 esset,

2405 1083 2455 1143 si
2487 1089 2779 1143 mutuans
2811 1083 3002 1142 etiam
3032 1082 3367 1143 instantem
3399 1080 3817 1140 variationem
3847 1098 3950 1137 va-

2405 1175 2555 1234 loris
2585 1174 2905 1249 ignoraret
2920 1195 2935 1245 ;
2953 1175 3040 1234 sic
3062 1175 3311 1234 validus
3331 1174 3474 1249 erit,
3500 1173 3951 1233 licetmutuans

2409 1267 2472 1326 id
2501 1268 2733 1339 scierit,
2762 1268 2908 1345 quia
2940 1286 3098 1327 onus
3128 1269 3335 1345 reipsa
3360 1286 3488 1326 non
3521 1271 3620 1325 est
3645 1265 3853 1344 majus
3882 1284 3951 1323 ex

2409 1378 2483 1420 eo
2514 1359 2682 1437 quod
2711 1359 2792 1419 ab
2822 1378 2945 1419 uno
2975 1360 3323 1439 periculum
3353 1359 3750 1437 praesciatur.
3802 1360 3953 1417 Cum

2409 1469 2560 1528 ergo
2592 1451 2791 1528 possis
2818 1458 3105 1512 mutuare
3135 1451 3470 1530 pecuniam
3498 1496 3515 1525 ,
3547 1451 3754 1510 sciens
3782 1450 3955 1509 brevi

2411 1544 2547 1620 ejus
2588 1542 2864 1603 valorem
2910 1544 3320 1603 minuendum
3377 1562 3524 1602 cum
3575 1542 3955 1618 obligatione

2411 1637 2776 1695 mutuatarii
2803 1637 3113 1696 reddendi
3165 1637 3477 1713 aequalem
3516 1636 3844 1707 valorem,
3895 1640 3957 1693 ut

2412 1728 2719 1803 vidimus,
2769 1729 2918 1807 quia
2968 1736 3117 1788 tunc
3146 1730 3410 1788 scientia
3440 1734 3547 1788 tua
3580 1746 3707 1788 non
3738 1726 3960 1786 minuit

2413 1827 2788 1899 praesentem
2843 1822 3127 1900 pecuniae
3183 1821 3505 1891 x·alorem;
3576 1821 3664 1879 sic
3725 1818 3955 1898 poteris

2416 1913 2703 1972 eamdem
2733 1920 3020 1974 mutuare
3050 1933 3193 1973 cum
3226 1932 3417 1974 onere
3446 1912 3760 1973 reddendi
3795 1929 3961 1971 eam-

2417 2006 2560 2065 dem
2592 2006 3004 2084 quantitatem
3034 2007 3316 2084 pecunioe
3342 2053 3357 2081 ‚
3406 2007 3555 2067 licet
3595 2006 3765 2065 scias
3792 2004 3959 2065 brevi

2417 2098 2551 2175 ejus
2580 2100 2858 2158 valorem
2888 2100 3272 2177 augendum,
3304 2100 3449 2177 quia
3482 2106 3591 2160 tua
3624 2098 3961 2176 praescien-

2415 2191 2503 2251 tia
2532 2210 2657 2251 non
2687 2196 2876 2269 auget
2905 2210 3062 2252 onus
3090 2192 3266 2266 illud,
3292 2210 3409 2250 nec
3439 2191 3804 2269 ignorantia
3832 2208 3967 2249 mu-

2418 2284 2669 2344 tuatarii
2700 2290 2985 2344 versatur
3011 2285 3177 2344 circa
3208 2284 3344 2363 ejus
3373 2284 3825 2357 substantiam,
3858 2282 3965 2341 sed

2419 2377 2585 2436 circa
2614 2396 2747 2435 rem
2778 2377 3074 2452 futuram,
3108 2396 3248 2456 quae
3278 2378 3341 2435 in
3358 2377 3677 2437 communi
3697 2376 3970 2435 aestima·

2418 2468 2588 2528 tione
2619 2484 2743 2528 non
2773 2468 2921 2530 facit
2949 2488 3106 2529 onus
3136 2489 3271 2528 esse
3293 2470 3636 2544 diversum,
3662 2467 3972 2548 quamdiu

2421 2561 2837 2621 communiter
2863 2562 2927 2620 id
2956 2562 3310 2639 ignoratur;
3363 2561 3535 2621 unde
3579 2561 3781 2621 etiam
3827 2578 3973 2619 con-

2422 2660 2547 2714 stat
2562 2654 2975 2731 ignorantiam
3000 2655 3168 2714 illam
3193 2672 3313 2713 non
3332 2654 3547 2713 inferri
3575 2674 3611 2712 a
3638 2661 3694 2714 te
3725 2654 3969 2727 dolose,

2424 2746 2521 2805 vel
2550 2746 2775 2824 injuste
2799 2794 2814 2822 ‚
2867 2766 3011 2806 cum
3042 2753 3107 2807 tu
3157 2765 3280 2805 non
3327 2748 3501 2806 dicas
3534 2747 3821 2806 valorem
3854 2764 3973 2804 non

2426 2858 2559 2899 esse
2606 2840 3021 2900 mutuandum
3047 2887 3062 2913 ,
3127 2858 3243 2900 nec
3291 2840 3479 2899 aliam
3525 2839 3824 2899 fraudem
3867 2838 3977 2897 mi-

2426 2949 2621 2990 sceas,
2656 2934 2791 2992 Non
2821 2933 3002 2992 video
3028 2950 3202 3010 ergo,
3238 2951 3351 2991 cur
3377 2932 3581 2992 minus
3617 2931 3977 2991 voluntaria

2427 3023 2508 3084 sit
2534 3026 2912 3084 mutuatario
2941 3026 3287 3102 acceptatio
3339 3024 3525 3103 hujus
3554 3025 3771 3083 oneris
3805 3025 3873 3082 in
3907 3042 3975 3082 eo

2430 3134 2600 3191 casu,
2634 3134 2822 3195 quam
2853 3117 2931 3177 sit
2958 3116 3255 3195 obligatio
3299 3117 3363 3175 in
3393 3119 3610 3176 mutuo
3646 3116 3977 3176 communi

2429 3209 2509 3268 ad
2550 3209 2942 3268 reddendum
2990 3210 3299 3288 aequalem
3343 3210 3655 3284 valorem,
3714 3209 3981 3288 quando

2429 3308 2726 3363 mutuans
2757 3303 2872 3363 scit
2906 3303 3080 3362 brevi
3096 3302 3375 3363 futurum
3392 3303 3845 3362 detrimentum
3876 3321 3985 3361 va·

2430 3395 2577 3454 loris
2626 3415 2640 3455 :
2692 3395 2837 3473 quia
2882 3414 3085 3473 neque
3138 3397 3326 3456 ctiam
3368 3401 3519 3456 tunc
3548 3395 3984 3456 mutuatarius

2430 3488 2615 3548 vellet
2644 3488 2949 3566 accipere,
2980 3488 3030 3546 si
3063 3487 3126 3546 id
3154 3489 3383 3563 sciret,
3430 3493 3494 3548 et
3523 3495 3737 3549 tamen
3772 3487 3980 3565 oliga·

2432 3581 2515 3640 tio
2549 3580 2654 3640 illa
2681 3580 3030 3640 voluntaria
3076 3585 3202 3653 est,
3263 3584 3569 3658 quantum
3613 3580 3854 3640 sufficit
3901 3581 3983 3641 ad

2433 3673 2567 3751 ejus
2596 3674 2902 3742 valorem3
2953 3692 3103 3750 ergo
3150 3672 3436 3732 similiter
3484 3672 3545 3730 in
3576 3676 3795 3733 nostro
3828 3692 3985 3732 casu

2434 3767 2570 3825 erit.
2607 3766 2670 3827 Si
2701 3771 2909 3824 tamen
2941 3764 3177 3843 absque
3197 3765 3375 3841 gravi
3406 3765 3811 3825 incommodo
3842 3785 3987 3844 pos·

2435 3859 2540 3932 δῖε,
2577 3858 2839 3917 deberes
2886 3876 3144 3916 monere
3174 3858 3628 3918 mutuatarium
3659 3858 3735 3916 de
3767 3860 3989 3918 sutura

2436 3951 2778 4010 mutatione
2828 3950 3058 4010 valoris
3081 3997 3096 4025 ‚
3148 3955 3217 4011 ut
3262 3950 3361 4010 vel
3392 3955 3684 4010 mutuum
3714 3969 3841 4011 non
3873 3970 3989 4011 ao-

2438 4045 2648 4121 cipiat,
2681 4044 2778 4103 vel
2810 4044 3140 4121 pecuniam
3185 4063 3310 4103 non
3360 4043 3714 4120 expendat,
3776 4043 3991 4104 donec

2440 4138 2573 4215 ejus
2603 4136 2778 4196 valor
2805 4140 3129 4213 augeatur.
