4263 6376
125 1997 198 2197 aaz}

1239 388 1712 452 DISPUTATIO
1754 388 2000 462 XXXII,
2049 391 2324 454 SECTIO
2369 394 2417 456 1.

247 567 321 629 ad
341 565 495 650 qued
527 566 703 628 Titius
724 585 785 628 se
810 566 957 627 mihi
993 564 1262 648 obliqat?
1312 568 1375 627 et
1414 564 1759 644 responde-

245 662 361 736 bat,
376 659 576 741 jubeo.
629 660 953 723 Pei-ficitur
999 663 1209 722 autem
1232 658 1374 739 jure
1403 657 1625 719 saltem
1655 675 1759 718 ca-

246 753 474 828 nonice,
507 752 657 815 etin
687 753 820 814 soro
852 752 1270 829 conscientiae,
1296 770 1600 813 consensu
1617 768 1759 810 ver-

247 847 331 906 bis
356 846 851 925 quibuscumque
880 863 1197 924 expresse,
1233 844 1540 924 quidquid
1570 843 1650 904 sit
1678 843 1756 904 de

244 939 508 1001 formulis
551 943 614 1000 et
655 938 1099 1000 subtilitatibus
1142 938 1456 1017 requisitis
1499 937 1577 997 de
1614 938 1756 1015 jure

245 1031 396 1093 civili
418 1077 433 1106 ,
470 1033 651 1110 juxta
679 1032 859 1111 cujus
887 1032 1056 1110 leges
1085 1030 1266 1110 plura
1295 1034 1503 1091 essent
1528 1032 1608 1090 de
1637 1029 1756 1088 hoc

245 1127 551 1186 contractu
580 1123 991 1199 discutienda,
1026 1142 1167 1202 quae
1196 1122 1388 1183 nimia
1416 1121 1756 1184 subtilitate

236 1216 789 1295 jureconsultorum
817 1216 1072 1277 inducta
1093 1217 1365 1292 fuerunt,
1391 1232 1529 1294 quae
1546 1214 1758 1275 omnia

243 1313 304 1370 ιιι
328 1309 385 1368 in
415 1309 754 1388 plurimum
800 1308 1124 1382 omittam,
1184 1313 1247 1370 et
1274 1308 1473 1368 videri
1498 1311 1759 1386 possunt

242 1402 393 1480 apud
423 1402 719 1462 Molinam
750 1401 913 1481 disp.
943 1405 1082 1463 539.
1117 1407 1180 1463 et
1224 1401 1630 1481 sequentibus
1660 1419 1758 1461 us-

242 1513 350 1574 que
370 1493 446 1553 ad
474 1497 614 1556 548.
644 1495 924 1573 quimale
945 1495 1023 1554 de
1049 1495 1124 1555 iis
1146 1494 1587 1573 superstitiosis
1616 1493 1758 1554 sub·

242 1586 549 1648 tilitatibus
565 1593 628 1650 et
643 1588 1147 1650 cavillationibus
1177 1588 1384 1648 sentit.
1409 1589 1533 1647 Nos
1546 1590 1759 1647 autem

242 1680 425 1758 magis
452 1679 694 1740 sincere
725 1680 1107 1759 attingemus
1163 1698 1302 1760 quae
1340 1681 1404 1740 in
1449 1680 1582 1741 foro
1614 1698 1757 1741 con·

242 1772 500 1833 scientiae
532 1772 886 1833 necessaria
911 1777 1075 1835 sunt.

313 1865 709 1927 Conditiones
731 1866 810 1925 ad
829 1866 995 1927 hunc
1008 1869 1400 1927 contractum
1428 1864 1758 1944 requisitas

240 1958 468 2019 Lessius
485 1976 611 2019 non
632 1958 798 2019 male
816 1958 895 2018 ad
917 1962 1188 2039 quatuor
1200 1958 1445 2020 reducit
1461 1976 1514 2019 c.
1531 1975 1752 2020 xxvm.

240 2051 375 2112 dub.
409 2054 464 2112 1.
500 2057 565 2113 et
591 2070 767 2132 seqq.

308 2145 509 2205 Prima
538 2149 653 2220 est,
688 2150 757 2206 ut
779 2143 1098 2225 fidejussio
1132 2144 1485 2205 accessoria
1516 2143 1634 2221 sit,
1697 2146 1759 2204 et

237 2242 534 2316 supponat
559 2237 1006 2316 obligationem
1036 2237 1338 2298 debitoris
1366 2236 1753 2316 principaliS,

237 2332 286 2410 ἓ.
318 2348 357 2391 1.
390 2335 452 2391 et
479 2348 577 2391 111.
611 2331 810 2392 Instit.
845 2329 916 2390 de
940 2328 1399 2412 fidejussoribus.
1436 2331 1649 2391 Potest
1668 2333 1759 2391 ta-

239 2443 367 2484 men
396 2423 624 2503 aliquis
654 2423 1026 2502 fidejubere,
1062 2424 1252 2484 etiam
1282 2428 1619 2502 antequam
1649 2422 1758 2482 de-

238 2516 389 2578 bitor
415 2535 480 2576 se
510 2516 784 2594 obliget,
832 2520 903 2576 ut
942 2517 994 2577 si
1023 2516 1193 2578 dicat
1253 2533 1267 2580 :
1327 2517 1417 2576 Ex
1446 2533 1610 2576 nunc
1639 2533 1754 2593 ego

236 2609 534 2688 fidejubeo
568 2627 680 2687 pro
711 2611 894 2670 Petro
940 2609 1001 2668 in
1030 2609 1454 2671 contractibus
1483 2627 1638 2688 quos
1669 2609 1757 2668 se-

238 2701 396 2778 cer-it,
431 2701 529 2762 vel
562 2701 625 2761 in
663 2701 769 2762 tali
799 2706 1121 2762 contractu
1142 2749 1157 2779 ,
1206 2701 1256 2761 si
1287 2702 1459 2761 illum
1489 2702 1705 2762 feeerit
1737 2721 1750 2762 :

238 2812 348 2854 non
376 2800 587 2855 tamen
618 2794 879 2855 habebit
909 2797 1199 2856 effectum
1228 2793 1548 2873 fidejussio
1569 2840 1584 2870 ,
1637 2794 1753 2854 do-

238 2906 340 2948 nec
384 2890 605 2948 Petrus
651 2907 717 2947 se
769 2887 1041 2966 obliget,
1095 2892 1282 2967 atque
1328 2887 1471 2947 ideo
1511 2905 1756 2966 semper

235 2981 535 3058 praecedet
564 2980 773 3060 aliquo
802 2980 992 3042 modo
1025 2979 1321 3060 obligatio
1352 2979 1540 3056 Petri,
1574 2984 1751 3040 ante·

236 3092 411 3153 quam
444 3073 783 3152 fidejussor
810 3073 1092 3135 absolute
1142 3073 1471 3152 obligetur.
1514 3073 1756 3134 Sufficit

233 3172 427 3229 autem
444 3185 859 3249 quaecumque
873 3167 1191 3248 obligati0,
1211 3166 1351 3230 utei
1379 3167 1574 3247 possit
1600 3167 1756 3227 fide-

227 3261 409 3340 jussio
440 3262 744 3323 accedere
781 3281 795 3323 :
842 3261 1008 3322 unde
1035 3262 1165 3322 sive
1194 3264 1412 3323 Petrus
1443 3260 1753 3340 obligatus

234 3354 303 3415 sit
330 3374 398 3415 ex
432 3354 929 3431 contractu,sive
960 3373 1035 3415 ex
1064 3355 1313 3431 delicto,
1347 3354 1477 3415 sive
1508 3372 1581 3413 ex
1613 3373 1755 3414 sen-

233 3450 411 3509 tentia
434 3448 692 3529 judicis,
728 3448 857 3508 sive
891 3466 965 3508 ex
994 3448 1135 3527 lege
1160 3494 1175 3523 ,
1236 3448 1366 3507 sive
1396 3464 1471 3507 ex
1501 3447 1621 3507 alio
1653 3465 1752 3507 ca-

233 3541 369 3618 pite,
394 3541 629 3619 poteris
659 3560 769 3620 pro
802 3559 875 3601 eo
905 3539 1275 3620 fidejubere.
1323 3542 1454 3600 Imo
1481 3540 1629 3601 licet
1659 3539 1756 3618 ip-

233 3652 290 3693 se
319 3634 516 3695 solum
548 3635 916 3696 naturaliter
945 3633 1258 3712 obligatus
1286 3633 1368 3694 sit
1382 3632 1614 3711 poteris
1646 3652 1754 3692 na-

231 3728 402 3788 turali
431 3732 492 3789 et
524 3728 687 3789 civili
720 3726 1100 3805 obligatione
1131 3744 1242 3805 pro
1276 3743 1349 3786 eo
1378 3725 1746 3805 fidejubere.

230 3818 373 3881 Hinc

302 3914 572 3974 lusertur
601 3911 838 4020 primo,
873 3930 996 3972 non
1027 3929 1163 3972 esse
1191 3912 1445 3992 proprie
1491 3909 1748 3990 fidejus-

122 4069 190 4097 u
234 4025 464 4084 sorem,
522 4007 630 4087 qui
660 4025 772 4086 pro
802 4005 923 4066 alio
953 4005 1276 4066 constituit
1304 4024 1368 4065 se
1400 4005 1750 4066 debitorem

124 4110 190 4154 inl.

123 5364 170 5413 Ρ*

124 5411 155 5446 nt

123 5471 166 5500 ιιι

234 4100 652 4179 principalem,
686 4099 835 4179 quia
865 4117 988 4159 non
1018 4117 1083 4158 se
1114 4098 1351 4176 obligat
1379 4097 1745 4174 accessorie,

234 4193 372 4253 etin
401 4193 715 4254 defectum
743 4191 1035 4268 alterius,
1095 4190 1204 4251 sed
1236 4190 1662 4271 principaliter
1688 4194 1749 4251 et

231 4291 425 4365 potest
451 4305 629 4365 aeque
660 4286 864 4365 primo
895 4284 1236 4346 conveniri.

302 4379 567 4441 Infertur
595 4378 871 4439 secundo
897 4423 913 4454 ,
947 4377 1026 4437 ad
1055 4376 1561 4457 justificationem
1589 4378 1745 4438 fide·

225 4471 510 4548 jussionis
564 4491 686 4533 non
736 4471 965 4532 debere
1024 4471 1263 4533 attendi
1310 4489 1565 4532 causam
1592 4518 1607 4547 ,
1669 4471 1748 4531 ob

233 4582 408 4642 quam
437 4566 569 4645 ipse
600 4564 932 4645 fidejussor
958 4583 1024 4625 se
1055 4564 1312 4643 obligat,
1334 4564 1443 4624 sed
1464 4582 1741 4640 causam,

232 4658 305 4717 ob
349 4677 538 4738 quam
584 4657 948 4737 principalis
989 4657 1237 4717 debitor
1289 4676 1356 4717 se
1413 4656 1738 4735 obligavit.

232 4753 428 4814 Potest
455 4751 621 4813 enim
650 4751 1038 4829 contingere,
1057 4755 1118 4811 te
1147 4769 1261 4830 pro
1292 4750 1489 4828 pretio
1522 4750 1744 4829 exiguo

231 4848 289 4906 et
336 4844 629 4925 inaequali
656 4890 672 4920 ,
732 4844 831 4904 vel
888 4843 1075 4905 etiam
1127 4842 1324 4922 gratis
1375 4842 1741 4923 fidejubere,

232 4954 346 4997 non
397 4942 611 4999 tamen
668 4936 875 4997 minus
934 4936 1232 5015 obligaris
1288 4935 1620 5013 creditori,
1694 4936 1746 4996 si

232 5028 467 5093 debitor
494 5030 855 5111 principalis
885 5048 958 5089 ex
981 5028 1151 5109 justa
1181 5047 1370 5090 causa
1399 5029 1478 5091 sit
1508 5028 1745 5109 obliga-

229 5127 342 5186 tus,

303 5216 571 5278 Adverte
602 5213 822 5293 obiter,
867 5213 1301 5294 fidejussorem
1329 5232 1472 5276 cum
1503 5214 1746 5276 duobus

235 5308 618 5386 contrahere,
653 5326 877 5387 nempe
923 5312 985 5369 et
1029 5326 1173 5368 cum
1214 5308 1522 5369 creditore
1551 5308 1649 5368 cui
1680 5326 1746 5369 se

234 5400 480 5481 obligat,
515 5407 579 5463 et
606 5420 749 5463 cum
779 5400 1061 5462 debitore
1090 5400 1417 5480 principali
1449 5419 1636 5479 quem
1659 5400 1744 5460 si·

123 5524 150 5554 ι.
230 5492 289 5554 bi
323 5494 594 5575 obligat,
646 5494 824 5575 quasi
852 5493 985 5574 ejus
1014 5494 1477 5571 mandatariuS,
1537 5494 1587 5553 si
1612 5494 1745 5573 ipso

232 5591 472 5665 petente
492 5635 508 5666 ,
556 5588 654 5650 vel
682 5588 915 5650 sciente
945 5590 1009 5649 et
1034 5590 1280 5650 tacente
1304 5633 1320 5665 ,
1375 5586 1741 5666 fidejubeat,

3278 391 3397 452 533

1860 565 1958 626 vel
1988 571 2157 629 certe
2188 573 2258 629 ut
2286 567 2682 648 negotiorum
2711 572 2944 647 gestor,
2978 567 3028 628 si
3060 566 3398 630 rationabi-

1860 658 2001 720 liter
2027 661 2126 721 vel
2157 661 2391 724 utiliter
2435 661 2500 722 id
2527 662 2766 722 fecerit.
2819 663 3014 723 Secus
3055 661 3107 721 si
3151 658 3398 721 debitor

1858 752 2222 832 principalis
2251 754 2478 816 restitit
2503 758 2564 816 et
2594 753 3012 830 contradixit,
3067 772 3143 814 ne
3173 750 3400 831 fideju-

1858 844 2036 906 beret
2062 865 2174 924 pro
2206 847 2338 926 ipso
2367 867 2380 908 ε
2407 866 2546 926 quae
2578 866 2654 907 ex
2683 847 2872 908 variis
2892 846 3142 925 juribus
3172 845 3399 925 probat

1857 938 2089 999 Melina
2119 939 2289 1001 dicta
2318 939 2479 1019 disp.
2514 942 2654 1002 539.
2687 941 2742 1019 ἓ.
2776 938 2943 1000 Illud
2967 948 3050 1000 est
3078 939 3392 999 observan-

1858 1029 2016 1092 dum.
2051 1032 2232 1093 Addo
2259 1079 2274 1109 ,
2309 1032 2515 1094 adhuc
2544 1034 2607 1093 in
2638 1051 2709 1093 eo
2741 1051 2889 1094 casu
2914 1078 2930 1106 ,
2989 1033 3040 1092 si
3069 1030 3400 1111 fidejussor

1858 1124 2078 1201 solvat,
2111 1144 2294 1205 posse
2324 1145 2510 1205 agere
2536 1131 2756 1188 contra
2775 1125 3146 1202 debitorem,
3173 1124 3398 1185 ceden-

1856 1220 1917 1278 te
1948 1217 2061 1276 sibi
2093 1218 2401 1279 creditore
2431 1219 2531 1279 cui
2563 1216 2784 1293 solvit,
2849 1217 3162 1280 actionem
3208 1233 3398 1294 quam

1857 1309 2133 1371 habebat
2158 1356 2174 1387 ,
2224 1311 2306 1372 ad
2357 1311 2524 1390 quod
2554 1311 2891 1392 fidejussor
2917 1311 3124 1390 potest
3151 1326 3399 1387 semper

1858 1402 2233 1463 creditorem
2261 1422 2509 1483 cogere.

1939 1495 2230 1556 Secunda
2259 1497 2531 1558 conditio
2562 1500 2675 1574 est,
2715 1500 2781 1558 ut
2808 1495 3141 1574 fidejussor
3168 1512 3294 1554 non
3314 1492 3397 1554 ad

1857 1588 1996 1694 plus
2045 1589 2360 1668 obligetur
2386 1637 2401 1667 ,
2464 1610 2655 1670 quam
2701 1590 2950 1651 debitor
2996 1586 3392 1667 principalis;

3482 1626 3718 1681 Ficdjncsor

1857 1683 2004 1762 quia
2032 1701 2176 1743 cum
2205 1682 2339 1762 ejus
2370 1684 2688 1762 obligatiO,
2710 1686 3018 1762 quatenus
3049 1681 3209 1743 sistit
3235 1680 3399 1741 intra
3472 1687 3568 1736 νοω
3570 1681 3724 1734 suptus

3500 1733 3690 1788 oiblgari,

1854 1775 2157 1837 terminos
2184 1774 2624 1854 fidejussionis,
2659 1776 2739 1837 sit
2765 1773 3151 1849 accessoria,
3207 1772 3399 1834 dehet
3462 1800 3540 1841 qua
3517 1788 3650 1829 aemd
3653 1788 3727 1829 ιι·-

1855 1868 1919 1928 in
1955 1868 2121 1927 idem
2153 1868 2403 1929 omnino
2439 1868 2754 1947 objectum
2782 1863 3085 1943 tendere,
3131 1867 3195 1926 in
3227 1844 3491 1945 quod⁰

1856 1959 2057 2021 tendit
2084 1959 2466 2038 principaliS.
2500 1963 2635 2022 Non
2668 1960 2829 2037 dixi,
2890 1979 3004 2020 non
3027 1957 3196 2040 plus,
3256 1958 3391 2035 sed,

1856 2072 1967 2113 non
1998 2052 2250 2133 adplus,
2285 2053 2643 2131 obligetur:
2697 2053 3004 2132 contingit
3031 2052 3199 2112 enim
3227 2069 3395 2129 saepe

1854 2145 2288 2225 fidejussorem
2320 2146 2479 2224 plus,
2510 2147 2630 2207 hoc
2660 2150 2791 2221 est,
2842 2146 3043 2224 magis
3072 2148 3133 2205 et
3164 2144 3395 2205 arctius

1856 2237 2122 2316 obligari
2154 2257 2342 2317 quam
2375 2238 2722 2299 debitorem
2751 2238 3167 2318 principalem
3192 2283 3207 2311 ‚
3267 2254 3395 2297 non

1854 2333 2066 2390 tamen
2096 2330 2176 2391 ad
2206 2331 2367 2409 pluS.
2395 2333 2612 2391 Posset
2637 2332 2804 2391 enim
2827 2330 3092 2408 obligari
3124 2347 3268 2389 eum
3289 2327 3394 2408 ju-

1853 2428 2137 2485 ramento
2162 2470 2177 2500 ,
2213 2424 2603 2503 hypotheca,
2666 2423 3082 2484 instrumento
3114 2421 3387 2500 publice,

1853 2517 2246 2594 guarentigio
2270 2561 2286 2594 ,
2328 2522 2587 2595 parente
2617 2521 2904 2595 paratam
2932 2514 3386 2590 executionem,

1849 2610 1995 2671 licet
2011 2609 2257 2671 debitor
2276 2609 2634 2689 principalis
2658 2609 2811 2669 nihil
2835 2609 3061 2669 horum
3082 2606 3391 2667 adhibue-

1852 2702 1953 2763 rit.
1988 2705 2198 2763 Potest
2227 2702 2415 2762 etiam
2449 2701 2712 2777 obligari
2748 2700 3122 2762 naturaliter
3152 2702 3214 2760 et
3243 2699 3390 2759 civi-

1849 2794 2012 2870 liter,
2046 2794 2192 2855 licet
2221 2794 2465 2855 debitor
2501 2795 2581 2854 sit
2609 2794 2919 2873 obligatus
2967 2792 3167 2852 solum
3212 2795 3388 2852 natu-

1852 2888 2085 2948 raliter.
2137 2891 2347 2949 Potest
2376 2888 2564 2949 etiam
2595 2906 2661 2948 se
2694 2887 2972 2965 obligare
2998 2885 3078 2945 ad
3106 2902 3381 2964 poenam,

1851 2981 1898 3041 si
1931 2999 2052 3041 non
2085 2981 2378 3057 solverit,
2424 2981 2569 3041 lieet
2598 2980 2845 3042 debitor
2874 2979 2953 3039 ad
2986 2977 3222 3039 nullam
3252 2994 3387 3054 poe-

1850 3093 1996 3135 nam
2025 3093 2090 3134 se
2120 3073 2516 3152 obligaverit,
2544 3078 2612 3136 ut
2634 3076 2811 3134 notat
2831 3072 3063 3133 Melina
3084 3088 3228 3130 cum
3251 3069 3387 3128 aliis

1768 3167 1799 3174 ’“
1851 3169 2012 3248 disp.
2046 3171 2186 3229 541.
2220 3168 2275 3247 ἓ.
2323 3166 2560 3229 Dictum
2590 3174 2671 3229 est
2696 3186 2899 3249 supra.
2963 3167 3176 3226 Potest
3215 3162 3387 3224 deni-

1852 3281 1972 3342 que
2004 3261 2265 3340 obligari
2296 3261 2377 3321 ad
2407 3262 2700 3323 standum
2721 3262 3083 3340 juramento
3116 3257 3386 3319 credito-

1849 3356 1934 3416 ris
1964 3355 2024 3413 in
2054 3354 2228 3415 litem
2255 3354 2421 3414 circa
2450 3355 2750 3415 interesse
2781 3372 2855 3413 ex
2883 3369 3060 3413 mora
3093 3350 3287 3429 ipsius
3316 3350 3384 3410 fi-

1850 3447 2188 3527 dejussoris
2215 3447 2278 3506 in
2310 3446 2608 3507 solvendo
2634 3491 2649 3522 ,
2697 3445 2947 3525 quando
2997 3462 3111 3503 nec
3153 3442 3234 3503 ad
3263 3442 3384 3502 hoc

1849 3560 1915 3601 se
1941 3540 2188 3601 debitor
2216 3539 2630 3617 obligaverit,
2692 3543 2761 3599 ut
2805 3541 2981 3598 notat
3006 3535 3240 3596 Melina
3268 3533 3377 3595 ibi.

1849 3636 1995 3694 Haec
2016 3634 2184 3694 enim
2215 3651 2336 3692 non
2368 3631 2615 3706 tollunt,
2640 3629 3085 3709 obligationem
3115 3646 3249 3688 esse
3276 3645 3384 3686 ac-

1849 3726 2208 3801 cessoriam,
2233 3743 2376 3784 cum
2408 3723 2603 3802 possit
2630 3722 2928 3783 accedere
2956 3720 3198 3780 firmior
3225 3718 3383 3779 obli-

1847 3820 2017 3899 gatio
2046 3817 2396 3879 infirmiori.

1930 3910 2107 3985 Quod
2138 3913 2349 3970 autem
2379 3908 2624 3984 dicitur,
2650 3927 2773 3969 non
2802 3925 2984 3986 posse
3015 3903 3280 3984 obligari
3300 3904 3381 3964 ad

1848 4006 2009 4109 plus,
2041 4004 2249 4063 locum
2277 4001 2470 4063 habet
2497 4002 2559 4061 in
2588 4000 2956 4076 substantia,
2990 4003 3177 4077 atque
3191 3996 3380 4058 etiam

1847 4098 1910 4157 in
1942 4094 2446 4157 circumstantiiS.
2494 4095 2696 4166 Quare
2728 4111 2853 4153 non
2883 4096 3086 4171 potest
3114 4089 3381 4168 obligari

1848 4189 1928 4250 ad
1984 4188 2285 4250 solvenda
2339 4185 2559 4247 decem
2612 4204 2725 4265 pro
2779 4184 3063 4246 debitore
3110 4182 3378 4242 debente

1848 4282 2146 4363 quinque,
2183 4299 2384 4359 neque
2415 4279 2604 4340 etiam
2634 4278 2709 4338 ad
2731 4277 3105 4339 solutionem
3135 4274 3379 4355 gravio·

1845 4395 1980 4436 rem
2012 4375 2253 4436 ratione
2282 4373 2399 4433 loci
2425 4419 2441 4449 ‚
2498 4372 2819 4452 temporie,
2869 4371 2969 4430 vel
2998 4368 3378 4447 obligatione

1848 4469 2133 4530 absoluta
2162 4485 2274 4545 pro
2305 4466 2516 4526 debito
2548 4464 2984 4535 conditionali;
3018 4463 3116 4523 vel
3146 4462 3227 4522 ad
3259 4460 3377 4520 ali-

1848 4562 1999 4642 quid
2032 4560 2558 4635 determinatum,
2593 4558 2843 4637 quando
2875 4556 3170 4635 obligatio
3200 4553 3376 4614 ‹lebi-

1848 4655 1999 4717 toris
2030 4659 2123 4714 est
2153 4654 2234 4713 ad
2265 4652 2685 4731 disjunctum,
2745 4651 2892 4711 data
2930 4651 2986 4709 ei
3017 4649 3269 4728 optione
3297 4647 3376 4707 li-

1846 4749 2019 4809 bera.
2055 4750 2265 4808 Potest
2291 4750 2499 4806 tamen
2529 4762 2562 4805 e
2594 4749 2811 4804 contra
2836 4743 3032 4804 levior
3060 4760 3194 4801 esse
3225 4740 3374 4801 obli·

1847 4841 2016 4920 gatio
2075 4838 2458 4919 fidejussoris
2511 4855 2712 4928 quam
2742 4835 3081 4911 debitoriS,
3140 4833 3268 4893 εἰιθ
3312 4833 3374 4891 in

1848 4933 2216 5016 quantitate,
2240 4932 2370 4992 sive
2400 4930 2461 4990 in
2493 4931 2628 4991 loco
2660 4930 2789 4990 sive
2824 4929 2884 4988 in
2915 4934 3218 5007 tempore,
3244 4926 3374 4985 sixe

1848 5027 2064 5089 addita
2092 5026 2447 5087 conditione
2479 5023 2688 5085 debito
2719 5022 3024 5097 absoluto,
3050 5020 3179 5080 sive
3210 5031 3376 5079 com-

1846 5123 2086 5181 mutato
2135 5118 2344 5179 debito
2393 5115 2806 5178 determinato
2854 5115 2918 5175 in
2965 5113 3371 5192 disjunctum,

1846 5215 1977 5276 sive
2024 5229 2419 5292 quacumque
2467 5208 2591 5270 alia
2634 5208 2896 5269 ratione.
2958 5210 3195 5267 Horum
3243 5224 3377 5267 oin-

1847 5307 2020 5368 nium
2050 5303 2357 5383 exempla,
2384 5308 2444 5362 et
2464 5300 2870 5379 intelligentia
2897 5300 3249 5379 aliquarum
3284 5299 3374 5358 le·

1845 5418 1997 5480 gum
2027 5397 2373 5459 difficilium
2393 5395 2594 5456 videri
2615 5398 2875 5472 possunt
2891 5393 3056 5472 apud
3078 5393 3376 5454 Molinam

1846 5492 1969 5553 late
2002 5491 2152 5552 dict.
2185 5490 2344 5568 disp.
2379 5492 2516 5548 54¹.

1925 5583 2137 5647 Tertia
2166 5581 2439 5644 conditio
2470 5585 2564 5644 est
2584 5627 2600 5658 ,
2655 5586 2724 5643 ut
2750 5580 2799 5641 si
2832 5579 3126 5660 obligatio
3154 5578 3377 5660 princi-

3557 1841 3627 1882 sed
3662 1852 3742 1884 non

3499 1894 3550 1937 ιιι
3568 1895 3679 1950 plus.

3561 5582 3601 5642 ὓ
