4263 6376
634 1538 658 1597 1
671 1541 748 1599 79

588 1663 693 1716 Quid
741 1666 776 1708 si

576 1699 793 1773 fideJu'ssor

552 1772 632 1814 hoc
654 1778 813 1825 pacaun

562 1825 583 1868 s
629 1825 638 1835 ⁹
671 1831 761 1868 teu

580 1838 666 1867 aaa

586 1878 725 1921 debsso

765 1840 804 1869 m

726 1892 788 1924 ΓΘ,

880 343 998 403 234

880 518 1156 579 vendere
1186 520 1412 599 pignus
1440 520 1528 580 illi
1555 521 1730 582 alteri
1753 523 2032 584 offerenti
2055 522 2260 603 majus
2279 542 2415 601 pre-

878 609 1070 681 tium;
1108 629 1232 671 non
1264 630 1411 690 ergo
1442 612 1785 691 imponitur
1798 633 2139 693 gravamen
2165 621 2415 677 mutua-

879 702 1060 779 tario,
1096 703 1429 781 obligando
1459 705 1634 764 illum
1657 705 1736 765 ad
1761 707 2161 767 vendendum
2189 708 2416 786 pignus

878 794 996 873 ipsi
1043 795 1332 856 creditori
1369 797 1565 874 pretio
1598 800 1768 876 justo
1800 799 2056 860 arbitrio
2087 800 2416 879 prudentis

878 887 1036 961 viri,
1070 887 1173 966 qui
1218 893 1385 949 certe
1419 909 1538 950 non
1570 891 1975 952 arbitrabitur
2002 894 2273 971 pretium
2302 893 2416 953 mi-

880 997 996 1039 nus
1024 979 1128 1039 illo
1159 981 1326 1058 quod
1357 981 1529 1041 videt
1577 982 1655 1041 de
1692 983 1856 1043 sacto
1903 984 1983 1043 ab
2025 985 2147 1045 alio
2180 985 2408 1046 offerri.

879 1073 1033 1134 Cum
1063 1089 1211 1150 ergo
1232 1073 1484 1134 aliunde
1505 1078 1704 1135 totum
1721 1075 1839 1136 hoc
1860 1076 2185 1137 ordinetur
2214 1078 2413 1137 solum

881 1163 961 1223 ad
991 1165 1484 1244 recuperandam
1517 1173 1747 1228 sortem
1784 1172 1844 1228 et
1874 1186 2013 1228 eam
2043 1187 2415 1229 assecurari-

877 1256 1047 1332 dam,
1085 1276 1210 1318 non
1239 1265 1334 1320 est
1353 1265 1606 1337 pactum
1625 1261 2005 1337 usurarium,
2038 1282 2227 1322 usura
2246 1264 2412 1322 enim

878 1367 1004 1409 non
1036 1354 1130 1410 est
1160 1369 1531 1430 recuperare
1561 1361 1791 1413 sortem
1812 1400 1827 1430 ‚
1879 1355 1988 1414 sed
2034 1356 2260 1416 lucrari
2296 1357 2413 1416 ali-

880 1441 1030 1520 quid
1061 1447 1291 1520 praeter
1319 1444 1512 1506 illam.

959 1535 1292 1595 Dubitatur
1321 1538 1504 1599 tertio
1525 1585 1541 1615 ,
1576 1543 1786 1600 utrum
1812 1540 2239 1617 improbatum
2271 1561 2412 1603 cen—

880 1630 1094 1688 seatur
1129 1633 1380 1705 pactum
1405 1677 1419 1706 ‚
1470 1632 1635 1710 quod
1677 1632 2012 1711 fidejussor
2043 1633 2279 1713 obligat
2309 1636 2413 1696 de·

880 1718 1148 1779 bitorem
1180 1725 1248 1782 ut
1277 1722 1328 1781 si
1357 1722 1521 1784 intra
1549 1725 1739 1784 talem
1771 1728 2105 1787 terminum
2138 1747 2261 1787 non
2291 1730 2414 1789 sol-

879 1816 1006 1887 vat,
1040 1818 1293 1873 maneat
1336 1816 1562 1893 pignus
1611 1822 1780 1878 certo
1831 1819 2038 1898 aliquo
2068 1820 2268 1897 pretio
2296 1821 2413 1881 sibi

879 1905 1249 1967 venditum?
1281 1910 1865 1986 ltespondetMolin.
1893 1913 2038 1974 dict.
2075 1912 2235 1991 disp.
2270 1915 2406 1973 324.

879 1996 941 2056 in
981 1998 1140 2073 fine,
1202 2017 1323 2059 non
1356 2019 1491 2060 esse
1522 2001 2045 2081 improbandum,
2107 2006 2410 2084 quidquid

882 2088 1052 2151 dicat
1081 2092 1336 2152 Covarr.
1373 2093 1482 2152 sed
1527 2094 1732 2174 potius
1762 2098 2099 2175 approbari
2130 2099 2194 2158 in
2223 2099 2263 2159 l.
2299 2099 2408 2159 ult.

884 2182 947 2241 ff.
996 2180 1067 2242 de
1104 2185 1496 2246 contrahenda
1536 2187 1818 2267 emptione
1837 2208 1862 2263 ,·
1902 2191 1954 2249 si
1999 2192 2096 2251 vel
2146 2192 2413 2269 pretium

882 2274 1036 2334 illud
1068 2274 1556 2340 determinatum
1586 2286 1749 2341 esset
1769 2281 2032 2360 justum,
2069 2286 2165 2342 vel
2195 2284 2254 2342 in
2287 2303 2416 2362 poe-

885 2385 1030 2426 nam
1052 2369 1288 2446 justam
1320 2370 1589 2432 debitori
1610 2378 1771 2434 esset
1798 2374 2169 2452 injunctum,
2226 2381 2294 2437 ut
2323 2376 2417 2455 pi-

883 2477 999 2518 nus
1028 2460 1231 2521 viliori
1262 2462 1365 2523 illo
1397 2465 1597 2541 pretio
1630 2470 1794 2526 esset
1821 2468 2168 2543 venditum,
2217 2469 2314 2527 vel
2344 2469 2415 2528 fi-

882 2549 1155 2630 dejussio
1213 2555 1319 2614 tali
1382 2558 1892 2635 compensatione
1949 2559 2138 2638 digna
2194 2563 2356 2620 esset
2396 2582 2408 2621 :

883 2661 1076 2721 quare
1106 2647 1403 2722 supponit
1446 2650 1613 2727 quod
1651 2656 1904 2729 paetum
1935 2652 2163 2714 debeat
2187 2654 2322 2713 fieri
2348 2654 2415 2713 in

881 2734 1018 2814 ipsa
1045 2737 1446 2817 fidejussione
1478 2743 1738 2803 velante
1761 2744 1952 2805 illam.
1991 2747 2068 2806 Et
2088 2751 2254 2807 certe
2272 2765 2415 2807 con-

883 2834 1171 2890 currente
1201 2831 1401 2893 altera
1430 2852 1505 2892 ex
1535 2835 1780 2896 duabus
1809 2837 2274 2899 conditionibus
2302 2858 2410 2917 po-

881 2920 1266 2997 sterioribuS,
1302 2943 1422 2984 non
1456 2927 1702 2989 videtur
1730 2929 1989 2989 dubium
2026 2951 2038 2991 :
2073 2932 2276 3008 prima
2305 2951 2414 2991 au·

882 3017 1009 3074 tem
1040 3014 1310 3077 conditio
1342 3018 1494 3094 sola,
1529 3020 1696 3097 quod
1723 3021 1992 3098 pretium
2024 3021 2084 3081 in
2116 3042 2182 3082 se
2211 3023 2291 3084 sit
2311 3023 2417 3102 ju-

885 3107 1071 3181 stum,
1107 3125 1230 3167 non
1259 3108 1506 3170 videtur
1537 3112 1821 3173 sufficere
1846 3160 1861 3191 ,
1914 3115 2055 3195 quia
2086 3114 2418 3194 fidejussor

886 3216 999 3276 pro
1029 3200 1335 3262 solutione
1367 3205 1757 3267 antecedenti
1789 3226 1827 3267 a
1856 3227 1920 3267 se
1949 3208 2085 3270 loco
2118 3209 2417 3270 debitoris

882 3290 1197 3369 facienda,
1233 3312 1371 3373 quae
1405 3302 1498 3358 est
1526 3303 1812 3360 mutuum
1843 3300 2108 3361 virtuale
2134 3349 2148 3378 ‚
2185 3302 2419 3380 obliga-

887 3387 982 3444 ret
1011 3384 1162 3445 illud
1215 3388 1312 3447 ad*
1335 3391 1734 3451 vendendum
1782 3392 1899 3452 sibi
1945 3395 2174 3473 pignus
2220 3396 2418 3473 pretio

886 3475 1323 3556 determinato,
1358 3483 1526 3559 quod
1557 3483 1804 3544 videtur
1832 3504 1966 3545 esse
1984 3491 2236 3564 pactum
2265 3488 2420 3563 legis

887 3571 1330 3632 commissoriae
1352 3573 1600 3652 juribus
1630 3595 1821 3654 supra
1849 3578 2030 3638 dictis
2059 3579 2414 3657 probatum.

884 3663 1204 3743 Multoque
1234 3666 1438 3726 minus
1466 3668 1812 3745 sufficeret,
1862 3671 1914 3729 si
1942 3673 2215 3748 pretium
2244 3678 2417 3733 taxa-

885 3759 1018 3815 tum
1049 3761 1212 3817 esset
1227 3757 1489 3837 justum,
1525 3761 1633 3819 sed
1664 3762 1948 3821 infimum
1977 3768 2038 3824 et
2063 3764 2269 3824 minus
2299 3766 2419 3826 alio

886 3848 1055 3926 quod
1087 3849 1334 3910 debitor
1362 3857 1573 3929 posset
1599 3872 1710 3932 pro
1741 3855 2003 3932 pignore
2051 3855 2111 3915 in
2157 3857 2273 3917 illis
2302 3858 2424 3918 cir-

886 3942 1277 4002 cumstantiis
1307 3943 1608 4006 invenire.
1673 3949 1759 4006 De
1797 3946 1935 4025 lege
1974 3954 2185 4008 autem
2216 3950 2318 4009 illa
2347 3950 2422 4010 fi-

887 4032 1010 4090 nali
1044 4052 1165 4093 non
1217 4041 1311 4096 est
1357 4037 1623 4098 multum
1670 4040 2178 4102 contendendum
2202 4089 2216 4117 ,
2278 4060 2419 4102 cum

884 4130 1139 4204 pactum
1159 4127 1353 4187 hocin
1374 4130 1635 4208 pignore
1665 4130 1925 4192 fortasse
1956 4138 2099 4194 ante
2121 4136 2421 4194 Constan-

887 4217 1091 4278 tinum
1123 4219 1507 4296 prohibitum
1536 4221 1778 4300 legibus
1808 4243 1931 4285 non
1964 4226 2183 4300 fuerit,
2242 4232 2312 4288 ut
2340 4226 2423 4286 si-

887 4310 1220 4389 gnificatur
1247 4313 1310 4372 in
1341 4314 1507 4376 dicta
1534 4315 1655 4394 leg.
1692 4318 1860 4378 finali
1892 4368 1906 4394 ,
1956 4320 2108 4381 Cod.
2142 4318 2210 4379 de
2232 4320 2422 4400 pactis

881 4404 1196 4485 piqnorum
1249 4426 1273 4466 .·
1328 4425 1474 4467 nam
1521 4409 1584 4468 in
1630 4409 1752 4488 leg.
1807 4427 1850 4471 1.
1905 4411 2191 4491 ejusdem
2233 4413 2416 4490 tituli,

889 4516 1015 4558 non
1044 4499 1293 4561 videtur
1336 4519 1541 4561 sermo
1586 4520 1719 4562 esse
1750 4503 1827 4564 de
1857 4509 2041 4583 pacto
2072 4505 2229 4583 legis
2258 4524 2423 4566 coiu-

888 4591 1212 4669 missoriae,
1248 4597 1315 4653 ut
1343 4595 1583 4656 notavit
1608 4595 1816 4674 glossa
1847 4598 1933 4658 ibi
1965 4599 2142 4658 verbi
2172 4598 2423 4659 credito-

888 4682 1069 4745 ribus.

2037 349 2138 407 DE
2181 349 2534 409 JUSTITIA
2579 350 2679 410 ΕΤ
2721 350 2919 413 JUllE

2961 846 3380 930 storto
3472 851 3582 933 lx.

2518 1149 2762 1223 Utrum,
2814 1159 2869 1211 et
2895 1150 3125 1231 quando
3154 1170 3228 1212 ez·
3269 1161 3572 1212 contractu
3600 1154 3859 1213 usurario
3880 1154 3988 1214 bom

2589 1255 2707 1336 fide
2729 1256 2889 1335 sacto
2896 1255 3085 1337 possit
3106 1256 3328 1317 lucrum
3355 1258 3618 1335 retinem',
3644 1257 3801 1338 quod
3818 1278 3990 1319 amn—

2593 1370 2785 1421 tractu
2809 1362 2968 1442 justo
2995 1361 3200 1423 haberi
3209 1362 3513 1444 potuisset.

2592 1630 2678 1687 De
2712 1627 2830 1688 hoc
2858 1629 3106 1688 Lessius
3153 1628 3319 1689 dicto
3351 1629 3540 1707 capit.
3577 1631 3707 1690 XX.
3745 1628 3878 1688 dub.
3904 1644 3986 1687 111.

2511 1719 2619 1780 ubi
2649 1722 2834 1781 tacito
2867 1722 3115 1780 nomine
3145 1722 3337 1782 refert
3362 1723 3529 1781 viros
3560 1723 3799 1801 aliquos
3824 1720 3991 1781 doctos

2512 1812 2849 1873 sentientes
2895 1813 2958 1872 id
2987 1833 3169 1892 posse
3214 1815 3345 1873 ficri
3373 1861 3388 1890 ,
3441 1834 3631 1892 quam
3674 1814 3992 1874 seutentiam
4050 1772 4136 1869 affl

2514 1905 2643 1984 ipse
2675 1905 2826 1965 dicit
2855 1924 2977 1965 non
3009 1906 3206 1965 videri
3249 1906 3701 1984 impossibilem
3731 1905 3793 1963 in
3818 1905 3993 1984 aliqui-

2514 1998 2629 2057 bus
2659 1998 2927 2057 casibuS.
2990 1998 3199 2058 Primo
3224 2045 3239 2073 ,
3274 1999 3325 2057 si
3355 1999 3736 2059 contrahens
3764 1997 3995 2058 intendat

2512 2090 2740 2151 lucrari
2774 2090 2945 2150 omni
2975 2090 3153 2151 titulo
3186 2109 3307 2170 quo
3338 2097 3579 2169 potest;
3606 2096 3755 2151 tunc
3799 2092 3935 2150 enim
3960 2090 3995 2149 si

2515 2182 2753 2243 ratione
2782 2183 2939 2242 lucri
2969 2184 3291 2258 cessantis,
3318 2184 3414 2242 vel
3435 2183 3723 2243 faciendo
3754 2188 3868 2243 tres
3889 2201 3997 2242 con-

2513 2279 2750 2335 tractus
2774 2321 2788 2350 ,
2842 2276 3092 2354 quando
3137 2295 3328 2335 unum
3359 2276 3562 2335 solum
3594 2277 3741 2336 facit
3768 2276 3914 2335 circa
3935 2276 3998 2333 lu·

2515 2386 2690 2427 crum
2723 2414 2737 2443 ‚
2784 2371 3030 2445 poterat
3058 2368 3451 2428 tantumdem
3479 2368 3709 2427 lucrari
3741 2416 3756 2442 ,
3806 2366 3997 2428 etiamsi

2511 2458 2588 2519 de
2617 2460 2720 2520 illo
2751 2460 2935 2519 modo
2968 2460 3255 2538 explicite
3287 2479 3409 2521 non
3441 2460 3830 2538 cogitaverit,
3863 2466 3999 2538 pote·

2513 2551 2595 2613 rit
2616 2552 2677 2611 id
2698 2552 2984 2614 retinere.
3021 2554 3140 2613 Pro
3159 2571 3281 2631 quo
3303 2554 3484 2612 affert
3506 2554 3847 2612 Valentiam
3866 2551 3992 2627 disp.

2514 2647 2587 2706 V.
2624 2664 2727 2723 qu.
2762 2662 2905 2705 xxv.
2940 2650 3151 2722 punct.
3188 2649 3243 2705 2.
3278 2646 3448 2704 idem
3477 2652 3876 2705 asserentem.
3920 2645 4003 2703 Se-

2515 2737 2742 2812 cund0,
2775 2736 2823 2796 si
2857 2737 3138 2798 intendat
3166 2738 3450 2817 accipere
3481 2738 3727 2797 lucrum
3745 2757 3815 2797 eo
3833 2737 4001 2807 modo,

2515 2847 2637 2909 quo
2669 2829 2993 2889 consuevit
3018 2848 3057 2889 a
3098 2830 3556 2891 mercatoribus
3585 2830 3801 2909 accipi,
3832 2829 3920 2908 qui
3942 2830 4002 2889 ti-

2514 2922 2680 2984 tulus
2708 2939 2928 2981 revera
2970 2922 3032 2981 in
3081 2922 3217 3001 ipso
3246 2923 3565 2983 invenitur
3596 2927 3662 2984 et
3682 2925 3877 3002 justus
3902 2928 4000 2990 est;

2513 3014 2612 3074 vel
2640 3015 2692 3074 si
2719 3014 2915 3090 initio,
2950 3017 3200 3094 quando
3221 3034 3287 3076 se
3312 3017 3615 3095 applicuit
3634 3018 3716 3075 ad
3736 3016 4005 3093 negotian-

2514 3106 2686 3182 dum,
2721 3106 2939 3169 habuit
2967 3109 3136 3169 illam
3167 3110 3549 3171 voluntatem
3578 3110 3934 3188 generalem,
3958 3107 4003 3164 in

2516 3202 2621 3264 tali
2652 3203 2902 3279 negotio
2931 3203 3218 3262 lucrandi
3248 3203 3415 3263 omni
3461 3204 3640 3264 titulo
3680 3222 3798 3282 quo
3820 3206 4003 3280 potest,

2518 3313 2595 3356 ex
2624 3313 2748 3373 qua
2778 3296 3092 3358 voluntate
3124 3296 3320 3356 oritur
3348 3295 3449 3357 hic
3478 3301 3851 3357 contractus.
3882 3297 4005 3354 Nam

2516 3387 2662 3448 licet
2681 3393 2917 3466 postea,
2954 3389 3205 3467 quando
3233 3389 3341 3449 dat
3371 3390 3706 3467 pecuniam
3732 3436 3746 3464 ,
3794 3407 3904 3448 nou
3929 3405 4008 3446 co·

2519 3480 2678 3556 gitet
2697 3480 2773 3539 de
2806 3480 2914 3541 tali
2943 3481 3157 3552 titulo;
3212 3482 3460 3541 videtur
3506 3487 3723 3542 tamen
3767 3482 4006 3540 voluntas

2518 3573 2624 3633 illa
2653 3573 2880 3635 virtute
2911 3592 3164 3634 manere
3185 3621 3199 3650 ‚
3247 3580 3310 3635 et
3356 3593 3427 3633 ex
3472 3575 3580 3635 illa
3609 3571 4009 3634 cousuetudine

2519 3666 2911 3727 contrahere.
2946 3667 3179 3742 TertiO,
3214 3672 3277 3728 et
3304 3667 3507 3744 magis
3537 3666 3931 3745 generaliter,
3970 3663 4010 3721 si

2520 3758 2752 3822 habeat
2780 3760 3058 3820 animum
3087 3759 3374 3821 lucrandi
3398 3759 3573 3837 justo
3616 3759 3801 3818 modo
3836 3763 3889 3817 et
3912 3773 4010 3815 non

2520 3852 2699 3913 aliter
2733 3872 2746 3913 :
2780 3852 3065 3932 quamvis
3081 3851 3534 3912 consulendum
3556 3855 3658 3928 sit,
3687 3857 3751 3912 ut
3768 3849 4009 3929 explicite

2519 3945 2688 4006 dicat
2713 3964 2779 4006 se
2807 3945 2965 4005 velle
2995 3944 3161 4005 omni
3193 3943 3359 4004 licito
3388 3943 3579 4003 modo
3607 3944 3826 4003 lucrari
3850 3988 3866 4016 ,
3896 3957 4011 4000 nam

2518 4038 2621 4097 illa
2651 4038 2773 4098 alia
2803 4037 3087 4098 voluntas
3130 4037 3378 4097 videtur
3423 4036 3629 4096 solum
3676 4034 3933 4095 virtualis
3966 4037 4013 4090 et

2519 4131 2964 4206 conditionata,
3002 4134 3308 4209 quatenus
3336 4129 3386 4188 si
3419 4129 3916 4206 interrogaretur,
3944 4125 4010 4184 ita

2517 4225 2725 4300 vellet,
2748 4242 2860 4283 nec
2878 4223 3124 4283 videtur
3145 4223 3205 4282 in
3227 4227 3443 4283 mutuo
3454 4222 3704 4281 formali
3719 4219 4007 4281 sufficiens,

2519 4318 2667 4376 Hoec
2695 4316 2963 4377 Lessius.
3370 4329 3373 4330 ’

2598 4411 2717 4471 Alii
2747 4410 2947 4487 magis
2965 4410 3341 4488 generaliter
3359 4409 3736 4469 sententiam
3763 4407 3913 4466 illam
3927 4421 4010 4479 ap-

2519 4504 2785 4581 probare
2816 4503 3108 4563 videntur
3141 4522 3154 4563 :
3187 4501 3564 4580 generaliter
3592 4501 3759 4561 enim
3787 4516 3911 4559 eam
3935 4495 4007 4553 vi·

2520 4598 2704 4657 detur
2731 4601 2945 4657 tenere
2975 4597 3262 4655 Emman.
3299 4597 3380 4655 Sa
3409 4594 3587 4656 verb.
3622 4613 3794 4653 usura
3815 4639 3829 4667 ,
3862 4606 4007 4649 num.

2517 4695 2575 4752 8.
2611 4690 2708 4750 his
2737 4690 2943 4749 verbis
2978 4710 2990 4750 :
3036 4712 3063 4746 «
3098 4689 3211 4761 Qui
3244 4688 3391 4748 fecit
3416 4693 3801 4748 contractum
3826 4699 4009 4743 usura·
4053 4705 4075 4732 v

2518 4782 2702 4857 rium,
2736 4783 2899 4842 bona
2930 4782 3052 4842 tide
3094 4781 3355 4841 credens
3382 4780 3641 4859 justum,
3692 4780 3879 4857 potest
3902 4781 4012 4833 tan·

2517 4882 2652 4938 tum
2697 4875 2853 4936 lucri
2901 4876 3170 4936 retinere
3198 4919 3215 4949 ,
3275 4877 3578 4951 quantum
3628 4868 4011 4951 acquisivisset

2518 4969 2792 5048 alioquin
2823 4986 2936 5047 per
2966 4970 3357 5028 contractum
3386 4966 3647 5026 licitum.
3683 4988 3708 5018 n.
3748 4963 3902 5024 Idem
3928 4958 4012 5017 do·

2519 5066 2618 5123 cet
2644 5064 2970 5122 'rannerus
3000 5061 3060 5119 in
3093 5065 3151 5121 2.
3187 5063 3245 5122 2.
3279 5059 3437 5136 disp.
3474 5060 3578 5118 1v.
3617 5077 3722 5137 qu.
3757 5072 3853 5116 vn.
3885 5050 4009 5111 duh.

2518 5157 2578 5215 3.
2614 5172 2785 5215 num.
2818 5158 2916 5215 99.
2952 5171 3141 5231 quam
3171 5152 3542 5213 sententiam
3589 5149 3879 5229 approbat
3903 5144 4013 5204 Dia·

2519 5267 2602 5307 na
2634 5265 2675 5308 1.
2712 5252 2880 5308 tomo
2910 5249 3091 5306 tract.
3125 5244 3192 5306 de
3221 5243 3612 5305 contractibus
3649 5241 3822 5303 resol.
3848 5243 3937 5299 «Π.
3965 5241 4013 5294 el

2518 5345 2578 5402 2.
2612 5345 2763 5401 tom.
2797 5342 2979 5401 tract.
3018 5356 3077 5400 v.
3113 5337 3351 5398 miscell.
3388 5338 3574 5397 resol.
3607 5340 3706 5398 92.

2604 5434 2833 5494 Probat
2871 5439 3087 5493 autem
3112 5435 3437 5492 Tannerus
3485 5431 3722 5509 prime,
3778 5426 3908 5506 quia
3952 5439 4009 5478 eo

2521 5527 2679 5608 ipso,
2714 5525 2881 5605 quod
2920 5525 3085 5585 bona
3132 5524 3253 5585 fide
3301 5524 3364 5584 in
3412 5524 3682 5602 gratiam
3711 5515 4008 5581 mutuantis

4080 1646 4134 1707 {a

4071 4533 4138 4740 {tr}
