4263 6376
37 824 126 883 99

16 948 172 999 ntur.
220 953 268 992 d

16 982 269 1107 raia

16 1109 267 1165 ‘Ulm-

65 2595 184 2654 100

1285 243 1756 323 msr'n'rA'rto
1797 259 2014 337 xxm,

307 441 426 504 sed
454 440 681 502 eodem
707 438 922 500 modo
917 456 1057 519 quo
1084 437 1425 519 promissor
1446 437 1668 499 leviter
1695 437 1853 498 obli-

309 539 501 615 gatur
527 553 606 595 ex
631 533 756 594 fide
784 533 964 605 data,
1019 532 1108 592 sic
1150 531 1339 593 etiam
1386 533 1523 611 ejus
1568 530 1852 591 haeredes

311 628 541 689 eodem
564 626 751 687 modo
771 626 995 686 leviter
1010 624 1366 704 obligantur
1392 628 1648 704 propter
1664 622 1855 683 fidem

314 738 357 780 a
383 719 681 780 defuncto
711 718 1214 800 oppignoratam.

400 811 727 885 Quomodo
755 818 971 872 autem
1003 811 1204 871 baeres
1252 810 1361 890 qui
1390 828 1516 872 non
1546 807 1853 888 promisit,

315 920 437 965 nec
464 903 655 965 fidem
686 904 881 979 dedit,
912 903 1111 982 possit
1128 921 1204 962 ex
1230 903 1529 964 fidelitate
1559 901 1854 980 obligari:

317 996 516 1077 aliqui
569 995 882 1075 explicant
933 995 1231 1072 dicendo,
1281 995 1346 1056 id
1401 994 1731 1073 provenire
1785 1012 1860 1054 ex

318 1090 598 1170 quodam
644 1088 818 1170 quasi
866 1093 1193 1150 contractu
1232 1088 1395 1149 inter
1440 1087 1758 1148 haeredem
1800 1088 1865 1146 et

259 1182 718 1257 mdefunctum
751 1186 1061 1261 quatenus
1090 1181 1290 1242 haeres
1316 1179 1703 1258 acceptando
1733 1179 1863 1239 hae-

318 1275 655 1337 reditatem
685 1274 922 1353 obligat
944 1293 1010 1333 se
1038 1273 1224 1335 tacite
1253 1272 1337 1333 ad
1363 1272 1690 1333 subeunda
1719 1289 1855 1332 om-

320 1370 429 1430 m‘a
483 1387 676 1430 onera
722 1371 787 1428 et
838 1366 1251 1446 obligationes
1302 1366 1503 1426 reales
1558 1364 1857 1440 defuncti,

317 1461 502 1541 cujus
520 1477 855 1539 personam
883 1462 1313 1537 repraesentat.
1346 1461 1478 1519 Hoc
1503 1463 1716 1519 tamen
1745 1456 1865 1516 dif-

317 1554 487 1615 ficile
503 1557 618 1629 est,
641 1551 788 1631 quia
814 1556 1181 1631 sequeretur
1208 1550 1524 1611 haeredem
1553 1568 1678 1611 non
1706 1549 1865 1610 obli—

315 1646 460 1725 gari
489 1645 616 1706 ullo
647 1644 836 1706 modo
867 1644 1056 1704 etiam
1084 1644 1163 1703 ad
1192 1647 1340 1704 vota
1367 1643 1561 1703 realia
1588 1641 1864 1703 defuncti

317 1743 535 1814 certa,
580 1737 833 1816 quando
875 1736 1097 1797 saltem
1145 1736 1208 1795 in
1237 1740 1441 1797 morte
1469 1738 1733 1797 testator
1760 1753 1864 1794 ex-

319 1850 538 1911 presse
560 1830 837 1904 dixisset,
871 1846 937 1889 se
967 1829 1130 1889 nolle
1159 1828 1477 1888 hoeredem
1504 1846 1689 1888 suum
1717 1827 1867 1887 obli·

318 1942 478 2003 gare
502 1923 583 1983 ad
613 1939 688 1983 ea
707 1925 853 1982 vota
879 1925 990 1982 aut
1015 1938 1092 1981 ea
1140 1920 1305 1981 facta
1348 1920 1651 1980 solvenda
1685 1938 1698 1979 ε
1735 1938 1860 1980 non

317 2021 534 2096 potest
559 2016 726 2076 enim
742 2031 817 2074 ex
833 2012 1011 2092 quasi
1039 2018 1366 2073 contractu
1396 2031 1539 2074 cum
1569 2012 1863 2073 defuncto

321 2108 616 2187 obligari,
648 2106 900 2186 quando
920 2108 1178 2167 testator
1206 2124 1495 2185 expresse
1523 2105 1714 2166 nollet
1741 2105 1866 2165 hae-

319 2201 545 2262 redem
573 2200 652 2260 ad
682 2218 759 2260 ea
784 2217 977 2260 onera
1003 2198 1270 2277 obligari
1301 2217 1316 2259 :
1350 2202 1414 2259 et
1438 2203 1648 2259 tamen
1676 2198 1865 2259 etiam

321 2311 404 2355 eo
435 2310 586 2353 casu
606 2292 803 2353 teneri
822 2290 1141 2351 haeredem
1157 2290 1237 2350 ad
1260 2308 1333 2350 ea
1346 2295 1493 2351 vota
1522 2289 1860 2368 implenda,

325 2386 520 2447 docet
545 2404 690 2446 cum
717 2384 856 2445 aliis
885 2381 1167 2446 Sancbez
1188 2383 1297 2443 ubi
1321 2401 1531 2462 supra,
1564 2401 1680 2444 nec
1709 2383 1866 2444 Sua-

323 2496 435 2539 rez
464 2479 600 2539 loco
621 2479 811 2539 citato
843 2475 1034 2537 audet
1057 2475 1123 2536 id
1151 2492 1405 2554 negare.

413 2570 682 2631 Facilius
710 2588 861 2649 ergo
890 2567 1150 2643 dicitur,
1197 2567 1514 2628 haeredem
1549 2567 1692 2647 jure
1728 2567 1865 2646 ipso

327 2663 601 2742 obligari
629 2663 709 2724 ad
731 2662 942 2723 omnia
969 2677 1162 2722 onera
1194 2660 1388 2720 realia
1419 2660 1716 2737 defuncti,
1748 2661 1869 2722 sci-

326 2757 482 2817 licet
516 2756 656 2832 illa,
707 2774 850 2834 quae
895 2756 1163 2832 tangunt
1206 2757 1268 2814 et
1311 2752 1591 2814 afficiunt
1633 2753 1869 2833 aliquo-

327 2848 525 2909 modo
555 2867 656 2908 res
683 2846 996 2922 defuncti,
1048 2863 1187 2925 quae
1225 2846 1306 2906 ad
1360 2845 1676 2906 haeredem
1704 2851 1869 2908 tran-

327 2946 541 3002 seunt.
589 2941 899 3019 Obligatio
929 2943 1141 2999 autem
1177 2938 1281 2998 illa
1329 2957 1402 2999 ex
1432 2939 1864 3017 promissione,

327 3034 485 3094 licet
511 3051 632 3094 non
663 3032 744 3094 sit
770 3051 846 3092 ex
866 3031 1128 3111 justitia,
1148 3031 1339 3092 afficit
1356 3036 1568 3093 tamen
1586 3050 1687 3093 res
1701 3032 1869 3111 ipsas

330 3124 636 3202 defuncti,
670 3142 811 3205 quae
840 3123 1160 3203 promissae
1187 3123 1471 3202 fuerant,
1511 3129 1573 3186 et
1617 3142 1742 3185 non
1770 3143 1872 3186 so-

327 3219 469 3279 lnm
512 3217 646 3298 ejus
674 3235 1027 3297 personam.
1078 3219 1196 3277 Pro
1239 3235 1365 3297 quo
1411 3216 1869 3279 advertendum

330 3315 466 3388 est,
513 3329 614 3372 res
652 3314 897 3373 nostras
925 3309 1259 3388 dupliciter
1285 3327 1467 3388 posse
1499 3309 1761 3387 obligari
1809 3313 1874 3372 et

329 3404 608 3483 gravari,
641 3422 866 3482 nempe
895 3403 1131 3463 directe
1146 3401 1243 3462 vel
1271 3401 1594 3464 indirecte.
1629 3402 1872 3464 Directe

331 3497 716 3576 obligantur,
736 3496 986 3575 quando
1016 3495 1204 3556 datur
1224 3493 1328 3574 jus
1355 3494 1419 3554 in
1449 3514 1540 3571 re,
1573 3499 1640 3556 ut
1664 3496 1735 3556 fit
1762 3514 1876 3575 per

330 3590 763 3662 donationem,
810 3587 1236 3650 venditionem
1281 3587 1643 3665 perfectam,
1694 3588 1872 3667 oppi-

332 3684 810 3762 gnerationem‚
844 3680 1207 3741 servitutem
1227 3725 1243 3756 ,
1291 3683 1353 3741 et
1379 3678 1605 3740 similia
1632 3697 1705 3740 ex
1737 3680 1876 3759 qui-

332 3776 455 3836 bus
483 3775 683 3837 oritur
701 3773 807 3854 jus
834 3772 1265 3832 immediatum
1293 3771 1358 3831 in
1389 3790 1457 3831 re
1486 3770 1622 3851 ipsa
1652 3790 1668 3836 :
1712 3772 1876 3832 indi-

331 3873 505 3930 recte
533 3885 683 3927 vcro
714 3866 1104 3943 obligantur,
1148 3863 1400 3943 quando
1443 3864 1647 3925 solum
1690 3865 1875 3926 datur

331 3961 498 4022 actio
528 3959 894 4040 personam,
929 3961 1000 4017 ut
1026 3975 1140 4035 per
1169 3956 1644 4035 promissionem
1674 3975 1745 4017 ex
1770 3956 1873 4037 ju-

330 4055 536 4130 stitia,
572 4071 700 4133 qua
731 4050 955 4130 aliquis
983 4069 1050 4110 se
1079 4050 1315 4128 obligat
1341 4049 1423 4109 ad
1453 4048 1688 4129 aliquid
1718 4050 1874 4110 dan-

332 4148 510 4220 dum,
546 4162 688 4225 quae
718 4144 1015 4222 obligatio
1045 4141 1406 4204 immediate
1436 4148 1498 4203 et
1524 4142 1761 4204 directe
1785 4143 1873 4204 af·

239 4323 242 4324 7
329 4241 463 4302 ficit
488 4255 828 4319 personam
849 4254 987 4315 quae
1017 4254 1083 4297 se
1104 4234 1342 4313 obligat
1375 4254 1390 4295 ε
1422 4240 1875 4316 consequenter

332 4338 549 4395 tamen
572 4378 589 4408 ,
622 4336 687 4392 et
711 4329 1017 4390 indirecte
1057 4327 1294 4405 obligat
1333 4345 1432 4387 res
1478 4328 1684 4406 ipsas,
1734 4347 1873 4408 quae

332 4425 664 4506 promissae
692 4425 876 4483 sunt:
908 4425 972 4482 et
997 4421 1236 4482 utrovis
1263 4419 1452 4481 modo
1469 4438 1570 4481 res
1598 4420 1873 4500 obligen-

331 4527 471 4594 tur,
521 4515 751 4578 transit
797 4512 1094 4591 obligatio
1137 4512 1244 4572 illa
1277 4512 1358 4572 ad
1400 4511 1685 4572 haeredes
1729 4530 1873 4573 cum

333 4612 526 4672 rebus
555 4608 729 4686 ἰῑιείε,
762 4605 870 4685 qui
899 4623 973 4665 eo
1006 4604 1140 4683 ipso
1188 4603 1357 4683 quod
1402 4622 1736 4682 personam
1764 4605 1874 4665 de-

333 4703 534 4765 functi
571 4701 1022 4779 repraesentant
1049 4697 1214 4757 circa
1241 4714 1342 4756 res
1370 4695 1526 4772 illas,
1560 4697 1876 4776 accipiunt

335 4797 474 4857 illas
515 4811 664 4854 cum
689 4791 925 4852 eisdem
954 4788 1247 4864 oneribus
1275 4791 1339 4849 et
1366 4787 1868 4867 obligationibuS‚

336 4888 569 4968 quibus
604 4903 705 4946 res
751 4883 869 4944 illae
916 4881 1083 4961 apud
1129 4880 1493 4941 defunctum
1520 4880 1875 4944 afficieban-

353 5111 360 5117 -
440 5079 580 5151 Quo
650 5067 970 5149 supposito
1001 5112 1018 5145 ,
1093 5066 1361 5128 dicimus
1428 5066 1875 5145 obligationem

337 5169 530 5230 etiam
560 5184 639 5226 ex
664 5163 962 5224 fidelitate
989 5159 1254 5222 transire
1297 5158 1525 5220 debere
1554 5158 1697 5238 jure
1738 5161 1874 5239 ipso

341 5261 420 5321 ad
451 5256 760 5331 haeredes,
806 5255 953 5334 quia
996 5252 1143 5313 licet
1180 5269 1306 5313 non
1347 5251 1427 5312 sit
1471 5250 1768 5331 obligatio
1798 5270 1876 5314 ex

333 5353 578 5435 justitia
602 5399 616 5427 ,
668 5353 763 5410 est
787 5353 998 5409 tamen
1039 5343 1328 5424 aliqualis
1357 5342 1689 5424 obligatio,
1734 5363 1876 5423 quae

342 5465 443 5508 res
459 5447 629 5526 ipsas
654 5441 992 5523 promissas
1011 5438 1311 5500 indirecte
1333 5439 1397 5498 et
1423 5443 1878 5518 consequenter

2063 260 2339 322 SECTIO
2383 261 2486 323 vl.
3417 269 3492 328 15

1954 433 2165 515 aliquo
2192 435 2381 497 modo
2408 435 2744 500 afficiebat.
2795 440 2931 500 Non
2959 444 3168 520 potest
3192 443 3359 503 enim
3380 445 3496 505 ali-

1955 529 2096 607 quis
2124 528 2388 607 obligari
2420 530 2578 591 circa
2605 549 2739 592 rem
2769 532 3064 611 aliquam,
3099 537 3246 614 quin
3278 554 3498 598 consc-

1959 626 2225 698 quenter
2270 640 2371 681 res
2398 621 2535 701 ipsa
2575 624 2786 704 aliquo
2827 626 3014 686 modo
3063 628 3339 708 obligata
3367 648 3495 689 ma·

1958 719 2135 785 neat;
2188 731 2331 775 cum
2360 715 2514 775 nihil
2542 716 2713 776 aliud
2742 718 2824 778 sit
2850 737 2985 779 rem
3013 720 3317 783 indirecte
3347 723 3496 783 obli·

1958 805 2131 884 gari,
2184 805 2298 866 nisi
2330 825 2666 886 personam
2695 810 3038 889 obligatam
3068 831 3203 873 esse
3251 813 3332 875 ad
3362 832 3498 874 rem

1959 898 2129 958 illam
2160 898 2435 959 dandam
2461 919 2474 961 :
2509 919 2582 961 eo
2604 901 2771 962 enim
2799 903 2934 981 ipso
2957 922 3058 965 res
3079 905 3268 967 etiam
3299 906 3495 968 deno·-

1961 990 2237 1051 minatur
2276 994 2617 1070 promissa,
2665 1012 2775 1054 seu
2817 995 3091 1076 obligata
3138 999 3383 1077 passive
3429 1003 3501 1062 ut

1962 1083 2147 1144 detur
2179 1104 2192 1144 ε
2228 1102 2378 1162 ergo
2413 1084 2574 1146 sicut
2601 1087 2852 1165 quando
2884 1106 3154 1167 persona
3183 1091 3501 1170 obligatur

1963 1192 2037 1234 ex
2059 1174 2305 1254 justitia
2332 1177 2413 1236 ad
2439 1194 2575 1238 rem
2602 1178 2900 1257 dandam,
2938 1200 3037 1242 res
3061 1183 3197 1261 ipsa
3221 1184 3499 1262 obligata

1963 1267 2193 1328 dicitur
2220 1273 2699 1349 consequenter,
2752 1272 2898 1352 quia
2928 1278 3022 1334 est
3064 1274 3378 1354 objectum
3430 1276 3501 1337 il-

1959 1359 2081 1422 lius
2107 1360 2505 1440 obligationis
2531 1366 2896 1443 personalia,
2932 1371 3118 1447 atque
3147 1369 3305 1430 adeo
3333 1374 3500 1431 tran-

1962 1453 2043 1514 sit
2074 1455 2349 1515 cumillo
2381 1473 2571 1516 onere
2599 1457 2681 1516 ad
2729 1457 3046 1520 haeredem
3105 1481 3118 1522 ε
3177 1461 3267 1523 sic
3311 1462 3500 1523 etiam

1964 1546 2217 1624 quando
2273 1565 2544 1625 persona
2589 1550 2906 1628 obligatur
2954 1570 3028 1612 ex
3073 1553 3373 1616 fidelitate
3418 1555 3500 1616 ad

1963 1638 2198 1717 aliquid
2227 1638 2528 1717 dandum,
2561 1660 2663 1702 res
2684 1642 2821 1722 ipsa
2856 1652 3316 1725 consequenter
3345 1647 3500 1710 obli-

1962 1736 2111 1809 gata
2156 1735 2369 1792 manet
2406 1750 2482 1792 ex
2510 1734 2810 1796 fidelitate
2834 1782 2849 1812 ,
2884 1737 3030 1815 quia
3059 1744 3154 1800 est
3181 1740 3501 1819 objectum

1961 1823 2125 1884 illius
2147 1824 2544 1902 obligationis
2563 1828 2929 1905 personalis,
2947 1834 3134 1910 atque
3157 1832 3313 1894 adeo
3331 1837 3500 1895 tran·

1963 1914 2083 1976 sire
2121 1917 2480 1978 debetcum
2510 1919 2734 1979 eodem
2772 1939 2983 1999 onere,
3021 1928 3085 1984 et
3113 1925 3495 2003 obligatione

1962 2026 2040 2069 ex
2065 2008 2365 2071 fidelitate
2394 2011 2476 2072 ad
2506 2010 2854 2086 haeredem,
2891 2015 2995 2093 qui
3023 2035 3358 2095 personam
3387 2019 3500 2079 de-

1961 2100 2162 2162 functi
2200 2109 2611 2180 repraesentat
2656 2104 2718 2164 in
2750 2107 3042 2169 omnibus
3069 2110 3236 2171 cir0a
3262 2129 3398 2171 rem
3425 2111 3502 2171 il-

1961 2193 2087 2253 lam
2106 2239 2123 2269 ,
2181 2212 2297 2254 nec
2325 2200 2531 2274 potest
2555 2201 2815 2258 testator
2860 2197 3178 2262 haeredem
3206 2221 3390 2264 suum
3419 2204 3499 2264 ab

1963 2284 2084 2347 hoc
2112 2303 2323 2364 onere,
2359 2288 2526 2367 quod
2549 2287 2692 2368 jure
2711 2289 2845 2367 ipso
2870 2291 3074 2355 inerat
3099 2294 3389 2358 liberare.

2027 2380 2217 2440 Porro
2246 2380 2532 2441 eamdem
2547 2400 2682 2442 esse
2709 2385 3017 2445 rationem
3045 2388 3256 2466 quoad
3277 2389 3398 2450 hoc
3419 2389 3497 2451 de

1961 2472 2340 2551 obligatione
2359 2490 2434 2533 ex
2447 2474 2765 2552 fidelitate,
2790 2477 2935 2539 licet
2953 2497 3078 2540 non
3108 2480 3191 2541 sit
3217 2500 3292 2541 ex
3314 2481 3496 2561 justi·

1961 2565 2070 2640 tia,
2092 2564 2346 2643 probari
2374 2570 2599 2644 potest,
2629 2568 2774 2647 quia
2801 2569 2966 2630 filius
2995 2590 3116 2632 non
3148 2577 3400 2635 tenetur
3422 2593 3495 2636 ex

1963 2655 2480 2736 propriajustitia
2502 2658 2583 2718 ad
2613 2660 2907 2722 alimenta
2946 2664 3298 2727 exhibenda
3335 2668 3501 2745 patri

1963 2749 2306 2828 indigenti,
2363 2750 2473 2810 sed
2503 2769 2579 2811 ex
2607 2751 2839 2831 pietate
2864 2800 2880 2830 ,
2914 2760 2983 2817 ut
3012 2775 3154 2817 cum
3184 2760 3501 2822 communi

1965 2841 2236 2902 diximus
2273 2860 2465 2920 supra
2503 2842 2733 2921 disput.
2766 2847 2813 2906 1.
2861 2852 3011 2910 sect.
3059 2865 3128 2911 11.
3182 2856 3245 2912 et
3287 2856 3500 2914 tamen

1966 2933 2217 3013 quando
2246 2932 2409 2994 filius
2423 2934 2506 2994 ad
2525 2935 2589 2995 id
2610 2936 2945 3015 obligatur,
2971 2942 3283 3004 tenebitur
3312 2944 3500 3005 etiam

1966 3025 2100 3105 ejus
2129 3026 2351 3103 haeres,
2385 3027 2534 3105 quia
2560 3028 2727 3090 bona
2761 3030 2872 3091 filii
2898 3037 3229 3097 transeunt
3256 3036 3336 3096 ad
3366 3037 3495 3097 bae—

1964 3118 2182 3180 redem
2210 3134 2354 3180 cum
2400 3120 2619 3180 eadem
2660 3122 3072 3203 obligatione,
3122 3128 3283 3191 sicut
3310 3129 3499 3192 etiam

1967 3212 2171 3273 boeres
2212 3213 2407 3291 patris
2451 3217 2699 3275 tenetur
2743 3216 2823 3277 ob
2870 3219 3157 3282 eamdem
3193 3224 3500 3285 rationem

1969 3305 2050 3367 ad
2078 3305 2289 3366 danda
2315 3306 2613 3368 alimenta
2639 3307 2765 3368 filio
2788 3355 2804 3385 ,
2855 3310 3001 3372 licet
3038 3318 3221 3393 pater
3256 3334 3382 3377 non
3426 3335 3502 3378 ex

1962 3397 2207 3478 justitia
2232 3398 2555 3477 rigorosa,
2613 3400 2724 3461 sed
2753 3419 2829 3462 ex
2858 3404 3089 3482 pietate
3119 3408 3198 3468 ad
3228 3426 3305 3469 ea
3332 3413 3503 3471 tene·

1970 3496 2163 3552 retur.
2197 3491 2374 3551 Ratio
2406 3496 2616 3553 autem
2646 3491 2872 3555 borum
2891 3498 3171 3559 omnium
3191 3505 3305 3579 est,
3332 3501 3504 3581 quod

1969 3584 2139 3645 bona
2166 3583 2329 3644 illius
2375 3583 2481 3662 qui
2510 3584 2956 3663 obligationem
2987 3590 3263 3671 aliquam
3292 3612 3504 3673 perso-

1972 3676 2179 3736 nalem
2202 3675 2395 3737 habet
2422 3675 2502 3736 ad
2540 3695 2616 3737 ea
2641 3678 2808 3740 bona
2832 3680 3117 3745 absolute
3146 3685 3375 3764 danda,
3411 3689 3505 3749 af·-

1969 3769 2265 3829 ficiuntur
2292 3767 2614 3845 indirecte,
2648 3775 2713 3831 et
2737 3782 3192 3854 consequenter
3221 3779 3504 3858 ejusdem

1970 3861 2218 3940 generis
2248 3860 2626 3939 obligatione
2650 3907 2666 3938 ,
2714 3880 2857 3924 cum
2895 3864 3031 3928 haec
3067 3869 3191 3931 sint
3218 3872 3499 3951 relativa,

1970 3952 2295 4014 dominum
2350 3953 2614 4031 obligari
2653 3954 2735 4015 ad
2781 3956 3058 4020 dandum
3113 3981 3345 4042 equum
3367 4009 3383 4042 ,
3444 3969 3508 4027 et

1970 4063 2203 4126 equum
2230 4063 2365 4106 esse
2395 4044 2741 4127 obligatum
2767 4051 2839 4110 ut
2865 4050 3069 4114 detur.
3106 4055 3171 4116 Si
3194 4074 3342 4135 ergo
3365 4075 3507 4136 pro-

1969 4138 2196 4199 missor
2236 4156 2311 4198 ex
2338 4137 2639 4200 fidelitate
2669 4140 2985 4220 obligatur
3010 4147 3231 4208 saltem
3261 4149 3501 4228 leviter,

1970 4236 2040 4292 ut
2067 4230 2176 4292 det
2200 4230 2465 4290 fundum
2488 4232 2888 4312 promissum,
2909 4235 3140 4300 fundus
3169 4241 3359 4302 etiam
3388 4244 3509 4305 erit

1973 4323 2197 4385 eodem
2224 4322 2412 4384 modo
2442 4323 2752 4402 obligatus
2797 4344 2873 4386 ex
2899 4328 3198 4394 fidelitate
3227 4339 3298 4396 ut
3324 4334 3509 4397 detur

1972 4422 2036 4479 et
2076 4434 2193 4495 per
2231 4434 2620 4495 consequens
2663 4435 2806 4478 cum
2853 4422 3074 4483 eadem
3123 4425 3506 4506 obligatione

1970 4509 2197 4572 transit
2221 4509 2305 4570 ad
2335 4509 2650 4569 haeredem
2670 4556 2686 4586 ,
2730 4511 2834 4591 qui
2865 4514 3199 4592 personam
3228 4520 3507 4583 defuncti

1971 4603 2139 4664 circa
2161 4601 2267 4663 illa
2293 4602 2459 4663 bona
2502 4601 2566 4662 in
2594 4604 2882 4667 omnibus
2923 4617 3372 4688 repraesentare
3402 4614 3506 4675 de·

1972 4695 2099 4756 bet.

2051 4787 2234 4850 Dices
2263 4786 2382 4849 hoc
2422 4794 2793 4866 argumento
2821 4793 3095 4873 probari,
3149 4816 3273 4859 non
3302 4800 3503 4863 solum

1974 4881 2316 4957 haeredem,
2349 4880 2461 4941 sed
2490 4882 2830 4960 quemlibet
2857 4885 3071 4965 alium,
3097 4890 3178 4951 ad
3198 4910 3383 4971 quem
3401 4913 3503 4956 res

1972 4974 2079 5035 illa
2106 4992 2183 5034 ex
2199 4973 2497 5034 fidelitate
2527 4972 2739 5035 debita
2780 4980 3083 5056 pervenit,
3133 4983 3265 5045 sive
3294 5003 3369 5045 ex
3397 4985 3505 5047 do-

1976 5067 2227 5128 natione
2254 5065 2383 5127 sive
2414 5084 2489 5126 ex
2532 5067 2912 5148 venditione,
2943 5077 3053 5133 aut
3078 5076 3357 5152 quolibet
3383 5077 3505 5140 alio

1973 5160 2174 5236 titulo,
2207 5158 2489 5237 accipere
2518 5177 2660 5220 eam
2686 5179 2829 5222 cum
2859 5167 3081 5225 eodem
3102 5184 3291 5229 onere
3320 5174 3384 5231 et
3402 5170 3506 5232 de-

1974 5252 2126 5324 bito,
2161 5251 2306 5331 quia
2353 5252 2648 5312 nimirum
2704 5273 2806 5316 res
2857 5255 2982 5333 illa,
3034 5276 3221 5337 quam
3281 5264 3508 5344 accipit

1967 5344 2100 5426 jam
2146 5345 2366 5407 saltem
2408 5344 2707 5406 indirecte
2753 5353 2817 5409 et
2853 5359 3310 5431 consequenter
3355 5358 3505 5419 obli-

1973 5445 2121 5518 gata
2149 5441 2302 5501 erat.
2338 5439 2791 5517 Respondetur,
2814 5441 2935 5503 hoc
2965 5453 3405 5525 argumentum
3425 5452 3504 5512 ab

3653 4826 3759 4885 10¹

3579 4950 3644 4993 Aa
3619 4951 3831 5047 :Lqumbet

3591 5015 3814 5112 educetur.
