4263 6376
617 876 691 934 37

859 320 979 379 618

861 499 962 557 ret
983 492 1457 557 videresstributa
1487 510 1627 572 quae
1656 495 1718 554 in
1746 495 1884 555 aliis
1913 494 2253 573 provinciis
2282 495 2402 555 sol-

860 589 1123 663 vuntur,
1183 585 1436 646 duriora
1490 604 1659 667 saepe
1712 590 1775 649 et
1827 588 2119 667 graviora
2173 589 2394 663 multo,

864 699 1054 760 quam
1085 697 1225 760 quae
1241 678 1469 743 alicubi
1489 684 1556 742 ut
1574 679 1805 761 injusta
1831 681 2084 742 omnino
2104 681 2400 761 rejiciun-

849 778 986 837 tur.

946 869 1027 928 Ut
1055 865 1245 944 igitur
1264 868 1342 928 ad
1365 868 1754 948 propositum
1772 868 2399 947 regrediamur,post-

611 1002 623 1045 ἰ
650 1003 791 1044 ,m
849 978 1057 1039 ,quam
1088 960 1439 1040 theologuS,
1474 980 1511 1021 a
1540 980 1664 1042 quo
1694 962 2023 1022 consilium
2052 960 2285 1039 petitur
2311 960 2400 1020 in-

520 1002 633 1111 ‘ssum
651 1056 818 1119 ‘flium‘
866 1052 1091 1114 struxit
1118 1071 1261 1114 eum
1291 1072 1330 1114 a
1358 1072 1480 1134 quo
1513 1054 1860 1116 consulitur
1881 1100 1898 1130 ,
1949 1054 2115 1114 circa
2143 1053 2402 1114 modum

545 1115 625 1160 ost,
659 1110 793 1164 aliqua

601 1162 723 1204 debet

563 1216 790 1261 firmare.

866 1144 1175 1206 formandi
1198 1146 1507 1227 judicium
1536 1147 1701 1208 circa
1718 1147 2024 1227 justitiam
2056 1150 2118 1207 et
2139 1144 2402 1207 necessi-

868 1242 1028 1299 tates
1058 1238 1274 1300 tributi
1320 1240 1489 1318 quod
1537 1241 1772 1318 petitur
1794 1286 1809 1312 ,
1870 1241 2211 1300 admonere
2257 1255 2401 1299 eum

866 1330 1055 1395 dehet
1081 1331 1144 1392 in
1173 1332 1533 1410 particulari
1561 1332 1640 1393 de
1667 1333 1981 1412 aliquibus
2006 1380 2021 1409 ,
2083 1336 2152 1393 ιιι
2179 1332 2403 1391 melius

852 1423 1062 1503 possit
1088 1424 1461 1486 sententiam
1485 1444 1665 1486 suam
1694 1425 1927 1486 dicere.
1963 1424 2272 1498 Quoniam
2293 1422 2404 1501 igi·

865 1520 968 1577 tur
1013 1518 1393 1596 suffragator
1438 1517 1628 1579 debet
1649 1564 1664 1594 ,
1701 1521 1770 1578 ut
1823 1517 2115 1593 diximuS‚
2167 1516 2404 1578 bonum

866 1627 1199 1671 commune
1228 1628 1359 1689 prae
1389 1610 1585 1671 oculis
1615 1610 1849 1671 habere
1875 1656 1890 1686 ,
1924 1613 2174 1688 oportet
2202 1613 2300 1685 ut,
2353 1609 2406 1668 si

867 1702 1341 1765 concedendum
1369 1703 1449 1763 sit
1476 1702 1800 1777 tributum,
1822 1702 1885 1761 id
1914 1701 2102 1762 faciat
2116 1720 2259 1762 cum
2288 1701 2406 1760 mi-

869 1795 1061 1871 nime,
1099 1800 1400 1875 quantum
1420 1795 1551 1856 sieri
1571 1795 1818 1873 poterit,
1836 1795 2050 1873 populi
2072 1794 2405 1855 detrimen-

839 1890 955 1950 to.
1017 1888 1114 1949 Ad
1164 1888 1331 1967 quod
1387 1888 1600 1966 aliqua
1647 1887 2034 1949 advertenda
2089 1887 2401 1948 videntur.

871 1980 1077 2041 Primo
1102 2026 1118 2055 ,
1179 1985 1248 2041 ut
1291 1981 1344 2040 si
1389 1981 1585 2060 possit
1623 1980 1930 2042 tributum
1974 1980 2056 2040 ad
2097 1980 2407 2040 minorem

869 2091 1179 2135 summam
1206 2073 1517 2152 redigere,
1544 2074 1621 2133 de
1641 2073 1819 2152 cujus
1829 2072 2073 2151 justitia
2099 2076 2162 2133 et
2189 2091 2403 2132 neces-

843 2166 1049 2229 ·sitate
1080 2166 1305 2227 clarius
1334 2171 1597 2242 constat,
1630 2166 1692 2226 id
1720 2167 1927 2227 facere
1957 2169 2240 2226 conetur.
2274 2165 2408 2225 Ple-

870 2278 1136 2339 rumque
1165 2262 1377 2320 tamen
1425 2258 1488 2318 id
1527 2258 1662 2318 fieri
1716 2277 1843 2319 non
1890 2257 2158 2337 poterit,
2216 2257 2407 2336 persi-

869 2356 1071 2415 stente
1101 2351 1521 2412 communiter
1556 2349 1838 2429 principe
1868 2351 1931 2411 in
1961 2368 2209 2410 summa
2236 2349 2343 2410 illa
2370 2367 2408 2409 a

869 2464 938 2505 se
968 2444 1161 2523 petita
1184 2490 1200 2520 ,
1234 2462 1426 2523 quam
1456 2444 1879 2504 necessariam
1909 2461 2043 2504 esse
2073 2440 2403 2522 judicavit.

869 2536 1161 2599 Secundo
1208 2555 1431 2597 curare
1477 2536 1595 2597 hoc
1636 2536 1840 2615 ipsum
1889 2535 2078 2596 debet
2126 2534 2253 2596 alia
2280 2533 2404 2608 via,

839 2692 844 2701 ,
873 2630 1143 2709 petendo
1171 2630 1357 2690 simul
1399 2649 1438 2691 a
1466 2630 1745 2708 principe
1765 2676 1784 2702 ,
1835 2633 1903 2690 ut
1931 2628 2050 2689 hac
2078 2626 2409 2688 occasione

875 2722 996 2783 alia
1024 2722 1258 2783 tributa
1285 2722 1527 2783 minora
1558 2725 1833 2798 auterat,
1893 2720 2242 2800 praesertim
2272 2737 2411 2798 quae

874 2815 954 2877 ad
985 2821 1232 2894 tempus
1277 2814 1532 2894 aliquod
1579 2814 2065 2875 determinatum
2110 2829 2413 2873 concessa

875 2908 1144 2985 fuerant,
1178 2912 1241 2970 et
1266 2908 1383 2969 sub
1413 2927 1488 2968 ea
1515 2908 1874 2970 conditione
1921 2908 2041 2969 hoc
2085 2905 2258 2968 aliud
2303 2904 2414 2966 tri-

835 3001 1099 3067 butum
1145 3001 1591 3077 concedendo,
1651 3005 1721 3062 ut
1765 3001 2033 3079 populus
2082 2999 2289 3078 aliqua
2338 3016 2414 3057 ex

876 3096 1054 3171 parte
1083 3093 1463 3156 sublevetur.
1515 3094 1723 3156 Tertio
1748 3140 1764 3171 ,
1810 3094 1859 3155 si
1906 3091 2170 3154 materia
2197 3091 2259 3152 in
2290 3107 2415 3169 qua

869 3186 1222 3266 :imponitur
1249 3190 1550 3251 tributum
1571 3238 1584 3264 ,
1635 3188 2062 3250 difficultatem
2091 3191 2154 3247 et
2182 3185 2415 3245 incom-

839 3280 1139 3350 1modum
1191 3282 1453 3345 fortasse
1479 3287 1756 3362 augeat;
1816 3285 2077 3343 conetur
2123 3278 2414 3339 eamdem

880 3374 1315 3453 quantitatem,
1336 3376 1398 3436 in
1413 3376 1534 3436 alia
1563 3376 1825 3437 materia
1841 3373 2104 3435 faciliori
2125 3370 2411 3446 concedi,

880 3466 979 3526 vel
993 3469 1507 3531 communitatem
1523 3469 1789 3548 obligari
1803 3469 1883 3530 ad
1906 3468 2077 3527 illam
2097 3482 2415 3526 summam

883 3558 1148 3638 principi
1179 3561 1452 3622 dandam
1475 3608 1493 3636 ,
1556 3562 1908 3641 colligendo
1948 3579 2088 3622 eam
2117 3579 2192 3620 ex
2219 3559 2295 3619 iis
2324 3576 2416 3618 re-

881 3651 1000 3712 bus
1026 3671 1104 3713 ex
1132 3654 1357 3734 quibus
1386 3673 1528 3715 cum
1555 3654 1780 3717 minori
1809 3655 2022 3735 populi
2050 3651 2416 3732 gravamine

883 3745 1090 3824 colligi
1122 3748 1371 3825 poterit.
1407 3750 1474 3808 In
1505 3767 1628 3827 quo
1658 3753 1869 3808 tamen
1900 3766 2024 3808 non
2056 3745 2253 3824 probo
2285 3762 2419 3804 om·-

885 3839 1031 3900 nino
1056 3885 1072 3916 ,
1131 3842 1298 3920 quod
1346 3844 1788 3920 procuratores
1828 3840 2022 3919 aliqui
2056 3839 2117 3899 in
2150 3836 2418 3899 comitiis

883 3931 1062 4009 regni
1088 3931 1347 4010 faciunt,
1382 3929 1489 4013 qui
1518 3934 1651 3994 zelo
1683 3953 1812 3993 suoe
1843 3932 2146 4007 civitatiS,
2196 3935 2259 3992 et
2285 3929 2419 4008 ejus

884 4024 1050 4086 bono
1077 4026 1190 4088 toti
1216 4027 1460 4104 intenti,
1493 4026 1743 4106 quando
1775 4027 1853 4087 de
1884 4024 2263 4103 assignanda
2291 4040 2419 4083 ma-

883 4117 1044 4180 teria
1070 4122 1398 4198 tractatur,
1431 4124 1741 4181 conantur
1766 4119 1912 4181 totis
1940 4118 2178 4180 viribus
2206 4116 2417 4176 diver-

885 4216 1019 4272 tere
1045 4212 1387 4274 sententias
1435 4212 1514 4272 ad
1557 4212 1746 4271 aliam
1775 4211 2105 4272 materiam
2127 4255 2144 4286 ,
2205 4209 2265 4268 in
2296 4227 2421 4288 qua

885 4322 1001 4366 sua
1028 4304 1247 4366 civitas
1274 4305 1480 4366 minus
1506 4307 1727 4381 solvet,
1752 4305 1900 4384 quia
1919 4303 2229 4385 ejusmodi
2258 4321 2422 4364 mer-

887 4417 990 4458 ces
1020 4396 1104 4458 ibi
1135 4416 1257 4460 non
1290 4402 1434 4459 sunt
1455 4444 1471 4475 ,
1532 4402 1643 4459 aut
1682 4398 1828 4477 quia
1855 4397 2182 4459 facultates
2207 4396 2270 4456 in
2300 4395 2421 4455 alio

887 4491 1199 4554 bonorum
1228 4508 1459 4569 genere
1488 4491 1910 4551 communiter
1938 4489 2270 4550 habentur.
2291 4489 2422 4548 Hoc

890 4583 1145 4662 quidem
1174 4582 1502 4644 consilium
1530 4601 1646 4661 ego
1677 4583 1895 4661 probo,
1921 4581 2173 4661 quando
2202 4597 2423 4658 procu·

893 4681 1063 4737 rator
1090 4675 1262 4737 videt
1287 4676 1350 4736 in
1378 4676 1485 4736 illa
1539 4675 1660 4735 alia
1704 4675 1969 4737 materia
1997 4692 2176 4734 suam
2205 4672 2422 4734 civita-

891 4774 1018 4831 tem
1064 4788 1256 4848 supra
1320 4769 1596 4831 debitam
1653 4768 2122 4847 proportionem
2175 4767 2424 4844 gravari

889 4881 1082 4941 supra
1107 4862 1402 4942 reliquas,
1439 4863 1585 4942 quia
1613 4860 1818 4941 major
1849 4860 1938 4920 ibi
1966 4877 2183 4921 earum
2212 4877 2426 4920 rerum

891 4955 1075 5035 copia
1100 4960 1195 5017 est
1224 4973 1240 5020 ε
1278 4956 1467 5018 debet
1494 4956 1727 5035 quippe
1749 4973 1825 5014 ex
1850 4971 2108 5014 munere
2139 4970 2251 5013 suo
2281 4970 2427 5031 pro-

893 5067 1137 5126 curare,
1173 5049 1343 5129 quod
1393 5067 1506 5109 sua
1554 5048 1774 5109 civitas
1806 5064 1927 5107 non
1957 5046 2097 5124 plus
2123 5044 2262 5106 aliis
2288 5063 2431 5124 gras

893 5147 1077 5204 vetur
1097 5188 1113 5219 ,
1160 5143 1272 5203 sed
1318 5160 1463 5203 cum
1493 5140 1705 5201 debita
1743 5138 2144 5217 proportione
2172 5138 2254 5199 ad
2281 5136 2426 5199 reli·-

897 5254 1088 5315 quutn
1119 5235 1298 5314 regni
1326 5252 1553 5314 corpus
1603 5251 1617 5291 :
1668 5232 1732 5291 id
1758 5236 1966 5293 tamen
1996 5248 2215 5292 curare
2244 5230 2433 5291 debet

895 5330 1029 5391 sine
1084 5329 1451 5409 praejudicio
1500 5327 1763 5386 aliarum
1809 5322 2078 5402 partium
2101 5370 2116 5400 ,
2178 5342 2294 5384 nec
2346 5323 2427 5385 ita

896 5441 1075 5487 suam
1105 5422 1420 5485 civitatem
1442 5436 1804 5493 exonerare,
1827 5421 1898 5478 ut
1918 5435 1992 5478 ex
2022 5416 2124 5478 illo
2157 5433 2432 5477 commo-

899 5517 981 5578 do
1032 5516 1216 5577 unius
1264 5513 1532 5580 civitatis
1577 5510 1832 5592 reliqum
1869 5513 2215 5588 graventur
2243 5526 2433 5588 supra

2010 319 2112 379 DE
2153 318 2507 380 JUSTlTlA
2553 318 2652 378 ΕΤ
2693 317 2892 377 JURE

2500 493 2964 573 proportionem
2996 511 3184 574 quam
3213 494 3452 569 babent
3478 495 3559 553 ad
3590 497 3793 557 totum
3819 490 4007 570 reipu-

2495 587 2678 649 blicae
2701 605 2950 667 corpus.
2983 589 3237 664 Quart0,
3263 587 3315 647 si
3334 588 3590 649 timetur
3608 586 3778 667 quod
3805 585 4008 646 modus

2498 678 2841 741 exactionis
2869 679 3079 758 gravis
3108 680 3226 742 erit
3251 680 3635 758 reipublicae,
3670 683 3857 758 prout
3884 695 4005 738 con·

2496 772 2740 852 tingere
2769 774 2926 834 solet
2948 772 3198 853 quando
3228 772 3446 835 tributi
3464 773 3704 834 exactio
3725 771 4009 834 executio-

2497 866 2559 928 ni
2591 866 2927 929 mandatur
2953 885 3068 945 per
3092 865 3412 928 ministros
3438 866 3677 945 regiOS,
3724 866 3834 946 qui
3864 883 4010 926 com·

2497 958 2817 1020 missarios
2843 959 3099 1020 mittunt
3127 977 3268 1019 cum
3285 958 3612 1037 stipendiis
3641 963 3703 1021 et
3722 958 3903 1018 novis
3932 976 4012 1017 ve-

2496 1051 2851 1113 xationibus
2879 1052 3181 1130 populum
3209 1052 3551 1127 excoriant,
3577 1052 3666 1113 ita
3711 1058 3780 1112 ut
3797 1050 3883 1111 ad
3913 1049 4012 1110 col-

2498 1143 2752 1223 ligenda
2778 1145 2946 1204 mille
2974 1163 3088 1223 pro
3115 1163 3286 1224 rege,
3312 1147 3672 1205 accrescant
3696 1141 4011 1222 aliquando

2499 1237 2630 1298 fere
2662 1237 2784 1297 alia
2810 1237 2979 1297 mille
3009 1237 3072 1297 in
3103 1238 3391 1316 expensis
3418 1237 3875 1311 ministrorum,
3899 1253 4010 1314 quae

2503 1329 2714 1390 omnia
2742 1330 2976 1392 subditi
3005 1331 3281 1402 solvunt:
3334 1336 3484 1391 tunc
3512 1347 3662 1410 ergo
3692 1328 3900 1390 curari
3931 1327 4011 1387 de-

2501 1423 2611 1483 bet
2638 1426 2706 1484 ut
2732 1423 2796 1483 in
2826 1423 2961 1501 ipsa
2988 1423 3392 1485 concessione
3421 1423 3638 1487 tributi
3668 1440 3818 1499 cura
3840 1420 4010 1481 relin-

2502 1520 2732 1596 quatur
2776 1515 3036 1595 singulis
3077 1516 3435 1577 civitatibus
3482 1515 3813 1595 colligendi
3868 1532 4011 1574 sum·

2501 1626 2671 1669 mam
2698 1608 2891 1684 illam,
2925 1627 3066 1687 quae
3094 1608 3174 1669 ad
3204 1608 3485 1688 singulas
3513 1612 3773 1687 spectat,
3798 1611 3866 1668 et
3890 1605 4011 1666 dan-

2502 1701 2567 1762 di
2596 1719 2737 1761 eam
2761 1701 2895 1780 regi
2921 1722 2937 1765 2
2963 1702 3133 1780 quod
3160 1702 3208 1763 si
3227 1703 3483 1782 praefixo
3506 1705 3788 1780 tempore
3818 1697 4011 1759 haberi

2503 1813 2628 1856 non
2657 1798 2864 1873 potest
2889 1797 3024 1856 tota
3067 1813 3349 1868 summa,
3401 1795 3560 1855 solet
3604 1792 4009 1873 aliquandoin

2502 1887 2641 1965 ipsa
2668 1887 3069 1948 concessione
3096 1887 3346 1965 caveri,
3391 1891 3461 1948 ut
3486 1889 3865 1966 prorogetur
3889 1890 4011 1946 tem·

2504 1999 2625 2058 pus
2650 1979 3129 2059 aliquantulum,
3163 1998 3490 2059 quousque
3517 1984 3648 2041 tota
3668 1977 4009 2039 summaha-

2503 2073 2752 2134 beatur.
2785 2073 3014 2135 Ultimo
3045 2074 3203 2149 loce,
3219 2074 3473 2153 quando
3490 2092 3601 2134 rex
3621 2074 3804 2134 offert
3831 2090 3898 2132 se
3915 2071 4012 2131 alia

2503 2166 2739 2228 tributa
2767 2166 2865 2225 vel
2897 2183 3091 2227 onera
3118 2166 3507 2243 ablaturum,
3540 2166 3641 2227 vel
3669 2168 3879 2241 certas
3899 2182 4010 2243 gra-

2505 2259 2624 2321 tias
2654 2277 3128 2334 concessurum,
3188 2260 3421 2338 quibus
3447 2278 3523 2321 ex
3549 2262 3728 2337 parte
3751 2275 4011 2335 compen·

2507 2356 2682 2412 satur
2707 2369 3052 2430 gravamen
3083 2350 3270 2431 hujus
3299 2351 3537 2427 tributi,
3564 2351 3661 2411 vel
3695 2350 3939 2431 quando
3952 2368 4011 2407 ex

2508 2444 2643 2526 ejus
2689 2443 3094 2507 concessione
3138 2444 3439 2506 timentur
3490 2444 3704 2523 aliqua
3751 2442 4013 2522 graviora

2507 2538 2720 2617 populi
2749 2537 2918 2598 mala
2942 2583 2959 2613 ,
3001 2556 3141 2616 quae
3170 2542 3383 2599 tamen
3413 2536 3515 2597 alii
3551 2536 3770 2597 dicunt
3796 2553 3915 2596 non
3936 2553 4011 2594 se·

2509 2637 2760 2702 cutura;
2815 2630 3110 2708 expedire
3155 2631 3461 2692 tributum
3514 2629 3864 2690 concedere
3911 2645 4011 2686 non

2508 2724 2591 2785 ad
2620 2726 2819 2784 totum
2847 2725 3096 2802 tempus
3118 2769 3134 2800 ,
3191 2742 3305 2803 pro
3336 2742 3461 2802 quo
3489 2722 3724 2802 petitur
3744 2768 3761 2798 ,
3821 2720 3925 2781 sed
3946 2719 4011 2780 ad

2509 2835 2768 2893 annum,
2801 2835 2861 2877 v.
2885 2835 2948 2895 g.
2983 2820 3051 2877 ut
3070 2817 3565 2894 experimentum
3594 2815 3797 2894 accipi
3824 2812 4009 2893 possit,

2511 2928 2592 2970 an
2622 2927 2732 2969 rex
2759 2908 3066 2987 promissa
3091 2909 3402 2986 observet,
3422 2927 3563 2989 quae
3591 2908 3859 2969 fortasse
3885 2906 4014 2965 alias

2511 3002 2888 3081 promiserat
2914 3006 2976 3064 et
3003 3019 3127 3063 non
3157 3002 3642 3077 observaverat,
3676 3004 3742 3062 et
3770 3019 3848 3061 an
3873 2999 4015 3060 mala

2511 3096 2617 3156 illa
2647 3112 2788 3175 quae
2815 3095 3231 3172 timebantur,
3291 3095 3520 3174 populo
3549 3094 3922 3167 adveniant,
3967 3095 4019 3149 et

2512 3187 2795 3251 revocari
2825 3188 3021 3267 possit
3054 3190 3153 3250 vel
3181 3190 3557 3264 continuari,
3576 3187 3628 3249 si
3658 3183 4017 3266 experientia

2514 3281 2900 3344 contrarium
2930 3282 3238 3344 ostendat.
3292 3283 3401 3342 His
3441 3281 3608 3342 enim
3638 3280 3842 3341 modis
3868 3282 3926 3339 et
3947 3276 4019 3336 si-

2517 3375 2767 3436 milibus
2791 3393 3023 3453 magna
3066 3394 3142 3435 ex
3170 3380 3348 3453 parte
3376 3375 3682 3435 minuitur
3708 3373 4018 3434 detrimen-

2514 3473 2648 3533 tum
2678 3486 2871 3547 grave
2902 3467 3072 3547 quod
3101 3467 3389 3547 populus,
3421 3470 3486 3527 et
3510 3466 3785 3539 maxime
3812 3481 4020 3545 paupe·

2513 3581 2616 3624 res
2645 3581 2719 3622 ex
2750 3560 3125 3623 tributorum
3168 3561 3456 3639 gravium
3483 3559 3882 3622 concessione
3907 3556 4021 3637 pati

2515 3655 2717 3717 solent
2748 3673 2762 3713 t
2798 3657 2861 3714 et
2884 3653 3021 3713 haec
3048 3652 3363 3724 sufficiant
3390 3653 3468 3714 de
3497 3651 3619 3714 hoc
3647 3656 3876 3732 puncto
3899 3695 3915 3726 ,
3965 3649 4020 3710 in

2516 3766 2640 3827 quo
2667 3747 2773 3827 qui
2803 3746 3133 3807 consilium
3160 3745 3349 3821 dant,
3399 3763 3631 3824 magno
3674 3745 3784 3808 Dei
3809 3744 4022 3805 lumine

2515 3840 2837 3919 indigent,
2889 3843 2960 3900 ut
3008 3839 3211 3899 zelum
3240 3838 3519 3899 veritatis
3547 3842 3611 3899 et
3637 3837 3868 3917 publici
3891 3834 4025 3897 boni

2516 3953 2649 4013 prae
2680 3933 2874 3994 oculis
2906 3932 3232 4008 hahenteS,
3267 3950 3383 3993 nec
3397 3931 3751 4011 principum
3780 3929 4024 3990 aestima-

2516 4028 2775 4102 tionem,
2811 4032 2873 4089 et
2902 4026 3272 4105 dignitatem
3302 4025 3465 4104 apud
3497 4025 3747 4104 plebem
3773 4020 4027 4084 immeri-

2516 4124 2580 4182 to
2608 4119 2878 4193 laedant,
2937 4119 3105 4198 quod
3132 4119 3505 4197 gravissima
3546 4113 4026 4179 inconvenientia

2518 4214 2718 4290 affert,
2751 4230 2953 4291 neque
2975 4212 3165 4273 etiam
3183 4210 3450 4290 principi
3477 4211 3809 4273 adulentur
3836 4205 4031 4270 omnia

2519 4307 2579 4368 ei
2602 4306 2770 4368 licita
2799 4306 3206 4366 affirmantes.
