4263 6376
660 1714 737 1773 65

605 1838 687 1882 Seu

616 1905 641 1934 a

692 1839 817 1903 tentia

641 1898 814 1937 uctom.

913 329 1030 387 628

914 505 1155 566 dustria
1200 504 1440 566 occulto
1481 502 1695 565 vendit
1745 502 1825 563 ad
1869 502 2035 564 hunc
2082 505 2292 580 finem,
2337 503 2445 565 sed

917 598 1168 678 quando
1197 598 1353 658 emis
1398 597 1477 657 ab
1525 596 1627 657 illo
1675 615 1863 676 quem
1911 597 2033 658 scis
2075 597 2448 657 defraudare

911 692 1069 751 velle
1111 691 1443 768 gabellam.
1501 690 1772 751 Probant
1823 695 2055 767 autem,
2115 690 2449 769 quiaillud

914 802 1037 845 non
1068 788 1162 844 est
1189 802 1345 844 onus
1374 784 1460 844 ita
1487 783 1654 843 reale
1698 783 1953 843 affixum
2008 783 2342 859 mercibus,
2381 787 2450 845 ut

913 876 1203 956 princeps
1233 875 1523 938 habuerit
1542 875 1678 955 jam
1723 876 2068 938 dominium
2115 876 2444 951 mercium,

910 970 1020 1030 sed
1052 969 1131 1029 ad
1161 987 1475 1029 summum
1502 988 1745 1030 merces
1775 972 1983 1032 terunt
2011 988 2222 1030 secum
2253 970 2449 1047 hypo-

908 1062 1158 1124 thecam
1187 1081 1301 1140 pro
1329 1062 1575 1140 gabella
1605 1063 1904 1124 solvenda
1938 1083 1951 1124 ε
1985 1062 2063 1123 ad
2097 1063 2216 1124 hoc
2237 1067 2448 1124 tamen

911 1155 1101 1217 dehet
1128 1155 1261 1215 sieri
1306 1156 1587 1216 excussio
1634 1156 1697 1215 in
1744 1156 1923 1216 bonis
1969 1156 2335 1232 venditoris,
2387 1160 2452 1217 et

908 1248 1204 1309 intentari
1258 1248 1418 1309 actio
1476 1252 1689 1309 eontra
1747 1249 1913 1326 ipsas
1967 1247 2443 1327 hypothecataS.

910 1344 1048 1402 Non
1105 1359 1253 1419 ergo
1309 1345 1556 1402 tenetur
1611 1346 1876 1420 emptor,
1922 1361 2036 1401 nec
2062 1341 2308 1402 ratione
2357 1342 2447 1401 rei

910 1440 1206 1514 acceptae,
1243 1453 1381 1514 quoe
1429 1452 1551 1495 non
1597 1439 1732 1496 erat
1778 1434 1893 1495 sub
1937 1434 2214 1494 dominio
2255 1434 2444 1513 regis,

910 1527 1021 1588 sed
1076 1526 1440 1604 venditoris,
1489 1545 1602 1588 nec
1658 1529 1848 1589 etiam
1901 1528 2145 1588 ratione
2202 1526 2449 1606 injustas

909 1621 1309 1702 acceptionis».

989 1717 1121 1793 Ego
1152 1714 1435 1775 existimo
1467 1713 1793 1792 imprimiS,
1829 1717 2178 1792 emptorem
2207 1733 2280 1774 ex
2330 1714 2447 1775 hoc

910 1808 1112 1886 capite
1143 1825 1266 1868 non
1298 1806 1595 1885 obligari:
1628 1807 1878 1885 quando
1907 1806 2156 1884 gabella
2185 1807 2325 1867 talis
2354 1810 2448 1868 est

908 1907 978 1963 ut
1006 1901 1231 1962 debeat
1257 1900 1410 1961 solvi
1444 1901 1505 1960 in
1536 1900 1917 1961 conscientia
1943 1900 2148 1961 solum
2192 1900 2443 1980 quando

905 1995 1157 2074 petitur,
1220 1997 1282 2055 et
1326 1992 1459 2053 haec
1502 2012 1624 2053 non
1673 1994 1938 2053 debetur
1983 1993 2045 2051 in
2093 2011 2167 2053 eo
2211 2012 2358 2054 casu
2407 2012 2445 2053 a

905 2087 1249 2163 venditore,
1309 2086 1426 2146 nisi
1474 2090 1721 2164 petatur
1762 2104 1798 2144 a
1839 2085 2204 2164 gabellariO,
2248 2105 2441 2166 quare

904 2180 1216 2242 fraudatio
1245 2180 1347 2240 illa
1378 2198 1500 2240 non
1525 2179 1643 2240 erit
1669 2179 1904 2239 illicita.
1933 2179 1994 2239 Si
2024 2197 2171 2239 vero
2193 2181 2441 2258 gabella

903 2279 997 2335 est
1025 2274 1165 2334 talis
1194 2277 1262 2334 ut
1290 2273 1518 2333 debeat
1558 2272 1768 2332 offerri
1814 2272 2003 2332 etiam
2047 2289 2172 2331 non
2218 2273 2434 2351 petita,

900 2367 1000 2427 vel
1030 2371 1194 2428 certe
1225 2384 1346 2426 non
1368 2366 1563 2443 possit
1578 2365 1879 2427 occultari
1905 2384 1979 2425 ex
2009 2365 2338 2442 industria,
2360 2385 2438 2426 ne

902 2460 1198 2536 solvatur,
1251 2464 1399 2520 tunc
1454 2458 1966 2537 distinguendum
2018 2462 2141 2529 est3
2186 2478 2332 2519 nam
2386 2459 2435 2520 si

901 2558 1149 2631 emptor
1177 2555 1552 2632 cooperatur
1579 2552 1903 2612 suadendo
1953 2556 2022 2612 ut
2077 2553 2188 2613 fiat
2228 2551 2290 2611 in
2335 2571 2435 2613 oc-

900 2647 1089 2722 culto,
1110 2644 1241 2723 jam
1273 2645 1589 2706 concurrit
1616 2644 1881 2722 positive
1919 2647 1980 2705 et
2025 2643 2435 2706 determinate

899 2739 978 2800 ad
1006 2739 1419 2800 retentionem
1452 2737 1543 2797 rei
1568 2737 1810 2813 alienae,
1843 2743 2031 2816 atque
2079 2737 2220 2798 ideo
2267 2742 2436 2800 tene-

896 2832 1066 2893 bitur
1091 2831 1366 2893 secundo
1395 2832 1556 2907 loco,
1590 2848 1713 2891 non
1742 2830 2105 2891 restituente
2123 2831 2257 2909 ipso
2289 2849 2436 2891 ven·

897 2925 1121 3000 ditore,
1156 2928 1218 2985 et
1245 2924 1304 2983 id
1337 2922 1626 2985 concedit
1652 2941 1941 3001 expresse
1988 2923 2159 2983 idem
2199 2924 2429 2984 Sanch.

897 3038 958 3079 n.
993 3021 1052 3079 5.
1089 3018 1152 3079 Si
1183 3036 1331 3077 vero
1380 3020 1751 3095 cooperatur
1781 3016 1982 3075 solum
2005 3016 2430 3092 materialiter,

897 3115 1206 3191 quatenus
1235 3110 1370 3190 ipse
1417 3114 1729 3171 secretum
1781 3127 1903 3169 non
1952 3114 2272 3187 procurat,
2324 3110 2435 3171 sed

894 3204 1218 3264 venditore
1279 3204 1551 3264 intrante
1581 3203 1836 3264 domum
1892 3202 2026 3282 ejus
2064 3209 2328 3280 secrete,
2376 3208 2437 3266 et

895 3300 1192 3358 offerente
1247 3296 1504 3376 aliquid,
1569 3297 1700 3376 ipse
1764 3301 2051 3375 acceptet
2127 3302 2191 3358 et
2240 3302 2429 3374 emat,

894 3392 1096 3452 sciens
1124 3391 1297 3450 illum
1326 3391 1483 3451 velle
1514 3391 1600 3450 ita
1631 3390 1926 3465 vendere,
1961 3394 2030 3450 ut
2069 3409 2194 3450 non
2234 3391 2435 3452 solvat

891 3485 1225 3562 gabellam,
1260 3485 1392 3563 ipse
1425 3482 1654 3544 Sanch.
1691 3483 1864 3556 dicit,
1915 3483 2083 3543 illam
2129 3502 2253 3545 non
2297 3502 2432 3544 esse

890 3578 1415 3657 cooperationem,
1439 3576 1586 3656 quia
1606 3580 1852 3655 emptor
1881 3594 2002 3636 non
2033 3581 2427 3655 cooperatur,

891 3671 1001 3731 sed
1029 3690 1200 3731 mere
1230 3670 1475 3749 passive
1524 3688 1588 3729 se
1631 3669 1843 3743 habet,
1877 3668 2037 3729 sicut
2074 3668 2435 3748 qui·recipit

888 3768 1353 3824 sacramentum
1382 3781 1415 3821 a
1444 3761 1728 3823 ministro
1751 3761 2049 3823 existente
2079 3761 2143 3821 in
2173 3766 2430 3839 peccato

888 3857 1134 3917 mortali
1167 3859 1385 3934 parato
1417 3855 1699 3915 conferre
1737 3854 2133 3934 cuicumque.
2175 3855 2298 3916 Sed
2336 3860 2430 3916 ta-

886 3968 1031 4010 men
1061 3950 1180 4010 hoc
1207 3967 1332 4009 non
1360 3951 1481 4009 stat
1501 3947 1754 4009 omnino
1776 3966 1920 4008 cum
1949 3947 2237 4009 doctrina
2265 3947 2431 4028 ejus-

887 4043 1029 4103 dem
1062 4041 1290 4103 Sanch.
1318 4041 1424 4102 lib.
1460 4058 1501 4101 1.
1537 4041 1596 4100 in
1624 4039 1807 4101 dec-al.
1832 4058 1886 4100 c.
1919 4057 2028 4101 vn.
2056 4060 2116 4101 n.
2144 4044 2217 4101 112
2245 4045 2307 4102 et
2328 4044 2422 4102 18.

886 4136 992 4197 ubi
1022 4154 1165 4196 cum
1194 4132 1510 4196 communi
1539 4133 1744 4209 docet,
1776 4133 1973 4194 multo
2003 4133 2325 4212 graviores
2368 4139 2430 4195 et

886 4229 1275 4307 urgentiores
1313 4245 1533 4289 causas
1577 4225 1813 4305 requiri
1874 4227 1950 4286 ad
2002 4227 2428 4288 excusandum

886 4341 1053 4400 eum,
1100 4322 1204 4402 qui
1235 4321 1413 4383 alteri
1456 4325 1830 4397 cooperatur
1867 4320 2055 4382 etiam
2098 4340 2210 4400 per
2246 4320 2431 4382 actio·

885 4434 1030 4475 nem
1059 4435 1134 4475 ex
1161 4433 1226 4475 se
1265 4414 1723 4474 indifferentem
1773 4413 1850 4472 ad
1897 4418 2227 4492 peccatum
2271 4412 2426 4492 inju-

880 4508 1087 4582 stitiae,
1148 4511 1209 4568 et
1255 4507 1316 4566 in
1368 4506 1669 4566 damnum
1731 4506 1916 4582 tertii,
1978 4524 2167 4584 quam
2197 4504 2259 4565 in
2292 4505 2426 4566 aliis

883 4600 1178 4680 peccatiS,
1205 4617 1344 4679 quae
1375 4618 1497 4659 non
1519 4603 1663 4660 sunt
1693 4599 1751 4658 in
1778 4599 2079 4658 damnum
2097 4598 2283 4673 tertii,
2318 4599 2426 4659 sed

881 4695 1043 4755 illius
1085 4693 1287 4755 solum
1335 4693 1432 4753 cui
1458 4692 1835 4771 cooperaris.
1871 4692 2168 4764 Quamvis
2212 4696 2425 4753 autem

883 4788 1117 4866 emptio
1146 4787 1251 4847 illa
1282 4805 1406 4847 non
1456 4786 1536 4848 sit
1578 4785 1938 4864 cooperatio
1978 4785 2419 4862 determinata,

881 4882 991 4943 sed
1018 4882 1226 4942 adbuc
1254 4880 1637 4956 indifferenS,
1672 4879 1821 4958 quia
1870 4878 2077 4939 adhuc
2134 4878 2426 4940 venditor

880 4979 1086 5054 potest
1113 4975 1356 5035 solvere
1382 4973 1718 5052 gabellam,
1754 4973 1803 5031 si
1845 4971 1996 5032 velit
2040 4990 2152 5032 suo
2211 4971 2421 5033 debito

874 5067 1270 5140 satisfacere3
1306 5065 1521 5143 negari
1543 5069 1752 5125 tamen
1802 5082 1925 5125 non
1973 5067 2201 5143 potest,
2254 5065 2423 5143 quod

875 5160 954 5222 sit
984 5161 1194 5239 aliqua
1224 5159 1604 5238 cooperatio,
1631 5175 1774 5217 cum
1795 5160 2105 5218 secretum
2137 5157 2289 5217 illud
2321 5159 2423 5219 de-

875 5255 1107 5316 serviat
1133 5252 1468 5328 venditori,
1502 5256 1574 5312 ut
1598 5251 1793 5330 possit
1820 5251 2057 5330 absque
2087 5251 2311 5312 timore
2330 5271 2421 5311 re·

872 5348 1070 5410 tinere
1101 5347 1218 5408 sibi
1245 5346 1557 5425 gabellum
1589 5343 1884 5404 debitam.
1923 5346 2126 5416 Quare
2169 5363 2242 5405 eo
2273 5364 2421 5405 casu

871 5441 1084 5516 credo,
1120 5440 1395 5518 aliquam
1426 5437 1779 5515 graviorem
1811 5455 2066 5498 causam
2101 5438 2421 5499 desidera-

869 5535 921 5594 ri
954 5553 1029 5593 ex
1058 5536 1235 5612 parte
1269 5532 1590 5610 emptoriS,
1626 5550 1814 5611 quam
1859 5530 1936 5589 ad
1988 5532 2418 5609 recipiendum

2083 328 2185 388 DE
2226 326 2579 388 JUS'rl'rlA
2627 326 2727 387 ΕΤ
2768 327 2968 389 JURE

2548 507 3009 565 sacramentum
3030 504 3112 565 ab
3139 503 3421 584 indigno,
3456 504 3551 564 vel
3582 503 3663 563 ad
3708 503 4055 582 exigendum

2547 601 2837 658 mutuum
2868 597 2984 657 sub
3017 598 3244 657 usuris,

2629 693 2717 751 Ex
2748 710 2820 751 eo
2852 694 3061 752 autem
3093 691 3373 769 praecise,
3403 690 3571 770 quod
3600 691 3761 751 scias
3807 691 4058 753 vendito-

2547 803 2683 845 rem
2712 803 2834 844 non
2866 784 3146 860 solvisse,
3179 784 3279 844 vel
3314 803 3436 844 non
3485 785 3835 845 soluturum
3880 784 4057 863 gabel-

2545 877 2698 952 lam,
2731 877 2983 956 quando
3015 878 3071 937 ei
3102 878 3270 938 nullo
3299 878 3489 939 modo
3528 876 3909 956 cooperaris,
3939 897 4060 940 vera

2549 971 2798 1031 videtur
2852 971 3162 1031 sententia
3218 970 3465 1031 illorum
3517 976 3872 1045 auctorum,
3920 971 4059 1050 quod

2549 1083 2671 1123 non
2701 1064 2971 1123 tenearis
3027 1064 3269 1125 solvere
3317 1068 3572 1144 propter
3614 1082 3879 1140 merceS,
3932 1083 4059 1143 quas

2550 1156 2788 1232 emisti,
2870 1157 3018 1236 quia
3074 1157 3222 1218 illud
3286 1177 3409 1218 non
3466 1162 3559 1218 est
3622 1175 3779 1218 onus
3837 1158 4058 1218 omnino

2547 1249 2738 1310 reale.
2771 1252 2986 1328 Neque
3010 1249 3235 1325 obstat,
3257 1250 3425 1331 quod
3448 1268 3662 1310 emens
3681 1250 3918 1311 fructus
3934 1268 4057 1311 non-

2549 1342 2700 1401 dum
2731 1342 3074 1403 decimatos
3104 1342 3332 1404 debeat
3359 1343 3603 1403 solvere
3651 1343 3925 1403 decimas
3968 1345 4059 1404 Ec-

2550 1435 2777 1512 clesiae,
2812 1440 2882 1496 ut
2908 1435 3222 1514 colligitur
3251 1455 3326 1496 ex
3356 1454 3410 1497 c.
3449 1434 3596 1498 Cum
3649 1457 3766 1497 non
3804 1436 3952 1497 sitin
3973 1435 4058 1497 Ιιο-

2548 1527 2718 1603 mz‘ne,
2777 1526 2849 1587 de
2888 1526 3142 1604 decimas,
3192 1529 3360 1609 quia,
3417 1533 3488 1590 ut
3557 1529 3800 1591 notavit
3841 1530 4058 1590 Lessius

2550 1639 2609 1680 n.
2645 1624 2742 1681 74.
2775 1619 2833 1680 id
2867 1621 3134 1700 speciale
3165 1625 3258 1682 est
3285 1622 3349 1682 in
3379 1622 3639 1682 decimis
3672 1627 3926 1701 propter
3959 1623 4055 1682 Ec·

2549 1713 2753 1773 clesiae
2783 1718 3109 1791 statutum,
3142 1733 3282 1794 quae
3312 1716 3515 1795 potuit
3543 1714 3696 1776 illud
3746 1734 3905 1776 onus
3947 1733 4059 1775 om-

2547 1806 2694 1866 nino
2724 1808 2892 1866 reale
2923 1808 3151 1885 tacere,
3186 1810 3274 1869 ita
3312 1813 3381 1869 ut
3418 1826 3562 1870 cum
3595 1808 3900 1869 fructibus
3931 1809 4057 1887 ipsis

2544 1905 2823 1962 transeat
2849 1900 2930 1960 ad
2961 1919 3421 1980 quemcumque
3443 1919 3890 1980 possessorem,
3914 1900 4055 1980 quod

2542 1991 2608 2051 in
2635 1992 2882 2053 tributis
2909 1994 3142 2054 factum
3171 2012 3293 2053 non
3338 1996 3451 2055 est.

2626 2085 2825 2165 Major
2852 2089 3064 2164 posset
3092 2105 3226 2147 esse
3243 2086 3576 2147 difficultas
3607 2086 3684 2148 de
3705 2088 3852 2166 jure
3871 2087 4059 2166 Hispa·

2542 2197 2623 2239 no
2654 2183 2910 2258 propter
2936 2179 3140 2256 legem
3168 2196 3360 2240 xxxn.
3392 2179 3486 2241 tit.
3539 2196 3665 2242 xlx.
3698 2180 3807 2241 lib.
3852 2198 3930 2241 lx.
3963 2199 4057 2240 no·
4120 2203 4149 2239 .-

2539 2291 2634 2332 vae
2664 2271 2918 2350 recopil.
2981 2290 3168 2351 quam
3217 2273 3397 2333 affert
3453 2272 3684 2334 Sanch.
3746 2292 3810 2335 n.
3864 2278 3919 2335 1.
3966 2273 4055 2334 ubi

2539 2365 2902 2444 praecipitur
2946 2365 3234 2444 emptori,
3289 2365 3457 2443 quod
3514 2366 3781 2427 retineat
3840 2372 4055 2445 partem

2539 2459 2723 2537 pretii
2769 2477 2881 2537 pro
2937 2458 3239 2519 solvenda
3288 2459 3537 2536 gabella
3577 2457 3675 2520 del
3717 2460 3994 2537 alcavala,
4013 2458 4058 2520 si

2538 2570 2663 2612 non
2693 2555 2934 2612 constet
2959 2570 2998 2611 a
3025 2551 3350 2613 venditore
3395 2551 3661 2613 solutam
3718 2571 3896 2624 esse;
3934 2572 4058 2632 pro-

2537 2647 2677 2722 pter
2706 2663 2845 2723 quaa
2874 2644 3064 2723 aliqui
3095 2644 3408 2721 dixerunt,
3450 2650 3826 2723 emptorem,
3860 2647 3971 2707 nisi
4004 2646 4059 2707 id

2536 2737 2744 2813 faciat,
2779 2738 3010 2797 debere
3041 2738 3390 2814 restituere,
3424 2738 3573 2817 quia
3615 2745 3865 2819 emptor
3906 2746 4060 2800 tene·

2535 2830 2722 2891 batur
2746 2830 2827 2890 ad
2855 2829 2919 2890 id
2945 2830 3188 2891 ratione
3219 2830 3406 2891 officii
3463 2830 3578 2892 sibi
3609 2831 3924 2910 impositi:
3965 2831 4058 2912 qui

2536 2928 2746 2984 autem
2776 2923 3098 3002 negligens
3128 2928 3223 2984 est
3277 2924 3339 2983 in
3383 2943 3496 2984 suo
3549 2925 3777 3002 officio,
3832 2932 4060 2988 tenetur

2536 3017 2615 3076 ad
2678 3016 2978 3076 damnum
3024 3021 3307 3077 secutum
3343 3017 3524 3096 :ipse
3579 3022 3796 3079 tamen
3844 3019 4054 3081 Sanch.

2534 3114 2723 3188 negat
2748 3109 2939 3170 talem
2960 3109 3405 3187 obligationem
3434 3110 3834 3172 conscientiae
3852 3113 4057 3192 exlege

2532 3203 2659 3279 illa,
2691 3207 2827 3264 tum
2848 3203 2996 3282 quia
3026 3222 3148 3264 non
3181 3208 3276 3264 est
3303 3223 3417 3263 usu
3447 3209 3727 3283 recepta,
3769 3211 3899 3266 tum
3929 3207 4059 3286 quia

2532 3296 2853 3356 videretur
2891 3295 3144 3374 injusta,
3177 3295 3516 3374 obligando
3574 3302 3949 3376 emptorem,
4002 3305 4062 3359 ut

2534 3389 2614 3450 sit
2642 3389 2820 3468 quasi
2849 3389 3132 3450 minister
3156 3388 3480 3468 gabellarii
3503 3389 3670 3450 nullo
3692 3396 3949 3469 accepto
3969 3391 4059 3452 sti·

2532 3482 2783 3561 pendi0,
2819 3487 2882 3544 et
2925 3501 3068 3543 cum
3121 3482 3302 3562 gravi
3356 3482 3735 3545 detrimento
3793 3485 4055 3563 proprie,

2533 3575 2680 3655 quia
2707 3575 3067 3638 venditores
3095 3575 3373 3655 graviter
3399 3575 3463 3637 id
3492 3576 3753 3655 ferrent,
3788 3582 3853 3640 et
3879 3576 4059 3637 vindi·

2532 3673 2699 3730 ctam
2726 3669 2989 3729 fortasse
3017 3673 3362 3745 sumerent,
3401 3672 3463 3730 et
3494 3669 3640 3749 quia
3669 3676 3919 3749 emptor
3954 3669 4061 3730 sibi

2530 3764 2803 3836 noceret,
2830 3779 2974 3821 cum
2989 3779 3206 3822 omnes
3234 3761 3527 3839 fugerent
3555 3780 3632 3822 ne
3661 3762 3780 3842 ipsi
3807 3782 3909 3825 res
3927 3780 4060 3824 suas

2529 3854 2897 3915 venderent.

2608 3947 2908 4008 Dubitunt
2934 3948 3232 4024 secundo,
3269 3966 3347 4007 an
3372 3948 3625 4028 quando
3643 3950 3896 4028 gabella
3925 3949 4059 4009 alio-

2528 4041 2677 4120 quin
2700 4042 2869 4119 justa
2899 4045 3012 4117 est,
3049 4045 3110 4102 et
3135 4041 3387 4102 omniuo
3415 4041 3703 4119 debetur,
3739 4048 4061 4104 excusetur

2529 4133 2578 4194 is
2610 4133 2716 4213 qui
2777 4133 2857 4194 ob
2914 4133 3354 4195 necessitatem
3380 4135 3601 4197 vendit
3629 4154 3664 4195 a
3712 4136 3964 4215 gabella
3992 4155 4055 4195 ex

2527 4225 2887 4287 venditione
2918 4225 3130 4287 debita
3154 4273 3170 4302 ‚
3233 4245 3459 4307 nempe
3506 4229 3760 4308 quando
3792 4229 4055 4290 auctori-

2526 4324 2654 4381 tate
2694 4319 2926 4399 judicis
2977 4320 3247 4380 vendere
3296 4321 3585 4400 cogitur?
3638 4322 3850 4403 Aliqui
3898 4322 4056 4383 affir-

2525 4417 2722 4488 mant,
2759 4432 2913 4492 quos
2942 4413 3084 4473 vide
3115 4414 3279 4492 apud
3310 4414 3607 4474 Molinam
3640 4414 3802 4494 disp.
3833 4419 3970 4478 666.
4002 4419 4059 4476 et

2526 4506 2815 4566 Turrian.
2865 4507 3014 4567 dub.
3045 4507 3224 4568 XLV.
3274 4506 3424 4568 dub.
3456 4524 3542 4568 xl.
3596 4527 3768 4570 num.
3809 4513 3907 4570 10.
3957 4508 4054 4588 qui

2527 4599 2651 4658 duo
2685 4604 2920 4678 negant
2947 4599 3253 4675 excusam,
3289 4600 3533 4662 addunt
3560 4605 3772 4663 tamen
3803 4603 4058 4682 aequita·

2524 4695 2653 4753 tem
2685 4693 2932 4771 exigere
2982 4693 3150 4772 quod
3179 4697 3381 4754 totum
3428 4694 3581 4754 illud
3633 4713 3793 4755 onus
3824 4700 3971 4756 tunc
4000 4694 4053 4754 in

2526 4790 2871 4865 emptorem
2892 4786 3280 4864 refundatur,
3314 4806 3518 4866 neque
3543 4787 3709 4847 enim
3721 4787 3899 4868 juste
3928 4788 4057 4867 cogi

2526 4879 2665 4958 quis
2686 4884 2911 4957 potest,
2942 4885 3160 4941 utrem
3183 4898 3361 4941 suam
3381 4881 3614 4941 vendat
3635 4900 3781 4942 cum
3803 4883 4052 4955 damno,

2523 4971 2633 5032 sed
2690 4972 2878 5034 debet
2929 4976 3128 5034 totum
3193 4973 3466 5053 pretium
3523 4972 3847 5053 integrum
3904 4975 4058 5037 acci·

2523 5083 2695 5143 pere.

2599 5159 2732 5236 Ego
2758 5158 3268 5237 distinguendum
3289 5162 3439 5236 puto
3468 5179 3482 5218 :
3522 5160 3871 5241 aliquando
3902 5161 4056 5224 enim

2521 5252 2769 5329 cogitur
2802 5251 3026 5330 aliquis
3055 5252 3229 5331 quasi
3269 5252 3348 5312 ab
3378 5253 3717 5315 intrinseco
3758 5256 4051 5331 vendere,

2521 5350 2591 5406 ut
2619 5345 2841 5405 fratres
2869 5345 3144 5405 minores
3165 5391 3181 5421 ,
3235 5345 3332 5405 vel
3361 5345 3586 5407 domus
3618 5347 3927 5426 professae
3956 5367 4056 5409 no-

2521 5442 2666 5499 strae
2696 5437 3030 5514 societatis,
3071 5437 3296 5517 quibus
3317 5438 3484 5499 bona
3505 5439 3864 5503 immobilia
3885 5447 4055 5504 testa·

2521 5536 2732 5593 mento
2762 5531 2968 5609 legata
3009 5536 3190 5608 sunt,
3250 5550 3389 5611 quae
3436 5551 3580 5594 cum
3632 5534 3912 5598 retinere
3941 5555 4053 5597 non

4161 694 4188 752 6

4098 4085 4148 4124 ΑΙ

4100 4143 4146 4176 115
4170 4148 4176 4168 v

4133 4191 4176 4230 sul

4145 4256 4176 4284 e:
