4263 6376
571 1997 651 2057 56

476 2124 574 2169 Hae
606 2124 773 2178 obliga·

504 2179 562 2221 tio
581 2190 661 2221 non
681 2183 746 2220 est

574 2245 598 2273 θ
649 2244 674 2273 8

516 2284 747 2339 eligendos.

810 343 931 405 588

817 517 997 578 facile
1025 518 1269 598 possint
1297 519 1444 598 eligi
1472 519 1730 602 indigni
1756 566 1771 598 ,
1820 521 1928 601 qui
1970 520 2145 600 digni
2174 520 2349 582 vide-

1960 346 2063 406 DE
2104 345 2460 407 JUSTITIA
2503 345 2604 407 ET
2644 347 2846 409 JURE

2445 526 2705 601 parente
2759 522 3038 603 periculo
3062 569 3079 600 ‚
3152 527 3373 603 posset
3436 523 3652 585 statim
3705 524 3974 602 supen'oe

814 611 1075 685 bantur,
1136 614 1198 672 et
1252 630 1395 672 cum
1450 612 1610 675 adeo
1654 613 1904 675 difficile
1952 615 2031 676 sit
2068 615 2349 675 invenire
2443 615 2548 675 ille
2600 614 2784 677 facile
2839 615 3144 693 amoveri,
3203 620 3268 678 et
3301 615 3469 677 alius
3522 615 3787 695 dignior
3837 632 3977 693 prae-

820 722 965 764 vere
1001 707 1064 765 et
1118 704 1401 766 absolute
1447 705 1748 786 dignum,
1809 709 1915 785 qui
1968 725 2081 768 suo
2140 724 2351 767 exem-
2445 707 2571 769 fici.

816 797 918 877 plo
939 843 954 873 ,
1013 800 1073 857 et
1128 797 1461 876 prudentia
1518 800 1839 863 continere
1887 801 2083 879 possit
2136 799 2352 860 subdi—

815 894 912 951 tos
939 890 1004 950 in
1035 890 1362 970 disciplina
1390 892 1681 971 religiosa
1705 938 1721 968 ,
1781 896 1845 954 et
1889 892 2051 953 hanc
2075 938 2091 969 ,
2153 893 2205 953 si
2263 892 2355 972 (ut

814 983 1181 1062 plerumque
1229 983 1555 1064 contingit)
1611 985 1891 1046 relaxata
1941 986 2039 1061 sit,
2100 986 2182 1045 ad
2229 985 2354 1063 pri-

817 1076 1049 1137 stinum
1066 1079 1128 1136 et
1154 1075 1434 1137 debitum
1463 1078 1736 1156 rigorem
1766 1078 2066 1138 reducere
2091 1123 2106 1154 ,
2141 1076 2351 1138 subdi-

814 1172 1039 1247 tosque
1071 1168 1150 1227 ad
1195 1170 1647 1248 perfectionem
1695 1169 2048 1248 religiosam
2097 1189 2355 1250 promo·

818 1279 964 1320 vere
990 1306 1005 1337 ‚
1055 1260 1159 1339 qui
1203 1267 1297 1322 est
1332 1261 1473 1321 finis
1509 1261 1979 1340 gubernationis
2020 1262 2349 1340 religiosae.

819 1354 1024 1425 Quare
1056 1353 1424 1433 plerumque
1456 1353 1772 1433 eliguntur
1801 1373 1925 1415 non
1967 1354 2140 1434 digni
2171 1354 2357 1415 abso-

817 1444 969 1521 lute,
1004 1444 1113 1504 sed
1168 1446 1515 1524 respective
1542 1492 1559 1523 ,
1619 1447 1766 1526 quia
1813 1446 1918 1507 alii
1947 1447 2267 1526 digniores
2295 1450 2359 1508 et

820 1538 1202 1598 sufficientes
1257 1539 1511 1600 omnino
1567 1557 1692 1599 non
1748 1539 2176 1604 inveniuntur.
2225 1540 2359 1601 Erit

822 1635 1032 1691 autem
1062 1632 1264 1710 magis
1311 1635 1483 1693 certa
1524 1631 1661 1692 haec
1709 1632 2008 1711 obligatio
2034 1679 2050 1709 ‚
2102 1632 2355 1712 quando

820 1723 1122 1803 praecedit
1167 1722 1599 1802 juramentum
1655 1723 1927 1803 eligendi
1973 1725 2353 1804 digniorem,

821 1820 929 1877 aut
958 1817 1208 1895 quando
1241 1816 1716 1879 constitutiones
1743 1821 1807 1879 et
1843 1818 2077 1896 regulae
2106 1818 2170 1878 id
2198 1836 2360 1898 prae-

824 1910 1126 1970 scribunt.

901 2002 1037 2062 D’uxi
1086 2006 1321 2079 tamen,
1375 2022 1485 2084 per
1535 2021 1595 2064 se
1645 2001 1951 2084 quuendO,
2005 2022 2142 2064 esse
2197 2003 2361 2063 hanc

823 2094 1269 2173 obligationem
1304 2115 1317 2155 :
1351 2114 1466 2174 per
1493 2095 1782 2156 accidens
1812 2095 1977 2156 enim
1996 2096 2360 2175 contingere

823 2190 1029 2266 potest
1056 2191 1125 2248 ut
1153 2205 1278 2248 non
1310 2187 1409 2249 sit.
1448 2188 1674 2265 Primo,
1710 2189 1858 2268 quia
1889 2188 2025 2249 haec
2057 2189 2358 2268 obligatio

824 2297 951 2339 non
980 2278 1232 2340 videtur
1259 2298 1393 2340 esse
1424 2299 1498 2339 ex
1519 2281 1761 2359 justitia
1791 2281 2209 2357 distributiva,
2243 2299 2361 2342 nec

825 2371 990 2433 enim
1019 2371 1171 2430 mihi
1205 2373 1583 2450 persuadere
1633 2391 1887 2452 possum
1917 2374 2088 2453 quod
2137 2374 2364 2452 praela-

823 2468 980 2527 turae
1011 2464 1330 2543 regulares
1361 2465 1660 2527 instituta}
1693 2465 1818 2527 sint
1845 2485 1920 2526 ex
1950 2466 2362 2545 primariavel

824 2557 1197 2617 secundaria
1225 2557 1590 2633 intentione,
1626 2562 1694 2620 ut
1713 2558 1993 2638 praemia,
2027 2559 2140 2619 sed
2162 2560 2364 2620 solum

826 2650 906 2710 ad
935 2649 1170 2712 bonum
1201 2650 1666 2711 communitatis
1692 2696 1708 2726 ‚
1763 2654 1825 2711 et
1856 2654 1921 2711 ut
1951 2650 2229 2714 habeant
2252 2653 2365 2713 bo-

826 2761 940 2804 nos
970 2742 1260 2821 praelatos
1290 2761 1326 2802 a
1356 2742 1583 2822 quibus
1627 2745 1951 2822 regantur.
1989 2746 2145 2806 Cum
2194 2745 2362 2805 enim

825 2835 1151 2914 religiosus
1178 2839 1376 2896 status
1405 2835 1733 2897 ordinetur
1769 2835 1854 2895 ad
1884 2835 2005 2898 hoc
2033 2841 2103 2898 ut
2130 2837 2366 2899 subditi

825 2927 1084 3007 perfecti
1114 2927 1274 3004 sint,
1319 2930 1787 3006 contemptores
1832 2928 2088 2990 honoris
2125 2934 2363 3008 tempo·

826 3019 973 3080 ralis
996 3066 1012 3096 ,
1048 3024 1110 3081 et
1137 3020 1354 3098 procul
1396 3020 1476 3081 ab
1508 3020 1684 3081 omni
1725 3019 2066 3082 ambitione
2097 3040 2173 3082 ac
2202 3021 2366 3082 desi-

829 3111 1002 3172 derio
1031 3112 1407 3191 imperandi,
1441 3112 1565 3174 imo
1598 3130 1673 3172 ex
1700 3132 1765 3173 se
1795 3113 2182 3176 abhorreant
2209 3113 2367 3194 ejus-

829 3206 1002 3267 modi
1031 3205 1259 3283 officia,
1287 3206 1602 3287 quomodo
1626 3207 2013 3270 institutores
2028 3212 2368 3287 potuerunt

832 3318 907 3361 ex
936 3298 1309 3361 secundaria
1339 3299 1530 3360 etiam
1560 3299 1904 3361 intentione
1933 3301 2015 3360 ad
2047 3301 2166 3361 hoc
2196 3301 2367 3363 insti-

830 3397 1007 3456 tuere
1037 3391 1405 3472 praelaturas
1430 3438 1446 3469 ,
1495 3397 1566 3454 ut
1596 3396 1804 3455 essent
1829 3393 2092 3472 praemia
2117 3393 2368 3455 merito-

830 3485 1020 3551 rum?
1051 3484 1384 3546 Praemium
1438 3485 1604 3545 enim
1635 3505 1758 3547 non
1789 3486 2065 3549 deseruit
2092 3487 2155 3548 in
2184 3506 2363 3565 repu-

829 3578 1017 3655 blica,
1052 3577 1168 3637 nisi
1198 3578 1509 3639 movendo
1555 3582 1616 3640 et
1662 3579 1989 3640 alliciendo
2034 3580 2113 3640 ad
2141 3580 2235 3641 sui
2266 3580 2370 3641 de·

831 3670 1171 3744 siderium;
1224 3670 1392 3751 quod
1419 3676 1629 3733 tamen
1658 3671 2039 3732 desiderium
2078 3673 2370 3752 praelatu-

833 3783 920 3825 rae
964 3764 1028 3824 in
1076 3764 1340 3826 subditis
1393 3767 1487 3825 est
1547 3769 1763 3825 contra
1811 3783 2062 3826 omnem
2116 3784 2372 3846 prorsus

834 3857 1347 3919 constitutionum
1366 3857 1794 3934 intentionem,
1811 3862 1879 3919 ut
1893 3861 2372 3932 constat.Quas·e

833 3950 967 4029 ipse
988 3952 1274 4030 vasquez
1303 3949 1469 4012 dicto
1501 3950 1650 4012 dub.
1685 3967 1753 4012 11.
1790 3951 2040 4028 fatetur,
2073 3952 2187 4013 has
2216 3972 2372 4031 prec-

833 4044 1068 4104 laturas
1096 4062 1222 4103 non
1252 4061 1385 4103 esse
1415 4042 1727 4104 institutas
1758 4047 1828 4105 ut
1854 4044 2114 4123 praemia
2144 4045 2206 4103 in
2232 4045 2373 4105 reli-

833 4135 1041 4216 gione.
1076 4139 1231 4197 Tota
1260 4154 1408 4214 ergo
1440 4135 1578 4197 haec
1609 4135 1906 4216 obligatio
1937 4155 2062 4197 non
2083 4140 2200 4214 est,
2226 4138 2374 4218 quia

836 4249 913 4290 ex
932 4228 1176 4309 justitia
1204 4228 1601 4291 distributiva
1631 4229 1938 4290 debeatur
1955 4229 2368 4309 dignioribuS,

839 4322 1019 4402 quasi
1046 4322 1282 4382 bonum
1311 4340 1642 4383 commune
1674 4341 1784 4402 pro
1816 4322 1967 4400 ipsis
1993 4323 2369 4399 institutum,

837 4414 949 4476 sed
978 4415 1179 4475 solum
1208 4417 1465 4493 propter
1491 4415 1728 4476 bonum
1759 4416 2246 4493 communitatiS,
2274 4416 2374 4477 cui

841 4506 1243 4587 dignissimus
1298 4507 1591 4585 praelatus
1655 4507 1941 4571 debetur.
2007 4508 2186 4570 Unde
2240 4507 2379 4568 fieri

839 4606 1044 4682 potest
1074 4599 1242 4679 quod
1271 4599 1354 4660 sit
1379 4599 1588 4680 aliqua
1639 4601 2057 4663 communitas
2084 4601 2380 4680 religiosa

840 4695 998 4756 adeo
1026 4695 1386 4769 reformata,
1449 4696 1512 4754 et
1563 4692 1625 4752 in
1683 4712 1809 4772 qua
1856 4694 2091 4755 subditi
2134 4694 2377 4758 interno

839 4789 1083 4849 fervore
1114 4785 1285 4847 ducti
1315 4785 1475 4847 adeo
1520 4786 1644 4847 sint
1685 4788 1979 4866 propensi
2008 4787 2088 4847 ad
2136 4786 2380 4867 regula-

841 4900 978 4942 rem
1031 4879 1428 4958 disciplinam
1485 4879 1902 4955 retinendam,
1968 4884 2035 4941 ut
2087 4881 2383 4959 praelatus

843 4993 967 5036 non
1000 4973 1250 5052 dignior
1273 5019 1289 5050 ,
1324 4972 1435 5033 sed
1468 4971 1694 5050 dignus
1740 4972 1935 5051 possit
1961 4973 2094 5034 sine
2125 4974 2248 5035 ullo
2279 4993 2384 5053 pe·

841 5067 1039 5128 riculo
1089 5066 1177 5126 eis
1224 5064 1460 5144 praefici
1494 5083 1508 5125 :
1538 5064 1666 5124 fere
1715 5064 1879 5124 enim
1929 5085 2052 5126 non
2100 5067 2389 5145 indigent

844 5159 1203 5239 superiore,
1258 5157 1369 5217 sed
1418 5161 1597 5236 Juxta
1643 5156 1794 5217 illud
1821 5157 1995 5218 lsaioe
2032 5176 2171 5238 cap.
2204 5176 2290 5235 xl,
2320 5162 2381 5220 6.

843 5253 1008 5315 Puer
1023 5251 1313 5335 parvulus
1340 5249 1585 5311 minabit
1613 5269 1705 5311 eos
1729 5298 1743 5327 ,
1796 5252 2032 5330 absque
2071 5252 2199 5313 ulla
2226 5252 2389 5313 diffi-

845 5347 1099 5408 cultate.
1136 5348 1272 5406 Non
1322 5362 1473 5423 ergo
1533 5348 1697 5405 esset
1750 5346 1986 5405 morale
2041 5345 2389 5424 periculum

848 5437 1155 5519 gravioris
1186 5436 1422 5513 damni,
1458 5436 1509 5496 si
1540 5437 1876 5515 eligeretur
1899 5437 2148 5517 dignuS,
2175 5442 2237 5500 et
2264 5455 2390 5498 non

849 5532 1132 5595 omnium
1177 5530 1604 5610 dignissimuS‚
1663 5530 2034 5611 praesertim,
2093 5549 2238 5593 cum
2285 5549 2390 5610 ap-

2531 800 2823 862 Secundo
2855 805 3188 863 excusatur
3229 802 3467 864 elector
3511 801 3883 879 frequenter
3912 801 3976 860 ab
4083 867 4084 870 Ἴ

2451 893 2738 972 eligendo
2797 893 3185 973 dignissimo,
3246 895 3395 974 quia
3443 894 3546 954 ille
3589 894 3701 972 qui
3751 892 3979 970 dignior

2451 988 2635 1061 esset,
2668 990 3016 1066 occupatur
3058 988 3123 1047 in
3151 988 3392 1047 bonum
3422 985 3717 1065 ejusdem
3745 985 3981 1062 religio-

2451 1078 2547 1139 nis
2575 1076 2712 1138 aliis
2739 1079 3122 1156 ministeriis,
3157 1099 3217 1141 v.
3251 1099 3349 1158 gr.
3382 1076 3860 1152 concionando,
3889 1077 3982 1138 do-

2454 1169 2676 1246 cendo,
2711 1171 2809 1230 vel
2837 1171 3102 1232 tortasse
3132 1172 3365 1233 assistit
3404 1169 3678 1250 principi
3708 1169 3928 1243 alicui,
3951 1188 3984 1228 a
4049 1168 4084 1206 ‘³¹

2453 1281 2577 1343 quo
2606 1262 2872 1324 multum
2899 1266 3032 1324 tota
3060 1264 3279 1343 religio
3308 1263 3545 1343 pendet
3576 1281 3594 1327 :
3629 1280 3834 1342 quare
3860 1280 3984 1322 eum

2453 1355 2517 1415 in
2546 1355 2665 1416 hac
2694 1356 2996 1418 electione
3026 1357 3259 1418 debeat
3284 1357 3490 1418 solum
3518 1355 3773 1417 attendi
3797 1357 3981 1432 majus

2450 1448 2702 1516 bonum
2717 1448 2907 1509 totius
2925 1449 3414 1525 communitatiS,
3439 1452 3502 1509 et
3519 1449 3649 1509 boc
3669 1448 3755 1508 sit
3776 1446 3982 1526 majus,

2452 1540 2505 1600 si
2533 1539 2784 1619 dignior
2808 1541 2911 1601 ille
2941 1558 3069 1600 non
3096 1541 3210 1601 fiat
3237 1541 3542 1620 superior,
3603 1539 3721 1600 sed
3751 1546 3986 1599 maneat

2452 1630 2519 1692 in
2547 1649 2658 1693 suo
2688 1632 3033 1693 ministerio
3058 1678 3074 1709 ,
3124 1634 3358 1712 poterit
3383 1633 3552 1695 licite
3598 1632 3769 1693 alius
3800 1633 3985 1691 minus

2454 1724 2682 1804 dignus
2711 1725 2887 1804 eligi,
2939 1726 3088 1805 quia
3129 1726 3253 1787 boc
3293 1732 3389 1788 est
3433 1726 3651 1788 utilius
3676 1725 3805 1787 toti
3832 1742 3984 1785 com-

2455 1817 2767 1880 munitati.
2803 1818 2962 1891 Quia
2988 1823 3201 1879 tamen
3230 1818 3750 1898 periculumesse
3777 1823 3981 1895 potest,

2456 1929 2535 1973 ne
2577 1910 2878 1989 paulatim
2931 1910 3275 1990 langueant
3317 1910 3562 1987 studia,
3622 1911 3675 1971 si
3725 1910 3988 1988 magistri

2457 2020 2697 2079 omnes,
2730 2002 2830 2064 vel
2858 2004 3332 2066 concionatores
3360 1999 3438 2065 ea
3466 2004 3771 2065 decausa
3799 2004 3986 2062 exciu-

2458 2096 2689 2157 dantur
2720 2115 2756 2156 a
2784 2096 3169 2174 praelaturis,
3220 2102 3412 2177 atque
3457 2098 3604 2158 ideo
3654 2096 3892 2157 subditi
3915 2096 3988 2155 ln·

2455 2189 2676 2250 boi-em
2706 2188 2980 2249 docendi
3005 2190 3106 2250 vel
3141 2190 3562 2252 concionandi
3594 2189 3881 2268 fug-iant,
3925 2208 3987 2247 ne

2459 2281 2713 2342 inutiles
2741 2282 3090 2343 reddantur
3127 2282 3209 2343 ad
3254 2301 3526 2343 munera
3550 2282 3906 2360 superiora,
3932 2288 3988 2342 et

2460 2391 2709 2452 semper
2753 2376 3061 2451 cogantur
3106 2373 3364 2435 obedire
3409 2373 3822 2453 junioribus;
3869 2391 3984 2450 pre-

2461 2466 2675 2526 dentia
2705 2465 3056 2526 necessaria
3083 2469 3209 2541 est,
3242 2470 3312 2526 ut
3338 2465 3402 2525 bi
3432 2465 3658 2542 etiam,
3690 2466 3746 2526 si
3778 2464 3988 2544 dig-«ie-

2462 2577 2563 2619 res
2617 2557 2893 2637 alioquin
2938 2558 3094 2634 sint,
3152 2558 3496 2638 aliquando
3542 2558 3800 2638 praelati
3839 2559 3985 2631 fiant,

2463 2655 2526 2712 et
2555 2650 2813 2730 quidem
2841 2668 2967 2711 non
3007 2650 3238 2712 debent
3285 2655 3436 2711 tunc
3463 2650 3757 2730 incipere
3787 2670 3824 2710 a
3852 2669 3987 2729 prae-

2460 2742 2680 2804 laturis
2708 2742 2939 2803 infimis
2962 2788 2979 2819 ,
3029 2742 3141 2803 sed
3185 2742 3420 2803 assumi
3453 2742 3538 2802 ad
3567 2743 3870 2823 majores.
3898 2742 3984 2802 Sic

2462 2837 2629 2896 enim
2658 2835 2924 2914 legimus
2972 2837 3037 2898 S.
3070 2836 3590 2897 Bonaventuram
3615 2882 3634 2912 ,
3675 2855 3828 2897 cum
3867 2841 3987 2897 actu

2462 2928 2670 2989 adhuc
2718 2928 2996 3006 doceret,
3056 2946 3171 2989 nec
3226 2947 3512 3007 unquam
3569 2929 3984 3007 gubernasset,

2462 3021 2697 3083 factum
2725 3021 2916 3082 fuisse
2943 3020 3134 3082 totius
3162 3021 3400 3082 ordinis
3426 3022 3829 3100 generalem.
3859 3023 3988 3082 Pas-

2464 3118 2611 3175 sunt
2638 3113 2807 3174 enim
2835 3112 3142 3195 ejusmodi
3197 3113 3488 3175 homines
3517 3114 3707 3175 brevi
3735 3120 3989 3193 tempm

2464 3226 2875 3288 compensare
2904 3207 3218 3269 defectum
3244 3208 3665 3286 experIentiae
3692 3210 3761 3269 in
3792 3208 3989 3287 guber·

2466 3302 2695 3376 nando,
2728 3319 2916 3381 quem
2946 3300 3200 3378 habent,
3242 3318 3386 3361 cum
3415 3319 3533 3380 pro
3562 3301 3801 3382 maJori
3829 3319 3989 3379 capa-

2468 3394 2678 3471 citate,
2713 3398 2775 3454 et
2802 3392 3107 3471 doctrina,
3141 3411 3265 3472 qua
3293 3394 3558 3472 pollent,
3589 3394 3848 3455 facilius
3872 3412 3988 3472 pos-

2466 3487 2591 3548 sint
2615 3486 3014 3565 gubernandi
3046 3489 3247 3548 artem
3274 3486 3339 3546 in
3368 3487 3582 3565 gradu
3615 3485 3988 3549 eminention‘

2467 3598 2858 3660 comparare.

2548 3672 2760 3735 Tertio
2818 3674 3152 3733 excusatur
3213 3671 3592 3751 plerumque
3648 3673 3880 3734 elector
3923 3671 3986 3731 ab

2470 3765 2756 3846 eligendo
2788 3765 3098 3844 digniori,
3150 3764 3298 3843 quia
3342 3765 3619 3825 multum
3649 3765 3902 3845 expedit
3923 3763 3986 3824 ed

2469 3859 2708 3920 bonum
2737 3876 3071 3919 commune
3095 3902 3111 3933 ,
3169 3861 3238 3919 ut
3271 3858 3641 3936 praelaturae
3691 3859 3988 3938 regular&

2471 3971 2595 4013 non
2625 3956 2920 4012 maneant
2952 3951 3117 4012 inter
3142 3950 3388 4030 aliquos
3416 3969 3681 4029 paucoS,
3705 3952 3820 4012 sed
3837 3950 3986 4010 multi

2473 4044 2602 4124 apti
2631 4046 2787 4107 fiant
2812 4044 2893 4103 ad
2938 4043 3283 4122 regendum
3328 4048 3392 4105 et
3435 4043 3771 4104 varientur
3803 4061 3991 4123 perso-

2474 4156 2571 4199 nae
2605 4159 2617 4199 :
2652 4137 2734 4199 ad
2771 4137 2892 4199 hoc
2928 4142 3139 4199 autem
3185 4140 3435 4216 oportet
3478 4138 3756 4216 probare
3805 4138 3912 4197 bos
3941 4141 3993 4195 et

2471 4232 2631 4307 illos,
2662 4249 2740 4290 an
2770 4230 2899 4309 apti
2922 4230 3068 4307 sint,
3104 4229 3273 4309 quod
3295 4228 3404 4308 jus
3432 4228 3569 4289 sine
3591 4230 3812 4309 aliqua
3837 4247 3994 4306 expe-

2470 4323 2695 4385 rientia
2724 4322 3013 4401 cognosci
3062 4339 3184 4383 non
3232 4326 3459 4401 potest.
3511 4322 3723 4393 Quare
3789 4324 3988 4401 potest,

2474 4417 2601 4477 imo
2644 4416 2983 4495 aliquando
3014 4415 3202 4476 debet
3229 4414 3619 4493 praetermitti
3667 4416 3877 4476 senior
3912 4413 3993 4472 ille

2478 4509 2584 4590 qui
2615 4508 2720 4569 diu
2750 4508 3145 4587 gubernavit,
3167 4511 3311 4569 etse
3332 4507 3625 4586 probavit
3642 4508 3990 4586 digniorem,

2478 4608 2543 4664 et
2570 4602 2716 4680 eligi
2747 4602 2906 4662 alius
2928 4600 3175 4680 junior;
3221 4605 3358 4662 tum
3395 4605 3465 4661 ut
3509 4602 3863 4678 praelaturae
3892 4618 3990 4659 non

2477 4694 2968 4775 praescribantur
2994 4692 3162 4771 apud
3211 4691 3519 4772 quosdam
3567 4711 3809 4771 paucos
3838 4714 3853 4753 ε
3883 4700 3993 4753 tum

2479 4792 2549 4848 ut·
2576 4786 2683 4846 alii
2712 4785 3016 4865 paulatim
3047 4784 3175 4862 apti
3202 4786 3396 4857 fiant;
3429 4784 3718 4864 alioquin
3735 4786 3994 4846 deficien-

2478 4881 2645 4943 tibus
2695 4879 2815 4939 illis
2863 4878 3215 4939 senioribus
3236 4923 3252 4953 ,
3311 4877 3536 4956 religio
3595 4896 3725 4939 non
3768 4877 3994 4939 habehit

2483 4973 2658 5049 alios,
2693 4971 2799 5051 qui
2828 4970 3166 5032 succedere
3182 4969 3303 5029 illis
3327 4970 3594 5048 possint,
3620 4972 3741 5031 nisi
3762 4972 3835 5031 de
3853 4988 3993 5030 nom

2482 5066 2658 5141 fiant,
2694 5064 2861 5144 quod
2891 5064 3050 5124 solet
3078 5061 3454 5141 gravissima
3499 5061 3896 5125 incommoda
3919 5061 3996 5120 ai·

2485 5157 2672 5219 ferre.

2568 5252 2798 5323 Quarto
2829 5249 3041 5326 cred0,
3075 5248 3360 5310 excusari
3392 5248 3745 5328 aliquando
3764 5265 3994 5327 genera-

2488 5345 2636 5420 lem,
2665 5343 2765 5403 vel
2794 5343 3094 5403 electores
3142 5341 3433 5419 eligendo
3483 5342 3701 5403 minus
3742 5343 3989 5421 dignum,

2488 5437 2637 5517 quia
2673 5436 2939 5497 multum
2978 5434 3319 5516 aliquando
3368 5435 3625 5513 expedit
3668 5435 3754 5496 ad
3793 5435 3989 5495 honum

2488 5548 2818 5595 commune
2846 5529 3023 5591 illum
3052 5545 3347 5590 amovere
3397 5528 3478 5590 ab
3523 5528 3741 5609 aliquo
3768 5529 3876 5589 alio
3899 5524 3991 5585 mi·

4013 949 4085 1098 ἐ.

4043 1117 4084 1161 μ

4021 3818 4085 4066 Aleti
4083 3730 4084 3735 ι
