4263 6376
620 1775 691 1834 31

540 1900 618 1954 Qui
645 1912 740 1954 poss
742 1899 782 1942 in
757 1905 801 1942 nt

551 1966 602 1998 ex
622 1953 780 1995 cambio

590 2007 748 2049 minuto

589 2060 757 2103 lucrari.

614 4185 693 4243 32

515 4306 724 4351 Canubium
744 4307 809 4349 lo-

515 4361 605 4403 cale
636 4362 807 4413 licitum,

531 4415 692 4456 etutile
710 4419 790 4461 est.

863 301 983 360 400
2034 297 2135 355 DE
2177 295 2532 356 JUSTl'rlA
2577 293 2677 354 ΕΤ
2718 294 2917 356 JURE

865 473 1069 535 vimus
1096 474 1257 553 disp.
1290 490 1458 535 xxvr.
1483 472 1552 535 de
1579 483 1752 554 empt.
1778 482 1832 533 et
1856 472 2070 533 vendit.
2105 477 2257 533 sect.
2295 488 2388 534 111.

867 568 1204 647 negotiatio
1235 567 1667 628 ecclesiasticis
1710 567 2040 627 interdicta
2068 584 2194 626 non
2224 583 2395 625 com-

866 659 1199 739 prehendit
1226 661 1423 720 solam
1453 660 1834 738 emptionem
1885 660 1964 719 ad
1996 658 2396 719 vendendum

867 771 1008 814 cum
1054 751 1227 813 lucro
1252 800 1267 828 ,
1328 753 1437 813 sed
1485 753 1674 813 etiam
1721 752 2246 830 permutationem
2267 803 2284 826 ,
2336 752 2398 811 et

866 846 1072 925 quoad
1103 846 1219 906 hoc
1247 845 1415 904 idem
1442 850 1554 922 est,
1579 845 1628 904 si
1650 864 1784 905 rem
1814 863 1986 905 emas
2014 845 2093 904 ad
2124 844 2396 903 venden-

866 938 1037 1015 dum,
1070 957 1144 999 ac
1172 938 1225 997 si
1255 939 1711 1016 permutatione
1740 939 2029 1017 acquiras
2058 937 2138 997 ad
2170 937 2394 997 iterum

866 1049 1007 1091 cum
1037 1031 1207 1090 lucro
1239 1031 1721 1108 permutandam
1744 1076 1759 1106 ‚
1794 1031 2047 1109 quando
2080 1050 2153 1090 eo
2184 1030 2394 1089 animo

864 1123 929 1183 id
982 1123 1156 1183 facis.
1230 1124 1566 1201 Supposita
1620 1129 1827 1184 tamen
1886 1122 2194 1184 sententia
2247 1120 2395 1182 satis

864 1216 1178 1276 communi
1208 1216 1292 1275 ibi
1324 1216 1596 1277 adducta
1617 1262 1632 1291 ‚
1693 1216 1859 1294 quod
1912 1234 2038 1276 non
2067 1215 2147 1277 sit
2173 1231 2396 1293 pecca-

865 1312 995 1367 tum
1024 1327 1214 1386 grave
1237 1354 1254 1380 ‚
1314 1308 1363 1367 si
1411 1307 1870 1369 ecclesiasticus
1901 1326 2023 1367 non
2057 1327 2131 1368 ex
2163 1307 2390 1383 officio,

866 1400 975 1460 sed
1003 1418 1151 1460 casu
1179 1401 1370 1461 semel
1401 1402 1498 1461 vel
1525 1402 1751 1462 iterum
1782 1400 2135 1478 negotietur
2155 1446 2171 1476 ,
2227 1400 2395 1460 idem

866 1493 1202 1553 dicendum
1232 1495 1349 1555 erit
1377 1494 1455 1554 de
1499 1511 1571 1554 eo
1622 1494 1728 1572 qui
1773 1494 1968 1554 semel
2017 1498 2125 1554 aut
2170 1493 2396 1555 iterum

869 1586 987 1647 hoc
1033 1587 1239 1648 animo
1287 1587 1583 1666 pecunias
1630 1605 1741 1665 pro
1772 1586 2053 1666 pecuniis
2080 1589 2397 1666 permuta-

865 1684 981 1740 ret.

947 1772 1177 1835 Ultimo
1208 1772 1548 1848 dubitatur,
1576 1772 1678 1851 qui
1709 1773 1948 1850 possint
1972 1772 2138 1833 licite
2169 1772 2397 1833 lucrari

870 1885 944 1929 ex
972 1866 1218 1926 cambio
1246 1866 1487 1927 minuto
1513 1912 1528 1942 ‚
1579 1884 1689 1926 seu
1736 1865 2016 1945 pecunia!
2060 1884 2173 1943 pro
2214 1884 2397 1944 pecu·

868 1960 1015 2021 nia?
1043 1962 1225 2039 Resp.
1257 1958 1551 2036 breviter,
1577 1958 1654 2018 de
1680 1958 1821 2037 jure
1844 1963 2081 2020 naturae
2110 1959 2400 2021 omnibus

868 2054 929 2113 id
965 2054 1185 2125 licere3
1244 2051 1321 2111 de
1361 2050 1504 2130 jure
1533 2056 1743 2112 autem
1789 2052 2086 2113 canonico
2116 2051 2399 2112 illicitum

870 2147 990 2208 erit
1017 2143 1449 2206 ecclesiasticis
1477 2162 1549 2205 eo
1580 2144 1767 2204 modo
1793 2191 1808 2220 ‚
1861 2162 1983 2223 quo
2035 2145 2222 2223 paulo
2254 2148 2398 2204 ante

872 2238 1303 2318 explicuimus.
1340 2239 1426 2297 De
1450 2236 1592 2315 jure
1623 2241 1833 2297 autem
1862 2237 2135 2315 Hispano
2157 2282 2172 2312 ‚
2225 2256 2306 2296 an
2334 2237 2397 2297 id

870 2330 1251 2411 prohibitum
1281 2331 1361 2390 sit
1386 2330 1519 2389 aliis
1550 2348 1738 2409 quam
1759 2330 2023 2409 publicis
2052 2330 2395 2409 campsori-

870 2425 1006 2501 buS‚
1032 2428 1094 2485 et
1120 2423 1435 2503 quomodo
1464 2424 1633 2501 leges
1660 2423 1781 2482 illae
1818 2423 2096 2502 obligent
2134 2427 2197 2484 et
2223 2423 2396 2484 intel·

867 2517 1142 2596 ligantur
1163 2562 1178 2592 ‚
1225 2515 1422 2575 videri
1452 2519 1657 2594 potest
1682 2516 1915 2576 Molina
1942 2516 2101 2595 disp.
2136 2519 2272 2578 399.
2307 2518 2399 2576 la-

866 2610 989 2670 tius
1018 2609 1194 2671 Salas
1224 2608 1375 2669 dub.
1411 2626 1471 2670 v.
1519 2615 1690 2670 certe
1717 2609 2095 2687 generaliter
2122 2610 2400 2689 loquitur

869 2704 954 2766 Sa
980 2702 1154 2763 verb.
1189 2700 1471 2762 cambium
1502 2719 1673 2762 num.
1707 2704 1768 2762 5.
1803 2702 2016 2762 dicens
2050 2721 2063 2761 :
2109 2703 2396 2764 «cambio

865 2795 1093 2856 lucrari
1124 2795 1312 2856 etiam
1342 2795 1398 2855 ei
1427 2794 1594 2871 licet,
1620 2795 1724 2873 qui
1745 2795 2022 2875 alioquin
2053 2814 2178 2856 non
2207 2795 2400 2858 habet

867 2888 1252 2949 ordinarium
1281 2888 1623 2965 campsoris
1651 2887 1945 2965 officium,
1978 2887 2089 2949 sed
2119 2907 2194 2948 ex
2223 2906 2397 2950 occa-

867 2981 1041 3041 sione
1071 2981 1279 3042 oblata
1305 2981 1443 3042 fuit.
1474 3002 1518 3057 »4

1316 3376 1735 3463 sncvlo
1815 3377 1938 3461 ΙΙΙ.

871 3681 1084 3746 Utrum
1140 3683 1199 3742 in
1255 3681 1474 3742 cambio
1532 3681 1710 3743 locali
1760 3682 1985 3744 Iucmm
2028 3683 2250 3743 licitum
2292 3684 2389 3760 sit,

943 3787 1173 3870 quando
1211 3807 1483 3870 campsor
1529 3787 1703 3870 prior
1745 3788 1996 3870 accipit,
2056 3799 2110 3850 et
2165 3809 2277 3870 quo
2324 3790 2395 3850 ti-

939 3894 1081 3956 tuln.

940 4156 1257 4235 Expeditis
1284 4158 1358 4217 iis
1399 4177 1540 4236 quae
1589 4157 1668 4217 ad
1716 4159 2033 4219 cambium
2083 4161 2394 4223 minutum

860 4269 969 4310 seu
997 4249 1288 4309 manuale
1320 4255 1641 4328 spectant,
1674 4250 2058 4311 dicendum
2033 4272 2168 4332 Jam
2197 4259 2293 4316 est
2317 4254 2394 4314 de

860 4341 1104 4402 cambio
1136 4341 1336 4415 locali,
1362 4361 1471 4401 seu
1501 4361 1614 4422 per
1630 4342 1888 4420 l1ttera8‚
1911 4345 2079 4423 quod
2100 4347 2395 4425 frequen-

857 4435 979 4497 tius
1009 4437 1072 4494 et
1099 4433 1410 4494 difficilius
1441 4441 1599 4496 est:
1657 4436 1909 4514 quando
1952 4438 2249 4499 nimirum
2279 4458 2393 4518 pro

859 4527 1125 4605 pecunia
1192 4528 1405 4586 Roma}
1466 4532 1725 4605 accepta
1782 4530 2068 4591 redditur
2129 4533 2397 4612 pecunia

858 4619 1079 4680 eadem
1101 4665 1116 4695 ‚
1162 4619 1259 4678 vel
1291 4619 1429 4697 plus
1460 4624 1569 4680 aut
1595 4620 1801 4681 minus
1832 4622 1894 4681 in
1927 4624 2046 4684 alio
2076 4625 2237 4686 loco,
2285 4627 2396 4687 Est

855 4718 1068 4772 autem
1098 4711 1217 4772 hoc
1248 4711 1563 4771 cambium
1594 4713 1741 4774 utile
1789 4720 1850 4776 et
1881 4718 2302 4778 necessarium
2330 4719 2392 4779 in

856 4804 1179 4883 republica
1243 4810 1501 4884 propter
1555 4808 1956 4870 necessitates
2010 4810 2389 4890 frequenteS,

857 4898 1084 4977 quibus
1127 4897 1321 4976 aliqui
1368 4896 1655 4979 indigent
1687 4902 1955 4978 pecunia
1984 4903 2045 4963 in
2078 4905 2198 4965 alio
2229 4905 2390 4981 loc0,

857 4983 961 5051 ubi
995 5009 1131 5050 eam
1164 5009 1287 5051 nou
1319 4989 1552 5052 habent
1573 5038 1588 5068 ,
1649 5011 1764 5053 nec
1810 5000 2070 5072 possunt
2106 4996 2239 5057 sine
2267 5016 2397 5058 ma-

854 5102 976 5162 gno
1028 5083 1303 5161 periculo
1354 5087 1416 5143 et
1463 5085 1749 5163 expensis
1789 5087 1961 5147 illam
1992 5108 2063 5149 eo
2096 5090 2340 5152 deferre
2373 5111 2388 5152 ε

854 5195 1046 5255 quare
1077 5175 1496 5237 necessarium
1527 5182 1621 5237 cst
1650 5184 1717 5239 ut
1743 5199 1857 5258 pro
1888 5182 1997 5241 tali
2029 5183 2273 5244 cambio
2303 5186 2395 5244 lu·

853 5288 1029 5329 crum
1059 5269 1242 5329 detur
1270 5271 1621 5375 campsori‚
1653 5271 1842 5351 idque
1872 5273 2148 5336 fatentur
2176 5296 2393 5338 omues

852 5363 979 5422 DD.
1024 5361 1192 5422 licite
1238 5361 1471 5442 recipi,
1531 5364 1751 5424 saltem
1798 5367 2050 5446 quando
2101 5387 2392 5448 campsor

853 5453 1025 5533 prior
1052 5454 1260 5533 recipi
1299 5454 1629 5533 pecuniam
1659 5455 1802 5517 alibi
1834 5463 2054 5539 postea
2086 5461 2383 5542 dandam,
2488 5484 2671 5547 posse
2700 5468 3107 5547 contingere
3093 5490 3153 5529 in
3186 5472 3562 5551 campsario,
3585 5477 3844 5554 quando
3873 5482 4026 5559 prior

1222 5723 1225 5724 ν
1252 5683 1409 5742 ,sutja
1450 5724 1469 5743 .=

1198 5743 1298 5784 ‘,··''
1340 5783 1347 5788 ⁴
1375 5740 1383 5746 ³
1411 5739 1511 5790 ἱ;1.“ἶΝ

1226 5884 1253 5939 ⁸¹,
1286 5881 1389 5935 ’,Ῐᾶ
1423 5841 1525 5972 pff

1182 5937 1223 5964 ἲ,
1250 5945 1317 5972 ι’ἴψ
1352 5923 1459 5971 λ’·

1192 5965 1433 6028 ““-·-’,]’ἷί·,;ῐ)

2497 488 2653 550 quos
2680 470 2959 531 referunt
2984 473 3047 531 et
3069 474 3417 550 sequuntur
3442 471 3675 534 Molina
3691 471 3847 550 disp.
3879 474 4008 531 403.

2494 565 2663 626 Less,
2698 582 2752 625 c.
2778 579 2955 623 xx111.
2990 563 3139 625 dub.
3175 567 3234 625 3.
3272 564 3509 625 Rebell.
3549 564 3656 624 lib.
3689 580 3766 624 x1.
3819 584 3927 643 qu.
3953 567 4008 624 6.

2495 660 2556 716 et
2585 658 2761 716 Salas
2784 656 2933 716 dub.
2958 673 3099 717 vm.

2577 749 2749 809 Varii
2782 753 2991 808 autem
3040 750 3442 829 assignantur
3483 748 3641 810 tituli
3685 749 3758 808 ad
3797 748 4016 828 justifi-

2496 842 2766 902 candum
2796 842 2915 901 hoc
2945 843 3208 903 lucrum.
4053 894 4138 938 'tn
4152 884 4161 945 ἐκ

2578 935 2820 994 Primus
2851 939 2947 996 est
2987 937 3227 997 ratione
3258 934 3734 997 translationis·
3729 895 4013 1009 Ἴίἦΐιιειὶίε
4055 952 4161 1030 ‚aaa

2496 1044 2620 1105 qua
2651 1027 2918 1104 pecunia
2943 1028 3275 1106 campsarii
3306 1047 3379 1087 ex
3413 1045 3536 1087 uno
3567 1027 3698 1087 loco
3726 1028 3806 1086 ad
3837 1026 4016 1085 alium
4055 1003 4161 1117 ⁸²3]

2495 1119 2557 1178 in
2589 1118 2725 1198 ejus
2771 1121 3040 1224 gratiam
3086 1125 3151 1181 et
3194 1120 3600 1182 commodum
3640 1120 4018 1180 transfertur.

2497 1211 2672 1274 Sicut
2700 1212 2866 1271 enim
2895 1214 3150 1274 nuntius
3179 1214 3278 1274 vel
3295 1231 3487 1291 agaso
3518 1213 3625 1292 qui
3655 1230 3785 1271 eam
3817 1219 4021 1290 porta·

2494 1308 2610 1380 ret,
2643 1305 3000 1365 mercedem
3030 1306 3308 1385 exigeret
3326 1305 3704 1376 suilaboris;
3731 1305 3811 1365 ita
3843 1303 4022 1364 etiam

2496 1414 2785 1475 campsor
2814 1397 2918 1476 qui
2950 1397 3067 1458 hoc
3095 1399 3300 1478 ipsum
3328 1402 3621 1477 praestat,
3670 1404 3874 1477 potest
3900 1415 4026 1475 pre-

2492 1488 2649 1548 tium
2676 1489 2841 1550 illius
2872 1490 3290 1552 translationis
3320 1490 3606 1569 accipere
3656 1511 3669 1551 ε
3718 1508 3859 1550 nam
3892 1489 4027 1549 licet

2496 1579 2627 1659 ipse
2673 1599 2893 1642 revera
2938 1601 3061 1642 non
3108 1584 3468 1655 transferat;
3522 1584 3644 1644 hoc
3691 1587 3900 1643 tamen
3943 1588 4026 1642 est

2498 1691 2611 1750 per
2646 1673 2937 1735 accidens
2983 1678 3048 1736 et
3087 1676 3357 1754 pertinet
3397 1675 3480 1735 ad
3526 1676 3898 1737 industriam
3937 1674 4024 1735 vel

2498 1765 2807 1825 fortunam
2839 1766 3066 1844 ipsiuS,
3120 1769 3227 1847 qui
3279 1769 3613 1847 pecuniam
3658 1768 3723 1828 in
3772 1770 3870 1828 illo
3915 1768 4024 1827 alio

2497 1857 2635 1918 loco
2681 1864 2967 1936 paratam
3016 1861 3239 1937 habet,
3273 1863 3416 1942 squa
3459 1862 3749 1921 laborem
3785 1861 4026 1922 transie-

2496 1950 2677 2009 rcndi
2706 1957 2980 2013 excuset.
3042 1953 3217 2015 Sicut
3256 1954 3309 2014 si
3338 1954 3663 2033 negotium
3685 2002 3703 2030 ,
3737 1960 3840 2014 aut
3864 1954 4024 2014 litem

2500 2042 2734 2103 habeas
2763 2043 2825 2103 in
2845 2044 2983 2105 loco
3011 2045 3287 2123 distanti,
3324 2047 3404 2107 ad
3436 2066 3633 2127 quam
3661 2048 3907 2109 mittere
3933 2047 4026 2108 de·

2496 2134 2609 2196 bes
2638 2136 2943 2197 famulum
2964 2138 3062 2198 vel
3093 2144 3587 2216 procuratorem,
3612 2158 3864 2218 possum
3894 2158 4021 2218 ego,

2497 2228 2697 2307 pretio
2728 2234 3009 2308 accepto,
3043 2232 3359 2309 suscipere
3389 2250 3547 2292 onus
3579 2232 3758 2309 illud,
3777 2234 3920 2293 licet
3941 2252 4025 2292 re-

2497 2339 2649 2380 vera
2679 2339 2800 2381 non
2845 2322 3152 2384 missurus
3198 2324 3316 2384 sim
3363 2324 3666 2403 aliquem,
3725 2328 3870 2405 quia
3905 2326 4024 2404 jam

2499 2413 2701 2473 habeo
2731 2414 3034 2474 famulum
3059 2416 3155 2475 vel
3187 2421 3661 2495 procuratorem
3691 2437 3900 2479 meum
3927 2420 4024 2495 ibi,

2500 2505 2605 2585 qui
2645 2524 2823 2585 aeque
2853 2506 3014 2567 bene
3046 2527 3179 2568 rem
3213 2514 3386 2569 tuam
3417 2515 3587 2587 aget,
3623 2529 3698 2571 ac
3728 2512 3826 2571 ille
3853 2530 4026 2591 quem

2498 2604 2564 2659 tu
2597 2598 2844 2659 mittere
2867 2600 3196 2677 potuisses.
3230 2603 3525 2663 Fatemur
3554 2608 3768 2664 tamen
3794 2605 3857 2665 id
3874 2604 4026 2684 quod

2499 2690 2786 2770 praedicti
2815 2697 3105 2753 auctores
3135 2694 3504 2771 observant,
3557 2697 3769 2757 minus
3814 2698 4028 2758 debere

2499 2784 2778 2863 recipere
2826 2803 3220 2864 campsorem
3266 2806 3378 2865 pro
3410 2788 3531 2849 hac
3559 2790 3817 2851 virtuali
3845 2798 4026 2851 trans-

2496 2876 2726 2937 latione
2775 2878 3055 2954 pecuniae
3080 2925 3097 2955 ,
3140 2898 3327 2958 quam
3367 2880 3628 2942 daretur
3668 2883 3889 2944 nuntio
3935 2885 4025 2961 qui

2499 2987 2639 3030 eam
2669 2974 2977 3047 portaret;
3013 2972 3160 3050 quia
3186 2978 3441 3051 propter
3468 2975 3721 3052 copiam
3741 2981 3806 3036 et
3824 2994 4030 3054 oppor-

2498 3062 2829 3123 tunitatem
2859 3082 3255 3142 campsorum
3271 3065 3406 3144 jam
3434 3067 3682 3127 facilius
3702 3068 4024 3143 invenitur,

2498 3155 2605 3234 qui
2634 3154 2754 3216 hoc
2784 3155 3160 3218 beneficium
3188 3163 3443 3238 praestet
3463 3207 3478 3237 ,
3515 3166 3577 3222 et
3606 3165 3868 3240 propter
3893 3162 4029 3222 saci·

2495 3247 2737 3309 litatem
2765 3248 2828 3308 id
2860 3252 3234 3329 exequendi,
3266 3253 3536 3331 pretium
3569 3255 3795 3314 merito
3827 3256 4029 3315 decre-

2496 3341 2606 3401 vit.
2640 3343 2766 3402 Nec
2788 3342 3059 3422 denique
3090 3344 3330 3422 obstat,
3385 3346 3554 3424 quod
3596 3366 3896 3427 campsor
3919 3367 4026 3408 non

2496 3431 2724 3492 reddat
2773 3433 3065 3494 eamdem
3113 3436 3444 3514 pecuniam
3488 3443 3820 3515 acceptam
3851 3440 3911 3498 in
3939 3439 4026 3498 illo

2497 3524 2618 3585 alio
2646 3524 2809 3601 loco,
2831 3525 2941 3587 sed
2970 3527 3181 3603 aliam,
3209 3533 3397 3608 atque
3425 3529 3568 3590 ideo
3601 3549 3726 3591 non
3757 3530 4029 3592 videatur

2497 3634 2636 3676 eam
2681 3618 3053 3691 transterre3
3106 3620 3249 3698 quia
3295 3639 3498 3700 neque
3544 3623 3735 3682 etiam
3789 3624 4028 3686 nuntius

2496 3708 2601 3788 qui
2632 3727 2773 3769 eam
2800 3715 3118 3788 portaret;
3171 3711 3428 3775 deberet
3455 3714 3743 3775 eamdem
3791 3716 3866 3775 in
3896 3716 4029 3776 indi-

2494 3800 2682 3861 viduo
2731 3801 2855 3862 illic
2892 3802 3195 3880 reddere,
3245 3805 3356 3865 sed
3403 3807 3793 3869 satisfaceret
3834 3809 4028 3868 dando

2495 3892 2683 3953 aliam
2711 3893 2980 3954 similem
3011 3900 3075 3957 et
3100 3897 3443 3976 aequalem3
3479 3917 3669 3977 quare
3699 3901 3858 3962 licet
3875 3919 4027 3962 cam·

2494 4003 2642 4063 psor
2667 3986 2880 4047 statim
2911 3988 3197 4067 acquirat
3223 3990 3569 4051 dominium
3611 3994 3912 4071 pecuniae
3945 3994 4029 4054 hic

2494 4081 2789 4157 acceptae,
2845 4080 3055 4141 adhuc
3098 4080 3466 4160 intelligitur
3508 4102 3646 4144 eam
3688 4086 4031 4147 virtualiter

2495 4170 2741 4232 deferre
2771 4172 2832 4231 in
2866 4173 3058 4233 alium
3088 4174 3320 4251 locum,
3355 4176 3419 4235 in
3441 4195 3563 4255 quo
3594 4177 3786 4238 debet
3815 4178 4031 4240 tibive-l

2495 4281 2636 4322 eam
2667 4264 2764 4323 vel
2795 4264 2985 4325 aliam
3016 4265 3287 4326 similem
3312 4267 3498 4339 dare;
3549 4287 3745 4347 quare
3791 4271 4032 4332 videtur

2494 4356 2708 4416 locare
2737 4376 2919 4417 suam
2955 4376 3212 4438 operam
3242 4364 3305 4421 et
3334 4359 3703 4422 industriam
3751 4362 3842 4423 ad
3893 4365 4030 4423 hanc

2494 4449 2996 4527 translationem,
3030 4451 3552 4529 cujuslocationis
3580 4455 3860 4532 pretium
3895 4457 4031 4517 acci·

2494 4559 2642 4619 pere
2671 4547 2896 4621 potest.
2946 4543 3123 4616 Quod
3153 4546 3458 4622 pretium,
3510 4547 3558 4606 si
3581 4548 3828 4625 justum
3867 4551 4032 4610 fuerit

2494 4639 2732 4695 attenta
2780 4637 3092 4713 paucitate
3134 4638 3233 4697 vel
3282 4639 3463 4717 copia
3505 4659 3956 4719 campsorum‚
3982 4649 4032 4703 et

2494 4725 2814 4786 cambium
2852 4728 3197 4805 petentium
3218 4776 3234 4805 ‚
3270 4731 3440 4790 nulla
3469 4736 3563 4793 cst
3588 4732 3910 4808 injustitia
3937 4754 4030 4796 nec

2496 4817 2926 4880 damnandum
2957 4824 3051 4881 est
3079 4823 3497 4884 communiter
3525 4826 3794 4904 pretium
3821 4875 3842 4902 ,
3882 4829 4032 4908 quod

2492 4910 2556 4969 in
2586 4911 2718 4971 foro
2748 4930 3078 4973 commune
3110 4920 3223 4976 est.
3260 4916 3322 4976 Si
3340 4934 3490 4977 vero
3511 4918 3590 4977 sit
3618 4922 4027 4994 excessivum,

2496 5008 2851 5065 contractus
2880 5005 2999 5066 erit
3025 5006 3328 5085 injustuS,
3377 5027 3501 5069 non
3557 5015 3769 5071 tamen
3816 5033 4028 5075 usura·

2493 5095 2643 5173 rius,
2677 5114 2819 5156 cum
2850 5116 3140 5176 campsor
3170 5099 3322 5159 nihil
3343 5101 3612 5181 accipiat
3649 5122 3763 5181 pro
3793 5114 4024 5181 mutuo,

2494 5206 2609 5248 nec
2636 5187 2769 5266 ipse
2801 5189 3037 5269 aliquid
3064 5196 3330 5268 mutuet,
3363 5194 3474 5253 sed
3496 5196 3704 5273 potius
3733 5199 3922 5276 prior
3945 5219 4028 5260 ac-

2493 5280 2684 5360 cipiat
2704 5283 3036 5360 pecuniam
3065 5284 3215 5345 alibi
3244 5286 3658 5349 reddendam.

2571 5373 2765 5436 Addit
2790 5395 2826 5435 ι
2834 5394 2940 5437 ero
2969 5377 3200 5438 Molina
3246 5396 3390 5437 cum
3420 5382 3739 5458 Natam-0,
3784 5403 4025 5448 usuram
4115 5397 4156 5454 31
