4263 6376
815 295 931 355 136
1973 288 2075 349 DE
2117 284 2474 349 JUSTITIA
2517 284 2618 346 ΕΤ
2660 285 2860 347 JURE

809 471 895 532 tio
925 489 1080 551 pure
1111 470 1331 531 datum
1378 473 1561 531 esset.
1596 491 1622 526 »
1688 469 1906 548 ltaque
1936 486 2011 528 ex
2043 485 2141 544 eo,
2177 464 2347 546 quod

813 569 1000 626 antea
1028 564 1307 642 legatum
1355 563 1587 623 factum
1617 565 1732 638 est,
1791 562 2193 640 praesumitur
2236 560 2347 621 de-

814 658 1181 719 monstratio
1230 656 1583 731 subsecuta,
1617 673 1741 715 non
1788 655 1941 714 illud
1998 658 2341 731 coarctare,

815 751 926 812 sed
954 770 1086 811 esse
1143 768 1307 810 nova
1337 750 1629 828 quaedam
1659 748 1981 827 dispositio
2015 747 2147 807 sine
2180 765 2342 826 prae-

809 845 1043 925 judicio
1061 842 1495 923 praeeedentiS.
1519 841 1698 904 Unde
1719 841 1906 902 infert
1922 841 2089 931 idem
2112 839 2342 903 Sanch.

818 957 922 997 nu.
959 941 1018 997 5.
1065 936 1185 996 hoc
1215 935 1382 995 idem
1412 935 1751 995 dicendum
1781 953 1915 995 esse
1962 934 2025 993 in
2068 939 2350 995 contrac-

817 1030 980 1091 tibus
1008 1050 1020 1089 :
1055 1028 1103 1088 si
1154 1027 1319 1087 enim
1350 1027 1706 1087 vendideris
1737 1032 1989 1088 centum
2020 1027 2191 1088 dolia
2219 1026 2347 1086 vini

818 1141 891 1182 ex
921 1125 1031 1183 tua
1059 1120 1261 1195 viuea,
1299 1138 1424 1180 non
1455 1120 1685 1181 teneris
1744 1120 1860 1180 nisi
1902 1120 1980 1180 ad
2039 1120 2353 1199 quinqua-

811 1215 989 1293 ginta
1018 1214 1270 1294 quando
1294 1214 1478 1273 vinea
1507 1213 1691 1290 plura
1721 1215 1886 1274 facta
1916 1229 2038 1272 non
2070 1214 2347 1274 fuerunt.

819 1310 1012 1369 Secus
1042 1306 1093 1367 si
1121 1306 1369 1366 dixisti:
1421 1304 1610 1366 Vende
1641 1304 1750 1365 tibi
1774 1313 1998 1365 centnm
2052 1304 2210 1364 dolia
2268 1304 2354 1364 vi-

816 1401 897 1472 ai,
933 1418 1064 1480 quse
1088 1397 1234 1459 dabo
1263 1398 1388 1476 tibi,
1419 1418 1550 1475 seu,
1584 1408 1639 1458 et
1672 1399 1794 1460 haec
1820 1398 1967 1459 dabo
1996 1398 2104 1457 tibi
2129 1417 2203 1457 esc
2231 1417 2356 1458 mea

818 1493 987 1553 vineo
1016 1497 1167 1553 tunc
1224 1492 1391 1552 enim
1448 1491 1641 1552 debes
1687 1492 1937 1552 aliunde
1993 1491 2166 1569 dare,
2202 1492 2253 1551 si
2281 1509 2358 1551 ex

824 1586 1009 1646 vinea
1039 1603 1161 1646 non
1192 1588 1504 1663 suppetat.

557 1689 672 1749 257
902 1680 1044 1741 Jam
1075 1677 1239 1758 quod
1270 1678 1491 1738 attinet
1511 1677 1591 1736 ad
1621 1677 2218 1739 demonstrationem
2249 1678 2359 1738 fal-

501 1813 610 1867 Quid
645 1814 681 1857 ‚i
702 1814 755 1857 si,
826 1790 961 1833 sam
988 1771 1152 1832 circa
1193 1788 1525 1850 personam
1558 1770 1867 1848 legatarii,
1902 1771 2120 1849 regula
2169 1771 2359 1832 etiam

476 1870 589 1910 circa
615 1848 774 1931 bem:
828 1865 1141 1945 generalis
1184 1868 1299 1940 est,
1333 1868 1402 1923 ut
1446 1863 1496 1922 si
1554 1866 1797 1924 constet
1827 1863 1905 1923 de
1959 1882 2231 1944 persona
2259 1864 2361 1924 cui

478 1923 776 1978 namiegaiam
823 1963 1087 2021 testator
1114 1958 1326 2036 legare
1352 1956 1624 2032 volebat,
1661 1955 1949 2035 quamvis
1994 1975 2107 2034 per
2136 1957 2358 2018 falsam

824 2052 1420 2112 demonstrationem
1457 2096 1471 2126 ,
1530 2050 1808 2126 legatum
1867 2068 1990 2110 non
2062 2050 2354 2112 vitietur:

826 2148 895 2206 ut
922 2146 972 2205 si
1008 2145 1212 2205 dicat:
1247 2143 1404 2222 Leqo
1433 2151 1661 2202 centum
1700 2143 1903 2219 Petro,
1937 2143 2043 2224 qui
2091 2153 2177 2204 est
2220 2144 2362 2204 vici-

827 2257 932 2297 nus
978 2237 1037 2296 in
1083 2236 1162 2296 eis
1214 2235 1432 2295 cedibus
1486 2235 1579 2294 vel
1629 2234 1802 2298 habet
1858 2234 2152 2315 proedium
2173 2237 2362 2317 juxta

815 2329 1111 2412 proedz‘um
1156 2347 1339 2388 meum
1370 2348 1383 2388 :
1425 2327 1476 2386 si
1518 2331 1735 2388 tamen
1768 2333 2012 2390 constat
2042 2329 2208 2390 circa
2239 2332 2361 2390 Pe-

826 2430 989 2485 trum
1020 2441 1144 2483 non
1174 2439 1437 2496 errasse,
1472 2421 1582 2481 sed
1639 2421 1842 2482 solum
1873 2422 2039 2482 circa
2095 2422 2362 2502 qualita-

826 2521 972 2580 tem.
1007 2516 1158 2576 Etin
1191 2514 1309 2575 hoe
1338 2533 1463 2574 non
1512 2514 1761 2574 videtui·
1820 2516 2176 2577 necessaria
2237 2516 2363 2577 dis-

824 2610 1040 2670 tinctio
1073 2607 1197 2685 illa,
1232 2608 1401 2688 quod
1430 2608 1540 2668 fiat
1562 2607 1780 2668 eadem
1815 2609 1913 2668 vel
1943 2609 2193 2670 diversa
2223 2629 2360 2671 ora-

827 2703 1012 2776 tione,
1064 2719 1211 2761 nam
1271 2701 1415 2761 licet
1454 2701 1676 2761 eadem
1708 2702 1991 2762 oratione
2021 2703 2152 2777 fiat,
2188 2704 2363 2781 lega-

824 2800 959 2856 tum
990 2813 1112 2855 non
1141 2793 1487 2855 vitiabitur.
1540 2794 1863 2872 Excipitur
1890 2799 2127 2870 tamen,
2164 2814 2367 2875 quan-

826 2889 906 2949 do
936 2889 1202 2968 qualitas
1232 2886 1783 2947 demonstrationis
1827 2887 2000 2947 falsae
2031 2889 2363 2966 praesumi-

824 2985 927 3042 tur
955 2999 1144 3041 causa
1160 2979 1435 3057 legundi,
1470 2998 1595 3058 qua
1625 2979 1836 3040 ablata
1868 2998 1989 3040 non
2019 2981 2360 3060 legaretur;

829 3092 888 3136 v.
914 3092 956 3151 g
982 3075 1149 3150 Lego
1172 3075 1353 3132 Petro
1385 3072 1511 3131 filio
1542 3073 1640 3132 vel
1673 3074 2141 3151 consanguineo
2187 3092 2360 3135 meo:

827 3165 1227 3246 praesumitur
1246 3164 1411 3225 enim
1443 3182 1567 3225 non
1595 3164 1941 3244 legaturuS,
1977 3167 2025 3226 si
2062 3185 2137 3227 ca
2165 3166 2367 3246 quali-

830 3264 924 3322 tas
954 3278 1076 3319 non
1108 3259 1370 3330 inessct;
1407 3277 1599 3338 quare
1644 3258 1751 3319 illa
1780 3277 1905 3319 non
1947 3264 2041 3321 cst
2093 3260 2227 3320 sola
2257 3261 2367 3320 de-

827 3352 1221 3426 monstratiO,
1257 3351 1363 3411 sed
1397 3370 1605 3413 causa.
1641 3351 1946 3413 Videatur
1972 3352 2203 3414 Melina
2235 3353 2367 3414 dic-

827 3450 894 3508 ta
922 3445 1078 3524 disp.
1118 3461 1240 3505 cxl.

579 3558 699 3619 258
901 3542 953 3600 A
985 3537 1223 3599 fortiori
1254 3556 1374 3598 non
1409 3538 1576 3600 valet
1603 3540 1902 3618 legatum,
1938 3538 2192 3617 quando
2244 3543 2368 3600 tes·

500 3684 602 3738 Quid
640 3686 676 3727 a
699 3686 754 3728 sit
830 3635 994 3694 tator
1023 3631 1256 3692 erravit
1284 3631 1474 3691 etiam
1505 3631 1567 3691 in
1599 3649 1893 3710 persona,
1923 3634 1993 3692 ut
2022 3631 2074 3691 si
2119 3633 2370 3711 putavit

536 3718 653 3781 mbu-
684 3740 726 3781 ῑιι
830 3743 965 3786 6556
992 3742 1175 3784 suum
1205 3724 1485 3801 fratrem,
1518 3726 1616 3786 vel
1645 3728 1980 3803 patronum
2003 3742 2148 3783 eum
2178 3743 2366 3804 quem

538 3804 727 3846 pensum.
828 3817 1019 3879 habet
1046 3821 1443 3897 praesentem,
1480 3836 1623 3878 eum
1643 3818 1725 3878 sit
1754 3816 1910 3877 alius
1942 3816 1997 3876 ei
2029 3816 2270 3894 similis,
2306 3821 2368 3879 et

830 3910 1029 3971 dicat:
1092 3910 1247 3989 Leqo
1287 3910 1447 3970 mille
1501 3909 1599 3969 vel
1646 3908 1913 3990 relinquo
1967 3908 2365 3971 lzoeredz'tatem

827 4002 961 4063 lmz'c
1001 4022 1124 4062 meo
1153 4003 1356 4081 fratri,
1406 4003 1501 4063 vel
1532 4007 1831 4081 patrono:
1867 4009 2015 4064 tunc
2059 4002 2227 4063 enim
2272 4022 2364 4064 er-

828 4113 935 4156 ror
963 4100 1056 4157 est
1084 4096 1250 4156 circa
1281 4096 1693 4157 substantiam
1721 4114 2030 4174 personae,
2068 4113 2210 4175 quae
2242 4097 2366 4159 alia

831 4194 925 4250 cst
953 4188 1032 4248 ab
1064 4208 1138 4248 ea
1167 4207 1306 4268 quae
1354 4190 1724 4269 conpritur,
1775 4193 1844 4251 ut
1891 4194 2138 4252 constat
2193 4208 2270 4249 ex
2315 4191 2356 4252 l.

834 4281 1084 4358 Quoties,
1145 4282 1206 4341 in
1254 4282 1518 4362 princip.
1555 4284 1618 4343 ff.
1653 4282 1722 4342 de
1764 4281 1977 4343 laoered.
2012 4283 2358 4362 jznstituewnd.

831 4392 1023 4455 quam
1050 4375 1254 4453 legem
1302 4376 1518 4437 Molin.
1552 4375 1712 4455 disp.
1756 4392 1917 4437 cmx.
1950 4376 2008 4454 ἓ.
2072 4376 2242 4451 Quod
2290 4376 2371 4437 ad

828 4467 1064 4548 somm,
1126 4467 1296 4545 dicit,
1330 4486 1455 4528 non
1504 4486 1639 4529 esse
1688 4468 2064 4530 servandam
2106 4469 2172 4528 in
2227 4468 2362 4529 foro

828 4561 1097 4638 interne,
1135 4561 1235 4621 vel
1265 4565 1544 4638 externe,
1589 4566 1896 4641 quatenus
1954 4561 2152 4636 addit,
2211 4565 2366 4625 tunc

829 4672 1032 4733 neque
1062 4653 1250 4714 etiam
1281 4672 1415 4715 esse
1444 4653 1763 4715 haeredem
1793 4672 1937 4714 eum
1968 4654 2047 4714 de
2086 4673 2211 4734 quo
2241 4659 2364 4717 tes·

824 4751 992 4809 tator
1019 4745 1358 4823 cogitabat,
1392 4751 1454 4807 et
1483 4764 1671 4826 quem
1699 4746 2027 4808 instituere
2078 4746 2363 4809 intende·

827 4840 958 4915 hat,
1002 4839 1149 4919 quia
1205 4839 1325 4900 hoc
1381 4843 1693 4918 repugnat
1734 4838 1860 4920 juri
1915 4843 2190 4913 naturae;
2251 4841 2362 4901 sed

827 4933 1016 4994 credo
1065 4951 1436 5011 responsum
1491 4932 1648 5011 legis
1696 4933 1936 5010 justum
2001 4933 2192 4993 fuisse
2247 4952 2362 5014 pro

826 5032 1094 5106 utroque
1124 5027 1284 5103 fore,
1332 5026 1573 5086 sibene
1614 5045 1794 5086 casus
1833 5026 1996 5086 illius
2052 5026 2361 5105 intelliga-

827 5125 949 5195 tur,
982 5123 1169 5198 prout
1197 5119 1500 5181 intellexit
1525 5119 1732 5198 glossa
1770 5119 1878 5195 ibi,
1902 5137 2129 5199 nempe
2160 5139 2365 5200 quan-

829 5213 909 5274 do
943 5216 1201 5273 testator
1228 5212 1426 5274 voluit
1455 5212 1775 5274 instituere
1807 5212 2085 5289 fratrem,
2145 5219 2207 5274 et
2252 5232 2364 5292 per

829 5325 1103 5367 errorem
1160 5311 1495 5385 patronum
1540 5305 1906 5383 nominavit,
1943 5310 2006 5368 et
2032 5325 2066 5367 e
2098 5312 2354 5369 contra:

830 5417 953 5480 quo
985 5417 1134 5459 casu
1162 5402 1380 5460 neuter
1407 5403 1501 5461 est
1527 5398 1728 5459 haeres
1761 5419 1776 5472 ς
1813 5418 1937 5460 000
1969 5400 2226 5480 quidem
2256 5401 2362 5479 qui

830 5492 1096 5569 scriptus
1126 5494 1241 5564 est,
1274 5510 1417 5553 cum
1447 5511 1570 5554 non
1601 5510 1676 5553 ex
1703 5492 2072 5570 intentione,
2107 5493 2217 5554 sed
2247 5494 2361 5572 per

2448 480 2726 524 errorem
2783 465 3050 543 scriptus
3118 467 3228 529 sit:
3289 486 3493 549 neque
3563 470 3750 532 etiam
3811 471 3981 531 illum

2446 573 2634 634 quem
2692 557 3015 618 nominare
3046 559 3432 639 intendebat,
3482 563 3628 642 quia
3685 563 3767 624 de
3823 564 3982 626 facto

2450 667 2653 728 neque
2684 652 3042 712 nominatus
3072 652 3207 730 fuit,
3245 673 3449 734 neque
3480 674 3592 734 per
3621 656 3838 736 aliqua
3871 659 3985 718 alia

2450 741 2627 820 signa
2673 741 2943 822 juridice
2982 745 3390 824 significatus
3450 749 3711 809 Intentio
3778 755 3985 809 autem

2450 834 2814 895 nominandi
2843 837 2976 897 sola
3006 856 3131 898 non
3163 839 3393 901 sufficit
3448 841 3527 900 ad
3581 841 3988 904 institutionis

2449 928 2751 1006 valorem,
2797 929 2944 992 licet
2985 935 3228 994 constet
3258 932 3337 993 de
3391 933 3737 996 intentione
3794 942 3862 996 et
3916 936 3990 996 de

2454 1039 2688 1098 errore,
2726 1023 2873 1102 quia
2917 1023 3225 1086 institutio
3266 1026 3479 1087 valida
3528 1031 3872 1108 utrumque
3902 1048 3990 1089 re·

2454 1113 2665 1193 quirit,
2698 1119 2761 1176 et
2788 1116 3177 1177 voluntatem
3226 1122 3288 1180 et
3344 1118 3845 1181 declarationem
3898 1140 3981 1181 ex-

2452 1209 2697 1267 ternam
2725 1209 3112 1275 solemnem:
3146 1211 3537 1290 supponibus
3593 1217 3838 1291 autem,
3872 1233 3989 1276 non

2455 1299 2643 1360 fuisse
2676 1301 3068 1363 nominatum
3090 1303 3264 1364 illum
3296 1304 3488 1365 alium
3520 1324 3634 1384 per
3662 1307 3884 1387 aliqua
3921 1308 3993 1368 si-

2455 1411 2602 1470 gna,
2638 1412 2778 1472 quae
2827 1413 2970 1455 eum
3027 1396 3411 1459 sufficienter
3464 1399 3991 1463 demonstrarent.

2458 1484 2521 1546 Si
2554 1492 2765 1547 autem
2807 1493 3100 1566 ageretur
3127 1490 3332 1551 solum
3380 1491 3457 1552 de
3510 1492 3743 1571 legato,
3779 1499 3849 1555 et
3879 1513 3996 1555 non

2457 1577 2535 1638 de
2581 1578 2972 1652 inmeditate,
3033 1600 3177 1642 cum
3225 1583 3506 1662 legatum
3553 1587 3752 1664 possit
3808 1588 3996 1648 etiam

2457 1671 2716 1733 nutibus
2757 1674 3048 1753 relinqui,
3108 1676 3354 1737 minora
3412 1676 3594 1756 signa
3638 1679 4000 1742 sufficerent

2458 1762 2540 1822 ad
2598 1763 2732 1844 ejus
2761 1767 3080 1842 valorem;
3116 1769 3227 1828 sed
3254 1772 3468 1829 tamen
3514 1770 3728 1850 aliqua
3785 1791 3998 1833 coram

2459 1856 2669 1918 debito
2698 1859 2950 1921 testium
2980 1879 3245 1923 numero
3277 1862 3576 1925 exhibita.
3604 1865 3875 1937 Quando
3905 1885 4004 1926 au·

2457 1955 2586 2011 tem
2625 1970 2829 2030 neque
2859 1952 2995 2014 haec
3025 1954 3231 2033 posita
3256 1955 3515 2018 fuerunt
3542 1963 3807 2038 propter
3836 1977 4001 2020 erro-

2459 2061 2614 2118 rem,
2646 2061 2793 2106 vere
2820 2045 3159 2108 dicendum
3190 2052 3285 2111 est
3312 2049 3376 2109 in
3411 2054 3634 2112 neutro
3669 2051 3810 2114 foro
3832 2052 4003 2133 lega-

2457 2138 2699 2224 tum'ab
2730 2138 2985 2202 haerede
3017 2139 3262 2203 haberi.

2543 2230 2871 2308 Quaeritur,
2905 2233 3158 2312 quando
3180 2237 3440 2296 testator
3459 2236 3644 2315 jubet
3665 2237 4002 2299 aedificinm

2461 2321 2541 2383 ab
2571 2322 2822 2385 haerede
2850 2325 2987 2387 fieri
3032 2327 3230 2389 instar
3277 2328 3532 2389 alterius
3580 2330 3754 2409 quod
3801 2331 4003 2392 nomi-

2462 2420 2589 2493 nat,
2624 2435 2767 2477 cum
2795 2422 3007 2480 tamen
3037 2421 3161 2480 tale
3193 2421 3526 2481 aedificium
3576 2441 3701 2483 non
3745 2424 3884 2485 sit?
3931 2427 4004 2485 Et

4103 2261 4179 2318 25¹}

4064 2385 4146 2436 (ΕΑ.
4160 2389 4179 2425 εἰ

4076 2440 4178 2479 mnas

2458 2510 2799 2587 respondet
2825 2512 3059 2574 Melina
3086 2513 3317 2593 disput.
3354 2531 3513 2577 ccxi.
3549 2534 3695 2577 cum
3724 2535 4003 2579 commu·
4080 2511 4100 2534 ‘⁴

2461 2602 2586 2662 nia
2609 2604 2824 2682 judice
2867 2607 3372 2686 compellendum
3417 2608 3739 2671 haeredem
3792 2613 3997 2673 facere

2464 2695 2798 2757 aedificium
2826 2698 2948 2759 tale
2979 2699 3237 2762 arbitrio
3268 2701 3415 2762 boni
3448 2703 3588 2780 viri,
3622 2707 3693 2765 ut
3711 2705 4002 2766 voluntas

2462 2790 2773 2850 testatoris
2801 2790 3158 2870 impleatur,
3180 2794 3310 2855 exl.
3329 2794 3400 2854 In
3422 2802 3782 2869 testamento,
3807 2815 3999 2860 xxvii.

2462 2880 2602 2943 ff.de
2628 2882 3082 2958 conditionibus,
3118 2895 3173 2945 et
3201 2885 3784 2950 dmonstratt'onibus
3815 2938 3833 2969 ,
3870 2909 4003 2972 quae

2464 2976 2785 3054 responsio
2818 2978 3175 3040 confirmari
3192 2982 3424 3059 optime
3445 2986 3651 3061 potest
3669 3002 3746 3043 ex
3772 2985 4003 3046 doctri-

2464 3086 2546 3128 na
2575 3070 2913 3147 communi,
2948 3089 3139 3150 quam
3186 3074 3379 3137 tradit
3410 3078 3644 3137 Suarez
3690 3077 3804 3139 lib.
3840 3081 3997 3141 vm.

2463 3159 2532 3221 de
2561 3161 2670 3242 leq.
2708 3180 2846 3243 cap.
2880 3180 2983 3226 xv.
3018 3184 3192 3228 num.
3226 3172 3285 3229 7.
3319 3169 3639 3232 Benacina
3667 3175 3731 3234 et
3748 3171 4000 3252 aliiplu-

2465 3273 2594 3333 res,
2630 3273 2786 3335 quos
2832 3258 3063 3336 refert,
3123 3264 3188 3321 et
3241 3262 3524 3341 sequitur
3565 3266 3778 3326 Castro
3819 3267 4000 3326 Palae

2464 3353 2615 3410 tom.
2670 3351 2715 3410 I.
2765 3352 2945 3412 tract.
2999 3368 3094 3413 111.
3147 3353 3307 3432 disp.
3344 3371 3431 3417 ιν.
3480 3360 3695 3434 punct.
3731 3375 3801 3419 11.
3854 3360 3911 3438 ς.
3941 3362 3996 3419 8.

2466 3460 2637 3501 num.
2669 3446 2728 3503 4.
2765 3442 2932 3521 quod
2962 3444 3217 3522 quando
3247 3446 3436 3507 alicui
3482 3450 3855 3511 conceditur
3881 3450 4004 3531 pri·

2463 3534 2760 3613 vilegium
2798 3535 3285 3599 determinatum
3327 3539 3733 3619 dispensandi
3769 3544 3838 3603 in
3871 3544 4003 3606 tali·

2464 3627 2581 3688 bus
2608 3628 2790 3705 votis,
2825 3628 3190 3691 absolvendi
3220 3651 3256 3692 a
3285 3633 3513 3695 talibus
3543 3636 3789 3696 casibus
3815 3684 3833 3714 ,
3885 3642 3997 3699 etc.

2465 3720 2625 3782 sicut
2652 3740 3018 3783 concessum
3064 3724 3180 3785 fuit
3225 3727 3409 3788 Petro
3434 3774 3449 3803 ,
3484 3729 3692 3790 valida
3736 3735 3836 3792 est
3863 3749 4001 3793 con-

2465 3815 2698 3892 cessi0‚
2749 3815 2894 3878 licet
2924 3819 3104 3878 Petro
3156 3817 3308 3879 nihil
3353 3821 3478 3882 tale
3518 3823 3706 3884 fuerit
3750 3842 4001 3885 conces-

2464 3926 2625 3985 sum,
2681 3909 2826 3987 quia
2884 3911 3204 3972 concessio
3251 3913 3424 3974 Petri
3471 3933 3594 3975 non
3636 3918 3995 3995 apponitur,

2462 4004 2532 4062 ut
2561 4002 2856 4079 conditiO,
2888 4003 2999 4063 sed
3030 4006 3297 4085 exempli
3336 4008 3540 4086 gratia
3575 4029 3589 4070 ε
3624 4009 3793 4089 quod
3833 4010 3999 4071 idem

2462 4094 2525 4154 in
2553 4113 2700 4155 casu
2731 4099 2941 4158 nostro
2994 4097 3334 4159 dicendum
3382 4105 3515 4178 est,
3568 4121 3710 4163 cum
3759 4108 3998 4167 constet

2464 4186 2825 4250 testatorem
2854 4191 3123 4253 voluisse
3165 4193 3497 4256 {edific-ium
3521 4243 3537 4274 ,
3590 4202 3653 4258 et
3681 4198 3999 4277 conjectu-

2463 4282 2800 4437 raellzaberi
2826 4285 3070 4364 possint
3097 4286 3176 4348 de
3223 4289 3573 4367 quantitate
3603 4293 3666 4352 et
3694 4292 3996 4370 qualitate

2463 4394 2542 4437 vo
2570 4395 2585 4435 1
2619 4396 2678 4437 a.

4193 1315 4199 1384 l

4193 1453 4199 1538 1
