4263 6376
151 1801 203 1881 a}
152 1734 187 1774 ε·

1241 309 1711 372 msrU'rA'rlo
1757 310 1975 387 XXIV,
2023 309 2299 373 SECTlO
2344 312 2501 373 vm.

247 481 375 546 dha
400 486 469 543 et
490 482 721 546 dehita
751 485 1026 560 notabat,
1041 486 1174 564 jam
1190 491 1391 565 potest
1409 487 1632 568 conjici
1662 487 1798 567 ejus

248 593 422 637 mens
451 594 579 638 non
612 577 812 639 luisse
855 579 1127 640 donandi
1159 581 1431 644 omnino,
1483 581 1638 642 lllud
1669 600 1797 641 cer-

250 673 379 729 tum
408 674 528 745 est,
563 674 631 732 et
657 671 940 735 fatentur
967 691 1204 751 omneS,
1238 693 1364 735 non
1394 674 1623 734 dobere
1653 692 1799 735 con-

249 761 392 823 ferri
439 781 560 824 nec
607 767 966 845 computari
1011 770 1295 847 sumptus
1324 786 1480 847 quos
1509 772 1686 847 pater
1713 768 1798 827 fe-

248 856 431 919 cisset
457 876 609 919 cum
639 859 798 937 filio,
817 859 1057 922 etiamsi
1078 860 1141 921 in
1172 861 1392 923 studiis
1408 879 1532 921 non
1556 861 1793 937 fuisset,

251 949 361 1012 nisi
406 952 672 1030 quando
729 953 895 1018 hona
942 954 1052 1018 filii
1100 954 1397 1032 haberet,
1450 973 1525 1014 ex
1573 955 1798 1034 quibus

249 1044 433 1106 otiam
461 1044 606 1107 illus
637 1051 932 1126 sumptus
960 1047 1165 1109 facere
1196 1049 1615 1127 praesumitur,
1652 1065 1795 1107 cum

250 1156 366 1199 non
395 1143 704 1203 teneatur
735 1142 931 1218 gratis
959 1141 1149 1218 alere,
1181 1141 1326 1204 licet
1353 1142 1568 1221 possit,
1601 1141 1797 1202 filium

249 1231 354 1310 qui
380 1232 579 1294 habet
610 1235 787 1295 unde
813 1253 879 1295 se
901 1235 1047 1298 alat.
1083 1235 1281 1308 Adde,
1308 1241 1591 1314 sumptus
1614 1255 1648 1294 a
1668 1235 1794 1295 filio

249 1325 439 1386 factos
468 1326 533 1389 in
565 1327 797 1392 studiis
825 1333 969 1390 ante
997 1328 1192 1407 patris
1219 1331 1509 1405 mortem,
1544 1332 1607 1390 et
1638 1347 1795 1387 non-

249 1417 394 1479 dum
424 1419 674 1482 solutos
701 1467 718 1497 ,
769 1420 999 1484 debere
1047 1441 1123 1482 ex
1168 1422 1349 1483 bonis
1392 1421 1585 1503 patris
1613 1422 1792 1499 solvi,

250 1512 496 1591 quando
530 1531 609 1574 ex
636 1515 839 1593 patris
868 1514 1047 1576 bonis
1078 1516 1382 1578 alebatur.

327 1606 606 1668 Infertur
634 1612 863 1687 quarto
893 1654 908 1684 ,
960 1608 1110 1689 quid
1142 1608 1477 1670 dicendum
1508 1608 1590 1670 sit
1619 1608 1696 1669 de
1724 1608 1798 1669 li-

252 1699 373 1758 bris
401 1717 563 1778 quos
593 1705 784 1779 pater
824 1700 950 1762 filio
1002 1702 1081 1762 ad
1115 1701 1392 1763 studium
1423 1701 1643 1763 dedit?
1670 1702 1798 1763 Ali-

250 1791 352 1871 qui
378 1791 602 1854 dicunt
631 1792 830 1856 libros
855 1798 999 1861 ante
1020 1794 1304 1856 absoluta
1332 1795 1538 1856 studia
1568 1813 1703 1854 esse
1733 1793 1792 1853 in

248 1884 422 1945 bonis
452 1886 658 1964 patris
691 1888 1143 1965 computandos
1175 1907 1189 1952 :
1223 1893 1366 1967 post
1391 1888 1675 1950 absoluta
1695 1906 1797 1947 ve-

250 1998 337 2055 ro,
369 1980 654 2044 maxime
687 1981 937 2060 quando
968 1981 1131 2044 filius
1150 1981 1278 2061 jam
1309 1985 1402 2044 est
1421 1982 1663 2058 doctor,
1696 1982 1796 2042 vel

246 2072 627 2150 licentiatus,
665 2075 1030 2153 advocatus,
1056 2076 1155 2136 vel
1178 2076 1509 2137 exercebat
1537 2093 1677 2154 quoe
1708 2075 1797 2136 di-

250 2167 517 2244 dicerat,
575 2174 694 2236 aut
734 2169 794 2230 in
828 2169 1146 2247 procinctu
1193 2174 1328 2232 erat
1356 2175 1425 2233 ut
1451 2172 1791 2246 exerceret,

250 2261 556 2340 pertinere
590 2262 677 2321 ad
710 2261 927 2324 filium.
989 2261 1109 2326 Alii
1151 2262 1404 2339 dicunt,
1462 2263 1631 2324 idem
1659 2280 1794 2322 esse

250 2353 324 2413 de
353 2354 448 2413 his
476 2357 543 2414 et
579 2354 665 2414 de
699 2353 835 2414 aliis
858 2355 1214 2432 sumptibus
1236 2401 1251 2431 ,
1302 2359 1491 2433 atque
1521 2355 1665 2415 ideo
1714 2355 1793 2414 ad

249 2445 651 2508 collationem
684 2465 811 2508 non
838 2446 1184 2526 pertinere,
1229 2447 1344 2511 nisi
1377 2451 1558 2526 pater
1586 2450 1795 2526 prote-

250 2543 441 2604 status
469 2545 663 2616 esset,
700 2541 797 2602 vel
830 2541 965 2618 ejus
992 2558 1170 2602 mens
1198 2546 1531 2616 constaret,
1556 2541 1654 2602 vel
1682 2541 1792 2600 bo-

250 2650 327 2692 na
354 2632 622 2694 haberet
650 2632 763 2693 filii
806 2653 819 2694 ε
876 2637 1023 2694 tunc
1074 2633 1241 2696 enim
1290 2653 1363 2693 cx
1404 2633 1478 2694 iis
1508 2639 1795 2695 censetur

251 2725 435 2786 libros
464 2727 724 2802 emisse,
749 2725 827 2785 de
857 2726 1083 2804 quibus
1103 2727 1301 2788 videri
1320 2731 1580 2807 possunt
1598 2730 1650 2789 V
1653 2746 1788 2807 asq.

254 2837 415 2879 num.
451 2822 593 2882 152.
630 2822 697 2880 et
724 2818 955 2880 Molina
981 2819 1210 2897 disput.
1239 2821 1557 2898 cxxxlx.§.
1595 2820 1801 2894 Quoad

254 2911 445 2988 libros,
497 2912 610 2992 qui
643 2912 800 2973 alios
829 2913 1129 2975 referunt.
1190 2913 1319 2991 Ego
1351 2918 1500 2991 puto
1527 2959 1542 2990 ‚
1602 2913 1793 2974 libros

255 3022 371 3065 non
414 3023 552 3065 esse
577 3050 595 3081 ,
648 3005 814 3068 sicut
852 3004 1008 3065 alios
1044 3007 1328 3083 sumptus
1373 3009 1788 3081 transeuntes,

254 3097 359 3158 sed
386 3099 597 3176 potius
626 3098 794 3159 sicut
817 3098 941 3158 alia
968 3098 1257 3160 utensilia
1276 3144 1293 3175 ,
1336 3116 1477 3177 quae
1508 3104 1686 3177 pater
1711 3100 1792 3159 ad

256 3210 426 3252 usum
459 3192 571 3255 dat
601 3192 757 3268 filio,
790 3192 852 3251 in
885 3191 1111 3271 quihus
1142 3210 1266 3253 non
1296 3197 1619 3269 censetur,
1651 3211 1795 3273 pro-

258 3285 583 3364 prietatem
631 3285 745 3346 sed
776 3303 958 3346 usum
989 3285 1408 3347 revocabilem
1453 3285 1539 3348 illi
1571 3304 1795 3347 conce-

257 3378 419 3440 dere.
472 3379 685 3452 Quare
727 3379 781 3439 si
822 3377 1028 3439 studio
1078 3396 1201 3439 non
1244 3378 1528 3441 absoluto
1559 3382 1790 3457 extent,

257 3472 543 3534 videntur
571 3472 655 3532 ad
687 3476 931 3551 patrem
961 3470 1275 3549 pertinere
1327 3491 1340 3533 ε
1394 3490 1598 3552 neque
1629 3473 1792 3534 enim

257 3570 545 3645 apparet,
608 3566 779 3626 unde
830 3565 954 3625 sint
999 3565 1165 3626 bona
1210 3565 1387 3645 quasi
1425 3566 1790 3644 castrensia,

260 3676 395 3719 oum
423 3677 545 3721 non
580 3659 713 3720 sint
758 3677 834 3720 ex
862 3658 1068 3720 studio
1112 3664 1511 3737 comparata3
1564 3664 1628 3721 et
1653 3660 1793 3722 ideo

263 3754 569 3817 Navarrus
599 3752 663 3811 in
693 3751 941 3813 Summa
969 3769 1109 3830 cap.
1135 3769 1291 3813 xvn.
1325 3771 1496 3813 num.
1533 3756 1668 3815 159.
1703 3753 1798 3813 di-

261 3844 360 3921 cit,
392 3863 519 3907 non
549 3863 691 3906 esse
720 3844 887 3905 bona
935 3845 1114 3924 quasi
1162 3845 1527 3908 castrensia.
1590 3846 1655 3908 Si
1686 3865 1797 3906 au-

262 3942 377 3999 tem
398 3940 535 4017 jam
566 3937 926 4015 consumpti
954 3937 1115 4012 sint,
1171 3937 1510 3999 dicendum
1559 3940 1678 4000 crit
1718 3939 1795 4000 de

261 4030 392 4109 inis,
424 4031 593 4093 sicut
620 4030 700 4090 de
729 4030 866 4091 aliis
886 4031 1238 4108 sumptibus
1260 4049 1405 4091 cum
1435 4031 1561 4092 filio
1592 4032 1792 4093 factiS.

265 4125 585 4187 Distinctio
614 4124 947 4185 autemilla
965 4124 1127 4184 inter
1156 4124 1361 4185 studia
1389 4124 1674 4187 absoluta
1700 4126 1798 4185 vel

265 4236 379 4278 non
409 4218 723 4291 absoluta,
744 4217 1225 4281 fundamentum
1247 4218 1439 4281 habet
1468 4218 1627 4280 iniis
1658 4237 1799 4299 quae

266 4311 338 4371 dc
364 4311 629 4390 peculiis
656 4312 859 4373 solent
886 4311 1006 4372 dici
1041 4329 1054 4375 :
1091 4316 1385 4376 censetur
1414 4311 1581 4372 enim
1609 4330 1800 4389 pecu·

266 4404 407 4465 lium
437 4405 626 4484 quasi
657 4409 974 4465 castrense
1004 4423 1128 4466 non
1158 4406 1362 4467 solum
1390 4405 1557 4484 quod
1587 4404 1802 4485 acqui-

269 4498 415 4559 ritur
441 4499 654 4560 officio
685 4497 934 4577 publico
961 4544 976 4574 ,
1010 4499 1107 4560 vel
1138 4498 1524 4577 professione
1552 4497 1705 4561 artis
1732 4498 1801 4558 li-

270 4590 485 4653 beralis
511 4638 529 4669 ,
585 4590 697 4651 sed
747 4590 934 4652 etiam
979 4592 1148 4671 quod
1177 4592 1363 4655 datur
1390 4591 1616 4653 intuitu
1661 4591 1803 4654 talis

273 4683 600 4746 functionis
625 4730 641 4760 ,
694 4703 921 4763 nempe
965 4689 1034 4749 ut
1059 4686 1225 4747 filius
1253 4686 1444 4747 talem
1472 4688 1676 4746 artem
1704 4686 1802 4745 vel

272 4777 539 4841 officium
569 4779 967 4857 profiteatur;
1011 4798 1151 4857 quae
1180 4779 1340 4840 ratio
1370 4798 1494 4839 non
1521 4778 1806 4858 procedit

274 4869 330 4929 in
355 4871 526 4935 libris
558 4871 670 4931 filii
697 4871 1025 4933 studentis„
1082 4874 1207 4932 Nec
1236 4872 1402 4935 valet
1449 4872 1804 4950 exemplum

275 4964 488 5042 peculii
519 4965 877 5041 castrensiS,
911 4966 974 5026 in
1004 4983 1129 5045 quo
1158 4968 1305 5026 sunt
1324 4965 1512 5027 etiam
1534 4984 1673 5043 qua»,
1703 4982 1808 5043 pa-

276 5061 364 5117 ter
389 5058 497 5121 dat
524 5057 654 5119 filio
684 5058 858 5118 eunti
886 5058 968 5118 ad
999 5057 1287 5119 militiam
1313 5104 1328 5134 ,
1363 5076 1487 5136 quo
1518 5058 1804 5135 exemplo

278 5153 529 5217 utuntur
557 5151 864 5214 Antonius
896 5153 1124 5211 Gomez
1148 5196 1163 5226 ‚
1198 5155 1260 5211 et
1288 5152 1599 5229 Vasquez;
1658 5150 1806 5229 quia

282 5242 375 5303 illa
402 5243 634 5307 dantur
658 5243 787 5304 filio
801 5243 936 5321 jam
960 5242 1127 5305 eunti
1152 5243 1227 5303 ad
1258 5243 1673 5321 profitendam
1693 5243 1805 5302 mi-

281 5334 486 5412 litiam,
521 5341 585 5400 et
611 5354 751 5397 eam
777 5336 1214 5398 exercendam.
1250 5336 1424 5398 Sicut
1438 5340 1650 5398 autem
1679 5354 1803 5396 non

286 5436 476 5491 essent
504 5431 821 5509 peculium
852 5435 1166 5495 castrense
1183 5430 1310 5506 illa,
1336 5447 1475 5511 quae
1492 5434 1672 5509 pater
1700 5429 1809 5491 dat

3323 314 3438 374 119

1899 488 2026 549 filio
2057 493 2126 551 ut
2155 492 2258 551 eat
2285 489 2364 549 ad
2395 487 2845 550 addiscendam
2873 491 3075 549 artem
3103 488 3439 551 militarem

1901 587 1964 643 et
1990 583 2279 643 bellicam
2307 583 2370 642 in
2399 582 2618 643 schola
2651 581 2916 660 alicujus
2946 581 3050 661 qui
3084 600 3223 642 eam
3252 583 3441 644 doce-

1901 679 2025 746 ret;
2059 676 2208 754 quia
2235 676 2338 736 ille
2369 695 2492 737 non
2523 676 2572 737 it
2598 675 2679 736 ad
2728 674 3126 736 militandum
3148 721 3165 748 ,
3217 675 3327 735 sed
3356 676 3440 737 ad

1903 768 2267 828 discendam
2294 773 2494 831 artem
2524 769 2858 830 militarem
2921 789 2934 829 :
2995 768 3081 828 ita
3101 786 3228 828 non
3259 773 3442 831 erunt

1900 862 2217 939 peculium
2246 864 2423 942 quasi
2453 866 2768 924 castrense
2791 908 2806 938 ,
2859 879 2998 940 quoe
3029 861 3261 923 dantur
3283 862 3434 939 filio,

1900 957 1968 1013 ut
1996 954 2196 1017 discat
2224 960 2425 1017 artem
2448 955 2681 1034 judicis
2710 955 2811 1016 vel
2841 954 3163 1032 advocati,
3198 955 3308 1014 sed
3339 973 3440 1016 so-

1898 1048 2027 1108 lum
2058 1066 2199 1128 qua}
2230 1049 2461 1110 dantur
2483 1095 2499 1125 ,
2552 1053 2621 1111 ut
2650 1068 2755 1109 eas
2784 1052 2951 1111 artes
2983 1049 3350 1126 profiteatur
3375 1053 3440 1111 et

1899 1146 2210 1203 exerceat.

1970 1235 2240 1296 Infertur
2256 1234 2494 1313 quint0,
2525 1234 2676 1315 quid
2694 1234 3032 1296 dicendum
3050 1236 3127 1296 de
3146 1236 3434 1315 expensis

1898 1326 2075 1389 factis
2121 1346 2265 1388 cum
2304 1327 2432 1388 filio
2470 1328 2533 1387 in
2574 1329 3078 1407 peregrinatione
3102 1376 3117 1406 ,
3163 1331 3292 1391 sive
3331 1330 3438 1411 pia

1899 1420 2027 1481 sive
2050 1423 2311 1499 profana
2333 1422 2413 1481 ad
2432 1422 2861 1500 peragrandas
2882 1428 2945 1484 et
2959 1422 3263 1484 videndas
3284 1424 3436 1485 alias

1900 1514 2274 1591 provinciaS,
2308 1515 2458 1576 item
2488 1515 2549 1574 in
2581 1515 2939 1591 venatione,
2974 1515 3038 1575 in
3070 1515 3432 1595 hastiludio,

1899 1611 1961 1668 et
1991 1607 2298 1668 similibus
2328 1608 2508 1668 factis
2544 1628 2555 1668 :
2603 1609 2654 1667 si
2685 1607 2851 1667 enim
2878 1613 3059 1686 pater
3089 1628 3212 1670 non
3243 1610 3439 1671 habe-

1898 1700 2007 1761 bat
2049 1701 2217 1762 bona
2269 1701 2377 1762 filii
2402 1747 2418 1777 ,
2479 1705 2769 1762 censetur
2807 1701 3047 1780 absque
3094 1702 3437 1764 intentione

1898 1793 2247 1855 collationis
2276 1794 2374 1853 vel
2403 1792 2887 1871 computationis
2917 1794 3141 1855 futurae
3171 1796 3390 1857 fecisse
3415 1818 3431 1872 ;

1899 1886 2046 1965 quia
2092 1886 2227 1947 haeo
2283 1887 2494 1946 omnia
2540 1887 2776 1948 cadunt
2820 1887 2935 1947 sub
2975 1892 3436 1967 competentem

1898 1979 2503 2042 administrationem
2598 1980 2909 2042 bonorum
3011 1982 3430 2060 propriorum,

1898 2091 2087 2152 quam
2117 2077 2297 2152 pater
2325 2072 2549 2151 habet,
2603 2078 2669 2136 ut
2709 2074 2894 2135 docet
2935 2075 3168 2136 Molina
3199 2075 3428 2155 disput.

1898 2182 2066 2228 ccxl..
2101 2167 2166 2226 in
2195 2166 2523 2246 principio,

1977 2260 2248 2321 Insertur
2274 2264 2470 2336 sexto,
2506 2259 2656 2338 quid
2679 2259 3018 2320 dicendum
3048 2261 3126 2320 de
3148 2262 3435 2342 expensis

1896 2352 2075 2413 factis
2121 2352 2204 2413 ad
2247 2353 2686 2413 redimendum
2734 2353 2931 2413 filium
2973 2373 3013 2415 a
3050 2356 3429 2434 captivitate,

1894 2446 1992 2507 vel
2023 2445 2420 2506 liberandum
2452 2465 2488 2505 a
2526 2446 2792 2507 vinculis
2839 2448 2938 2507 vel
2991 2467 3029 2508 a
3074 2467 3262 2528 poena
3289 2468 3436 2529 pro-

1896 2542 2034 2618 pter
2062 2539 2360 2601 delictum
2397 2539 2687 2617 imposita
2718 2540 2816 2599 vel
2858 2539 3260 2620 imponenda.
3314 2545 3436 2603 Ne-

1894 2635 2045 2710 gant
2076 2631 2494 2692 c-ommuniter
2521 2631 2810 2693 doctores
2830 2678 2845 2709 ‚
2891 2652 3046 2712 quos
3077 2635 3346 2697 afferunt
3373 2640 3435 2697 et

1895 2729 2243 2804 sequuntur
2267 2726 2552 2803 Vasquez
2600 2743 2772 2786 num.
2808 2728 2945 2787 155.
3000 2731 3063 2788 et
3102 2728 3335 2790 Molina
3363 2728 3425 2791 d.

1888 2819 2055 2896 disp.
2094 2835 2263 2878 ccxl..
2298 2818 2448 2896 quia
2476 2817 2540 2877 id
2572 2836 2646 2878 ex
2676 2819 2906 2896 pietate
2937 2822 3228 2881 censetur
3254 2825 3433 2898 pater

1895 2911 2256 2989 expendere
2278 2929 2430 2988 erga
2459 2911 2657 2970 fllium
2679 2958 2693 2985 ,
2744 2914 2809 2972 et
2854 2911 3055 2991 posito
3106 2912 3232 2973 filio
3260 2913 3326 2972 in
3356 2931 3429 2973 eo

1892 3008 2080 3081 statu,
2114 3002 2364 3064 videtur
2384 3003 2519 3082 jam
2548 3005 2629 3064 ad
2656 3004 2951 3066 alimenta
2974 3009 3257 3085 spectare
3280 3023 3430 3085 quo-

1894 3097 2234 3157 dammodo
2265 3097 2372 3157 filii
2410 3112 2424 3159 τ
2478 3116 2673 3177 quare
2722 3097 2900 3159 addit
2927 3097 3161 3159 Molina
3195 3117 3311 3159 nec
3338 3102 3433 3160 te-

1895 3192 2026 3252 neri
2048 3175 2367 3270 ’parentes
2416 3191 2534 3251 hoc
2575 3196 2942 3271 computare
2985 3192 3048 3251 in
3105 3197 3280 3271 parte
3328 3192 3433 3252 illa

1894 3286 2206 3346 bonorum
2226 3331 2243 3357 ,
2300 3284 2377 3344 de
2409 3302 2532 3362 qua
2564 3289 2823 3362 possunt
2850 3285 3045 3345 libere
3075 3285 3429 3364 disponere.

1898 3381 2344 3439 Potesttamen
2375 3381 2555 3455 pater
2581 3378 2740 3438 velle
2770 3379 2940 3457 quod
2990 3379 3112 3439 illoe
3143 3398 3432 3459 expensae

1897 3470 2298 3532 conferantur
2324 3470 2424 3530 vel
2454 3474 2915 3549 computentur,
2950 3474 3014 3533 et
3039 3477 3331 3534 censetur
3359 3490 3433 3532 cx

1894 3564 2076 3626 bonis
2105 3563 2212 3631 filii
2246 3563 2638 3642 expendere,
2689 3565 2739 3625 si
2789 3583 2865 3625 ea
2911 3566 3077 3644 apud
3123 3584 3188 3626 se
3217 3565 3428 3626 habet.

1895 3657 2089 3720 Addit
2116 3656 2306 3718 etiam
2335 3674 2477 3716 cum
2507 3658 2783 3735 Bartolo,
2817 3658 2870 3718 si
2899 3659 3050 3738 quid
3083 3658 3307 3719 horum
3329 3677 3434 3736 pa-

1894 3754 1993 3813 ter
2018 3750 2081 3810 in
2112 3750 2243 3810 vita
2274 3750 2553 3810 nondum
2581 3750 2801 3828 solvit,
2855 3769 2980 3811 non
3029 3770 3164 3812 esse
3193 3752 3434 3811 solven-

1897 3845 2048 3904 dum
2076 3847 2296 3922 postea
2340 3844 2417 3903 de
2459 3844 2643 3904 bonis
2672 3844 3148 3921 communibu8‚
3199 3844 3307 3904 sed
3357 3844 3433 3904 de

1895 3937 2178 4015 legitima
2207 3935 2371 3995 illius
2400 3936 2509 3995 filii
2531 3983 2546 4014 ‚
2599 3936 2717 3996 nisi
2766 3940 2948 4014 pater
2983 3955 3049 3997 sc
3080 3937 3160 3996 ad
3189 3937 3437 3997 solvon-

1899 4032 2050 4092 dum
2080 4028 2438 4106 obligasset.
2489 4028 2670 4089 Addo
2703 4047 2818 4107 ego
2845 4075 2861 4105 ,
2919 4030 2972 4089 si
3000 4030 3164 4089 filius
3212 4033 3345 4090 erat
3372 4030 3434 4088 in

1898 4122 2162 4185 vinculis
2181 4168 2197 4198 ‚
2245 4139 2369 4181 non
2399 4127 2654 4201 propter
2683 4123 2980 4187 delictum
3027 4123 3137 4182 sed
3184 4127 3438 4202 propter

1900 4217 2112 4278 debita
2144 4234 2283 4296 quae
2314 4219 2492 4293 pater
2538 4234 2650 4295 pro
2682 4234 2755 4277 eo
2801 4215 2987 4277 solvit
3014 4219 3083 4276 ut
3111 4234 3255 4276 eum
3283 4215 3438 4275 lihe-

1902 4316 2091 4385 raret,
2126 4308 2638 4387 distinguendum
2662 4355 2678 4385 ,
2720 4327 2862 4370 meo
2885 4309 3124 4388 judicio
3155 4310 3234 4369 de
3265 4308 3438 4368 debi-

1903 4404 2002 4466 tis.
2039 4404 2100 4465 Si
2131 4402 2300 4463 enim
2321 4401 2535 4463 debita
2563 4421 2688 4462 non
2719 4407 2898 4464 erant
2918 4421 3087 4473 vera,
3126 4421 3265 4482 quae
3289 4419 3437 4461 vere

1903 4496 2065 4558 filius
2095 4496 2386 4571 deberet,
2427 4494 2843 4574 judicandum
2891 4495 3139 4556 videtur
3186 4495 3263 4555 de
3307 4494 3434 4570 illo,

1903 4590 2064 4651 sicut
2091 4588 2345 4668 quando
2395 4607 2469 4648 ex
2516 4588 2878 4667 captivitate
2925 4588 3158 4665 injusta
3185 4586 3442 4647 redimi-

1903 4689 2005 4744 tur
2039 4702 2052 4742 :
2085 4685 2235 4742 tunc
2264 4680 2432 4741 enim
2461 4681 2648 4742 etiam
2677 4680 2944 4758 pecunia
2989 4680 3094 4745 illa
3134 4681 3319 4741 datur
3360 4677 3439 4738 ad

1906 4774 2344 4836 redimendum
2396 4772 2692 4851 injustam
2738 4772 2846 4832 filii
2895 4773 3312 4834 vexationem.
3373 4772 3437 4834 Si

1906 4887 2054 4929 vero
2080 4867 2244 4929 filius
2274 4885 2422 4927 vere
2450 4867 2555 4927 illa
2582 4866 2825 4927 solvere
2854 4866 3127 4926 debebat
3156 4866 3442 4943 aliquan-

1907 4962 1986 5023 do
2010 4962 2073 5021 in
2102 4960 2505 5035 conscientia,
2541 4964 2720 5037 pater
2738 4959 2985 5019 solvens
3015 4975 3126 5036 pro
3146 4957 3249 5016 illo
3271 4956 3441 5017 vide-

1907 5060 2010 5118 tur
2046 5057 2369 5128 mutuare,
2417 5052 2511 5112 vel
2539 5098 2554 5128 ,
2604 5052 2655 5111 si
2683 5051 2836 5110 velis
2860 5096 2876 5127 ,
2919 5050 3153 5110 donare
3180 5050 3261 5111 ob
3291 5066 3441 5109 cau-

1907 5164 2065 5209 sam.
2118 5145 2181 5207 Si
2226 5149 2434 5205 autem
2480 5145 2618 5204 alise
2667 5144 3036 5204 donationes
3081 5143 3159 5203 ob
3186 5160 3440 5202 causam

1908 5240 2317 5302 conferuntur
2345 5244 2406 5299 et
2435 5240 2878 5317 computantur
2901 5283 2916 5312 ,
2969 5254 3081 5296 our
3108 5253 3230 5295 non
3263 5234 3437 5308 hae03

1909 5332 2257 5413 praesertim
2287 5349 2430 5393 cum
2460 5336 2639 5411 pater
2669 5331 2914 5392 solvens
2941 5346 3055 5408 pro
3083 5328 3211 5388 filio
3241 5334 3444 5390 trans-

1907 5428 2067 5489 ferat
2094 5446 2134 5486 a
2162 5425 2577 5488 creditoribus
2621 5425 2683 5485 in
2733 5442 2798 5484 se
2846 5426 3045 5484 totum
3069 5423 3174 5502 jus
3200 5468 3216 5498 ,
3273 5422 3439 5501 quod

3583 1249 3701 1309 207

3539 1374 3644 1428 Quia
3679 1377 3731 1421 de

3527 1431 3756 1485 sumptibus

3486 1483 3528 1525 in
3555 1483 3782 1539 iliaci-ihm,

3541 1541 3582 1579 ct
3617 1539 3726 1582 aliis.
