4263 6376
581 1904 695 1965 ¹39

508 2033 613 2075 Ans
613 2032 762 2075 ιιιιιιιο

524 2086 723 2149 oiblgntio

507 2140 653 2182 roetitu
655 2138 749 2181 eind

498 2193 583 2236 oib
588 2198 654 2235 ule
657 2193 758 2233 rto-ti

481 2245 778 2290 mmlndeind.

821 242 941 300 654

823 418 995 479 idem
1021 415 1146 477 alia
1172 413 1277 474 via
1304 411 1682 486 obtineatur,
1726 409 2016 488 princeps
2061 407 2217 487 proh
2228 407 2353 468 ibet

827 530 906 573 ne
934 510 1096 571 ullus
1124 507 1283 568 alius
1311 508 1541 584 praeter
1569 504 1796 582 ipsum,
1829 507 1940 563 aut
1972 501 2201 581 quibus
2220 500 2353 579 ipse

825 602 1145 665 licentiam
1174 597 1438 673 dederit,
1472 597 1669 674 possit
1696 595 1979 656 chartam
2010 595 2217 655 facere
2249 596 2358 653 aut

822 697 1120 759 vendere.
1152 694 1231 753 Et
1275 689 1562 769 quamvis
1600 688 1842 748 clericis
1871 706 1996 748 non
2024 685 2354 764 prohibea-

821 795 927 852 tur
955 788 1239 850 chartam
1272 784 1391 844 sibi
1418 783 1649 858 facere,
1680 781 1780 841 vel
1810 800 1888 840 ex
1913 780 2049 840 aliis
2077 778 2232 839 locis
2261 776 2353 836 af·

822 885 987 945 ferre
1021 902 1037 943 ε
1068 879 1222 959 quia
1245 882 1457 937 tamen
1485 875 1806 935 moraliter
1833 874 1900 933 id
1942 891 2065 933 non
2097 874 2359 949 possunt

825 979 1032 1039 faeere
1054 1020 1072 1050 ,
1104 973 1418 1049 coguntur
1443 986 1584 1027 eam
1615 985 1825 1027 emene
1853 984 1896 1026 a
1919 984 2072 1044 rege
2090 1010 2108 1041 ,
2141 963 2243 1025 vel
2277 963 2359 1023 ab

823 1070 902 1130 iis
927 1067 1036 1148 qui
1061 1065 1424 1127 facultatem
1452 1060 1694 1139 regiam
1724 1059 1992 1134 habent,
2023 1057 2224 1136 pretio
2253 1075 2362 1117 ca·

822 1161 976 1223 riori
1000 1178 1041 1223 a
1066 1176 1216 1237 rege
1245 1158 1477 1218 statuto
1513 1172 1527 1213 τ
1560 1151 1752 1213 credo
1794 1152 1915 1212 hoc
1952 1154 2259 1212 statutum
2294 1149 2358 1209 ιιι

824 1254 944 1315 illis
1000 1246 1484 1314 circumstantiis
1534 1263 1670 1305 esse
1724 1248 1945 1305 contra
1997 1242 2359 1305 immunita-

823 1353 974 1424 tem,
1007 1344 1156 1426 quia
1193 1343 1262 1403 in
1305 1339 1426 1401 iuis
1456 1338 1708 1400 omnino
1749 1336 2151 1414 praesumitur
2192 1334 2361 1396 ordi-

825 1440 957 1501 nari
1009 1438 1090 1499 ad
1135 1431 1493 1515 gravandus
1548 1428 2003 1491 ecclesiasticos
2029 1446 2143 1507 per
2185 1428 2360 1488 illum

826 1532 1181 1605 circuitum,
1214 1526 1321 1606 qui
1351 1525 1588 1586 directe
1619 1522 1756 1600 cogi
1792 1540 1915 1582 non
1944 1525 2263 1600 poterant,
2299 1524 2363 1581 et

825 1627 915 1688 sic
936 1621 1350 1704 judicandum
1381 1618 1501 1679 erit
1545 1616 1624 1675 dc
1675 1615 1812 1676 aliis
1855 1614 2162 1675 similibus
2200 1612 2357 1674 arbi·

824 1719 959 1781 triis
978 1736 1017 1779 a
1047 1711 1415 1778 consiliariis
1436 1709 1704 1770 inventis
1724 1708 1805 1769 ad
1822 1706 2115 1769 eumdem
2141 1706 2355 1766 finem.

826 1811 1004 1876 Unde

903 1905 1109 1967 Infero
1137 1899 1344 1976 tertio,
1376 1898 1438 1957 in
1468 1896 1542 1958 iis
1568 1895 1816 1957 casibus
1846 1912 2062 1955 veram
2091 1912 2227 1954 esse
2258 1892 2363 1953 do·

826 2000 1092 2062 ctrinam
1139 1991 1435 2055 Richardi
1465 1988 1635 2069 quod
1673 1987 1782 2049 lib.
1810 1989 1886 2049 II.
1940 1990 2161 2066 quaest.
2216 2002 2357 2046 xxx.

828 2098 946 2155 art.
978 2095 1038 2153 6.
1071 2087 1356 2161 dicentiS,
1389 2102 1464 2144 eo
1519 2100 1692 2157 casu,
1725 2081 1777 2142 si
1833 2080 2043 2141 animo
2092 2077 2364 2140 laedendi

828 2183 1069 2246 clericis
1114 2180 1251 2241 haec
1291 2178 1465 2251 fiant,
1511 2193 1646 2236 esse
1694 2173 2140 2252 obligationem
2185 2171 2365 2232 resti-

826 2276 1079 2348 tuendi,
1064 2294 1077 2308 ·
1138 2289 1329 2352 quam
1385 2268 1736 2330 doctrinam
1791 2265 2038 2327 videtur
2103 2264 2363 2344 rejicere

828 2369 1111 2434 Sanchez
1141 2366 1307 2426 dicto
1350 2362 1541 2423 dubio
1587 2377 1681 2421 Lx.
1732 2378 1904 2420 num.
1961 2362 2061 2420 41.
2123 2357 2360 2433 dicenS,

825 2461 1073 2544 peccari
1101 2457 1358 2538 quidem
1385 2458 1604 2515 contra
1619 2453 2099 2526 immunitatem
2121 2468 2248 2511 non
2276 2454 2367 2511 ta-

825 2574 971 2616 men
1025 2570 1161 2614 esse
1215 2548 1662 2627 obligationem
1724 2544 2168 2607 restituendi:
2218 2542 2366 2622 quia

827 2649 1029 2709 malus
1057 2644 1302 2706 animus
1331 2659 1455 2701 non
1484 2639 1635 2700 facit
1661 2638 1830 2718 quod
1860 2655 1980 2714 reS,
2031 2655 2172 2716 quae
2214 2636 2367 2696 alio·

827 2741 980 2820 quin
1041 2756 1166 2799 non
1211 2738 1348 2795 erat
1397 2738 1617 2793 contra
1654 2730 1985 2811 justitiam,
2028 2730 2107 2792 sit
2147 2733 2369 2790 contra

822 2831 1152 2914 justitiam,
1181 2832 1245 2890 et
1259 2829 1481 2887 afferat
1503 2824 1947 2903 obligationem
1973 2821 2363 2885 restituendi.

831 2929 981 2987 Haec
1009 2928 1220 2985 tamen
1250 2919 1408 2982 ratio
1454 2918 1756 2998 probaret
1800 2917 1990 2977 etiam
2030 2914 2201 2996 quod
2243 2932 2367 2975 non

831 3021 1167 3098 peccatur:
1200 3012 1348 3093 quia
1377 3012 1623 3072 animus
1652 3008 1926 3070 habendi
1955 3008 2105 3068 illud
2122 3008 2368 3068 lucrum

832 3130 871 3172 a
897 3108 1163 3185 clericiS,
1197 3124 1322 3167 non
1371 3105 1520 3166 facit
1559 3102 1729 3183 quod
1764 3102 1845 3164 sit
1886 3106 2102 3163 contra
2149 3118 2368 3161 eorum

829 3203 1289 3267 immunitatem
1317 3199 1402 3275 id,
1429 3199 1595 3279 quod
1625 3197 1703 3257 de
1740 3215 1808 3257 se
1838 3215 1960 3257 non
1991 3200 2126 3257 crat
2152 3199 2371 3256 contra

831 3295 1310 3359 immunitatem.
1345 3291 1410 3354 Si
1432 3309 1582 3369 ergo
1612 3290 1712 3350 ille
1742 3289 1990 3352 animus
2009 3289 2178 3364 facit,
2198 3288 2368 3368 quod

831 3392 912 3454 sit
938 3393 1155 3452 contra
1201 3385 1660 3446 immunitatem
1716 3388 1780 3444 et
1832 3381 1973 3443 ideo
2027 3386 2363 3462 peccatur3

829 3482 1061 3546 sufficit
1086 3481 1278 3543 etiam
1305 3483 1376 3538 ut
1401 3476 1716 3537 sitcontra
1751 3473 2083 3553 justitiam,
2117 3479 2183 3536 et
2225 3491 2369 3534 cum

833 3594 1021 3640 onere
1050 3569 1420 3634 restituendi
1452 3588 1466 3629 ε
1508 3568 1657 3648 quia
1710 3567 1953 3646 quoties
1988 3572 2208 3629 cont'ra
2252 3567 2371 3626 im-

832 3669 1205 3732 munitatem
1235 3661 1471 3742 aliquid
1500 3660 1786 3739 exigitur,
1816 3660 2043 3739 injuste
2074 3660 2364 3738 exigitur.

827 3762 1081 3828 *Sufficit
1108 3764 1321 3821 autem
1351 3772 1473 3816 non
1502 3753 1767 3815 intentio
1794 3753 1949 3830 sola,
1982 3752 2090 3813 sed
2123 3753 2187 3812 in
2236 3753 2369 3814 tali-

833 3858 952 3919 bus
978 3848 1480 3924 circumstantiis,
1511 3864 1653 3926 quae
1682 3864 1895 3908 secum
1920 3847 2192 3907 afferunt
2218 3864 2372 3925 prae·

833 3948 1277 4027 sumptionem,
1309 3941 1480 4022 quod
1509 3942 1622 4003 siat
1644 3940 1707 4001 in
1736 3940 1951 4001 odium
1969 3940 2363 4001 clericorum.

835 4043 1013 4106 Ratio
1071 4045 1282 4103 autem
1337 4039 1450 4112 est,
1512 4034 1659 4114 quia
1705 4032 2068 4095 immunitas
2096 4032 2234 4094 haec
2263 4033 2373 4094 dat

828 4137 933 4218 jus
960 4132 1201 4197 clericis
1227 4149 1307 4191 ne
1335 4127 1697 4190 intendatur
1735 4143 1953 4187 eorum
1999 4143 2367 4230 gravamen,

835 4249 946 4292 seu
973 4245 1052 4289 ne
1078 4227 1234 4288 fiant
1258 4223 1491 4283 statuta
1516 4219 1669 4281 talia
1694 4236 1835 4297 quae
1870 4217 1935 4277 in
1981 4218 2211 4280 talibus
2256 4219 2372 4279 cir·

833 4316 1227 4386 numstantiis
1253 4313 1546 4375 ordinata
1593 4311 1719 4373 sint
1754 4310 1836 4371 ad
1886 4329 2103 4373 eorum
2145 4330 2373 4390 grava-

835 4433 1004 4477 men.
1038 4414 1166 4474 Nec
1189 4405 1422 4470 sufficit
1461 4403 1691 4480 dicere,
1736 4403 1907 4483 quod
1952 4409 2100 4466 tunc
2150 4423 2374 4483 pecca-

834 4514 938 4571 tur
987 4503 1243 4586 quidem
1296 4502 1516 4564 contra
1569 4496 1940 4558 charitatem
1961 4543 1979 4574 ,
2040 4516 2169 4559 non
2221 4516 2372 4559 vero

836 4604 1056 4663 contra
1080 4592 1538 4658 immunitatem
1571 4611 1584 4651 ε
1616 4590 1669 4651 si
1698 4591 1864 4650 enim
1895 4596 2225 4670 peccatum
2254 4596 2369 4669 est,

835 4713 963 4758 non
991 4695 1086 4754 est
1111 4691 1330 4750 contra
1382 4685 1580 4746 solam
1606 4683 1998 4759 charitatem,
2031 4702 2158 4744 non
2206 4684 2374 4745 enim

839 4788 1149 4865 obligaret
1197 4778 1469 4844 charitas
1522 4776 1604 4837 ad
1660 4776 2073 4838 amittendum
2129 4776 2375 4838 lucrum

838 4901 879 4944 a
901 4877 1164 4954 clericis,
1194 4873 1364 4955 quod
1384 4873 1553 4951 juste
1581 4874 1792 4949 posset
1820 4868 2037 4929 haberi
2068 4869 2149 4929 ob
2166 4887 2374 4931 neces-

840 4975 1087 5036 sitatem
1128 4966 1467 5048 publicam,
1515 4967 1577 5024 et
1621 4960 1787 5041 quod
1829 4961 1998 5022 nullo
2054 4963 2374 5042 religionis

838 5067 939 5129 vel
969 5061 1263 5128 Ecclesiae
1306 5059 1617 5136 praecepto
1661 5053 2048 5132 prohibitum
2074 5061 2258 5118 esset.
2309 5056 2374 5118 Si

839 5177 989 5239 ergo
1018 5157 1336 5237 peccatur,
1383 5153 1497 5223 est,
1555 5146 1701 5225 quia
1754 5146 2034 5208 Ecclesia
2084 5148 2378 5227 probibet

834 5253 1142 5315 indirecta
1181 5246 1371 5310 etiam
1421 5240 1815 5322 gravamina,
1850 5239 1968 5302 hoc
2015 5246 2138 5318 est,
2196 5242 2368 5320 talia,

837 5348 981 5427 qiiae
1005 5344 1073 5406 in
1093 5342 1174 5402 iis
1201 5333 1684 5401 circumstantiis
1725 5341 2193 5412 presumuntur
2237 5355 2373 5398 esse

840 5439 919 5503 ud
943 5432 1305 5516 gravandos
1331 5445 1443 5508 per
1471 5426 1800 5488 circuitum
1828 5427 2302 5491 ecclesiasticos.

1982 234 2084 293 DE.
2125 231 2479 293 JUSTl'rlA
2526 232 2624 289 ΕΤ
2664 232 2865 293 ΠΠιΕ

2534 408 2737 468 lusci-o
2767 411 3014 486 quarto,
3032 426 3072 468 a
3100 406 3340 469 fortiori
3369 426 3507 469 esse
3535 408 3982 471 contraimmu,

2455 797 2565 839 nes
2595 778 3007 856 venditoiQem
3042 779 3148 839 sed
3195 780 3543 859 applicetur
3594 781 3674 840 ad
3723 781 3984 861 aliquam

2458 872 2894 931 necessitatem
2945 872 3043 932 vel
3099 873 3432 933 utilitatem
3485 874 3823 952 publicam,
3874 893 3986 952 quo

2458 984 2629 1040 casu,
2662 963 2914 1044 quando
2937 965 3231 1043 exiguum
3260 970 3376 1041 est,
3410 984 3529 1027 nec
3546 967 3891 1045 imponitur
3915 967 3987 1029 ad

2457 1058 2816 1137 gravandus
2843 1058 3126 1133 clericoS,
3162 1078 3286 1121 non
3328 1077 3465 1121 esse
3518 1065 3739 1121 contra
3778 1060 3990 1121 immu-

2462 1151 2717 1213 nitatem
2746 1151 2980 1213 sentire
3022 1152 3318 1213 videntur
3358 1152 3574 1232 aliqui,
3621 1171 3779 1232 quos
3819 1154 3991 1214 affert

2459 1244 2662 1304 Diana
2686 1248 2845 1305 tom.
2872 1246 2922 1305 1.
2968 1244 3137 1307 dicto
3179 1249 3363 1309 tract.
3413 1261 3484 1309 Π.
3525 1246 3711 1309 resol.
3742 1248 3845 1307 45.
3891 1245 3989 1306 sed

2460 1337 2844 1399 contrarium
2873 1338 3129 1400 omniuo
3157 1337 3501 1401 dicendum
3525 1344 3639 1415 est,
3671 1356 3819 1403 cum
3866 1339 3993 1402 aliis

2461 1450 2618 1510 quos
2647 1430 2778 1509 ipse
2808 1432 2989 1491 affert
3016 1435 3079 1492 et
3132 1432 3438 1510 sequitur,
3466 1432 3583 1492 sed
3617 1450 3747 1494 non
3798 1431 3997 1512 ptumi

2459 1523 2619 1584 ratio
2674 1542 2865 1602 quam
2919 1526 3119 1600 affert,
3181 1523 3350 1602 quod
3405 1528 3557 1587 tunc
3586 1524 3897 1587 indirecte
3935 1530 4003 1587 et

2457 1616 2830 1677 secundario
2858 1620 3205 1695 graventur
3232 1617 3442 1678 clerici
3475 1638 3489 1679 :
3525 1623 3676 1680 tunc
3704 1617 3876 1678 enim
3901 1617 3990 1677 di·

2458 1714 2627 1771 recte
2654 1715 3018 1789 gravantur,
3069 1728 3215 1770 cum
3266 1711 3556 1771 omnibus
3612 1711 3991 1788 emptoribus

2459 1803 2522 1862 in
2552 1802 2936 1878 universum,
2970 1807 3158 1881 atque
3190 1802 3377 1863 etiam
3397 1803 3641 1865 clericis
3663 1804 3816 1865 illud
3846 1821 3991 1865 onus

2460 1896 2820 1956 immediate
2847 1896 3225 1973 imponatur,
3245 1902 3309 1956 et
3336 1897 3503 1958 nullo
3535 1897 3656 1958 alio
3685 1895 3992 1959 mediante

2460 1988 2559 2049 cui
2606 1988 2965 2050 immediate
3013 1989 3393 2067 imponatur.
3426 1991 3502 2051 Et
3538 1990 3602 2051 ιιι
3630 1990 3818 2051 simili
3856 2007 3993 2051 casu

2459 2082 2629 2142 idem
2660 2082 2848 2142 docet
2876 2081 3158 2143 Sanchez
3187 2081 3354 2143 dicto
3386 2082 3538 2144 dub.
3572 2100 3671 2145 ιν.
3704 2101 3881 2143 num.
3899 2086 3988 2143 49..

2464 2175 2714 2255 quando
2746 2175 2825 2236 ob
2855 2175 3288 2237 necessitatem
3344 2176 3661 2254 publicam
3702 2179 3995 2239 statutum

2464 2269 2580 2330 fuit
2626 2271 2935 2343 Granatae,
2983 2273 3054 2331 ut
3119 2275 3262 2333 exta
3321 2274 3386 2331 et
3456 2269 3663 2347 capita
3708 2269 3992 2341 arietum,

2465 2380 2603 2442 quae
2633 2362 2806 2441 prius
2835 2361 3093 2422 dimidio
3116 2367 3413 2440 argenteo
3437 2362 3821 2441 pauperibus
3844 2378 3998 2421 com-

2463 2456 2639 2516 muni
2666 2455 2936 2517 civitatis
2963 2455 3102 2533 lege
3132 2455 3466 2532 dabantur,
3488 2456 3874 2517 venderetur
3903 2453 3997 2516 tn·-

2464 2550 2581 2611 bus
2611 2548 2944 2627 argenteiS,
2992 2553 3056 2609 et
3095 2547 3249 2607 illud
3298 2554 3709 2626 augmentum
3751 2547 3998 2609 cederet

2464 2642 2546 2703 ad
2576 2641 3013 2702 necessitatem
3041 2640 3212 2701 illam
3240 2640 3579 2720 publicam,
3614 2640 3784 2721 quod
3816 2644 3999 2702 stam·-

2465 2741 2598 2796 tum
2627 2734 2910 2797 Sanchez
2937 2736 3161 2795 merito
3191 2734 3345 2795 dixit
3372 2753 3508 2796 esse
3536 2738 3758 2796 contra
3786 2733 4001 2795 immu-

2465 2829 2755 2903 nitatem,
2815 2831 3123 2906 quatenus
3178 2827 3388 2888 clerici
3453 2827 3852 2906 cogebantur
3898 2825 4000 2887 illo

2466 2921 2665 2999 pretio
2722 2938 2931 2980 emere
2963 2937 2978 2983 :
3039 2920 3208 2999 quod
3261 2920 3407 2982 licet
3455 2921 3764 2999 potuisset
3822 2917 4001 2981 statui

2464 3013 2652 3093 juste,
2676 3018 2745 3075 ut
2774 3013 3077 3091 pretium:
3112 3017 3260 3074 tunc
3292 3018 3503 3074 tamen
3535 3032 3662 3074 non
3691 3019 3836 3074 erat
3873 3031 4004 3091 pre-

2465 3105 2622 3168 tium
2676 3104 2985 3166 venditori
3032 3105 3333 3183 dandum,
3393 3125 3536 3166 cum
3584 3106 3764 3185 apud
3805 3106 4003 3185 ipsum

2470 3219 2593 3260 non
2620 3202 2925 3277 maneret,
2971 3200 3084 3259 sed
3112 3206 3250 3261 erat
3290 3201 3593 3262 tributum
3633 3199 4004 3261 solvendum

2467 3293 2549 3354 ad
2577 3292 2977 3354 necessitates
3005 3311 3392 3354 communes
3429 3293 3609 3354 Sicut
3644 3294 3699 3354 si
3738 3291 4005 3371 pretium

2468 3386 2750 3447 carnium
2805 3389 3116 3447 statuatur
3159 3385 3488 3446 dimidium
3555 3386 3864 3465 argentei,
3913 3384 4008 3463 ju-

2467 3484 2632 3541 stum
2664 3482 2846 3554 esset,
2879 3484 2942 3538 et
2970 3478 3233 3540 clericus
3264 3478 3525 3540 deberet
3549 3479 3703 3539 illud
3732 3480 4002 3546 solvere;

2467 3572 2519 3633 si
2547 3576 2759 3633 tamen
2790 3589 2932 3631 cum
2959 3571 3131 3649 prius
3156 3572 3415 3634 minoris
3456 3571 3863 3650 venderetur,
3903 3588 4007 3631 au—

2467 3669 2638 3726 ctum
2666 3670 2763 3726 est
2792 3682 2987 3742 usque
3029 3664 3111 3724 ad
3159 3664 3440 3725 medium
3497 3669 3903 3744 argenteum,
3946 3666 4010 3723 ut

2466 3757 2705 3864 aliquid
2734 3776 2810 3817 ex
2837 3756 2940 3817 illo
2999 3757 3343 3837 accipiatur
3380 3759 3459 3818 ad
3506 3777 3656 3819 usus
3696 3758 4008 3837 publicos,

2460 3852 2594 3955 Ιᾔειιιι
2624 3850 2726 3910 ille
2756 3867 3045 3910 excessus
3074 3869 3200 3911 non
3229 3855 3435 3929 potest
3477 3870 3519 3912 a
3546 3851 3791 3912 clericis
3821 3851 4008 3929 exigi,

2468 3943 2618 4022 quia
2635 3948 2800 4004 esset
2833 3960 3057 4004 verum
3108 3941 3441 4022 tributum,
3471 3948 3535 4006 et
3587 3963 3714 4006 non
3763 3962 4012 4006 merum

2468 4035 2761 4116 pretium.

2548 4129 2751 4190 Insero
2778 4128 3017 4209 quint0,
3076 4130 3226 4209 quid
3282 4129 3617 4192 dicendum
3654 4131 3762 4208 sit,
3823 4149 3909 4192 an
3948 4129 4010 4190 in

2468 4222 2784 4303 praedictis
2797 4223 3046 4284 casibus
3061 4229 3436 4287 excusentur
3449 4225 3851 4305 imponentes
3880 4224 4014 4285 illas

2470 4316 2749 4395 gabellas
2776 4317 3175 4394 generaliter,
3211 4318 3464 4398 quando
3486 4323 3924 4397 protestantur
3948 4335 4012 4378 se
4081 4268 4190 4420 Ξ

2472 4409 2537 4470 ιιι
2564 4410 2687 4469 fine
2717 4408 2862 4469 anni
2892 4409 3072 4470 reddi
3099 4410 3259 4471 velle
3290 4411 3553 4488 clericis,
3596 4412 3770 4491 quod
3816 4412 4015 4473 solve-
4059 4433 4190 4536 εει-ιι

4058 4495 4171 4527 em

2472 4507 2620 4564 runt
2646 4521 2757 4581 per
2785 4503 3046 4564 modum
3073 4503 3337 4582 gabellae
3379 4506 3647 4567 emendo
3688 4504 4017 4567 communi

2473 4596 2780 4674 preti0,et
2806 4595 2993 4656 simul
3022 4615 3165 4657 cum
3194 4597 3333 4658 aliis
3367 4619 3380 4659 :
3415 4597 3496 4658 ad
3546 4597 3882 4660 vitandam
3926 4603 4020 4658 ta-

2473 4707 2618 4750 men
2673 4689 3102 4750 confusionem
3156 4690 3221 4750 id
3276 4691 3435 4768 fieri,
3469 4696 3532 4753 et
3590 4710 3739 4752 vere
3798 4691 4020 4752 infine

2473 4781 2624 4843 anni
2663 4781 3004 4843 restituunt
3042 4782 3212 4862 quod
3260 4783 3469 4844 clerici
3512 4783 3886 4864 juramento
3926 4783 4024 4844 dir-

2474 4877 2625 4934 cunt
2651 4892 2717 4934 se
2763 4874 3023 4936 solvisse
3062 4874 3244 4953 juxta
3289 4876 3615 4956 majorem,
3669 4877 3774 4938 vel
3822 4877 4023 4937 mino-

2471 4985 2605 5027 rem
2636 4967 3072 5046 quantitatem,
3106 4987 3296 5048 quam
3342 4969 3447 5031 illo
3491 4988 3657 5031 anno
3696 4974 4018 5031 emerunt.

2473 5060 2673 5132 Quam
2711 5061 3023 5122 cautelam
3080 5062 3385 5124 damnant
3430 5063 3719 5125 Duardus
3763 5064 3832 5124 in
3876 5061 4026 5124 Bul·

2470 5152 2590 5214 lam
2623 5152 2951 5216 Coenoelib.
2986 5156 3061 5216 11.
3095 5172 3444 5217 can.xv1n.
3479 5162 3840 5236 quaest.xv.
3876 5161 4021 5219 n.3.

2473 5249 2536 5307 et
2553 5246 2827 5307 Alterius
2853 5245 3200 5310 accensum
3222 5254 3372 5310 tom.
3395 5251 3442 5310 1.
3467 5249 3626 5328 disp.
3646 5266 3783 5310 xix.
3818 5250 3935 5313 lib.
3960 5266 4019 5310 v.

2474 5355 2612 5417 cap.
2644 5341 2704 5400 3.
2738 5341 2954 5402 Monet
2981 5347 3191 5402 autem
3220 5343 3530 5418 Duardus,
3565 5347 3634 5404 ut
3686 5343 3775 5403 ad
3825 5345 4025 5405 vitan—

2466 5432 2512 5491 d
2520 5450 2622 5491 am
2671 5434 3384 5498 excommunicationem
3422 5440 3645 5498 curent
3690 5437 4024 5517 exigente·

2456 500 2739 576 nitatem,
2773 499 3023 580 quando
3054 501 3192 579 lege
3221 501 3539 561 communi
3571 507 3837 579 augetur
3882 503 3983 563 ali
4062 419 4178 593 020

2454 593 2822 672 quantulum
2868 593 3137 672 pretium
3179 593 3485 671 carnium,
3530 614 3591 655 v.
3629 614 3692 674 g.
3740 596 3888 671 vini,
3929 601 3984 658 et
4063 606 4178 659 ΜΨ

2454 686 2595 762 olei,
2629 687 2716 746 ita
2746 689 2815 746 ut
2839 685 2991 746 illud
3020 692 3428 765 augmentum
3458 706 3582 748 non
3612 692 3870 749 maneat
3894 708 3982 767 pe-
4053 651 4178 798 ,ἐξ

4135 4142 4189 4202 u
