4263 6376
571 1707 684 1767 257

516 1830 692 1885 0,,ῑάμί
716 1831 769 1875 ,ῃ
840 1807 973 1850 sam
1002 1788 1165 1849 cirea
1207 1805 1538 1867 personam
1572 1785 1880 1864 legatarii,
1915 1787 2135 1865 regula
2183 1787 2372 1848 etiam

490 1887 788 1996 ssffiifnffiffist
842 1881 1153 1960 generalis
1198 1885 1312 1956 est,
1348 1884 1416 1940 ut
1459 1878 1507 1939 si
1567 1883 1811 1940 constet
1840 1879 1918 1940 de
1972 1898 2244 1960 persona
2273 1880 2374 1940 cui

592 3576 713 3638 258

512 3703 631 3757 Qui-i.
654 3704 765 3769 §fn

550 3770 665 3799 (ἺἿΧΨ
697 3771 738 3800 lu

551 3823 741 3865 'visuum

829 312 945 372 136

826 488 909 550 tio
940 506 1095 569 pure
1125 487 1343 548 datum
1391 491 1574 548 esset.
1610 509 1635 543 υ
1702 486 1920 564 ltaque
1949 502 2023 545 ex
2056 501 2154 560 eo,
2190 480 2360 562 quod

827 586 1013 643 antea
1044 582 1320 658 legatum
1369 580 1602 640 sactum
1631 581 1745 655 est,
1804 577 2208 658 pra-sumitur
2249 576 2361 638 de-

829 674 1195 736 monstratio
1243 673 1597 748 subseeuta,
1630 689 1753 732 non
1802 672 1953 731 illud
2011 674 2354 748 coarctare,

830 769 939 830 sed
968 787 1100 828 esse
1158 785 1321 827 nova
1350 765 1641 845 quoedam
1673 764 1995 844 dispositio
2028 765 2161 823 sine
2194 782 2356 842 pra:-

823 862 1057 942 jmlicio
1075 858 1509 941 proecedentiS.
1533 858 1712 920 Unde
1734 858 1919 919 infert
1934 857 2101 918 idem
2125 855 2356 918 Sanch.

833 974 935 1014 nu.
974 958 1031 1014 5.
1081 953 1199 1014 hoe
1231 952 1394 1012 idem
1426 951 1764 1012 dicendum
1795 969 1928 1011 esse
1976 951 2037 1010 in
2082 955 2364 1011 contrac-

832 1047 994 1108 tibus
1022 1066 1033 1107 ε
1068 1045 1118 1104 si
1167 1044 1331 1103 enim
1366 1043 1719 1103 vendideris
1750 1048 2003 1104 centum
2033 1042 2203 1104 dolia
2232 1042 2359 1102 vini

832 1159 903 1199 ex
936 1143 1043 1200 tua
1074 1136 1275 1212 vinea,
1312 1155 1437 1196 non
1468 1136 1698 1198 teneris
1758 1135 1872 1197 nisi
1915 1136 1993 1196 ad
2052 1135 2366 1215 quinqua-

830 1231 1002 1308 ginta
1032 1230 1283 1310 quando
1308 1230 1490 1289 vinca
1521 1230 1704 1307 plura
1736 1232 1899 1290 t'acta
1929 1247 2051 1289 non
2083 1230 2360 1290 fuerunt.

833 1328 1025 1384 Soc-‚us
1055 1322 1103 1382 si
1136 1323 1341 1384 dixisti
1371 1343 1382 1384 ε
1436 1320 1623 1383 Vende
1654 1321 1762 1381 tibi
1788 1330 2009 1381 centnm
2066 1320 2223 1380 dolia
2282 1321 2368 1380 vi·-

832 1418 910 1486 m',
947 1436 1078 1498 qua»
1101 1414 1247 1476 dabo
1276 1415 1401 1492 tihi,
1432 1435 1563 1492 seu,
1598 1425 1651 1475 et
1685 1415 1807 1476 lewe
1834 1414 1979 1475 dabo
2009 1414 2117 1473 tibi
2143 1434 2217 1474 ea·
2245 1433 2368 1474 mea

833 1510 1000 1570 m'nea
1034 1516 1180 1571 tunc
1238 1510 1404 1569 enim
1461 1508 1653 1568 debes
1700 1508 1950 1568 aliunde
2006 1507 2179 1584 dare,
2215 1508 2266 1567 si
2295 1525 2371 1566 ex

839 1603 1021 1664 vinea
1053 1620 1174 1663 non
1205 1605 1517 1681 suppetat.

915 1697 1056 1758 Jam
1088 1693 1253 1775 quod
1283 1695 1505 1755 attinet
1525 1693 1603 1754 ad
1634 1693 2233 1754 demonstrationem
2262 1694 2371 1754 fal-

838 1980 1100 2039 testatcr
1128 1974 1338 2050 legare
1365 1972 1637 2049 volebat,
1673 1972 1961 2051 quamvis
2007 1991 2120 2051 per
2150 1973 2372 2034 falsam

837 2069 1432 2129 demonstrationem
1469 2112 1483 2143 ,
1544 2067 1821 2142 legatum
1880 2084 2003 2127 non
2075 2066 2366 2128 vitietur:

841 2167 908 2224 ut
936 2162 984 2221 si
1020 2162 1225 2222 dieat:
1266 2160 1416 2238 Lessa
1446 2169 1671 2220 centum
1713 2160 1915 2236 Petro,
1950 2160 2056 2241 qui
2105 2169 2189 2220 est
2233 2160 2375 2220 m’eti-

841 2275 944 2315 ems
993 2254 1048 2314 in
1095 2254 1174 2314 eis
1228 2252 1444 2312 (edibus
1500 2251 1592 2312 vel
1643 2251 1814 2315 habel
1873 2251 2165 2332 pra’dz'um
2186 2253 2375 2333 juxta

830 2345 1121 2430 prndium
1169 2365 1352 2405 meum
1384 2365 1396 2406 :
1438 2345 1487 2403 si
1532 2350 1745 2406 tamon
1781 2351 2021 2407 constat
2055 2346 2221 2406 circa
2253 2349 2375 2406 Pe-

841 2448 1001 2503 trum
1033 2458 1156 2500 non
1186 2457 1450 2514 errasse,
1485 2438 1595 2498 secl
1652 2439 1853 2498 solum
1886 2438 2050 2498 circa
2108 2439 2375 2518 qualita-

839 2540 984 2598 tem.
1023 2533 1171 2594 lctin
1204 2531 1321 2592 hoc
1351 2551 1475 2592 non
1526 2531 1774 2592 videtur
1834 2533 2188 2593 necessaria
2250 2533 2376 2593 dis-

840 2627 1053 2689 tinctio
1086 2625 1209 2702 illa,
1245 2625 1413 2705 quod
1444 2625 1552 2686 liat
1574 2624 1791 2685 eadem
1828 2626 1925 2685 vol
1955 2626 2206 2687 diversa
2237 2645 2373 2687 ora-

839 2721 1024 2794 tione,
1078 2737 1221 2779 nam
1286 2718 1427 2779 licet
1467 2718 1690 2778 eadem
1721 2719 2003 2779 oratione
2034 2720 2166 2794 fiat,
2203 2718 2376 2798 lega-

838 2819 969 2874 tum
1002 2831 1123 2872 non
1156 2811 1499 2873 vitiabitur.
1553 2811 1876 2889 Excipitur
1904 2817 2141 2887 tamen,
2177 2831 2380 2892 quan-

838 2907 918 2966 do
948 2906 1214 2986 qimlitas
1244 2904 1796 2965 demonstrationis
1841 2903 2013 2964 falsae
2044 2906 2376 2985 praesmni-

840 3007 940 3061 tur
967 3017 1155 3058 causa
1174 2997 1447 3072 legundi,
1482 3015 1608 3076 qua
1638 2996 1848 3057 ablata
1880 3015 2003 3057 non
2032 2998 2373 3076 legaretur;

842 3109 901 3154 v.
926 3111 969 3168 g
996 3093 1161 3167 Lego
1188 3093 1365 3150 Petro
1398 3090 1524 3149 lilio
1555 3090 1654 3149 vel
1687 3091 2154 3167 consanguineo
2199 3109 2373 3153 meo:

840 3182 1239 3265 praesumitur
1259 3182 1423 3242 euim
1455 3201 1580 3243 non
1609 3181 1954 3261 legaturuS,
1990 3183 2038 3244 si
2075 3204 2150 3244 ea
2178 3184 2380 3264 quali-

842 3284 936 3340 tas
967 3296 1089 3337 non
1122 3277 1382 3347 messem
1419 3295 1611 3356 quare
1658 3277 1763 3337 illa
1792 3294 1917 3337 non
1959 3282 2053 3338 est
2106 3277 2240 3337 sola
2270 3278 2380 3337 de-

840 3370 1233 3443 monstratio,
1269 3369 1374 3429 sed
1409 3388 1618 3431 eausa.
1654 3368 1958 3431 Videatur
1986 3370 2216 3431 Molina
2248 3371 2380 3432 dic-

840 3470 905 3528 ta
933 3464 1089 3542 disp.
1130 3480 1252 3523 cxl.

914 3562 963 3619 A
998 3555 1233 3617 fortiori
1267 3574 1387 3616 non
1422 3557 1587 3619 valet
1616 3558 1915 3635 legatum.
1951 3556 2205 3635 quando
2259 3561 2382 3617 tes-—

843 3656 1008 3713 tator
1035 3650 1263 3711 erravit
1296 3649 1485 3710 etiam
1518 3650 1579 3710 in
1612 3668 1906 3729 persona.
1936 3654 2005 3710 ut
2035 3649 2085 3710 si
2133 3650 2385 3729 putavit

842 3763 976 3804 esse
1005 3761 1187 3803 suum
1218 3744 1497 3819 fratrem,
1531 3744 1629 3804 vel
1660 3747 1992 3823 patronum
2016 3760 2161 3801 eum
2191 3761 2380 3821 quem

842 3837 1029 3899 habet
1060 3844 1456 3917 piaesentem,
1491 3855 1635 3897 eum
1655 3837 1737 3898 sit
1766 3835 1924 3896 alius
1954 3834 2009 3895 ei
2041 3834 2283 3911 similis,
2319 3840 2381 3897 et

843 3930 1043 3990 dicat:
1108 3929 1259 4007 Leno
1302 3929 1460 3988 nn'lle·
1515 3928 1611 3989 vel
1660 3929 1926 4009 relinquo
1980 3926 2378 3989 lim-edi‘tatem

842 4022 973 4081 hnic
1019 4042 1137 4079 mea}
1166 4023 1370 4099 fratri,
1420 4022 1513 4082 vel
1546 4028 1844 4100 patrono:
1882 4030 2026 4083 tunc
2071 4021 2240 4081 enim
2283 4041 2378 4083 er-

842 4134 949 4175 rur
976 4122 1067 4175 est
1096 4116 1261 4175 eirca
1294 4115 1705 4176 substantiam
1735 4133 2043 4194 persouae,
2079 4133 2223 4195 quae
2254 4117 2378 4177 alia

844 4218 931 4269 est
967 4208 1045 4266 ab
1076 4227 1149 4268 ea
1179 4227 1319 4288 quae
1367 4210 1738 4287 concipitur,
1789 4214 1857 4270 ut
1903 4214 2150 4271 constat
2205 4228 2282 4269 ex
2329 4211 2369 4271 1.

847 4304 1098 4377 (moises.
1160 4302 1218 4360 in
1268 4302 1532 4381 princip.
1570 4304 1631 4363 Π.
1665 4301 1735 4361 de
1777 4301 1991 4362 lari-ed.
2040 4302 2372 4365 instituenti.

844 4412 1036 4474 quam
1066 4395 1268 4471 legem
1316 4395 1531 4457 Moliu.
1564 4395 1725 4474 disp.
1768 4411 1930 4457 ccxx.
1962 4397 2021 4473 ἓ.
2084 4396 2255 4471 Quod
2302 4396 2384 4456 ad

842 4489 1079 4565 ste-essu.
1139 4488 1310 4557 dicit,
1346 4507 1469 4548 non
1516 4508 1652 4550 esse
1700 4488 2076 4549 servandam
2120 4489 2185 4548 in
2239 4489 2375 4549 foro

844 4582 1112 4645 interno,
1150 4582 1246 4641 vel
1276 4590 1557 4657 externo,
1600 4590 1910 4662 quatenus
1965 4581 2166 4654 addit,
2225 4586 2376 4644 tunc

842 4692 1046 4752 neque
1076 4674 1263 4733 etiam
1293 4693 1428 4734 esse
1458 4674 1774 4735 haemdem
1804 4692 1949 4734 eum
1979 4675 2059 4733 de
2097 4692 2225 4753 quo
2255 4682 2377 4736 tes·

840 4776 1007 4827 tator
1032 4766 1370 4841 cogitabat.
1404 4774 1462 4827 et
1494 4785 1681 4846 quem
1712 4767 2040 4828 instituere
2091 4767 2376 4828 intende-

842 4860 973 4924 bat.
1015 4860 1163 4939 quia
1220 4860 1337 4920 hoc
1394 4868 1701 4938 repugnat
1748 4860 1871 4939 juri
1928 4870 2204 4929 natm-au
2265 4861 2375 4921 sed

840 4955 1030 5013 enula
1082 4972 1447 5031 responsum
1506 4953 1661 5029 legis
1708 4954 1949 5030 justum
2016 4953 2206 5013 fuisse
2263 4973 2376 5034 pro

842 5060 1109 5126 tumque
1142 5048 1297 5109 sum.
1346 5048 1395 5106 si
1428 5047 1587 5106 bene
1626 5066 1807 5106 casus
1848 5048 2010 5106 illius
2066 5048 2374 5125 intelliga-

844 5150 965 5203 tur.
1000 5150 1177 5217 pmut
1212 5140 1506 5200 inteliexit
1538 5141 1743 5217 giussa
1784 5140 1893 5201 ibi.
1917 5158 2143 5217 nempe
2174 5161 2379 5220 quan-

846 5234 925 5291 (ἰο
958 5244 1215 5291 axx-:atur
1243 5234 1433 5292 valuit
1470 5234 1789 5293 instituere
1822 5233 2099 5299 fratrem,
2157 5244 2214 5295 et
2266 5253 2378 5312 per

844 5345 1117 5384 emmau
1176 5338 1508 5404 reni-mium
1553 5326 1921 5389 autumavit.
1956 5336 2013 5387 et
2046 5346 2081 5386 e
2110 5338 2369 5388 eontra:

846 5438 969 5497 quo
1000 5437 1147 5477 casu
1178 5432 1395 5479 neuter
1420 5430 1511 5480 est
1544 5419 1743 5479 haeres
1776 5440 1791 5481 ;
1828 5439 1951 5478 non
1983 5421 2238 5499 quidem
2269 5422 2374 5500 qui

848 5512 1112 5585 strip-:us
1142 5520 1257 5571 est.
1288 5531 1431 5571 eum
1461 5532 1584 5571 nou
1615 5531 1689 5572 ex
1718 5513 2087 5576 intentione.
2120 5514 2230 5574 sed
2262 5534 2374 5594 per

1986 304 2088 365 DE
2129 301 2487 365 JUS'rl'rlA
2530 300 2632 362 ΕΤ
2674 301 2873 363 JURE

2462 496 2739 539 errorem
2796 481 3063 562 scriptus
3131 483 3242 546 sit:
3304 503 3507 566 neque
3577 487 3761 549 etiam
3815 490 3967 554 illum

2459 590 2648 651 quem
2705 573 3028 634 nominare
3059 575 3445 656 intendebat,
3496 581 3642 659 quia
3697 582 3776 643 de
3825 585 3969 647 facto

2462 683 2667 744 neque
2699 668 3056 729 nominatus
3084 669 3222 746 fuit,
3259 689 3463 751 neque
3493 692 3605 751 per
3635 675 3839 754 aliqua
3870 679 3970 739 alia

2463 757 2640 836 signa
2686 757 2955 838 juridice
2995 761 3403 840 significatuS.
3463 767 3726 827 Intentio
3787 775 3971 831 autem

2465 851 2827 912 nominandi
2856 852 2989 914 sola
3018 873 3145 915 non
3176 856 3405 919 sufficit
3461 858 3540 918 ad
3594 859 3973 924 institutionis

2463 944 2765 1023 valorem,
2810 946 2958 1008 licet
2997 952 3241 1010 constet
3272 949 3349 1010 de
3405 950 3751 1014 intentione
3803 960 3863 1015 et
3909 957 3974 1016 de

2467 1054 2701 1114 errore,
2738 1039 2887 1118 quia
2931 1039 3238 1103 institutio
3280 1043 3492 1104 valida
3543 1049 3871 1126 utrumque
3897 1068 3974 1110 re-

2468 1129 2679 1209 quirit,
2711 1134 2773 1192 et
2801 1131 3190 1194 voluntatem
3239 1140 3302 1197 et
3357 1135 3847 1200 declarationem
3895 1160 3966 1202 ex·

2465 1226 2710 1282 ternam
2738 1225 3085 1285 solemnem
3111 1244 3124 1291 :
3159 1228 3549 1308 supponibus
3607 1236 3841 1310 autem,
3872 1253 3972 1296 non

2469 1315 2656 1375 fuisse
2691 1317 3080 1379 nominatum
3103 1319 3276 1380 illum
3309 1321 3499 1382 alium
3533 1342 3647 1401 per
3676 1325 3882 1405 aliqua
3913 1329 3977 1388 si-

2468 1427 2615 1486 gna,
2651 1428 2791 1488 quae
2840 1429 2984 1471 eum
3039 1413 3424 1476 sufficienter
3477 1416 3975 1483 demonstrarent.

2471 1500 2534 1562 Si
2567 1507 2779 1562 autem
2820 1508 3113 1583 ageretur
3140 1507 3345 1567 solum
3393 1508 3471 1569 de
3525 1509 3757 1589 legato,
3792 1517 3852 1573 et
3877 1533 3979 1574 nou

2472 1592 2548 1654 de
2594 1593 2985 1668 haereditate‚
3046 1616 3191 1658 cum
3236 1600 3519 1679 legatum
3567 1605 3766 1681 possit
3817 1607 3980 1668 etiam

2471 1687 2729 1749 nutibus
2770 1690 3061 1770 relinqui,
3121 1692 3368 1753 minora
3423 1693 3606 1773 signa
3652 1697 3985 1761 sufficerent

2471 1777 2553 1838 ad
2611 1779 2746 1858 ejus
2775 1782 3094 1857 valorem;
3130 1784 3239 1844 sed
3267 1789 3480 1846 tamen
3527 1788 3744 1868 aliqua
3798 1809 3983 1852 coram

2473 1871 2683 1934 debito
2710 1875 2962 1936 testium
2993 1895 3258 1939 numero
3290 1878 3589 1942 exhibita.
3617 1883 3875 1954 Quando
3901 1903 3987 1946 an·

2470 1971 2599 2027 tem
2639 1985 2843 2047 neque
2873 1969 3009 2031 haec
3037 1971 3244 2049 posita
3269 1971 3527 2036 fuerunt
3556 1981 3817 2056 propter
3842 1996 3986 2040 erro·

2472 2077 2626 2135 rem,
2659 2077 2806 2122 vere
2834 2061 3172 2124 dicendum
3203 2069 3298 2128 est
3326 2066 3389 2126 in
3424 2072 3648 2129 neutro
3684 2070 3986 2151 forolega-

2471 2154 2713 2242 tum'ab
2744 2153 2998 2218 haerede
3031 2156 3275 2219 haberi.

2556 2246 2884 2324 Quaeritur,
2918 2249 3171 2328 quando
3194 2254 3454 2313 testator
3472 2254 3656 2332 jubet
3678 2255 3989 2318 aedificium
4074 2283 4128 2337 95¹,

2474 2338 2554 2399 ab
2586 2339 2835 2401 haerede
2863 2342 3000 2403 fieri
3045 2344 3244 2405 instar
3291 2345 3545 2407 alterius
3592 2349 3770 2427 quod
3814 2351 3989 2411 nomi·
4043 2405 4128 2456 Μ,

2477 2436 2602 2509 nat,
2637 2451 2779 2494 cum
2810 2438 3022 2496 tamen
3050 2437 3175 2497 tale
3206 2438 3539 2499 aedificium
3590 2460 3719 2501 non
3762 2443 3886 2504 sit?
3927 2446 3990 2505 Et
4051 2460 4129 2499 ιω

2472 2526 2811 2604 respondet
2838 2528 3072 2590 Molina
3099 2530 3331 2609 disput.
3367 2548 3526 2595 ccxl.
3562 2553 3712 2596 cum
3740 2554 3989 2597 commu·
4055 2524 4128 2563 Μ

2475 2619 2538 2678 ni
2564 2639 2600 2678 a
2622 2620 2838 2699 judice
2881 2623 3386 2702 compellendum
3431 2626 3756 2689 haeredem
3805 2631 3984 2692 facere

2477 2711 2810 2773 oedificium
2839 2715 2961 2776 tale
2993 2716 3250 2779 arbitrio
3282 2718 3429 2779 boni
3461 2720 3601 2797 viri,
3635 2727 3709 2784 ut
3729 2724 3990 2785 voluntas

2475 2806 2787 2868 testatoris
2815 2805 3172 2886 impleatur,
3193 2812 3323 2872 exl.
3342 2812 3413 2872 In
3435 2821 3797 2888 testamenta,
3819 2834 3987 2878 xxm.

2477 2897 2618 2959 ande
2641 2898 3062 2962 cotzdaetiom'bus
3081 2949 3096 2974 ,
3131 2912 3186 2963 et
3215 2903 3800 2970 demonstrationibus
3826 2957 3842 2987 ,
3874 2929 3991 2991 quae

2477 2992 2800 3071 responsio
2831 2995 3189 3057 confirmari
3206 2998 3437 3076 optime
3458 3004 3664 3080 potest
3683 3020 3763 3062 ex
3791 3003 3990 3065 doetri-

2478 3103 2560 3145 na
2588 3087 2927 3164 communi,
2960 3107 3152 3168 quam
3199 3092 3392 3156 tradit
3423 3096 3656 3155 Suarez
3705 3097 3819 3159 lib.
3849 3099 3986 3160 Vlli.

2476 3176 2546 3239 de
2574 3177 2684 3259 leq.
2721 3198 2860 3261 cap.
2894 3198 2997 3243 xv.
3032 3202 3206 3246 num.
3239 3190 3299 3246 7.
3332 3187 3651 3250 Bonacina
3680 3196 3748 3253 et
3765 3192 3989 3271 aliiplu-

2478 3291 2607 3350 res,
2643 3290 2800 3352 quos
2846 3276 3077 3353 refert,
3137 3282 3200 3338 et
3254 3280 3537 3359 sequitur
3576 3285 3796 3346 Castro
3831 3286 3989 3345 Palae

2479 3371 2629 3428 tom.
2683 3368 2729 3427 1.
2779 3370 2959 3429 tract.
3013 3386 3109 3430 111.
3160 3371 3321 3450 disp.
3359 3390 3444 3434 tv.
3492 3379 3709 3453 punct.
3749 3395 3816 3439 11.
3860 3379 3911 3457 ἓ.
3938 3381 3985 3438 8.

2479 3476 2651 3519 num.
2682 3463 2742 3520 4.
2777 3461 2945 3539 quod
2976 3462 3231 3541 quando
3260 3464 3448 3526 alicui
3495 3469 3862 3532 conceditur
3884 3470 3992 3550 pri-

2477 3552 2775 3630 vilegium
2810 3552 3298 3618 determinatum
3339 3558 3748 3637 dispensandi
3786 3564 3847 3623 in
3873 3563 3993 3625 tali-

2476 3645 2594 3705 bus
2621 3645 2804 3723 votiS,
2839 3646 3203 3709 absolvendi
3233 3668 3271 3710 a
3297 3652 3527 3713 talibus
3555 3656 3807 3716 casibus
3829 3703 3844 3733 ,
3888 3662 3987 3718 eto.

2478 3739 2639 3800 sicut
2665 3757 3033 3801 eoncessum
3078 3743 3194 3803 fuit
3237 3745 3424 3806 Petro
3446 3793 3463 3822 ,
3495 3748 3706 3809 valida
3752 3756 3846 3812 est
3869 3768 3991 3811 oon-

2478 3833 2712 3909 cessio,
2763 3833 2908 3896 licet
2938 3837 3120 3897 Petro
3169 3836 3323 3898 nihil
3367 3839 3491 3901 tale
3530 3841 3720 3904 fuerit
3766 3861 3991 3905 conces·

2477 3944 2638 4001 sum,
2694 3926 2841 4005 quia
2897 3930 3219 3990 concessio
3265 3932 3434 3992 Petri
3483 3952 3605 3994 non
3647 3937 3986 4015 apponitur,

2476 4025 2546 4079 ut
2573 4020 2871 4097 conditiO,
2902 4022 3013 4081 sed
3043 4025 3309 4103 exempli
3349 4027 3552 4105 gratia
3586 4048 3600 4088 :
3636 4030 3806 4108 quod
3845 4030 3989 4089 idem

2477 4113 2538 4172 in
2565 4132 2714 4174 casu
2745 4120 2956 4177 nostro
3006 4116 3347 4179 dicendum
3394 4126 3528 4197 est,
3580 4140 3726 4183 cum
3773 4129 3990 4185 constet

2477 4212 2840 4269 testatorem
2867 4210 3138 4271 voluisse
3177 4213 3510 4275 aedificium
3533 4263 3550 4292 ,
3601 4223 3666 4278 et
3692 4220 3989 4297 conjectu-

2477 4301 2814 4454 ra¹rhaberi
2838 4305 3083 4383 possint
3110 4305 3190 4367 de
3237 4309 3586 4387 quantitate
3614 4314 3678 4372 et
3706 4312 3987 4390 qualitate

2476 4413 2556 4455 vo
2585 4402 2692 4456 ita.
