4263 6376
86 1375 159 1434 1¹9

1167 358 1637 420 msPU'rA'rlo
1681 360 1953 434 XXXVI,
2003 359 2277 419 SECTlo
2322 359 2479 421 VIII.

262 531 697 595 ecclesiasticus
725 535 924 609 affert,
958 534 1066 593 aut
1094 533 1266 611 emit,
1301 533 1400 594 vel
1420 533 1656 610 vendit,
1691 532 1771 594 sit

261 626 326 688 ad
356 625 795 703 negotiandum
837 626 934 686 vel
965 625 1044 685 ad
1075 646 1223 687 usus
1263 627 1571 706 proprios,
1605 632 1772 688 stan-

262 719 395 779 dum
424 736 555 778 esse
588 719 780 797 ipsius
804 717 1188 796 juramentO,
1225 718 1341 778 nisi
1385 720 1771 781 contrarium

262 811 558 891 probetur,
591 816 660 871 ut
686 815 861 872 notat
890 812 1124 873 Sanch.
1161 811 1223 873 d.
1257 830 1315 873 c.
1351 828 1436 873 1v.
1475 813 1624 873 dub.
1659 829 1764 873 Ln.

260 905 315 964 in
340 904 476 979 fine,
512 908 574 965 et
599 905 814 965 Molin.
847 903 1012 983 disp.
1044 907 1187 966 672.
1224 924 1395 965 num.
1429 909 1489 966 2.
1527 905 1589 964 in
1618 905 1766 981 fine,

262 997 352 1058 ubi
392 996 556 1056 idem
586 996 756 1074 dicit,
792 996 1043 1077 quando
1076 996 1418 1074 dubitatur,
1454 1016 1535 1058 an
1563 999 1644 1059 sit
1672 1017 1772 1060 res

262 1108 363 1150 sua
387 1090 481 1149 vel
510 1090 736 1166 aliena,
772 1095 833 1151 et
872 1090 958 1152 ita
989 1089 1352 1169 praecipitur
1383 1091 1520 1169 lege
1550 1091 1773 1170 Hispa-

263 1202 352 1259 na,
398 1201 536 1262 quae
583 1189 678 1244 est
721 1183 821 1243 lex
847 1199 959 1244 ΧΠ.
997 1183 1093 1244 tit.
1146 1200 1241 1244 111.
1274 1184 1504 1262 partita
1550 1187 1610 1247 5.
1645 1185 1766 1262 leg.

264 1280 674 1352 extravagant.

329 1367 591 1429 Adverte
639 1358 884 1447 quartO,
936 1369 1239 1447 injustum
1289 1388 1423 1431 esse
1454 1375 1517 1431 et
1553 1374 1772 1431 contra

123 1500 130 1510 ·
260 1461 728 1523 ecclesiasticam
757 1462 1219 1523 immunitatem
1248 1465 1554 1523 statutum
1590 1463 1764 1540 illud,

58 1512 220 1555 mmm·

58 1555 218 1651 ἓξξξὲᾶ
258 1554 410 1633 quod
456 1554 600 1614 laici
637 1553 856 1616 volunt
884 1555 1161 1633 obligare
1202 1555 1461 1615 clericos
1502 1555 1584 1614 ad
1623 1555 1765 1630 hoc,

58 1660 177 1727 etauio
257 1652 316 1708 ut
352 1647 521 1708 initio
571 1666 733 1708 anno
782 1648 1080 1725 scribant,
1128 1667 1267 1727 quae
1311 1648 1415 1708 illo
1474 1666 1640 1710 anno
1689 1648 1769 1708 ad

58 1728 126 1780 ω’.

58 1780 126 1825 pun

58 3509 130 3570 120

58 3633 150 3680 aa

128 1727 214 1813 ᾗ,
255 1759 384 1801 suos
410 1760 560 1801 usus
602 1740 849 1802 allaturi
895 1745 1059 1813 sunt,
1109 1741 1389 1820 alioquin
1437 1745 1770 1802 teneantur

255 1833 322 1894 de
347 1834 479 1894 aliis
509 1834 751 1895 solvere
781 1833 1129 1912 gabellam:
1157 1833 1274 1894 hoc
1293 1832 1458 1893 enim
1490 1838 1770 1896 coarctat

253 1926 496 1988 clericos
544 1927 650 2007 qui
694 1933 913 2006 postea
961 1927 1225 1988 fortasse
1255 1926 1569 2007 aliquibus
1606 1926 1771 1987 indi-

250 2020 493 2099 gebunt,
529 2038 670 2100 quae
702 2039 825 2081 non
856 2020 1307 2099 praeviderunt,
1340 2024 1409 2080 ut
1431 2023 1610 2081 notat
1636 2021 1769 2081 Mo-

247 2113 360 2172 lina
412 2112 574 2193 disp.
634 2116 774 2177 671.
838 2132 897 2174 n.
957 2117 1017 2175 2.
1078 2112 1186 2192 qui
1224 2116 1436 2173 tamen
1482 2114 1770 2174 concedit

249 2224 413 2284 posse
441 2225 659 2286 regem
688 2211 983 2282 statuere,
1020 2205 1187 2285 quod
1218 2205 1619 2267 ecclesiastici
1641 2224 1766 2266 ma·

248 2299 528 2360 nitestent
547 2317 684 2378 quae
703 2298 1185 2378 asportaverint,
1207 2303 1316 2360 aut
1341 2298 1762 2375 vendiderint,

245 2391 378 2453 licet
419 2411 545 2453 non
586 2391 782 2470 possit
821 2409 928 2452 eos
974 2391 1175 2469 poenis
1207 2409 1455 2470 cogere,
1510 2390 1771 2452 debere-

246 2503 356 2565 que
401 2484 857 2547 ecclesiasticos
913 2484 1058 2545 huic
1110 2488 1342 2545 statuto
1398 2503 1465 2545 se
1520 2484 1766 2545 confor-

245 2596 424 2653 mare,
457 2578 607 2638 licet
632 2596 743 2638 rex
772 2577 1174 2638 sinelicentia
1195 2578 1421 2638 summi
1449 2578 1766 2638 Pontificis

244 2689 354 2731 non
383 2671 583 2750 possit
609 2670 728 2731 hoc
744 2674 1046 2731 statutum
1068 2670 1416 2731 executioni
1432 2670 1757 2731 mandare.

245 2763 408 2837 Quod
450 2763 704 2825 difficile
753 2763 1016 2843 intelligi
1063 2767 1313 2842 potest:
1366 2764 1547 2842 quale
1596 2762 1762 2824 enim

241 2860 531 2919 statutum
586 2860 702 2932 est,
760 2856 927 2936 quod
983 2856 1308 2934 legislator
1356 2855 1579 2936 exequi
1636 2874 1760 2916 non

240 2950 471 3031 potest?
519 2951 597 3010 Et
637 2948 895 3028 quidem
935 2949 1184 3010 videtur
1226 2948 1415 3010 etiam
1445 2948 1506 3007 in
1540 2948 1659 3009 hoc
1687 2948 1763 3008 li-

238 3042 436 3105 bertas
487 3041 909 3103 ecclesiastica
951 3041 1118 3118 laedi,
1153 3042 1305 3102 dum
1351 3040 1559 3102 clerici
1609 3041 1758 3101 obli-

238 3141 458 3216 gantur
517 3134 599 3198 ad
655 3135 982 3215 prodenda
1036 3139 1099 3198 et
1153 3134 1496 3196 deferenda
1551 3135 1763 3196 omnia

238 3249 367 3310 quae
415 3229 498 3291 ad
544 3247 689 3290 suas
729 3229 1131 3290 necessitates
1179 3230 1449 3289 afferunt
1487 3229 1584 3288 vel
1614 3248 1760 3289 ven-

237 3324 402 3400 dunt,
478 3321 650 3403 quod
695 3321 1029 3383 molestum
1082 3339 1427 3401 gravamen
1505 3322 1763 3383 cuilibet

237 3418 425 3478 affert.

304 3510 580 3571 Adverte
660 3509 899 3589 quint0,
957 3528 1080 3570 non
1138 3510 1403 3588 perdere
1461 3510 1759 3569 clericum

233 3621 407 3664 suum
454 3602 878 3682 privilegium,
924 3603 977 3664 si
1024 3603 1216 3664 semel
1263 3606 1483 3664 afferat
1522 3602 1759 3683 aliquid

59 3670 180 3734 ΗΝ·
233 3714 415 3760 causa
442 3696 909 3774 negotiationis,
941 3696 1094 3758 sicut
1129 3715 1251 3758 non
1279 3696 1506 3759 dicitur
1533 3696 1758 3775 aliquis

58 3747 170 3796 netolic

58 3800 109 3841 lm.

231 3792 541 3850 mercator
577 3807 652 3848 ex
694 3808 818 3850 uno
863 3795 1030 3866 actu,
1072 3795 1142 3852 ut
1187 3808 1332 3850 cum
1371 3788 1660 3851 Menoch.
1697 3792 1759 3849 et

231 3884 460 3946 Gutier.
513 3885 690 3945 notat
727 3883 956 3945 Saneh.
1011 3882 1161 3943 dub.
1204 3900 1284 3943 m.
1318 3883 1381 3942 in
1423 3884 1530 3944 fin.
1567 3884 1759 3944 Caete-

229 3998 361 4040 rum
383 3979 449 4040 id
480 3978 881 4039 verissimum
913 3981 1007 4037 est
1035 3977 1098 4035 in
1129 3976 1350 4037 ordine
1379 3976 1458 4036 ad
1490 3975 1758 4054 perden-

226 4072 366 4133 dam
414 4072 882 4133 immunitatem
921 4070 1087 4130 circa
1144 4070 1266 4130 alia
1296 4070 1462 4131 bona
1505 4088 1640 4145 sua,
1674 4067 1756 4129 ad

226 4186 410 4247 quam
470 4164 862 4246 perdendam
915 4163 1279 4242 requiritur,
1338 4167 1409 4224 ut
1461 4162 1751 4237 diximus-2,

226 4260 386 4323 trina
411 4259 678 4320 monitio
710 4256 1009 4336 episcopi,
1044 4276 1183 4336 quae
1231 4275 1367 4317 esse
1397 4275 1522 4316 non
1553 4259 1758 4333 potest

223 4357 361 4431 post
414 4352 673 4412 unicum
724 4354 956 4422 actum,
1008 4369 1150 4410 cum
1189 4348 1324 4429 jam
1372 4348 1632 4409 clericus
1677 4349 1757 4410 sit

225 4446 621 4506 emendatus,
656 4444 752 4505 Ad
781 4444 902 4504 hoc
929 4447 1164 4518 tamen,
1200 4448 1268 4505 ut
1296 4462 1371 4502 ex
1399 4442 1536 4522 ipsa
1564 4460 1756 4520 nego·

225 4538 483 4600 tiatione
516 4556 638 4598 non
673 4537 868 4616 possit
908 4536 987 4596 ab
1019 4554 1092 4596 eo
1133 4535 1295 4613 exigi
1323 4535 1594 4614 gabella,
1631 4553 1755 4594 non

222 4630 471 4694 videtur
501 4629 589 4691 ita
637 4635 901 4705 certum,
934 4647 1078 4690 cum
1122 4647 1444 4707 nunquam
1485 4628 1542 4688 ei
1572 4627 1757 4689 detur

224 4722 539 4800 exemptio
570 4741 611 4782 a
637 4721 899 4800 gabellis
928 4722 992 4786 in
1019 4721 1467 4800 negotiatione,
1503 4725 1571 4781 ut
1597 4721 1755 4781 fate-

222 4820 320 4876 tur
348 4816 525 4876 idem
555 4814 786 4876 Sanch.
823 4814 907 4874 ibi
940 4832 1001 4874 n.
1033 4818 1091 4874 6.

299 4907 633 4972 Secundus
663 4925 866 4983 casm,
901 4926 1023 4986 quo
1047 4906 1445 4972 ecclesiastici
1476 4906 1756 4984 gabellas

219 5001 467 5064 solvere
525 5007 785 5079 possunt
833 5006 896 5063 et
945 5002 1199 5077 debent,
1250 5005 1346 5062 est
1392 5001 1643 5080 quando
1692 5000 1755 5061 id

218 5113 327 5172 pro
369 5114 502 5174 quo
544 5095 972 5174 imponuntur,
1024 5113 1203 5174 aeque
1249 5094 1635 5170 immediate,
1695 5100 1757 5157 et

217 5188 456 5249 directe
505 5189 708 5266 tangit
750 5188 811 5248 in
859 5188 1223 5267 particulari
1274 5188 1749 5264 ecclesiasticos,

217 5287 276 5344 et
304 5283 525 5343 laicos
571 5284 688 5346 Pro
721 5301 843 5361 quo
891 5282 1172 5357 adverte,
1208 5281 1541 5359 dupliciter
1568 5300 1753 5360 posse

217 5375 278 5436 id
325 5380 592 5453 tangere
637 5375 1112 5436 ecclesiasticos
1171 5374 1400 5449 Primo,
1446 5379 1754 5452 quatenus

218 5474 310 5532 est
355 5469 423 5532 in
453 5469 691 5532 bonum
737 5468 1225 5544 communitatiS,
1258 5467 1438 5548 cujus
1465 5467 1582 5552 Ipsi
1612 5471 1759 5529 sunt

216 5566 456 5641 partes,
498 5582 556 5626 v.
601 5581 663 5646 g.
707 5563 788 5626 ad
829 5560 1205 5628 reficiendos
1241 5564 1483 5639 ponteS,
1516 5579 1752 5637 muroS,

3283 362 3399 420 647

1870 533 2280 613 aquaeductus
2309 553 2696 612 communeS,
2724 540 2785 597 et
2811 536 3058 597 similia.
3085 536 3399 609 secundm

1871 625 2121 704 quando
2154 627 2488 705 respicitin
2519 628 2880 706 particulari
2914 629 3082 708 ipsos
3111 628 3398 705 clericOS,

1868 737 1930 779 v.
1965 737 2027 796 g.
2062 718 2115 777 si
2145 721 2377 779 ssumen
2408 721 2631 799 perdat
2652 721 2896 799 aliquos
2926 740 3110 799 agros
3145 720 3399 797 vicinOS,

1871 830 2139 891 quorum
2173 812 2358 892 aliqui
2392 818 2538 874 sunt
2554 814 2870 890 Ecclesiae,
2892 814 2989 874 vel
3007 813 3400 889 clericorum,

1872 909 1934 965 et
1962 923 2216 965 necesse
2245 905 2323 966 sit
2351 908 2583 967 flumen
2612 907 2731 967 alio
2772 906 3082 969 divertere
3113 905 3405 984 expensis

1871 997 2269 1058 dominorum
2314 999 2563 1059 illorum
2611 1018 2931 1078 agrorum,
2987 999 3215 1078 quibus
3258 997 3405 1059 solis

1870 1092 2037 1151 utilis
2067 1097 2161 1153 est
2192 1092 2298 1151 illa
2334 1092 2627 1153 diversio.
2666 1092 2731 1153 Si
2761 1092 2899 1170 agri
2928 1091 3077 1151 item
3108 1091 3191 1150 illi
3223 1109 3405 1170 prop-

1870 1188 1965 1246 ter
1991 1184 2250 1244 nimiam
2279 1185 2719 1247 humiditatem
2749 1184 3000 1245 inutiles
3029 1184 3173 1259 sint,
3210 1189 3271 1244 et
3300 1202 3404 1243 ne-

1870 1297 2042 1340 cesse
2071 1279 2152 1339 sit
2178 1278 2425 1356 aperire
2456 1278 2689 1339 fossam
2721 1283 2790 1337 ut
2819 1276 3118 1337 fructiferi
3143 1276 3408 1336 reddan-

1868 1375 1989 1433 tur.
2026 1374 2182 1432 Item
2211 1371 2264 1431 si
2292 1390 2544 1432 necesse
2588 1372 2668 1432 sit
2710 1372 2919 1431 facere
2965 1369 3407 1449 aquaeductum

1869 1465 1951 1525 ad
1993 1465 2351 1544 irrigandos
2379 1464 2621 1543 aliquos
2653 1483 2845 1543 agros
2874 1462 3150 1542 alioquin
3181 1480 3405 1540 parum

1867 1558 2074 1635 utileS,
2109 1565 2172 1619 et
2200 1558 2288 1618 sic
2318 1556 2396 1618 de
2427 1558 2563 1617 aliis
2593 1557 2922 1618 similibuS.

1948 1654 2078 1712 Hoc
2108 1651 2452 1729 supposito,
2486 1651 2551 1709 in
2580 1651 2699 1712 hac
2729 1649 2995 1711 materia
3009 1648 3203 1728 aliqui
3223 1646 3406 1707 nimis

1866 1744 2028 1821 laxe,
2074 1744 2180 1803 alii
2228 1744 2413 1804 nimis
2455 1744 2667 1805 stricte
2716 1743 3079 1822 loquuntur,
3128 1760 3267 1820 quse
3307 1759 3408 1799 ex-

1867 1841 2090 1912 trema,
2123 1836 2176 1896 si
2220 1835 2355 1896 fieri
2400 1840 2627 1917 potest,
2678 1836 2937 1899 vitanda
2984 1839 3149 1907 sunt,
3199 1852 3277 1893 ne
3306 1833 3408 1894 vel

1868 1929 2218 2009 periculum
2265 1929 2346 1990 sit
2389 1929 2663 1989 laedendi
2711 1928 3013 2008 paulatim
3044 1927 3408 1988 immunita-

1866 2029 2017 2098 tem,
2053 2040 2319 2101 eamque
2360 2022 2701 2083 reducendi
2753 2022 2833 2082 ad
2877 2040 3120 2081 merum
3152 2021 3406 2082 titulum

1867 2116 2000 2176 sine
2031 2134 2120 2193 re,
2156 2116 2252 2175 vel
2284 2135 2316 2175 e
2348 2120 2566 2178 contra
2596 2115 2816 2176 odiosa
2861 2133 2937 2175 ea
2965 2114 3149 2174 nimis
3177 2112 3407 2173 redda-

1865 2213 1969 2271 tur
2015 2208 2212 2284 laicis,
2257 2210 2483 2287 quibus
2530 2213 2731 2269 totum
2777 2227 2934 2269 onus
2964 2206 3170 2267 clerici
3219 2206 3408 2266 relin-

1866 2321 2058 2381 quere
2086 2302 2325 2378 volunt,
2373 2320 2489 2362 nec
2537 2301 2731 2380 digito
2779 2319 2892 2362 suo
2939 2301 3221 2361 volentes
3266 2304 3407 2360 tan-

1863 2403 2012 2474 gere
2060 2395 2142 2455 ad
2170 2394 2627 2455 sublevandum
2660 2394 2872 2469 etiam,
2928 2393 3184 2472 quando
3214 2392 3404 2454 nimio

1864 2488 2146 2567 pondere
2196 2505 2530 2566 oppressos
2564 2487 2799 2548 vident.
2836 2486 3048 2547 Prima
3092 2504 3240 2563 ergo
3271 2504 3407 2546 sen-

1862 2580 2053 2643 teniia
2087 2581 2273 2641 docet
2318 2580 2571 2659 quando
2619 2581 2854 2641 tributa
2883 2579 3294 2657 imponuntur
3321 2578 3402 2638 ad

1862 2674 2030 2735 bona
2062 2674 2252 2735 etiam
2298 2672 2657 2734 communia
2698 2672 2883 2750 primi
2913 2671 3184 2750 generis,
3218 2671 3400 2731 cleri-

1862 2786 1968 2828 cos
1999 2767 2228 2828 debere
2259 2785 2403 2827 cum
2450 2765 2626 2826 laicis
2657 2765 3076 2839 contribuere,
3112 2764 3199 2824 ita
3229 2763 3396 2823 enim

1861 2859 2129 2920 habetur
2163 2858 2296 2918 inl.
2351 2857 2448 2918 Ad
2491 2858 2920 2933 instructionem,
2962 2859 3028 2918 C.
3063 2854 3133 2916 de
3174 2875 3392 2918 sacros.

1860 2951 2091 3013 EccleS.
2131 2956 2194 3013 et
2231 2951 2294 3011 in
2334 2951 2547 3012 multis
2588 2950 2837 3030 legibus
2872 2950 3188 3030 IIispaniS,
3237 2968 3395 3028 quas

1861 3048 2040 3107 affert
2068 3044 2297 3107 Sanch.
2334 3044 2395 3105 d.
2430 3063 2485 3105 c.
2522 3062 2606 3106 ιν.
2643 3044 2793 3106 dub.
2827 3062 2924 3106 ιν.
2960 3064 3020 3104 n.
3058 3047 3131 3104 13
3162 3047 3226 3105 et
3251 3042 3394 3104 ideo

1858 3139 1944 3199 ita
1973 3139 2221 3212 docent,
2254 3140 2468 3202 Innoc.
2501 3142 2563 3200 et
2589 3138 2692 3199 alii
2717 3136 3064 3218 jurisperiti
3082 3136 3247 3216 apud
3268 3137 3397 3198 Mo·

1857 3235 2049 3295 linam
2066 3233 2226 3312 disp.
2249 3237 2385 3294 672.
2410 3251 2468 3291 n.
2499 3235 2560 3293 4.
2582 3235 2643 3292 et
2661 3232 2995 3307 innumeri,
3030 3248 3186 3310 quos
3215 3232 3397 3292 affert

1859 3326 2027 3387 idem
2071 3325 2303 3388 Sanoh.
2337 3325 2424 3385 ibi
2456 3344 2515 3386 n.
2553 3328 2651 3386 13.
2687 3325 2795 3404 qui
2832 3323 3123 3384 eamdem
3152 3326 3222 3384 ut
3250 3342 3397 3401 pro-

1858 3419 2230 3481 babiliorem
2258 3418 2540 3497 sequitur
2569 3417 2796 3479 additis
2826 3416 3138 3496 aliquibus
3165 3415 3396 3476 limita-

1858 3512 2152 3573 tionibuS.
2188 3514 2306 3573 Pro
2351 3510 2572 3571 eadem
2605 3511 2913 3572 sententia
2956 3514 3105 3571 sunt
3133 3508 3388 3588 Henriq.

1860 3610 1922 3667 et
1976 3604 2079 3665 alii
2135 3605 2364 3682 plureS,
2427 3623 2584 3684 quos
2639 3605 2832 3665 refert
2885 3604 3082 3664 Diana
3131 3605 3175 3663 1.
3234 3606 3387 3662 tom.

1857 3703 2039 3761 tract.
2090 3714 2162 3759 11.
2213 3716 2334 3758 res,
2387 3701 2485 3759 38.
2521 3703 2582 3759 et
2619 3716 2740 3759 res,
2773 3700 2851 3757 78
2881 3701 2944 3757 et
2980 3700 3078 3758 82.
3115 3700 3176 3756 et
3204 3698 3386 3756 tract.

1857 3809 1952 3853 111.
1986 3789 2459 3872 (lepor-lamenta,
2496 3809 2618 3851 res.
2653 3795 2752 3851 22.
2802 3795 2864 3851 et
2904 3794 2991 3851 to,
3027 3805 3095 3851 11.
3130 3792 3208 3850 tr.
3244 3805 3287 3849 1.
3322 3787 3393 3848 de

1856 3885 2096 3945 immun.
2134 3902 2254 3944 res,
2290 3887 2387 3944 11.

1936 3977 2192 4039 Limitat
2218 3984 2427 4036 autem
2460 3975 2690 4037 Sanch.
2726 3993 2869 4036 cum
2901 3974 3038 4034 aliis
3069 3993 3144 4034 ex
3173 3975 3249 4034 iis
3279 3993 3390 4035 au-

1855 4072 2152 4147 ctoribuS,
2204 4087 2360 4150 quos
2402 4070 2602 4145 affert,
2651 4068 2813 4128 hanc
2858 4067 3234 4129 sententiam
3262 4068 3390 4147 pri-

1853 4184 1981 4240 mo,
2016 4169 2084 4224 ut
2112 4181 2237 4223 non
2264 4162 2566 4241 procedat
2595 4161 2845 4240 quando
2870 4159 3169 4239 oppidum
3200 4161 3392 4223 habet

1854 4257 2110 4337 propria
2157 4255 2535 4315 sufficientia
2582 4274 2655 4314 ex
2686 4253 3005 4315 communi
3034 4252 3112 4313 ad
3146 4272 3251 4313 eas
3282 4272 3389 4313 ex-

1855 4369 2100 4430 pensas.
2156 4348 2280 4410 Sed
2327 4353 2492 4409 certe
2522 4348 2587 4408 in
2619 4348 2737 4407 hoe
2773 4366 2899 4408 non
2940 4350 3087 4407 sunt
3112 4346 3388 4406 melioris

1854 4442 2230 4504 conditionis
2271 4441 2481 4502 clerici
2511 4459 2702 4519 quam
2741 4440 2905 4515 laici,
2940 4438 3249 4518 siquidem
3280 4459 3389 4499 ne-

1855 4556 1976 4616 que
2024 4536 2120 4595 his
2163 4535 2397 4614 imponi
2452 4537 2656 4612 potest
2696 4532 2965 4611 gabella‚
3014 4532 3267 4611 quando
3312 4550 3387 4591 ex

1853 4629 2121 4710 propriis
2154 4626 2368 4706 oppidi
2397 4630 2658 4706 possunt
2689 4626 2825 4687 haec
2871 4643 3064 4703 opera
3106 4642 3389 4684 commu-

1855 4723 1960 4783 nia
2019 4721 2178 4782 fierI.
2250 4720 2541 4782 Secundo
2620 4718 2878 4794 limitat,
2952 4720 3021 4778 ut
3085 4717 3388 4796 procedat

1856 4815 2106 4894 quando
2152 4813 2464 4891 reparatio
2507 4813 2580 4872 fit
2615 4814 2875 4889 propter
2921 4810 3380 4885 necessitatem,

1855 4914 1916 4970 et
1943 4927 2068 4968 non
2099 4910 2359 4985 propter
2386 4911 2699 4966 ornatum.
2733 4903 2969 4978 Terti0‚
3002 4903 3055 4963 si
3087 4902 3386 4964 transitus

1853 5019 1968 5080 per
1993 5000 2221 5061 itinera
2249 4998 2353 5058 illa
2380 4999 2459 5059 sit
2487 4999 2802 5078 frequens,
2841 4996 3096 5073 QuartO,
3131 4995 3384 5074 quando

1853 5092 2130 5155 Ecclesia
2170 5090 2360 5151 habet
2415 5090 2496 5150 ibi
2547 5090 2789 5169 aliquas
2835 5109 2934 5149 res
2978 5088 3374 5167 temporales,

1852 5206 2031 5248 secus
2076 5186 2126 5246 si
2175 5185 2376 5245 nullas
2405 5183 2654 5259 habeat,
2707 5187 2777 5244 ut
2819 5183 3040 5243 fratres
3088 5183 3380 5244 Minores,

3556 1654 3669 1712 122

3539 1780 3671 1843 Varla}

3496 1840 3724 1877 sententiae.

1854 5280 2104 5355 Quinto,
2173 5277 2349 5338 addit
2403 5297 2508 5337 nu.
2569 5280 2667 5337 27.
2742 5276 3195 5336 consulendum
3249 5294 3384 5334 esse
3456 5264 3481 5286 ⁸

1853 5391 2170 5434 summum
2200 5371 2588 5446 Pontificem,
2622 5374 2685 5430 et
2720 5369 2855 5447 ejus
2883 5387 3255 5430 consensum
3297 5387 3387 5428 re-

1855 5466 2253 5546 quirendum.
2304 5465 2584 5543 Denique
2615 5461 2885 5523 advertit
2926 5463 3093 5523 idem
3151 5462 3380 5524 Sanch.

1858 5580 1922 5621 n.
1973 5563 2010 5621 3
2059 5563 2121 5622 et
2148 5563 2209 5622 4.
2241 5557 2453 5637 aliqua
2482 5575 2616 5618 esse
2664 5556 2728 5616 in
2758 5555 3091 5617 utilitatem
3133 5554 3385 5618 clerico-
