4263 6376
922 285 1037 343 222
2065 286 2170 347 DE
2211 287 2561 348 JUSTITIA
2607 288 2707 348 ET
2749 289 2947 350 JURE

2548 465 2929 527 feudatarius
2940 468 3493 530 volueritdebitum
3508 470 3903 551 obsequium
3918 487 4075 547 praes-
4143 492 4172 551 Q

2548 560 2702 633 tare,
2738 561 2933 638 possit
2960 562 3249 622 dominus
3278 564 3445 622 feudi
3476 563 3628 623 illud
3665 581 4000 641 respuere,
4028 568 4075 621 et
4106 543 4171 637 ἢ

2548 652 2829 730 accipere
2859 655 3096 716 fructus
3125 655 3401 733 pignoris
3446 675 3566 716 non
3619 655 4075 734 computandos
4125 652 4172 751 ζ

577 475 876 541 meust-uei
925 464 1134 521 autem
1187 461 1410 542 aliquae
1459 462 1856 541 exceptiones
1903 481 1976 522 ex
2023 463 2128 522 illa
2166 463 2451 523 doctrina

596 535 872 636 gfffflssssff'
922 556 1258 616 communi.

577 637 872 732 {ijssssssfflssffi
1005 650 1208 710 Prima
1239 653 1332 709 est
1360 649 1436 708 dc
1465 648 1716 709 domino
1747 649 1983 709 directo
2010 648 2180 708 feudi
2204 695 2218 722 ,
2262 647 2368 726 qui
2398 646 2448 707 si

623 743 821 807 ‘'ires-“m
922 760 958 802 a
986 741 1329 803 feudatario
1359 760 1472 820 pro
1504 742 1761 819 pignore
1809 740 2069 819 alicujus
2113 740 2301 800 debiti
2346 758 2450 798 ac·
2546 744 2606 802 in
2639 751 2911 806 sortem:
2943 747 3114 822 item,
3158 766 3235 806 an
3285 749 3334 807 si
3382 749 3616 809 fructus
3648 748 4075 808 excedantde-

602 803 844 850 pertineant.

603 5480 718 5540 147

920 836 1070 913 cipit
1096 853 1227 894 rem
1258 835 1458 912 ipsam
1489 834 1822 909 feudalem,
1858 837 2062 912 potest
2089 833 2326 892 fructus
2356 831 2445 891 rei

919 929 1080 989 illius
1111 929 1432 1008 percipere
1461 945 1586 986 non
1615 927 2034 1005 computando
2073 945 2181 986 eos
2227 926 2290 984 in
2319 944 2446 986 sor·

914 1028 1062 1098 tem,
1097 1029 1166 1083 ut
1196 1021 1545 1083 habeturin
1574 1039 1711 1097 cap.
1748 1037 1789 1079 1.
1825 1019 1895 1079 de
1935 1019 2157 1099 seude'S,
2213 1023 2273 1079 et
2302 1038 2440 1097 cap.

919 1116 1296 1197 conquestus,
1329 1114 1399 1175 de
1424 1114 1614 1174 usuris
1634 1132 1660 1189 ,·
1705 1117 1767 1173 et
1792 1113 1936 1173 licet
1962 1113 2021 1172 in
2056 1112 2176 1173 illis
2196 1112 2444 1190 juribus

913 1230 1116 1271 sermo
1146 1211 1225 1271 sit
1252 1210 1329 1268 de
1358 1207 1542 1268 feudo
1576 1207 1853 1267 ecclesiae
1878 1227 1892 1278 ;
1929 1225 2066 1265 eam
2094 1211 2305 1266 tamen
2336 1206 2446 1265 de-

911 1304 1209 1365 cisionem
1239 1302 1526 1362 doctores
1552 1299 1969 1359 communiter
1994 1298 2336 1358 extendunt
2363 1297 2443 1357 ad

910 1397 1100 1458 feuda
1128 1396 1314 1458 etiam
1343 1395 1501 1454 laica
1521 1441 1537 1470 ‚
1588 1398 1655 1453 nt
1683 1398 1899 1453 contra
1927 1392 2201 1469 glossam
2228 1395 2444 1453 tenent

912 1490 1198 1550 doctores
1227 1488 1330 1547 alii
1358 1486 1634 1564 theologi
1663 1492 1725 1546 et
1744 1485 1984 1563 juristae
2006 1531 2020 1560 ,
2068 1503 2224 1563 quos
2259 1484 2444 1546 affert

911 1587 971 1644 et
1003 1582 1281 1661 sequitur
1307 1580 1539 1641 Molina
1568 1578 1729 1656 disp.
1778 1580 1915 1639 323.
1969 1583 2031 1638 et
2080 1577 2255 1638 Salas
2285 1576 2434 1638 dub.

907 1692 1074 1737 xxxi.
1110 1692 1280 1734 num.
1315 1677 1373 1733 4.

985 1769 1300 1830 Laborant
1329 1768 1538 1825 autem
1570 1764 1856 1824 doctores
1899 1764 1960 1823 in
1990 1763 2314 1823 reddenda
2343 1782 2437 1823 ra·

905 1863 1074 1923 tione
1104 1861 1289 1937 hujus
1337 1857 1749 1935 exceptioniS,
1811 1857 1890 1917 ob
1938 1875 2127 1934 quam
2172 1857 2435 1916 retentio

902 1957 1218 2016 fructuum
1251 1955 1581 2012 excusatur
1608 1950 1687 2009 ab
1718 1968 1926 2009 usura.
1976 1949 2096 2009 Sed
2128 1967 2229 2008 res
2256 1948 2435 2008 facile

905 2048 1250 2125 explicatur
1304 2044 1590 2119 dicendO,
1653 2042 1814 2101 hanc
1856 2061 1989 2102 esse
2038 2046 2327 2101 naturam
2375 2045 2437 2103 et

903 2138 1323 2202 conditionem
1353 2136 1522 2196 feudi
1549 2154 1621 2195 ex
1652 2153 1763 2195 sua
1793 2134 1995 2212 prima
2024 2135 2429 2211 institutione,

900 2233 964 2292 in
996 2250 1120 2310 quo
1168 2230 1326 2291 sicut
1372 2229 1660 2289 (lominus
1703 2226 1974 2287 directus
2020 2226 2222 2304 potuit
2267 2225 2430 2287 desi-

901 2344 1095 2403 gnare
1125 2324 1279 2384 alios
1310 2341 1511 2398 casus,
1545 2321 1608 2380 in
1640 2321 1867 2399 quibus
1902 2319 2249 2379 dominium
2281 2320 2431 2379 utile

900 2418 1134 2478 rediret
1163 2416 1238 2475 ad
1274 2414 1595 2475 dominum
1627 2414 1971 2483 directum3
2006 2412 2311 2490 sicpotuit
2331 2411 2431 2473 hic

900 2512 1086 2571 etiam
1117 2528 1296 2570 casus
1328 2506 1625 2585 exprimi,
1659 2511 1728 2566 ut
1754 2505 2004 2583 quando
2046 2505 2429 2567 feudatarius

898 2604 1077 2664 daret
1106 2601 1357 2662 domin'o
1389 2600 1623 2659 directo
1667 2616 1799 2658 rem
1850 2597 2018 2657 feudi
2064 2598 2125 2656 in
2176 2598 2423 2675 pignuS,

897 2696 1219 2756 dominum
1248 2693 1396 2754 utile
1421 2692 1656 2751 rediret
1682 2691 1759 2750 ad
1782 2690 2104 2750 dominum
2118 2690 2426 2751 directum

895 2807 1008 2867 pro
1041 2806 1113 2848 eo
1146 2794 1427 2864 tempore
1458 2802 1579 2863 quo
1627 2784 1853 2861 pignus
1878 2830 1892 2859 ,
1943 2783 2144 2844 soluto
2187 2784 2419 2861 debito,

895 2901 1018 2940 non
1047 2880 1393 2940 redimitur.
1428 2879 1562 2938 Non
1595 2895 1743 2952 ergo
1774 2876 2166 2953 accipiuntur
2187 2877 2423 2938 fructus

896 2973 975 3034 ob
1004 2977 1291 3033 mutuum
1317 3018 1332 3047 ,
1380 2989 1495 3030 nec
1526 2970 1604 3030 ob
1635 2969 1892 3028 dilatam
1923 2968 2115 3028 debiti
2166 2970 2423 3030 solutio-

894 3085 1037 3125 nem
1065 3112 1080 3141 ,
1136 3066 1243 3125 sed
1275 3084 1346 3123 ex
1386 3063 1444 3122 vi
1477 3062 1700 3142 prioris
1729 3060 1892 3140 pacti
1925 3107 1939 3136 ,
1976 3079 2098 3138 quo
2130 3061 2421 3123 dominus

892 3158 1164 3221 directus
1193 3156 1535 3218 reservavit
1575 3154 1688 3215 sibi
1736 3152 2080 3214 dominium
2113 3156 2264 3216 utile
2305 3174 2418 3234 pro

888 3252 998 3313 tali
1026 3257 1311 3329 tempore
1334 3298 1348 3326 ,
1396 3255 1457 3309 et
1485 3249 1685 3327 posita
1712 3247 1818 3307 tali
1860 3247 2236 3308 conditione.
2272 3251 2418 3309 Haec

890 3349 1102 3405 autem
1141 3343 1362 3403 eadem
1417 3348 1511 3403 est
1562 3341 1719 3400 ratio
1776 3358 1963 3419 quam
2020 3341 2420 3418 assignarunt

890 3440 1097 3513 SotuS,
1134 3436 1401 3512 Medina,
1437 3433 1778 3508 Conradus,
1823 3437 1885 3493 et
1912 3433 2014 3492 alii
2045 3435 2210 3511 apud
2241 3435 2419 3495 Moli-

887 3548 1034 3590 nam
1063 3529 1167 3589 ubi
1197 3547 1418 3606 supra,
1470 3526 1574 3606 qui
1632 3525 1937 3585 immerito
1995 3545 2135 3585 eam
2191 3527 2411 3605 rejicit,

886 3641 1030 3684 cum
1061 3629 1267 3682 tamen
1290 3638 1435 3680 vere
1468 3638 1588 3678 non
1619 3618 1964 3679 differatab
1982 3638 2053 3678 ea
2072 3639 2261 3698 quam
2284 3621 2413 3698 ipse

885 3720 1103 3795 postea
1131 3713 1332 3791 magis
1361 3712 1715 3791 explicitam
1745 3711 1971 3771 reddit.
2008 3713 2416 3775 Consentiunt

879 3808 1126 3869 Lessius
1156 3825 1292 3885 cap.
1327 3807 1458 3866 XX.
1487 3805 1634 3865 dub.
1669 3820 1797 3864 xv1.
1831 3807 2045 3866 n.139.
2075 3806 2251 3866 Salas
2267 3810 2408 3867 1·.4.

880 3906 944 3961 et
972 3901 1071 3960 alii
1103 3898 1537 3960 communiter.

960 3996 1134 4053 Hanc
1148 3993 1431 4052 eamdem
1453 3990 1802 4051 doctrinam
1823 3990 2111 4051 doctores
2133 4009 2413 4052 commu-

881 4085 1043 4147 niter
1100 4085 1446 4146 extendunt
1512 4083 1593 4143 ad
1661 4102 1795 4142 rem
1851 4084 2405 4161 emphyteuticam,

880 4197 1068 4257 quam
1099 4178 1152 4238 si
1181 4177 1587 4255 emphyteuta
1633 4177 2004 4255 oppignoret
2032 4179 2284 4237 domino
2317 4179 2412 4238 di-

875 4277 1070 4346 rect0,
1133 4271 1232 4330 hic
1277 4289 1399 4330 non
1458 4274 1704 4330 tenetur
1767 4270 2003 4329 fructus
2057 4270 2119 4329 in
2177 4277 2409 4331 sortem

877 4369 1261 4442 computare.
1320 4364 1411 4422 Ita
1467 4381 1610 4421 cum
1679 4362 1815 4421 aliis
1887 4364 2201 4422 Navarrus
2267 4382 2404 4443 cap.

875 4472 1029 4516 xv11.
1066 4475 1236 4515 num.
1270 4459 1407 4516 217.
1441 4455 1692 4529 Molina,
1727 4460 1789 4516 et
1839 4454 2086 4515 Lessius
2141 4456 2291 4516 locis
2320 4458 2408 4517 ci-

874 4549 1040 4624 tatis,
1075 4552 1136 4608 et
1163 4548 1267 4607 alii
1296 4547 1733 4607 communiter.

957 4641 1316 4720 Requiritur
1343 4641 1421 4699 ad
1452 4640 1571 4700 hoc
1601 4641 1823 4718 primo,
1854 4645 1924 4701 ut
1978 4641 2268 4701 dominus
2316 4642 2404 4702 di-

872 4740 1080 4796 rectus
1109 4733 1458 4813 percipiens
1479 4733 1855 4794 fructusnon
1887 4735 2094 4811 exigat
2123 4753 2163 4794 a
2189 4735 2404 4795 feuda·

869 4828 1052 4902 taric,
1106 4826 1204 4887 vel
1260 4825 1668 4903 emphyteuta
1741 4844 1813 4885 eo
1870 4832 2154 4904 tempore
2228 4827 2403 4887 obse-

871 4921 1108 5000 quium,
1161 4919 1252 4978 vel
1290 4918 1676 4997 pensionem,
1721 4924 1831 4979 aut
1885 4919 2208 4979 servitium
2262 4919 2401 4980 soli-

868 5018 1027 5088 tum,
1061 5013 1186 5071 imo
1216 5011 1266 5071 si
1307 5010 1588 5070 oblatum
1642 5011 1869 5088 accipit
1911 5029 2034 5070 non
2064 5012 2230 5072 facta
2259 5030 2402 5089 pro-

872 5105 1204 5167 testatione
1222 5105 1301 5164 de
1328 5123 1453 5164 non
1488 5103 1830 5164 amittendo
1854 5105 1997 5182 jure
2028 5105 2107 5163 ad
2135 5105 2395 5182 fructuS,

872 5197 1061 5259 debet
1089 5216 1196 5258 eos
1236 5199 1298 5258 in
1345 5201 1578 5257 sortem
1609 5201 1994 5274 computare,
2031 5201 2099 5256 ut
2136 5215 2209 5256 ex
2232 5196 2397 5258 dicto

868 5308 1007 5368 cap.
1042 5306 1085 5351 1.
1136 5290 1206 5351 de
1242 5289 1432 5370 feudis
1459 5290 1747 5350 doctores
1789 5290 2204 5350 communiter
2231 5289 2398 5350 colli·

866 5387 1128 5537 gagii-ca
1157 5474 1320 5535 hanc
1358 5475 1779 5535 conditionem
1832 5474 2177 5551 dubitatur,
2210 5494 2291 5534 an
2345 5473 2399 5535 si

2545 837 2741 897 bitam
2798 839 3159 916 pensionem
3217 844 3280 900 et
3352 841 3724 919 obsequium
3776 840 4075 913 debitum,

2545 949 2868 990 excessum
2907 931 3134 993 debeat
3161 933 3223 991 in
3252 938 3483 994 sortem
3509 934 3950 1012 computare?
3974 934 4079 992 Ali-

2545 1024 2909 1101 quidicunt,
2964 1044 3086 1085 non
3145 1044 3325 1102 posse
3380 1026 3579 1105 accipi
3625 1027 3891 1087 fructus
3944 1026 4079 1086 ultra

2543 1121 2798 1192 sortem,
2837 1118 2954 1177 nisi
2998 1123 3305 1196 quatenus
3360 1120 3749 1197 aequivalent
3807 1119 4081 1198 pensioni

2542 1210 2639 1268 vel
2672 1211 2922 1272 servitio
2953 1211 3184 1272 debito.
3218 1213 3523 1272 Henricus
3538 1213 3832 1288 de·Asia„
3874 1214 4075 1274 novar.

2540 1304 2876 1381 Adrianus,
2912 1307 3212 1380 Navarra,
3267 1306 3489 1381 etalii,
3551 1324 3711 1384 quos
3764 1306 3995 1381 refert,
4030 1312 4082 1365 et

2541 1397 2820 1475 sequitur
2848 1398 3024 1459 Salas
3052 1416 3224 1457 num.
3248 1401 3307 1458 2.

2620 1490 2737 1550 Alii
2766 1494 2974 1550 tamen
3023 1508 3240 1550 omnes
3271 1490 3657 1550 contrarium
3672 1492 3925 1550 merito
3952 1511 4081 1570 sup·

2539 1587 2801 1661 ponunt,
2837 1583 3093 1658 scilicet,
3129 1601 3201 1643 eo
3231 1583 3368 1661 ipso
3417 1583 3585 1661 quod
3627 1602 3731 1642 res
3789 1584 4075 1647 feudalis.

2538 1680 2601 1735 et
2627 1675 2795 1734 idem
2825 1680 2919 1735 est
2946 1675 3007 1734 in
3039 1675 3326 1735 omnibus
3358 1676 3436 1735 de
3490 1694 3560 1735 re
3602 1675 4079 1754 emphyteutica

2537 1768 2721 1829 detur
2749 1768 3001 1828 domino
3033 1767 3268 1828 directo
3298 1787 3412 1846 pro
3457 1769 3745 1846 pignore,
3782 1788 3981 1846 posse
4005 1772 4079 1847 ip-

2537 1880 2672 1921 sum
2704 1862 2939 1921 fructus
2969 1862 3157 1922 etiam
3187 1861 3558 1921 excedentes
3616 1863 3931 1939 accipere
3972 1881 4080 1923 non

2536 1954 2988 2032 computandos
3052 1954 3115 2012 in
3157 1959 3411 2029 sortem,
3446 1959 3508 2013 et
3536 1972 3723 2031 posse
3784 1973 4079 2033 respuere

2536 2046 2904 2125 obsequium
2953 2050 3015 2105 et
3069 2046 3435 2123 pensionem
3483 2045 3758 2117 solitam,
3832 2054 3909 2106 ut
3953 2050 4078 2125 jure

2532 2158 2643 2199 suo
2676 2138 2841 2198 circa
2889 2139 3124 2198 fructus
3151 2138 3346 2197 libere
3394 2144 3624 2198 utatur.
3670 2139 3875 2209 Quod
3916 2157 4077 2219 aeque

2532 2230 2736 2309 colligi
2790 2231 3031 2290 videter
3061 2248 3137 2289 ex
3166 2230 3331 2290 dicto
3363 2249 3501 2307 cap.
3537 2247 3579 2289 1.
3613 2229 3690 2289 de
3714 2230 3953 2310 feudis,
3984 2233 4075 2291 ubi

2532 2322 2931 2386 Innocentius
2976 2322 3198 2383 tertius
3252 2324 3341 2382 ita
3384 2322 3639 2383 scribit:
3724 2345 3753 2377 «
3786 2325 4073 2384 Insinua-

2528 2417 2696 2477 tione
2726 2415 3126 2494 praesentium
3157 2415 3759 2493 declaramuS,quod
3789 2419 4072 2494 gageria,

2529 2527 2717 2588 quam
2749 2508 2826 2568 de
2856 2508 3043 2568 feudo
3074 2506 3352 2567 ecclesiae
3383 2513 3506 2567 tuae
3539 2507 3616 2566 ab
3648 2509 3713 2567 M
3742 2509 4073 2586 dignosce-

2527 2603 2608 2662 ris
2637 2601 2968 2680 recepisse,
3002 2620 3041 2660 a
3064 2605 3124 2661 te
3147 2604 3351 2677 potest
3371 2600 3563 2659 libere
3594 2599 4075 2675 detineri‚iruc-

2525 2694 2691 2755 tibus
2746 2712 2870 2753 non
2925 2692 3300 2769 computatis
3361 2692 3421 2750 in
3496 2699 3765 2752 sortem.
3852 2695 3950 2754 lta
3994 2694 4075 2753 vi-

2524 2787 2768 2862 delicet,
2804 2791 2873 2846 ut
2899 2784 3198 2863 quamdiu
3246 2785 3482 2844 fructus
3509 2784 3651 2843 illos
3711 2788 3976 2863 ceperis
4017 2788 4071 2846 in

2521 2884 2753 2939 sortem
2808 2878 3062 2937 minime
3118 2877 3608 2953 computandOS,
3665 2877 3851 2938 idem
3913 2881 3995 2940 M.
4039 2899 4071 2937 a

2519 2971 2790 3043 servitio,
2824 2971 2889 3029 in
2919 2988 3042 3049 quo
3072 2969 3182 3030 tibi
3239 2974 3302 3028 et
3320 2970 3601 3029 ecclesiae
3629 2975 3763 3031 tuae
3800 2992 3924 3050 pro
3945 2974 4068 3032 feu-

2520 3066 2599 3125 do
2654 3066 2787 3143 ipso
2844 3068 3109 3137 tenetur,
3169 3061 3416 3122 interim
3497 3062 3580 3122 sit
3635 3062 3982 3125 immuniS.
4038 3089 4062 3117 n

2518 3158 2637 3220 Ubi
2686 3157 2969 3218 Pontifex
3040 3155 3294 3216 domino
3350 3154 3521 3215 feudi
3587 3155 3887 3216 liberum
3944 3175 4067 3217 esse

2518 3251 2668 3311 dicit
2745 3249 3019 3328 recipere
3089 3266 3306 3308 omnes
3377 3248 3615 3308 fruetus
3694 3269 3830 3310 non
3909 3269 4071 3311 com·

2516 3344 2826 3423 putandos
2894 3343 3214 3415 insortem,
3284 3340 3333 3400 si
3417 3346 3628 3400 tamen
3713 3343 4068 3403 immunem

2515 3438 2763 3498 interim
2870 3454 2908 3496 a
3004 3434 3253 3494 servitio
3335 3433 3767 3495 feudatarium
3882 3439 4068 3497 relin-

2515 3534 2684 3609 quat.
2739 3529 2804 3589 Si
2882 3532 3095 3587 autem
3148 3526 3462 3586 contraria
3514 3530 3845 3589 sententia
3926 3548 4068 3589 vera

2513 3627 2696 3698 esset,
2732 3621 3047 3681 debuisset
3100 3620 3304 3698 potius
3344 3620 3573 3692 dicere,
3608 3624 3871 3698 poteris
3907 3626 4068 3684 truc·

2511 3722 2610 3777 tus
2637 3716 2717 3775 ad
2746 3731 3104 3774 mensuram
3135 3712 3369 3772 servitii
3389 3712 3583 3772 debiti
3612 3714 3915 3776 retinere
3948 3736 4065 3777 non

2511 3806 2967 3887 computandos
3017 3806 3081 3864 in
3127 3811 3381 3879 sortem,
3442 3805 3490 3862 si
3546 3809 3770 3866 tamen
3804 3809 3954 3887 ipse
3986 3812 4063 3871 Μ.

2511 3901 2665 3961 nolit
2690 3898 3011 3960 servitium
3057 3897 3306 3958 solitum
3348 3903 3673 3975 praestare.
3713 3902 3889 3960 Cum
3921 3923 4065 3980 ergo

2509 3999 2708 4055 totum
2757 3993 2875 4052 hoc
2906 3991 3188 4051 Pontifex
3240 3990 3553 4068 relinquat
3599 3991 3669 4049 in
3724 3994 4065 4057 voluntate

2510 4085 2742 4146 domini
2801 4084 3041 4159 directi,
3086 4101 3200 4142 nec
3256 4083 3672 4160 quantitatem
3730 4091 4065 4149 tractuum

2506 4178 2748 4253 limitet,
2783 4196 2906 4238 non
2939 4181 3145 4255 potest
3169 4175 3341 4236 aliud
3388 4176 3507 4236 dici
3563 4177 3707 4237 sine
3749 4181 4067 4242 violentia

2506 4272 2712 4330 verbis
2742 4271 2935 4344 illata,
2994 4270 3094 4328 vel
3141 4269 3259 4328 nisi
3305 4269 3556 4329 fatendo
3587 4270 3819 4332 minus
3883 4285 4063 4335 caute

2503 4364 2706 4443 posita
2735 4363 2928 4422 verba
2958 4361 3400 4440 responsionis.

2586 4456 2874 4518 Secundo
2919 4455 3158 4516 ratione
3213 4455 3535 4534 probatur,
3569 4456 3728 4532 quia
3758 4463 4066 4539 opposita

2502 4549 2807 4610 sententia
2839 4548 3132 4621 admissa,
3172 4547 3404 4609 inutilis
3432 4548 3727 4608 redditur
3748 4558 3899 4613 tota
3930 4555 4065 4616 haec

2502 4642 2808 4719 exceptio,
2842 4645 2904 4701 et
2940 4641 3091 4699 nihil
3143 4641 3455 4719 peculiare
3485 4643 3977 4706 concederetur
4002 4650 4060 4707 in

2502 4735 2621 4795 hoc
2651 4741 2880 4812 puncto
2916 4734 3171 4793 domino
3228 4733 3463 4793 directo
3510 4733 3709 4810 feudi,
3745 4738 3806 4796 si
3851 4742 4063 4801 solum

2501 4831 2712 4906 posset
2725 4827 2958 4886 fructus
2987 4826 3266 4904 pignoris
3292 4826 3614 4904 percipere
3637 4826 3845 4904 juxta
3887 4835 4063 4894 valo-

2498 4939 2632 4980 rem
2657 4919 2913 4989 servitii,
2949 4924 3056 4979 aut
3085 4918 3399 4996 pensionis
3441 4938 3477 4977 a
3524 4921 3906 4985 feudatario
3938 4929 4061 4987 sol·

2498 5012 2740 5086 vendre,
2774 5017 2835 5073 et
2852 5029 3041 5090 quam
3062 5012 3193 5089 ipse
3214 5011 3454 5070 solvere
3473 5013 3688 5074 nollet.
3720 5017 3867 5077 Hoc
3888 5022 4058 5079 enim

2491 5103 2595 5184 jus
2626 5105 2885 5183 quilibet
2914 5105 3072 5163 alius
3097 5103 3374 5163 creditor
3394 5104 3604 5180 habet,
3638 5108 3721 5183 si,
3759 5130 3825 5169 v.
3856 5131 3929 5189 g.
3966 5113 4059 5192 pi-

2497 5216 2657 5275 gnus
2685 5197 3073 5256 fructiferum
3106 5196 3351 5255 habesa
3385 5199 3562 5257 Petro
3578 5217 3694 5276 pro
3728 5203 3915 5262 mille
3947 5225 4058 5264 au·

2496 5291 2619 5349 reis
2648 5291 2704 5349 ei
2732 5295 2950 5350 mutuo
2981 5290 3163 5364 datis,
3217 5293 3279 5348 et
3331 5287 3582 5349 interim
3611 5291 3785 5353 idem
3823 5298 4055 5358 Petrus

2498 5383 2653 5444 nolit
2673 5383 2784 5444 tibi
2806 5383 3048 5442 solvere
3073 5382 3530 5461 quinquaginta
3558 5385 3804 5447 reditus
3820 5391 4051 5466 annui,

2498 5495 2685 5555 quem
2733 5474 2984 5536 aliunde
3013 5494 3088 5537 ex
3117 5493 3306 5537 censu
3340 5475 3450 5536 tibi
3509 5476 3741 5552 debet;
3802 5484 4055 5559 poteris
