4263 6376
25 925 115 983 138

18 1049 160 1108 ‚3¹¹²ss

16 1109 185 1164 &omn

16 1164 181 1198 mrum.

1194 290 1662 353 DISPU'PA'I'IO
1707 290 1921 366 XXIV,
1971 292 2246 354 SECTIO
2291 294 2447 355 vm.
3305 302 3383 361 99

230 473 288 530 et
312 468 441 528 aliis
470 468 786 529 similibus
814 468 967 529 nihil
996 469 1166 529 aliud
1196 469 1419 548 agitur,
1447 469 1560 528 nisi
1594 469 1758 528 inve-

228 561 446 638 stigare
474 567 759 622 mentem
781 561 1116 637 testatoris,
1143 581 1335 641 quare
1354 562 1603 641 quando
1627 561 1760 621 aliis

227 653 599 733 conjecturis
629 654 766 713 hoec
794 654 914 713 alia
945 654 1133 714 fuisse
1149 654 1487 728 videretur,
1511 654 1569 712 in
1593 660 1759 714 utro·

227 765 342 826 que
371 747 509 808 foro
541 746 663 806 illis
689 746 984 807 standum
1002 754 1116 822 est,
1140 751 1211 807 ut
1236 746 1504 806 advertit
1531 745 1758 806 Molina

221 840 356 901 loco
386 840 598 901 citato.

302 933 569 1005 Quando
620 931 820 992 haeres
859 931 1204 992 instituitur
1228 931 1289 991 in
1321 951 1387 992 re
1416 932 1627 1012 aliqua
1656 930 1761 991 de-

224 1021 592 1100 terminata,
618 1024 668 1084 si
699 1024 852 1084 alios
873 1023 1235 1084 cohaeredes
1264 1024 1493 1085 habeat
1523 1024 1761 1085 institu-

226 1123 321 1178 tos
352 1117 593 1196 absque
622 1135 697 1177 ea
724 1116 1266 1190 determinatione,
1301 1135 1523 1195 parum
1556 1115 1762 1177 differt

226 1230 260 1270 a
286 1209 639 1286 legatariO,
690 1213 760 1270 ut
803 1213 1049 1270 constat
1093 1226 1169 1267 ex
1215 1209 1380 1269 dieta
1426 1209 1468 1270 l.
1507 1208 1756 1285 QuotieS,

224 1321 429 1381 qnare
457 1320 662 1380 neque
691 1300 770 1359 ad
799 1300 1011 1361 debita
1041 1299 1315 1360 defuncti
1347 1305 1613 1375 tenetur,
1648 1318 1760 1360 nec

215 1396 364 1474 jure
398 1393 787 1455 accrescendi
818 1393 1066 1467 truitur,
1099 1391 1176 1451 de
1208 1411 1328 1471 quo
1346 1397 1585 1472 postea,
1616 1393 1762 1472 quia

218 1505 563 1568 personam
590 1485 861 1546 defuncti
894 1503 1013 1544 non
1036 1489 1465 1562 repraesentat.
1501 1485 1759 1557 Quando

217 1589 449 1642 tamen
477 1580 632 1640 alius
652 1578 851 1638 haeres
882 1596 1004 1636 non
1037 1577 1504 1650 suitinstitutus,
1525 1578 1623 1637 vel
1656 1596 1762 1638 no-

217 1673 343 1733 luit
376 1673 472 1734 vel
503 1691 622 1732 non
653 1669 854 1749 potuit
881 1687 1016 1728 esse
1046 1668 1266 1745 haeres,
1306 1670 1606 1730 accrescit
1635 1674 1763 1730 tota

217 1766 568 1826 haereditas
596 1763 872 1824 instituto
900 1761 1098 1820 solum
1129 1761 1191 1820 in
1221 1779 1288 1820 re
1319 1767 1508 1836 certa,
1544 1762 1583 1821 l.
1621 1764 1673 1821 1.
1699 1763 1755 1840 §.

214 1859 300 1919 Se·
323 1878 415 1918 ea:
438 1856 640 1937 stende,
672 1858 736 1916 ff.
771 1854 841 1914 de
865 1852 1079 1914 hoered.
1113 1853 1297 1914 instit.
1351 1858 1412 1914 et
1442 1853 1575 1913 aliis
1598 1853 1758 1933 juri·

212 1952 346 2011 bus
383 1967 404 2012 t
436 1950 481 2008 si
512 1953 715 2009 tamen
744 1965 857 2026 per
889 1945 1078 2006 verba
1108 1944 1367 2021 directa,
1403 1951 1465 2007 et
1495 1964 1617 2005 non
1650 1964 1762 2023 per

213 2044 557 2117 indirecta,
583 2045 687 2100 aut
712 2037 1067 2099 communia
1099 2038 1412 2097 institutus
1433 2036 1530 2098 sit.
1553 2038 1761 2098 Verba

215 2136 540 2196 indirecta
567 2134 888 2207 dicuntur,
950 2149 1090 2209 quoe
1118 2130 1199 2189 ad
1250 2130 1439 2189 alium
1483 2130 1760 2208 dirigun-

211 2234 327 2290 tur
365 2245 384 2288 z
420 2233 486 2286 ut
511 2227 562 2284 si
589 2225 775 2299 dicat,
807 2221 1040 2297 mando,
1058 2221 1271 2302 jubeo,
1305 2241 1468 2301 roqo,
1504 2242 1643 2300 quae
1676 2224 1761 2284 vi-

212 2322 464 2382 dentur
492 2318 568 2376 ad
597 2315 910 2377 haeredem
938 2314 1144 2392 dirigi,
1168 2314 1384 2392 utipse
1407 2314 1596 2374 talem
1624 2334 1763 2393 par-

211 2419 356 2474 tem
393 2411 563 2473 alteri
592 2410 716 2469 det.
769 2407 979 2469 Verba
1020 2401 1253 2467 directa
1301 2412 1446 2468 sunt
1493 2425 1630 2486 qua)
1678 2407 1757 2467 ad

214 2507 428 2566 alium
456 2521 578 2564 non
606 2500 1009 2579 diriguntur„
1033 2504 1120 2575 ut,
1158 2498 1417 2575 instituo,
1448 2498 1629 2560 hoeres
1655 2499 1753 2560 sit:

212 2596 589 2660 communia
618 2594 913 2653 dicuntur
959 2609 1098 2670 quae
1144 2596 1477 2670 utrumque
1505 2610 1758 2652 sensum

211 2692 463 2752 habere
492 2690 768 2766 possunt,
802 2688 892 2760 ut,
922 2683 1187 2764 relinquo
1209 2730 1224 2760 ,
1270 2684 1574 2761 succedat,
1632 2689 1751 2747 etc.

212 2783 490 2858 Quando
539 2797 685 2858 ergo
734 2776 960 2856 aliquis
986 2777 1329 2837 instituitur
1354 2777 1561 2838 verbis
1591 2778 1755 2838 dire·

212 2878 336 2938 ctis
368 2877 433 2935 in
458 2893 528 2934 re
549 2877 740 2947 certa,
760 2871 969 2931 locum
999 2869 1188 2930 habet
1207 2869 1506 2948 praedicta
1527 2870 1758 2932 doctri-

211 2988 298 3028 na
333 2989 349 3028 :
389 2966 806 3047 quandovero
837 2961 1044 3020 verbis
1077 2961 1429 3037 indirectiS,
1462 2962 1559 3022 vel
1589 2979 1755 3022 com-

212 3060 540 3135 munibuS,
571 3059 862 3117 censetur
895 3054 1266 3132 legatarius,
1318 3054 1417 3116 vel
1443 3054 1757 3114 fideicom-

211 3152 545 3214 missarins
568 3199 584 3227 ,
617 3156 681 3212 et
709 3167 831 3209 non
861 3146 1063 3207 haeres
1083 3194 1098 3223 ,
1150 3151 1520 3225 argumento
1550 3149 1754 3208 textus

211 3248 279 3308 in
309 3248 353 3307 1.
395 3245 582 3324 δορί,
625 3244 682 3322 5.
718 3239 1115 3316 Generaliter,
1166 3242 1230 3299 ff.
1280 3239 1360 3299 ad
1387 3239 1635 3300 Trebell.
1688 3240 1754 3301 Si

212 3346 433 3402 autem
460 3338 892 3397 institueretur
936 3333 1000 3391 in
1039 3332 1327 3393 omnibus
1356 3332 1534 3391 bonis
1564 3332 1753 3392 etiam

213 3433 430 3493 verbis
456 3428 807 3502 indirectis,
843 3444 966 3485 non
998 3424 1363 3502 intelligitur
1388 3424 1747 3502 legatarius,

211 3528 324 3587 sed
359 3526 581 3593 haereS,
614 3523 657 3582 1.
686 3518 969 3595 Quoniam
996 3516 1296 3596 1'ndi9num
1316 3563 1331 3594 ,
1364 3516 1515 3577 Cod.
1549 3516 1619 3577 de
1646 3526 1751 3578 tes·

212 3617 508 3680 tumentis.
542 3615 721 3675 Ratio
751 3617 999 3686 autem,
1053 3627 1165 3670 cur
1211 3609 1445 3669 haeredi
1482 3609 1544 3667 in
1573 3614 1749 3687 parte

213 3712 580 3771 accrescant
605 3708 987 3781 caetera,est,
1015 3721 1090 3762 ne
1122 3702 1451 3762 defunctus
1483 3702 1751 3764 decedat

211 3824 286 3865 ex
316 3806 498 3882 parte
527 3802 810 3873 testatus,
844 3800 906 3856 et
933 3814 1004 3855 ex
1021 3795 1555 3873 parteintestatus,
1580 3795 1749 3873 quod

206 3895 727 3977 juraabhorrent
749 3937 765 3960 ‚
799 3908 874 3949 ex
903 3888 1100 3966 regul.
1133 3887 1241 3947 lus
1269 3896 1531 3947 nostrum
1555 3934 1570 3963 ,
1633 3904 1742 3948 vn.

215 3992 278 4052 ff.
311 3988 385 4048 de
409 3983 827 4066 requlisjwah.
879 3982 1117 4043 sivero
1148 3980 1272 4040 duo
1294 3981 1416 4041 sint
1454 3979 1742 4056 instituti,

213 4081 444 4159 singuli
471 4081 539 4139 in
567 4096 633 4138 re
662 4079 834 4137 certa
859 4121 873 4149 ,
920 4077 983 4133 et
1010 4090 1134 4131 non
1164 4072 1290 4132 sint
1314 4071 1416 4132 alii
1451 4072 1632 4133 aliter
1658 4072 1747 4132 in-

211 4173 432 4247 stituti,
464 4168 697 4247 singuli
725 4167 953 4226 debent
994 4164 1056 4223 in
1085 4163 1302 4243 primis
1329 4163 1561 4223 habere
1593 4164 1653 4222 id
1682 4163 1745 4224 in

214 4285 336 4346 quo
368 4262 630 4325 instituti
661 4263 806 4321 sunt
829 4305 846 4334 ,
898 4260 961 4318 et
1002 4257 1242 4335 reliqua
1271 4255 1437 4316 bona
1466 4254 1745 4316 dividere

210 4361 374 4420 inter
399 4376 466 4417 se
495 4353 885 4435 portionibus
915 4349 1259 4429 aequalibus
1284 4395 1299 4424 ,
1346 4348 1587 4409 etiamsi
1617 4368 1739 4425 reS,

211 4454 270 4511 in
301 4449 533 4530 quibus
557 4445 825 4507 instituti
855 4447 1020 4518 sunt,
1055 4440 1392 4520 inaequales
1422 4446 1663 4515 essent,
1697 4442 1739 4502 l.

217 4543 466 4619 Ouottbs,
504 4540 562 4618 ἓ.
595 4538 674 4599 Si
694 4537 828 4605 duo,
853 4536 895 4596 l.
920 4533 1219 4612 Eaefacto,
1250 4537 1309 4592 2.
1339 4534 1402 4592 ff.
1429 4531 1498 4592 de
1524 4531 1738 4592 hoered.

211 4635 392 4695 instit.
435 4630 633 4692 modo
660 4636 871 4690 tamen
901 4644 1028 4687 non
1056 4625 1235 4685 aliter
1263 4629 1504 4685 constet
1532 4625 1609 4683 de
1638 4642 1744 4685 vo-

209 4729 444 4788 luntate
473 4721 796 4785 testatoris
822 4718 1110 4794 volentiS,
1144 4725 1214 4778 ut
1242 4717 1595 4777 dividerent
1621 4717 1744 4777 alia

211 4839 332 4881 non
364 4816 696 4896 aequaliter
718 4861 734 4891 ,
785 4812 896 4872 sed
926 4828 1069 4871 cum
1100 4808 1498 4889 proportione
1529 4809 1607 4868 ad
1639 4827 1745 4868 ex-

207 4929 451 4972 cessum
485 4907 673 4968 unius
725 4905 817 4965 rei
845 4909 1032 4964 certoe
1061 4904 1139 4961 ad
1167 4902 1375 4961 aliam.
1439 4901 1501 4963 Si
1533 4907 1743 4963 autem

209 5006 330 5065 duo
359 5005 486 5063 sint
515 4998 779 5061 instituti
799 4997 862 5057 in
883 4999 1095 5075 quota,
1125 5014 1183 5054 v.
1212 5013 1273 5073 g.
1299 5012 1459 5054 unus
1479 4994 1542 5053 in
1565 4995 1742 5073 quin-

211 5104 273 5158 ta
297 5102 500 5175 parte,
533 5094 696 5154 alter
721 5090 784 5150 in
814 5088 1001 5150 tertia
1023 5135 1039 5163 ,
1082 5088 1321 5166 reliqua
1349 5087 1514 5147 bona
1541 5105 1747 5148 accre-

213 5194 385 5250 scunt
409 5187 554 5257 illis,
586 5185 640 5245 si
658 5183 771 5244 soli
794 5182 941 5257 sint,
976 5198 1100 5241 non
1117 5179 1310 5257 aequis
1332 5179 1739 5256 portionibus,

211 5282 314 5341 sed
335 5281 521 5360 juxta
538 5292 886 5349 excessum,
913 5290 1037 5351 quo
1058 5272 1374 5332 institutus
1396 5270 1744 5332 institutum

211 5373 564 5453 superabat.
627 5369 692 5432 Si
723 5367 997 5446 denique
1025 5384 1197 5425 -unus
1225 5365 1394 5424 solus
1424 5364 1743 5425 institutus

213 5466 320 5527 init
345 5467 408 5526 in
436 5465 626 5527 tertia
653 5466 833 5541 parte
861 5459 1199 5535 bonorum,
1234 5457 1292 5517 ei
1322 5456 1624 5518 accrescit
1649 5459 1739 5516 to-

1856 473 1918 531 ta
1952 469 2284 532 haereditas
2304 518 2319 548 ,
2372 471 2428 552 ἓ.
2480 471 2812 533 ΗιιηἚάίίαε
2831 519 2846 549 ,
2910 491 3067 534 vers.
3128 472 3392 534 Etiamsi

1855 582 2001 621 umes
2024 609 2038 638 ,
2092 564 2284 625 instit.
2318 563 2387 625 de
2422 563 2637 626 hoered.
2692 565 2873 625 instit.
2924 585 3000 625 ne
3055 566 3385 628 defunctus

1858 674 1928 713 ex
1961 661 2135 734 parte
2167 657 2431 717 decedat
2451 661 2731 734 testatuS,
2762 662 2912 719 etex
2932 662 3109 737 parte
3136 660 3385 720 intesta-

1855 750 1978 809 tuS.
2350 755 2360 766 “

1937 839 2268 901 Dubitatur
2293 841 2517 919 primo,
2544 859 2622 900 an
2653 841 2700 901 si
2725 842 2946 919 aliquis
2973 844 3389 906 itainstitutus
3537 852 3650 912 139

1856 931 1935 992 sit
1962 931 2161 992 haeres
2187 933 2249 992 in
2280 950 2346 992 re
2378 938 2566 1009 certa,
2601 938 2669 994 ut
2697 938 2953 996 testator
2981 954 3269 1014 expresse
3300 936 3389 997 di·
3492 975 3593 1029 Qum
3643 976 3679 1019 ,ἰ

1857 1025 2018 1086 xerit
2040 1072 2054 1101 ,
2108 1044 2173 1085 se
2204 1025 2366 1086 nolle
2398 1026 2565 1105 quod
2596 1026 2657 1085 in
2689 1026 2823 1086 aliis
2862 1028 3040 1089 bonis
3070 1030 3384 1107 succedat,
3456 1009 3710 1126 3⁰¹⁰<⁵³¹¹¹f

1860 1115 2087 1178 debeat
2135 1117 2343 1177 adhuc
2371 1118 2707 1179 succedere
2736 1120 2795 1179 in
2828 1120 3007 1180 aliis?
3062 1121 3395 1185 Affirmant
3458 1138 3549 1180 anm
3583 1136 3718 1180 honis.

1859 1209 2086 1288 aliqui,
2145 1227 2299 1288 quos
2342 1211 2609 1271 afferunt
2638 1213 2922 1290 Vasquez
2970 1231 3107 1291 cap.
3142 1216 3273 1276 vll.
3324 1214 3394 1276 de

1860 1302 2230 1378 testamentis,
2263 1302 2318 1379 ἓ.
2344 1319 2431 1363 1v.
2463 1303 2613 1364 dub.
2648 1320 2735 1364 1v.
2788 1309 2850 1364 et
2876 1305 3104 1366 Molina
3153 1307 3257 1367 ubi
3290 1326 3393 1367 su-

1859 1411 1973 1471 pra
1999 1394 2053 1471 ς.
2092 1392 2238 1454 Cum
2268 1393 2375 1453 hoc
2418 1394 2630 1470 dubio;
2673 1397 2821 1474 quia
2867 1397 3248 1475 impossibile
3302 1404 3396 1460 est

1858 1486 2151 1565 aliquem,
2178 1492 2406 1565 praeter
2432 1487 2714 1564 militem,
2737 1493 3031 1550 testatum
3050 1492 3251 1550 solum
3280 1511 3391 1570 pro

1858 1584 2035 1657 parte
2066 1579 2393 1655 decedere,
2429 1598 2501 1639 ex
2532 1579 2699 1640 dicta
2729 1581 2950 1659 regula
2974 1581 3082 1641 Jus
3108 1594 3389 1661 nostrum,

1858 1675 1921 1731 et
1950 1690 2024 1729 ex
2052 1670 2092 1729 l.
2127 1671 2356 1751 Siquis
2385 1671 2469 1731 ita
2496 1670 2678 1732 koeres
2708 1671 3036 1749 institutus,
3071 1677 3133 1738 ff.
3169 1676 3246 1735 de
3275 1676 3394 1736 lzoe-

1857 1761 2086 1822 redibas
2106 1762 2289 1822 instit.
2324 1762 2443 1822 Alii
2474 1763 2690 1825 dicunt
2718 1766 3090 1826 servandam
3122 1786 3253 1828 esse
3284 1788 3395 1831 vo-

1858 1855 2159 1916 luntatem
2189 1855 2539 1931 testatoris,
2591 1860 2653 1917 et
2696 1874 2818 1916 non
2862 1858 2998 1917 dari
3035 1858 3139 1937 jus
3183 1879 3393 1921 accre-

1858 1947 2092 2007 scendi.
2128 1948 2220 2007 lta
2250 1948 2558 2023 Bartolus,
2596 1948 2840 2010 Silvest.
2875 1955 2936 2011 et
2964 1951 3089 2026 alii,
3122 1971 3278 2030 quos
3307 1954 3393 2012 af-

1857 2039 2163 2100 fertidem
2192 2040 2336 2100 Mol.
2373 2040 2479 2116 ibi,
2515 2044 2576 2100 et
2603 2042 2885 2119 sequitur
2913 2045 3103 2122 Vasq.
3139 2045 3202 2106 d.
3237 2045 3386 2107 dub.

1859 2148 1944 2193 1v.
1985 2133 2217 2194 Molina
2244 2150 2388 2191 vcra
2441 2133 2603 2193 hanc
2650 2135 2989 2194 secundam
3020 2139 3392 2200 sententiam

1857 2224 2292 2302 amplectitur,
2341 2226 2591 2304 quando
2638 2231 2899 2288 testator
2935 2229 3266 2307 ignorabat
3287 2231 3391 2310 jus

1856 2316 2196 2396 prohibens
2216 2364 2230 2393 ,
2266 2334 2343 2376 ne
2372 2316 2597 2396 aliquis
2626 2323 2887 2380 testatus
2918 2339 3029 2399 pro
3060 2328 3235 2400 parte
3262 2323 3389 2384 sola

1857 2408 2139 2485 decedat,
2174 2415 2360 2486 prout
2388 2411 2515 2469 fere
2547 2429 2761 2470 omnes
2779 2431 2901 2472 non
2923 2412 3088 2474 docti
3113 2433 3393 2476 commu-

1856 2500 2018 2560 niter
2044 2499 2106 2560 id
2138 2500 2428 2578 ignorant
2472 2521 2485 2561 :
2539 2503 2787 2581 quando
2836 2509 3043 2564 autem
3090 2506 3151 2565 id
3180 2506 3386 2583 sciret,

1854 2592 1916 2653 in
1948 2610 2200 2671 poenam
2220 2592 2387 2671 juste
2417 2597 2620 2671 potest
2648 2598 2777 2654 tota
2806 2594 3141 2657 haereditas
3171 2604 3390 2659 contra

1855 2687 1990 2764 ejus
2031 2684 2417 2745 voluntatem
2462 2685 2699 2744 haeredi
2743 2686 2991 2765 partiali
3041 2680 3197 2749 dari.
3260 2692 3390 2751 Hoc

1854 2781 2063 2838 autem
2094 2776 2353 2837 dubium
2384 2776 2606 2857 eodem
2635 2778 2821 2839 modo
2854 2780 3156 2856 procedit,
3190 2799 3391 2861 quau-

1853 2870 1934 2930 do
1964 2870 2173 2948 aliquo
2204 2888 2327 2929 non
2358 2870 2420 2928 in
2450 2888 2517 2929 re
2547 2875 2718 2931 certa
2742 2917 2756 2946 ,
2813 2871 2922 2931 sed
2951 2872 3015 2930 in
3045 2878 3235 2951 quota
3265 2873 3389 2934 hoe-

1853 2963 2133 3023 reditatis
2162 2962 2465 3037 instituto,
2501 2966 2758 3023 testator
2786 2963 3076 3041 prohibet
3097 2984 3172 3025 ne
3202 2966 3266 3027 in
3296 2985 3389 3029 re-

1851 3054 2033 3133 liquis
2060 3053 2241 3114 bonis
2271 3054 2606 3113 succedere
2636 3055 2850 3133 possit,
2872 3060 2935 3117 et
2962 3057 3022 3116 in
3055 3057 3175 3120 hoc
3204 3077 3387 3120 sensu

1852 3146 2262 3226 quaestionem
2288 3149 2515 3207 tractat
2543 3147 2687 3207 Mol.
2721 3147 2839 3208 loc.
2875 3148 2978 3210 cit.
3023 3149 3215 3212 Addit
3236 3153 3387 3213 Bar-

1850 3239 2011 3300 tolus
2034 3285 2049 3314 ,
2110 3244 2173 3299 et
2219 3238 2445 3298 Paulus
2476 3240 2819 3300 Castrensis
2867 3241 3032 3320 apud
3061 3244 3379 3322 Molinam,

1848 3330 2297 3393 institutionem
2328 3329 2594 3390 haeredis
2622 3331 2684 3391 in
2716 3351 2782 3392 re
2812 3340 2982 3395 certa
3011 3353 3152 3395 cum
3183 3337 3384 3396 exclu-

1849 3424 2022 3485 sione
2052 3423 2133 3483 ab
2163 3422 2299 3483 aliis
2329 3423 2506 3482 bonis
2537 3423 2877 3483 invalidam
2907 3445 3063 3502 esse,
3097 3428 3148 3487 si
3179 3428 3383 3489 nullus

1849 3516 2005 3576 alius
2033 3516 2113 3576 sit
2142 3514 2362 3591 haereS,
2396 3519 2582 3594 atque
2614 3516 2770 3577 adeo
2803 3517 3012 3577 omnia
3041 3518 3206 3579 bona
3235 3539 3379 3598 per-

1848 3609 2043 3670 tinere
2073 3608 2153 3667 ad
2186 3607 2497 3667 haeredem
2530 3607 2609 3667 ab
2640 3608 2928 3671 intestato
2954 3657 2969 3687 ,
3022 3611 3167 3690 quia
3197 3619 3381 3673 natu-

1844 3700 2058 3761 raliter
2085 3703 2396 3777 repugnat
2423 3698 2692 3777 aliquem
2725 3706 3016 3762 testatum
3047 3708 3108 3764 et
3134 3703 3382 3765 intesta-

1845 3799 1976 3855 tum
2008 3792 2314 3853 decedere
2340 3838 2356 3866 ,
2388 3796 2458 3851 ut
2485 3791 2712 3852 dicitur
2741 3793 2802 3851 in
2834 3793 2999 3855 dicta
3028 3796 3244 3873 regula
3271 3797 3381 3858 lus

1843 3895 2125 3946 nostrum.
2160 3884 2390 3945 Molina
2420 3902 2588 3959 vero,
2624 3889 2686 3945 et
2715 3887 2996 3964 vasquez
3027 3887 3261 3964 dicunt,
3295 3889 3377 3948 ri-

1847 3979 2121 4039 diculum
2152 3994 2308 4051 esse,
2344 3975 2511 4055 quod
2540 3974 2603 4034 id
2634 3976 2713 4037 sit
2741 3985 2957 4038 contra
2979 3978 3083 4057 jus
3113 3984 3373 4057 naturae,

1844 4162 2095 4244 quando
2125 4161 2326 4221 haeres
2355 4179 2478 4220 non
2508 4165 2642 4222 erat
2666 4179 2863 4240 capax
2890 4163 3077 4224 totius
3106 4163 3374 4225 haeredi·

1842 4257 2008 4331 tatis,
2042 4261 2103 4316 et
2133 4253 2479 4315 instituitur
2525 4254 2585 4313 iu
2631 4254 2813 4314 bonis
2843 4273 3106 4334 quorum
3140 4262 3237 4319 est
3264 4277 3374 4319 ca-

1842 4368 1984 4429 pax,
2019 4352 2088 4409 ut
2117 4347 2176 4406 in
2201 4348 2243 4407 l.
2277 4346 2498 4424 prima.
2535 4348 2598 4406 G:
2633 4344 2702 4406 de
2725 4347 2984 4408 secundis
3010 4350 3250 4430 nuptiis.

1921 4443 2053 4518 Ego
2084 4441 2369 4500 existimo
2400 4438 2774 4516 principium
2805 4441 2953 4500 illud
2979 4488 2993 4516 ‚
3047 4444 3214 4520 quod
3247 4461 3367 4504 non
3507 4468 3623 4526 140

1842 4532 2036 4612 possit
2064 4531 2286 4610 aliquis
2311 4530 2651 4590 testatusin
2684 4533 3009 4592 intestatus
3040 4534 3365 4611 decedere,
3469 4592 3505 4634 Α
3577 4591 3590 4633 ί
3626 4591 3652 4633 d

1841 4626 2048 4703 aliquo
2079 4624 2266 4683 modo
2298 4621 2676 4682 intellectum
2690 4641 2823 4681 esse
2850 4623 3079 4703 dejure
3106 4634 3366 4689 naturae.
3440 4604 3533 4699 iul-2
3553 4597 3707 4687 fusim?-

1842 4735 2063 4795 nempe
2093 4715 2259 4794 quod
2289 4715 2508 4774 saitem
2537 4714 2901 4792 virtualiter,
2934 4718 3371 4800 etinterpreta-
3439 4710 3712 4801 ςᾷῗὲῃῗζῗξι

1839 4809 1964 4871 tive
2013 4827 2137 4869 non
2185 4807 2265 4867 sit
2309 4811 2570 4868 testatus
2601 4807 2678 4866 de
2708 4808 3016 4870 omnibus,
3066 4814 3223 4871 Nam
3271 4813 3371 4872 ille
3460 4804 3698 4901 {3¹32sser

1842 4902 1946 4981 qui
1977 4900 2054 4960 de
2087 4904 2262 4978 parte
2306 4899 2437 4959 sola
2468 4899 2774 4959 bonorum
2804 4904 3065 4963 testatus
3095 4908 3224 4980 est,
3275 4905 3373 4965 vel

1841 4993 2140 5071 cogitavit
2167 4992 2243 5051 de
2274 4992 2393 5051 alia
2414 5001 2611 5071 parte,
2638 4992 2736 5051 vel
2764 5011 2884 5053 non
2904 4995 3204 5073 cogitavit
3230 4997 3376 5076 quia

1843 5085 2070 5147 oblitus
2099 5085 2235 5145 fuit.
2301 5086 2367 5146 Si
2396 5084 2716 5163 cogitavit,
2741 5085 2835 5144 vei
2858 5085 2996 5147 ideo
3028 5087 3089 5147 in
3117 5088 3223 5149 illa
3252 5109 3375 5150 non

1843 5175 2109 5238 instituit
2139 5174 2477 5252 haeredem,
2514 5176 2659 5255 quia
2689 5177 2941 5237 volebat
2985 5178 3062 5238 de
3108 5181 3210 5241 illa
3256 5182 3377 5243 alia

1843 5274 2019 5350 parte
2049 5269 2401 5346 disponere,
2438 5275 2499 5329 et
2526 5267 2753 5328 oblitus
2782 5267 2900 5330 fuit
2919 5315 2934 5345 ,
2970 5274 3033 5331 et
3057 5275 3206 5333 tunc
3235 5293 3380 5335 cen-

1843 5369 2014 5424 setur
2039 5362 2307 5422 voluisse
2356 5360 2524 5440 quod
2553 5366 2807 5420 maneat
2843 5380 3033 5439 penes
3061 5363 3378 5428 haeredem

1840 5454 2191 5515 institutum
2216 5499 2232 5530 ,
2282 5453 2444 5515 sicut
2470 5452 2722 5532 quaudo
2754 5452 2876 5513 alia
2904 5454 3110 5533 legata
3140 5476 3177 5518 a
3210 5460 3379 5539 lega-
