4263 6376
544 4280 661 4338 218

495 4403 600 4454 Quid
636 4404 689 4447 de

512 4459 690 4500 dominis

511 4511 741 4554 rmitlenti-

492 4576 542 4606 us
557 4577 723 4609 usuras.

776 291 895 349 250

778 469 1088 525 mutuare.
1141 467 1272 526 Imo
1316 466 1459 528 licet
1485 467 1638 527 alias
1666 469 1934 528 multum
1971 468 2170 528 soleat
2210 486 2309 527 re-

779 556 942 616 ferre
972 557 1232 617 intentio
1253 559 1645 636 cooperantis
1663 559 1742 619 ad
1764 559 2134 637 injustitiam
2160 578 2310 620 con-

779 649 1191 725 trahendam,
1242 654 1310 711 ut
1358 669 1525 729 saepe
1571 651 1633 710 in
1678 652 2103 730 superioribus
2152 651 2312 712 dixi-

779 759 942 817 muS,
977 742 1221 819 agendo
1253 742 1330 802 de
1361 742 1645 822 injuriis,
1681 744 1741 803 in
1773 744 1890 804 hoc
1920 748 2129 804 tamen
2160 763 2308 805 casu

781 851 906 892 non
938 833 1142 909 video,
1179 853 1290 895 cur
1317 836 1583 912 Molina,
1613 841 1675 897 et
1703 838 1879 898 Salas
1909 837 2073 898 dicto
2105 856 2211 897 nu.
2243 841 2303 897 4.

781 928 844 985 et
872 928 931 985 5.
967 925 1272 1001 dixerint,
1330 928 1381 986 si
1420 930 1689 1007 pecnnia
1735 948 1807 988 ea
1839 928 2179 989 intentione
2207 930 2310 988 de-

783 1021 1076 1095 ponatur,
1110 1023 1178 1079 ut
1206 1019 1402 1098 possit
1429 1021 1544 1080 sub
1578 1021 1779 1081 usuris
1807 1026 2130 1097 mutuare,
2166 1039 2314 1100 pec-

782 1127 925 1169 care
964 1109 1384 1189 deponentem
1440 1117 1698 1188 peccato
1755 1113 2095 1192 injustitiae.
2156 1113 2315 1186 Qua-

781 1219 1050 1280 cumque
1081 1203 1247 1262 enim
1275 1203 1617 1264 Intentione
1648 1205 2002 1283 depositum
2022 1206 2153 1280 fiat,
2187 1223 2312 1265 non

780 1292 961 1354 fieret
1004 1293 1198 1355 invito
1228 1297 1645 1369 mutuatario;
1694 1316 1887 1377 quare
1916 1297 2020 1357 illa
2050 1296 2311 1357 intentio

783 1390 949 1446 esset
1002 1385 1077 1444 ad
1113 1405 1425 1447 summum
1468 1387 1771 1467 injustitia
1801 1389 2124 1464 affectiva,
2187 1407 2312 1449 non

782 1495 929 1537 vero
962 1476 1024 1536 in
1056 1477 1305 1554 effectu,
1339 1484 1401 1540 et
1427 1479 1568 1540 ideo
1600 1499 1723 1541 non
1744 1480 2051 1558 obligaret
2080 1480 2160 1539 ad
2182 1499 2314 1540 res-

781 1568 1166 1647 titutionem,
1217 1589 1363 1631 cum
1414 1590 1532 1632 non
1585 1577 1750 1634 esset
1803 1573 2036 1652 injuria
2077 1592 2147 1632 re
2178 1574 2314 1650 ipsa

785 1661 896 1721 sed
954 1662 1033 1722 ad
1072 1681 1385 1724 summum
1428 1664 1493 1723 in
1548 1666 1799 1727 affectu.
1862 1666 2039 1727 Unde
2086 1665 2309 1725 merito

782 1753 1031 1815 Lessius
1051 1774 1190 1816 eam
1211 1755 1644 1818 limitationem
1667 1758 1895 1833 omisit,
1933 1763 1994 1818 et
2013 1758 2169 1818 dixit
2189 1775 2312 1817 non

784 1864 1046 1925 peccare
1096 1848 1514 1926 deponentem
1546 1854 1763 1911 contra
1795 1849 2138 1929 justitiam,
2196 1848 2314 1908 nisi

783 1939 1052 2000 suaserit
1078 1943 1148 2000 ut
1175 1941 1453 2019 exigeret
1479 1960 1721 2019 usuraS,
1754 1942 1853 2002 vel
1874 1942 1952 2003 sit
1969 1941 2156 2002 etiam
2182 1941 2313 2019 ipse

786 2048 1004 2090 earum
1031 2032 1366 2112 particeps·

870 2124 1218 2203 objiciunt,
1252 2125 1398 2204 quia
1426 2125 1748 2204 deponens
1776 2125 2057 2205 gladium
2080 2172 2096 2204 ,
2148 2146 2312 2206 prae·

786 2214 918 2275 viso
950 2216 1287 2278 homicidio
1332 2218 1778 2279 committendo
1817 2237 1893 2279 ea
1921 2219 2248 2280 occasione
2277 2237 2316 2280 a

788 2307 1204 2385 depositario,
1238 2313 1458 2388 peccat
1486 2315 1702 2371 contra
1722 2310 2066 2389 justitiam,
2098 2311 2224 2372 imo
2255 2316 2316 2372 et

787 2399 1233 2478 depositarius,
1283 2403 1335 2461 si
1365 2402 1586 2463 reddat
1610 2403 1890 2481 gladium
1922 2404 2174 2465 domino
2205 2422 2314 2465 vo-

786 2492 933 2554 lenti
969 2493 1156 2553 alium
1205 2494 1531 2571 occidere,
1591 2501 1815 2574 peccat
1867 2497 2055 2557 etiam
2098 2502 2317 2558 contra

784 2583 1107 2664 justitiam.
1157 2588 1312 2648 Item
1341 2587 1390 2646 si
1420 2588 1543 2647 furi
1572 2589 1966 2667 paratissimo
1997 2590 2076 2649 ad
2107 2590 2317 2650 furan-

786 2678 936 2738 dum
966 2678 1076 2739 des
1107 2681 1347 2740 clavem
1375 2679 1793 2742 adulterinam
1812 2728 1827 2758 ‚
1862 2682 2178 2761 particeps
2205 2683 2318 2743 fies

785 2771 955 2846 furti,
991 2790 1065 2831 ex
1091 2772 1132 2833 1.
1165 2772 1244 2833 Si
1259 2772 1529 2853 piynore,
1563 2791 1685 2834 Lv1.
1719 2775 1775 2852 ἓ.
1806 2773 1920 2848 Qui
1932 2774 2314 2853 ferramenta,

787 2865 850 2924 ff.
883 2861 953 2923 de
974 2865 1175 2943 βατίς,
1235 2884 1383 2942 ergo
1440 2871 1501 2926 et
1555 2866 1660 2944 qui
1712 2867 1973 2945 deponit
2019 2868 2319 2944 pecunias

788 2956 954 3035 apud
1003 2975 1145 3017 eum
1188 2958 1293 3036 qui
1322 2961 1580 3036 paratus
1628 2963 1722 3019 est
1765 2959 1995 3019 inferre
2024 2959 2319 3039 injuriam

788 3067 902 3127 per
921 3067 1161 3125 usuras,
1194 3050 1482 3129 peccabit
1503 3056 1761 3130 peccato
1792 3051 2137 3131 injustitiae.
2172 3055 2319 3112 Res·

786 3142 1101 3221 pondetur
1168 3143 1456 3222 negando
1521 3144 2055 3224 consequentiam.
2133 3145 2315 3207 Ratio

788 3233 1157 3296 differentiae
1214 3238 1459 3298 constat
1512 3256 1587 3297 ex
1627 3236 1808 3297 dictis
1850 3253 1865 3299 :
1925 3237 2073 3316 quia
2127 3238 2191 3297 in
2248 3238 2320 3298 iis

788 3326 1076 3387 omnibus
1105 3329 1404 3405 exemplis
1429 3375 1444 3405 ‚
1495 3329 1597 3389 ille
1641 3330 1743 3389 cui
1771 3329 2035 3390 infertur
2064 3328 2315 3409 injuria,

787 3417 1018 3480 invitus
1055 3423 1149 3480 est
1190 3421 1358 3481 circa
1387 3421 1699 3481 actionem
1734 3421 1908 3481 illam
1952 3422 2144 3482 dandi
2189 3422 2324 3501 gla-

789 3511 986 3585 dium,
1021 3511 1284 3589 clavem,
1319 3512 1766 3590 instrumenta,
1816 3517 1933 3574 etc.
1981 3533 2174 3594 quam
2207 3514 2317 3573 im-

788 3603 1033 3682 pediret
1061 3605 1336 3681 omniuo,
1369 3606 1418 3665 si
1452 3610 1700 3683 posset;
1747 3606 1812 3667 in
1857 3611 2069 3668 nostro
2112 3611 2323 3667 autem

788 3714 938 3757 casu
966 3697 1384 3757 mutuatarius
1411 3715 1535 3757 non
1559 3702 1654 3759 est
1681 3697 1913 3758 invitus
1943 3699 2110 3759 circa
2133 3699 2321 3779 depo-

788 3788 977 3849 situm
1007 3788 1405 3864 iaciendum,
1454 3807 1570 3849 nec
1598 3790 1751 3850 illud
1780 3790 2115 3869 impediret
2145 3837 2160 3867 ‚
2212 3791 2323 3851 sed

788 3881 1023 3959 gratias
1067 3885 1284 3959 ageret
1316 3881 1689 3960 deponenti,
1750 3888 1926 3962 optat
1973 3882 2140 3942 enim
2185 3901 2324 3941 mu-

789 3978 967 4034 tuum
1011 3978 1073 4034 et
1116 3975 1328 4034 omnia
1359 3975 1710 4035 necessaria
1741 3977 1838 4035 vel
1868 3975 2044 4037 utilia
2076 3975 2155 4035 ad
2184 3994 2324 4034 mu-

791 4070 969 4126 tuum
991 4111 1009 4141 ,
1063 4066 1209 4126 licet
1264 4085 1386 4126 non
1437 4071 1610 4145 optet
1658 4068 2047 4129 exactionem
2105 4085 2321 4128 usura-

792 4175 957 4218 rum.

873 4250 1143 4311 Infertur
1171 4255 1418 4329 quarte,
1453 4251 1605 4330 quid
1636 4251 1971 4312 dicendum
2002 4252 2083 4313 sit
2110 4251 2188 4311 de
2217 4251 2324 4312 do-

792 4341 978 4403 minis
1005 4342 1476 4422 temporalibuS,
1513 4344 1608 4403 vel
1624 4343 1942 4422 judicibus
1967 4344 2326 4423 permitten-

790 4434 957 4495 tibus
988 4454 1244 4512 usuraS,
1293 4437 1390 4495 vel
1421 4437 1940 4515 compellentibus
1984 4437 2062 4496 ad
2108 4456 2324 4496 earum

792 4528 1188 4589 solutionem.
1238 4531 1467 4590 Contra
1508 4548 1664 4608 quos
1692 4531 1884 4590 variae
1914 4534 2060 4590 sunt
2087 4529 2326 4590 consti-

791 4619 1064 4681 tutiones
1096 4621 1156 4679 in
1186 4639 1445 4700 corpore
1469 4622 1650 4700 juris,
1690 4623 1895 4682 Primo
1927 4622 1989 4680 in
2021 4641 2160 4700 cap.
2191 4630 2327 4701 post

791 4712 1217 4790 miserabilem,
1270 4713 1338 4775 de
1366 4714 1592 4792 usuris,
1644 4715 2004 4794 praecipitur
2033 4714 2324 4792 principi-

791 4807 909 4867 bus
967 4811 1027 4866 et
1067 4807 1481 4885 potestatibus
1525 4811 1594 4867 ut
1640 4808 2018 4886 compellant
2069 4807 2324 4869 Judaeos

792 4900 872 4960 ad
900 4918 1124 4960 usuras
1155 4899 1562 4960 remittendas
1593 4899 1962 4960 Christiams
1982 4947 1997 4975 ,
2032 4903 2095 4959 ct
2123 4900 2324 4958 donec

790 4991 1181 5066 remiserint,
1229 4990 1591 5070 p1·a:cipitnr
1627 4990 1992 5051 Christianis
2048 4991 2164 5051 sub
2221 5011 2328 5050 ex-

791 5084 1361 5145 communicatione
1404 5089 1474 5144 ut
1509 5102 1551 5142 ⁴a
1590 5083 2031 5143 communione
2062 5101 2205 5142 cum
2238 5083 2326 5141 di-

788 5177 902 5238 ctis
922 5177 955 5238 J
963 5177 1159 5236 udaeis
1181 5177 1243 5235 in
1265 5174 1690 5235 mercimoniis
1711 5179 1772 5237 et
1790 5175 1927 5235 aliis
1950 5175 2321 5236 abstineant.

788 5271 867 5331 Et
894 5269 955 5329 in
986 5287 1124 5348 cap.
1156 5268 1382 5343 Quanto
1412 5266 1684 5348 amplz‘uS,
1710 5267 1902 5327 eodem
1932 5267 2123 5344 tilulo,
2162 5267 2328 5326 idem

789 5361 1190 5423 Innocentius
1220 5362 1322 5421 111.
1371 5379 1515 5420 cum
1545 5360 1819 5422 Concilio
1851 5360 2130 5440 generali
2161 5360 2326 5420 idem

788 5454 1075 5533 praecipit
1103 5500 1118 5530 ‚
1183 5452 1433 5536 quando
1491 5472 1715 5532 graves
1767 5457 1829 5515 et
1880 5453 2324 5514 immoderatas

1929 293 2030 352 DE
2071 293 2428 355 JUS'rrrlA
2471 294 2570 353 ΕΤ
2612 293 2811 355 JURE

2408 479 2628 528 usuras
2646 468 2846 530 Judaei
2868 469 3261 542 extorserint,
3295 474 3358 530 et
3389 487 3529 547 cap.
3558 486 3601 531 1.
3629 467 3824 529 eodem
3843 468 3928 528 tit.

2406 561 2513 621 lib.
2551 578 2636 621 vl.
2672 561 2859 620 variae
2888 578 3092 638 poenae
3123 561 3528 639 imponuntur
3555 561 3633 621 iis
3662 560 3770 639 qui
3799 565 3935 620 usu·

2409 652 2606 713 rarios
2636 653 2916 731 publicos
2938 653 3320 731 alienigenas
3349 672 3425 714 ex
3451 653 3639 714 terris
3667 652 3798 713 suis
3818 669 3935 712 non

2409 744 2756 821 expellant;
2803 744 2955 805 etin
2988 745 3288 806 Clement.
3342 745 3563 821 unica,
3614 743 3688 804 de
3726 744 3932 819 usuris,

2410 837 3024 898 excommunicantur
3053 837 3158 916 qui
3203 838 3454 898 statutis
3482 837 3584 897 vel
3614 836 3936 897 sententiis

2410 929 2703 1005 fecerint,
2760 930 2928 1008 quod
2978 929 3292 990 debitores
3347 930 3809 1009 compellantur
3860 927 3937 987 ad

2409 1039 2632 1081 usuras
2661 1021 3002 1100 promissas
3026 1022 3377 1099 solvendas,
3410 1022 3510 1081 vel
3534 1021 3708 1100 quod
3738 1026 3937 1080 usurae

2412 1113 2659 1188 solutae,
2711 1132 2853 1173 cum
2884 1118 3253 1192 repetuntur
3274 1160 3289 1190 ,
3350 1133 3471 1174 non
3505 1114 3932 1175 restituantur.

2412 1205 2589 1267 Unde
2620 1206 2893 1266 inserunt
2937 1206 3164 1285 aliqui,
3208 1225 3331 1267 non
3360 1205 3820 1284 comprehendi
3848 1204 3939 1264 his

2411 1297 2643 1376 poenis,
2692 1298 2795 1376 qui
2839 1298 2916 1357 ad
2948 1297 3190 1377 majora
3234 1299 3400 1358 mala
3438 1298 3703 1359 vitanda
3729 1303 3936 1357 usura-

2411 1390 2575 1449 rium
2618 1390 3023 1468 permittunt,
3068 1391 3305 1450 nullum
3346 1392 3403 1450 ei
3441 1391 3744 1451 auxilium
3786 1407 3936 1468 prae-

2410 1483 2650 1557 bentes,
2678 1482 2796 1541 nisi
2817 1483 2976 1543 forte
2997 1482 3076 1542 ob
3099 1501 3237 1542 eam
3255 1483 3736 1561 permissionem
3754 1482 3935 1542 talem

2413 1592 2721 1633 summam
2775 1574 2855 1633 ab
2914 1575 3213 1634 usurariis
3269 1574 3560 1652 exigant,
3618 1579 3693 1635 ut
3737 1592 3815 1633 ea
3863 1573 3936 1633 de

2413 1685 2601 1727 causa
2644 1666 2685 1725 ii
2722 1685 2944 1726 usuras
2993 1670 3265 1744 augeant
3319 1671 3381 1728 et
3420 1666 3626 1745 magis
3681 1671 3937 1744 gravent

2412 1757 2869 1841 mutuatariOS„
2895 1760 2988 1819 Ita
3027 1758 3273 1818 Lessius
3317 1778 3487 1820 num.
3538 1763 3677 1819 179.
3723 1762 3786 1818 et
3824 1760 3938 1818 Na-

2414 1869 2651 1926 varruS,
2690 1868 2876 1928 quem
2906 1851 3105 1925 affert,
3141 1854 3202 1910 et
3229 1850 3510 1929 sequitur
3541 1852 3725 1911 Salas
3752 1870 3853 1909 nu.
3876 1853 3930 1910 6.

2415 1942 2565 2003 dum
2594 1946 2803 2003 tamen
2831 1941 3087 2003 Judaeos
3133 1961 3259 2003 non
3289 1941 3662 2020 permittant
3705 1961 3744 2001 a
3772 1943 3934 2003 Chri·

2414 2034 2630 2096 stianis
2659 2052 2878 2093 usuras
2908 2035 3214 2112 accipere,
3250 2035 3313 2093 id
3343 2035 3510 2094 enim
3553 2034 3933 2112 prohibitum

2413 2126 2662 2186 videtur
2705 2126 2768 2185 in
2800 2125 2966 2186 dicto
2998 2145 3137 2205 cap.
3172 2125 3320 2185 Post
3347 2126 3757 2198 miserabilem,
3793 2132 3855 2186 et
3876 2127 3934 2186 in

2412 2218 2859 2296 Extravaganti
2910 2218 3081 2279 Pauli
3110 2219 3213 2279 III.
3250 2236 3389 2297 quae
3419 2219 3663 2296 incipit,
3698 2218 3748 2280 C
3750 2218 3936 2298 apien-

2416 2319 2497 2371 tes
2522 2308 2777 2371 Judoeos.

2494 2406 2589 2464 An
2618 2421 2766 2462 vero
2809 2406 3090 2463 cessante
3119 2402 3541 2482 prohibitione
3579 2402 3743 2481 juris
3784 2403 3934 2481 posi-

2416 2679 2574 2741 senti
2604 2684 2783 2740 tract.
2817 2680 2893 2740 V.
2927 2697 3064 2758 cap.
3090 2696 3184 2740 111.
3221 2679 3370 2739 dub.
3396 2696 3567 2740 xxw.
3602 2680 3804 2741 concl.
3829 2696 3929 2740 vn.

2419 2777 2481 2834 et
2509 2771 2857 2850 sequentib.
2902 2771 3006 2850 qui
3039 2790 3112 2831 ex
3143 2775 3422 2843 ‚Navarro
3471 2771 3692 2833 consil.
3726 2788 3931 2832 xxxm.

2418 2864 2488 2925 de
2505 2864 2712 2935 usuris,
2748 2864 2958 2939 refert,
2994 2866 3250 2943 Gregor.
3277 2866 3437 2924 XIII.
3464 2863 3823 2942 permisisse
3839 2866 3936 2926 Ju-

2420 2956 2600 3030 daeis,
2667 2958 2879 3016 Romae
2928 2955 3113 3034 justis
3155 2956 3233 3015 de
3262 2956 3467 3016 causis
3498 2974 3724 3016 usuras
3751 2974 3935 3034 usque

2420 3049 2501 3109 ad
2532 3052 2627 3109 18.
2661 3066 2774 3127 pro
2799 3050 2936 3111 100.
2971 3048 3240 3126 exigere,
3275 3052 3337 3108 et
3363 3047 3541 3108 addit
3568 3067 3646 3107 ex
3664 3047 3936 3109 Conrado

2423 3145 2642 3221 quaest.
2683 3157 2854 3202 xxvl.
2907 3158 3088 3219 posse
3117 3139 3251 3201 fieri
3275 3186 3290 3216 ‚
3334 3145 3403 3202 ut
3441 3140 3578 3201 haec
3620 3139 3936 3202 tolerantia

2421 3252 2544 3294 non
2576 3233 2777 3318 sol—um
2805 3233 3013 3309 liceat,
3048 3233 3157 3294 sed
3190 3233 3381 3293 etiam
3410 3252 3485 3294 ex
3514 3241 3827 3312 praecepto
3854 3234 3939 3292 in-

2425 3326 2682 3388 cumbat
2734 3326 3250 3404 magistratibus,
3308 3325 3471 3386 sicut
3514 3326 3798 3387 medicus
3840 3327 3936 3385 ali·

2424 3419 2674 3500 quando
2706 3423 2953 3481 tenetur
2981 3419 3267 3480 omittere
3288 3437 3506 3480 curam
3526 3419 3733 3479 morbi
3762 3418 3935 3480 levio·

2422 3511 2543 3587 riS,
2604 3510 2855 3589 quando
2900 3530 2974 3570 ex
3006 3529 3080 3570 ea
3119 3510 3405 3572 imminet
3432 3512 3783 3590 periculum
3809 3529 3935 3589 gra-

2420 3604 2634 3665 vioris.
2696 3603 2873 3664 Unde
2910 3603 3100 3664 infert
3151 3604 3505 3683 principem
3559 3621 3931 3683 supremum,

2422 3700 2661 3758 attento
2685 3695 2828 3774 jure
2857 3700 3117 3772 naturae,
3154 3714 3336 3774 posse
3360 3715 3482 3757 non
3513 3697 3717 3757 solum
3743 3696 3819 3755 ob
3844 3713 3937 3754 ne-

2425 3788 2778 3850 cessitatem
2814 3788 3132 3849 usurarios
3159 3788 3555 3867 permittere,
3608 3789 3718 3848 sed
3763 3788 3935 3849 etiam

2425 3887 2931 3959 eosprotegere,
2965 3881 3314 3941 coercendo
3345 3899 3451 3940 eos
3498 3882 3610 3959 qui
3645 3879 3936 3941 voluerint

2424 3975 2589 4055 ipsos
2622 3972 2924 4051 impedire
2944 4019 2959 4048 ,
2995 3976 3056 4032 et
3083 3973 3271 4033 licere
3300 3973 3697 4050 magistratui
3728 3990 3929 4051 propo-

2426 4086 2572 4126 nere
2599 4066 2693 4141 ei,
2746 4065 2851 4144 qui
2882 4066 3017 4143 jam
3060 4065 3265 4125 usuris
3294 4064 3542 4127 deditus
3572 4069 3688 4140 est,
3739 4063 3935 4125 condi·

2422 4159 2658 4221 tionem
2687 4176 2811 4237 qua
2839 4161 3129 4219 mutuare
3174 4161 3465 4218 teneatur
3513 4157 3803 4218 omnihus
3842 4176 3933 4235 pe-

2423 4249 2729 4325 tentibus,
2763 4268 2887 4309 non
2917 4250 3326 4329 approbando
3357 4268 3473 4310 nec
3504 4249 3839 4328 obligando
3862 4247 3932 4307 ad

2422 4359 2647 4402 usuras
2676 4341 3014 4419 engendas
3038 4387 3053 4416 ,
3104 4341 3213 4401 sed
3252 4342 3454 4402 solum
3482 4341 3889 4419 permittendo
3916 4358 3929 4398 :

2422 4453 2548 4496 non
2595 4438 2804 4495 tamen
2840 4434 3027 4494 licere
3071 4435 3422 4496 conducere
3465 4435 3548 4495 ad
3578 4433 3935 4494 exercendas

2422 4545 2643 4588 usuras
2668 4573 2682 4603 ,
2732 4525 2880 4605 quia
2908 4527 3256 4587 conductor
3286 4545 3407 4588 non
3438 4531 3732 4588 censetur
3759 4527 3936 4586 solum

2422 4618 2807 4699 permittere,
2842 4618 2951 4678 sed
2976 4618 3286 4704 obligare.
3329 4619 3614 4698 Denique
3662 4619 3837 4679 addit
3875 4635 3939 4676 ex

2423 4713 2702 4772 Navarro
2734 4711 2952 4771 consil.
2983 4728 3168 4771 xxxv.
3206 4712 3391 4771 licere
3423 4712 3787 4790 permittere
3817 4729 3939 4770 usu·

2423 4803 2662 4864 rarinm
2690 4803 3010 4882 publicum
3042 4822 3114 4863 ea
3145 4803 3281 4882 lege
3303 4850 3318 4878 ,
3362 4809 3431 4865 ut
3457 4804 3658 4865 multo
3688 4804 3942 4863 minores

2424 4915 2648 4957 usuras
2694 4896 2903 4974 exigat
2948 4916 2983 4956 a
3014 4896 3253 4958 civibus
3283 4915 3472 4975 quam
3513 4895 3593 4955 ab
3627 4895 3938 4969 extraneiS,

2425 4988 2577 5048 dum
2613 4992 2823 5047 tamen
2855 5007 2928 5047 ex
2959 4987 3079 5048 hoc
3108 5007 3231 5049 non
3253 4990 3363 5048 fiat
3384 4987 3553 5066 quod
3576 4988 3720 5066 plus
3749 4988 3827 5048 ab
3854 5006 3944 5046 ex-

2425 5081 2700 5156 traneis,
2752 5080 2860 5140 sed
2906 5080 3074 5159 quod
3105 5080 3311 5140 minus
3357 5099 3397 5140 a
3441 5080 3687 5141 civibus
3716 5081 3940 5158 exigat;

2426 5177 2642 5233 monet
2665 5176 2874 5233 tamen
2908 5175 3223 5233 Navarrus
3255 5172 3317 5232 id
3350 5190 3465 5232 nec
3493 5172 3687 5234 licere
3716 5191 3829 5233 nec
3855 5190 3942 5230 ex-

2428 5265 2668 5344 pedire.

2507 5361 2653 5418 Haec
2683 5358 2915 5434 omnia,
2949 5356 3192 5417 seclusa
3221 5355 3650 5435 prohibitione
3672 5357 3828 5437 juris
3852 5373 3940 5434 po-

2425 5451 2610 5527 sitivi,
2645 5450 2809 5511 dicta
2833 5469 2963 5510 esse
2983 5450 3252 5523 debent;
3286 5449 3558 5509 vidImus
3582 5451 3753 5510 enim
3779 5451 3939 5510 inter-

4037 2414 4062 2445 ο
4086 2413 4108 2455 ¹.)

2415 2496 2561 2571 tivi,
2605 2498 2806 2554 cesset
2833 2495 2970 2556 haec
2998 2495 3294 2574 obligatio
3342 2497 3405 2555 in
3446 2495 3836 2574 principibus
3878 2500 3937 2555 et
4018 2414 4129 2585 (ἐξ,

2414 2587 2902 2665 magistratibus,
2935 2592 3161 2648 tractat
3189 2588 3349 2647 bene
3368 2587 3688 2647 Malderus
3713 2588 3775 2646 in
3793 2605 3935 2665 prae·
3973 2589 4042 2643 im
4066 2596 4130 2628 τε·
