<?xml version="1.0" encoding="UTF-8"?>
<!DOCTYPE html PUBLIC "-//W3C//DTD XHTML 1.0 Transitional//EN"
    "http://www.w3.org/TR/xhtml1/DTD/xhtml1-transitional.dtd">
<html xmlns="http://www.w3.org/1999/xhtml" xml:lang="en" lang="en">
 <head>
  <title>
</title>
<meta http-equiv="Content-Type" content="text/html;charset=utf-8" />
  <meta name='ocr-system' content='tesseract 3.04.00' />
  <meta name='ocr-capabilities' content='ocr_page ocr_carea ocr_par ocr_line ocrx_word'/>
</head>
<body>
  <div class='ocr_page' id='page_1' title='image "./joannisdelugodi00lugogoog_0665.png"; bbox 0 0 4263 6376; ppageno 0'>
   <div class='ocr_carea' id='block_1_1' title="bbox 1246 346 3448 427">
    <p class='ocr_par' dir='ltr' id='par_1_1' title="bbox 1246 346 3448 427">
     <span class='ocr_line' id='line_1_1' title="bbox 1246 346 3448 427; baseline -0.003 -13"><span class='ocrx_word' id='word_1_1' title='bbox 1246 352 1716 416; x_wconf 83' lang='lat' dir='ltr'>DISPUTATIO</span> <span class='ocrx_word' id='word_1_2' title='bbox 1759 352 2031 427; x_wconf 83' lang='lat' dir='ltr'>XXXVI,</span> <span class='ocrx_word' id='word_1_3' title='bbox 2080 352 2355 413; x_wconf 84' lang='lat' dir='ltr'>SECTIO</span> <span class='ocrx_word' id='word_1_4' title='bbox 2399 351 2502 412; x_wconf 88' lang='lat' dir='ltr'><strong>VI.</strong></span> <span class='ocrx_word' id='word_1_5' title='bbox 3328 346 3448 408; x_wconf 70' lang='lat'><strong>635</strong></span> 
     </span>
    </p>
   </div>
   <div class='ocr_carea' id='block_1_2' title="bbox 265 525 3665 3033">
    <p class='ocr_par' dir='ltr' id='par_1_2' title="bbox 272 525 3446 703">
     <span class='ocr_line' id='line_1_2' title="bbox 272 525 3446 611; baseline -0.002 -18"><span class='ocrx_word' id='word_1_6' title='bbox 272 532 556 594; x_wconf 86' lang='lat' dir='ltr'><strong>blicanus</strong></span> <span class='ocrx_word' id='word_1_7' title='bbox 601 531 780 611; x_wconf 89' lang='lat' dir='ltr'><strong>petiit</strong></span> <span class='ocrx_word' id='word_1_8' title='bbox 823 533 1004 610; x_wconf 87' lang='lat' dir='ltr'><strong>juxta</strong></span> <span class='ocrx_word' id='word_1_9' title='bbox 1057 530 1560 592; x_wconf 82' lang='lat' dir='ltr'><strong>commissionem</strong></span> <span class='ocrx_word' id='word_1_10' title='bbox 1606 529 1721 590; x_wconf 89' lang='lat' dir='ltr'><strong>sibi</strong></span> <span class='ocrx_word' id='word_1_11' title='bbox 1767 548 1807 590; x_wconf 91' lang='lat' dir='ltr'><strong>a</strong></span> <span class='ocrx_word' id='word_1_12' title='bbox 1904 528 2071 590; x_wconf 86' lang='lat' dir='ltr'><strong>dicto</strong></span> <span class='ocrx_word' id='word_1_13' title='bbox 2099 529 2157 607; x_wconf 67' lang='lat' dir='ltr'><strong>g.</strong></span> <span class='ocrx_word' id='word_1_14' title='bbox 2191 530 2293 590; x_wconf 86' lang='lat'><strong>11..</strong></span> <span class='ocrx_word' id='word_1_15' title='bbox 2329 528 2480 589; x_wconf 91' lang='lat' dir='ltr'><strong>dub.</strong></span> <span class='ocrx_word' id='word_1_16' title='bbox 2515 546 2574 589; x_wconf 83' lang='lat' dir='ltr'><strong>v.</strong></span> <span class='ocrx_word' id='word_1_17' title='bbox 2611 547 2673 589; x_wconf 89' lang='lat' dir='ltr'><strong>n.</strong></span> <span class='ocrx_word' id='word_1_18' title='bbox 2714 531 2814 590; x_wconf 80' lang='lat'><strong>78.</strong></span> <span class='ocrx_word' id='word_1_19' title='bbox 2850 532 2914 589; x_wconf 91' lang='lat' dir='ltr'><strong>et</strong></span> <span class='ocrx_word' id='word_1_20' title='bbox 2941 527 3168 589; x_wconf 84' lang='lat' dir='ltr'><strong>clarius</strong></span> <span class='ocrx_word' id='word_1_21' title='bbox 3198 525 3446 588; x_wconf 80' lang='lat' dir='ltr'><strong>Turris·</strong></span> 
     </span>
     <span class='ocr_line' id='line_1_3' title="bbox 273 620 2965 703; baseline -0 -19"><span class='ocrx_word' id='word_1_22' title='bbox 273 643 421 703; x_wconf 86' lang='lat' dir='ltr'><strong>rege</strong></span> <span class='ocrx_word' id='word_1_23' title='bbox 452 625 690 701; x_wconf 88' lang='lat' dir='ltr'><strong>datam,</strong></span> <span class='ocrx_word' id='word_1_24' title='bbox 724 625 822 684; x_wconf 84' lang='lat' dir='ltr'><strong>vel</strong></span> <span class='ocrx_word' id='word_1_25' title='bbox 851 623 1358 685; x_wconf 83' lang='lat' dir='ltr'><strong>commissionem</strong></span> <span class='ocrx_word' id='word_1_26' title='bbox 1390 623 1555 703; x_wconf 87' lang='lat' dir='ltr'><strong>regis</strong></span> <span class='ocrx_word' id='word_1_27' title='bbox 1590 640 1803 684; x_wconf 81' lang='lat' dir='ltr'><strong>exces-</strong></span> <span class='ocrx_word' id='word_1_28' title='bbox 1905 641 2022 682; x_wconf 88' lang='lat' dir='ltr'><strong>nus</strong></span> <span class='ocrx_word' id='word_1_29' title='bbox 2053 622 2213 700; x_wconf 90' lang='lat' dir='ltr'><strong>disp.</strong></span> <span class='ocrx_word' id='word_1_30' title='bbox 2250 620 2460 683; x_wconf 89' lang='lat' dir='ltr'>XLIV.</span> <span class='ocrx_word' id='word_1_31' title='bbox 2495 621 2646 682; x_wconf 90' lang='lat' dir='ltr'><strong>dub.</strong></span> <span class='ocrx_word' id='word_1_32' title='bbox 2683 637 2770 682; x_wconf 76' lang='lat' dir='ltr'><strong>vl.</strong></span> <span class='ocrx_word' id='word_1_33' title='bbox 2805 639 2869 682; x_wconf 83' lang='lat' dir='ltr'><strong>n.</strong></span> <span class='ocrx_word' id='word_1_34' title='bbox 2903 624 2965 683; x_wconf 80' lang='lat'><strong>5.</strong></span> 
     </span>
    </p>

    <p class='ocr_par' dir='ltr' id='par_1_3' title="bbox 270 710 3447 1821">
     <span class='ocr_line' id='line_1_4' title="bbox 272 710 3445 797; baseline -0.002 -20"><span class='ocrx_word' id='word_1_35' title='bbox 272 717 371 794; x_wconf 85' lang='lat' dir='ltr'><strong>sit,</strong></span> <span class='ocrx_word' id='word_1_36' title='bbox 405 722 471 778; x_wconf 85' lang='lat' dir='ltr'><strong>et</strong></span> <span class='ocrx_word' id='word_1_37' title='bbox 498 717 675 797; x_wconf 88' lang='lat' dir='ltr'><strong>petiit</strong></span> <span class='ocrx_word' id='word_1_38' title='bbox 702 717 781 778; x_wconf 91' lang='lat' dir='ltr'><strong>ab</strong></span> <span class='ocrx_word' id='word_1_39' title='bbox 824 717 928 777; x_wconf 92' lang='lat' dir='ltr'><strong>illo</strong></span> <span class='ocrx_word' id='word_1_40' title='bbox 959 715 1065 796; x_wconf 91' lang='lat' dir='ltr'><strong>qui</strong></span> <span class='ocrx_word' id='word_1_41' title='bbox 1095 722 1421 797; x_wconf 83' lang='lat' dir='ltr'><strong>exemptus</strong></span> <span class='ocrx_word' id='word_1_42' title='bbox 1466 721 1634 793; x_wconf 88' lang='lat' dir='ltr'><strong>erat,</strong></span> <span class='ocrx_word' id='word_1_43' title='bbox 1681 720 1742 777; x_wconf 89' lang='lat' dir='ltr'><strong>et</strong></span> <span class='ocrx_word' id='word_1_44' title='bbox 1770 733 1808 775; x_wconf 85' lang='lat' dir='ltr'><strong>a</strong></span> <span class='ocrx_word' id='word_1_45' title='bbox 1985 714 2276 776; x_wconf 86' lang='lat' dir='ltr'><strong>Secunda</strong></span> <span class='ocrx_word' id='word_1_46' title='bbox 2303 714 2614 775; x_wconf 85' lang='lat' dir='ltr'><strong>sententia</strong></span> <span class='ocrx_word' id='word_1_47' title='bbox 2640 714 2992 775; x_wconf 86' lang='lat' dir='ltr'><strong>communis</strong></span> <span class='ocrx_word' id='word_1_48' title='bbox 3013 713 3145 773; x_wconf 80' lang='lat' dir='ltr'><strong>fero</strong></span> <span class='ocrx_word' id='word_1_49' title='bbox 3163 710 3445 773; x_wconf 85' lang='lat' dir='ltr'><strong>omnium</strong></span> 
     </span>
     <span class='ocr_line' id='line_1_5' title="bbox 275 803 3441 891; baseline -0.002 -21"><span class='ocrx_word' id='word_1_50' title='bbox 275 828 397 891; x_wconf 84' lang='lat' dir='ltr'><strong>qno</strong></span> <span class='ocrx_word' id='word_1_51' title='bbox 428 809 719 891; x_wconf 80' lang='lat' dir='ltr'><strong>exigendi</strong></span> <span class='ocrx_word' id='word_1_52' title='bbox 748 829 861 870; x_wconf 79' lang='lat' dir='ltr'><strong>rex</strong></span> <span class='ocrx_word' id='word_1_53' title='bbox 889 814 1265 890; x_wconf 84' lang='lat' dir='ltr'><strong>potestatem</strong></span> <span class='ocrx_word' id='word_1_54' title='bbox 1287 829 1410 870; x_wconf 92' lang='lat' dir='ltr'><strong>non</strong></span> <span class='ocrx_word' id='word_1_55' title='bbox 1429 810 1711 871; x_wconf 88' lang='lat' dir='ltr'><strong>dederat.</strong></span> <span class='ocrx_word' id='word_1_56' title='bbox 1737 810 1804 870; x_wconf 89' lang='lat' dir='ltr'><strong>In</strong></span> <span class='ocrx_word' id='word_1_57' title='bbox 1905 813 2259 887; x_wconf 85' lang='lat' dir='ltr'><strong>negat,esse</strong></span> <span class='ocrx_word' id='word_1_58' title='bbox 2274 806 2720 886; x_wconf 80' lang='lat' dir='ltr'><strong>obligationem</strong></span> <span class='ocrx_word' id='word_1_59' title='bbox 2736 807 2798 866; x_wconf 95' lang='lat' dir='ltr'><strong>in</strong></span> <span class='ocrx_word' id='word_1_60' title='bbox 2817 823 2890 868; x_wconf 91' lang='lat' dir='ltr'><strong>eo</strong></span> <span class='ocrx_word' id='word_1_61' title='bbox 2909 805 3120 867; x_wconf 88' lang='lat' dir='ltr'><strong>debito</strong></span> <span class='ocrx_word' id='word_1_62' title='bbox 3138 803 3441 878; x_wconf 84' lang='lat' dir='ltr'><strong>solvendi,</strong></span> 
     </span>
     <span class='ocr_line' id='line_1_6' title="bbox 274 899 3446 982; baseline -0.001 -20"><span class='ocrx_word' id='word_1_63' title='bbox 274 902 480 982; x_wconf 88' lang='lat' dir='ltr'><strong>primo</strong></span> <span class='ocrx_word' id='word_1_64' title='bbox 510 922 659 964; x_wconf 86' lang='lat' dir='ltr'><strong>casu</strong></span> <span class='ocrx_word' id='word_1_65' title='bbox 699 902 1189 981; x_wconf 79' lang='lat' dir='ltr'><strong>compensationi</strong></span> <span class='ocrx_word' id='word_1_66' title='bbox 1239 903 1412 964; x_wconf 87' lang='lat' dir='ltr'><strong>locus</strong></span> <span class='ocrx_word' id='word_1_67' title='bbox 1460 903 1607 978; x_wconf 90' lang='lat' dir='ltr'><strong>erit,</strong></span> <span class='ocrx_word' id='word_1_68' title='bbox 1658 902 1807 982; x_wconf 86' lang='lat' dir='ltr'><strong>quia</strong></span> <span class='ocrx_word' id='word_1_69' title='bbox 1905 901 2678 977; x_wconf 86' lang='lat' dir='ltr'><strong>hanctenentHostiensis,</strong></span> <span class='ocrx_word' id='word_1_70' title='bbox 2705 899 3446 976; x_wconf 82' lang='lat' dir='ltr'><strong>Silvester,Medina,Ga-</strong></span> 
     </span>
     <span class='ocr_line' id='line_1_7' title="bbox 273 991 3444 1076; baseline -0.002 -19"><span class='ocrx_word' id='word_1_71' title='bbox 273 1014 418 1057; x_wconf 86' lang='lat' dir='ltr'><strong>cum</strong></span> <span class='ocrx_word' id='word_1_72' title='bbox 447 996 616 1076; x_wconf 86' lang='lat' dir='ltr'><strong>regis</strong></span> <span class='ocrx_word' id='word_1_73' title='bbox 644 997 943 1057; x_wconf 84' lang='lat' dir='ltr'><strong>mandato</strong></span> <span class='ocrx_word' id='word_1_74' title='bbox 976 1000 1038 1057; x_wconf 89' lang='lat' dir='ltr'><strong>et</strong></span> <span class='ocrx_word' id='word_1_75' title='bbox 1078 996 1516 1057; x_wconf 82' lang='lat' dir='ltr'><strong>commissione</strong></span> <span class='ocrx_word' id='word_1_76' title='bbox 1542 1001 1805 1075; x_wconf 86' lang='lat' dir='ltr'><strong>uterque</strong></span> <span class='ocrx_word' id='word_1_77' title='bbox 1902 994 2083 1071; x_wconf 83' lang='lat' dir='ltr'><strong>briei,</strong></span> <span class='ocrx_word' id='word_1_78' title='bbox 2118 994 2492 1069; x_wconf 79' lang='lat' dir='ltr'><strong>AntoninuS,</strong></span> <span class='ocrx_word' id='word_1_79' title='bbox 2512 993 2871 1072; x_wconf 77' lang='lat' dir='ltr'><strong>Margarita,</strong></span> <span class='ocrx_word' id='word_1_80' title='bbox 2902 992 3206 1069; x_wconf 84' lang='lat' dir='ltr'><strong>Rosellus,</strong></span> <span class='ocrx_word' id='word_1_81' title='bbox 3240 991 3444 1054; x_wconf 88' lang='lat' dir='ltr'><strong>Cordu</strong></span> 
     </span>
     <span class='ocr_line' id='line_1_8' title="bbox 274 1085 3444 1169; baseline -0.002 -20"><span class='ocrx_word' id='word_1_82' title='bbox 274 1108 309 1149; x_wconf 88' lang='lat' dir='ltr'><strong>a</strong></span> <span class='ocrx_word' id='word_1_83' title='bbox 335 1094 399 1150; x_wconf 87' lang='lat' dir='ltr'><strong>te</strong></span> <span class='ocrx_word' id='word_1_84' title='bbox 447 1094 661 1169; x_wconf 84' lang='lat' dir='ltr'><strong>petat,</strong></span> <span class='ocrx_word' id='word_1_85' title='bbox 716 1088 951 1169; x_wconf 89' lang='lat' dir='ltr'><strong>poteris</strong></span> <span class='ocrx_word' id='word_1_86' title='bbox 993 1089 1271 1150; x_wconf 88' lang='lat' dir='ltr'><strong>secundo</strong></span> <span class='ocrx_word' id='word_1_87' title='bbox 1315 1108 1438 1150; x_wconf 92' lang='lat' dir='ltr'><strong>non</strong></span> <span class='ocrx_word' id='word_1_88' title='bbox 1485 1089 1726 1149; x_wconf 84' lang='lat' dir='ltr'><strong>solvere</strong></span> <span class='ocrx_word' id='word_1_89' title='bbox 1755 1087 1804 1147; x_wconf 90' lang='lat' dir='ltr'><strong>si</strong></span> <span class='ocrx_word' id='word_1_90' title='bbox 1905 1089 2008 1165; x_wconf 89' lang='lat' dir='ltr'><strong>ba,</strong></span> <span class='ocrx_word' id='word_1_91' title='bbox 2034 1086 2680 1166; x_wconf 83' lang='lat' dir='ltr'><strong>Cajetanus,Armilla,</strong></span> <span class='ocrx_word' id='word_1_92' title='bbox 2705 1086 3003 1161; x_wconf 83' lang='lat' dir='ltr'><strong>Tabiena,</strong></span> <span class='ocrx_word' id='word_1_93' title='bbox 3028 1085 3276 1160; x_wconf 87' lang='lat' dir='ltr'><strong>Driedo,</strong></span> <span class='ocrx_word' id='word_1_94' title='bbox 3298 1086 3444 1145; x_wconf 85' lang='lat' dir='ltr'><strong>Bar-</strong></span> 
     </span>
     <span class='ocr_line' id='line_1_9' title="bbox 275 1163 3447 1261; baseline -0.002 -18"><span class='ocrx_word' id='word_1_95' title='bbox 275 1182 408 1243; x_wconf 82' lang='lat' dir='ltr'><strong>haec</strong></span> <span class='ocrx_word' id='word_1_96' title='bbox 438 1182 720 1242; x_wconf 89' lang='lat' dir='ltr'><strong>secunda</strong></span> <span class='ocrx_word' id='word_1_97' title='bbox 747 1182 995 1261; x_wconf 88' lang='lat' dir='ltr'><strong>gabella</strong></span> <span class='ocrx_word' id='word_1_98' title='bbox 1039 1200 1163 1243; x_wconf 93' lang='lat' dir='ltr'><strong>non</strong></span> <span class='ocrx_word' id='word_1_99' title='bbox 1210 1187 1374 1243; x_wconf 84' lang='lat' dir='ltr'><strong>essct</strong></span> <span class='ocrx_word' id='word_1_100' title='bbox 1421 1182 1552 1261; x_wconf 88' lang='lat' dir='ltr'><strong>jam</strong></span> <span class='ocrx_word' id='word_1_101' title='bbox 1598 1181 1808 1241; x_wconf 87' lang='lat' dir='ltr'><strong>debita</strong></span> <span class='ocrx_word' id='word_1_102' title='bbox 1904 1181 2069 1243; x_wconf 86' lang='lat' dir='ltr'><strong>tolus</strong></span> <span class='ocrx_word' id='word_1_103' title='bbox 2086 1180 2429 1255; x_wconf 74' lang='lat' dir='ltr'><strong>CorneliuS,</strong></span> <span class='ocrx_word' id='word_1_104' title='bbox 2452 1185 2514 1240; x_wconf 91' lang='lat' dir='ltr'><strong>et</strong></span> <span class='ocrx_word' id='word_1_105' title='bbox 2543 1178 2669 1255; x_wconf 86' lang='lat' dir='ltr'><strong>alii,</strong></span> <span class='ocrx_word' id='word_1_106' title='bbox 2697 1197 2853 1259; x_wconf 84' lang='lat' dir='ltr'><strong>quos</strong></span> <span class='ocrx_word' id='word_1_107' title='bbox 2872 1180 3056 1240; x_wconf 85' lang='lat' dir='ltr'><strong>affert</strong></span> <span class='ocrx_word' id='word_1_108' title='bbox 3077 1183 3139 1239; x_wconf 89' lang='lat' dir='ltr'><strong>et</strong></span> <span class='ocrx_word' id='word_1_109' title='bbox 3165 1163 3447 1258; x_wconf 78' lang='lat' dir='ltr'><strong>sequitui·</strong></span> 
     </span>
     <span class='ocr_line' id='line_1_10' title="bbox 273 1273 3446 1355; baseline -0.001 -19"><span class='ocrx_word' id='word_1_110' title='bbox 273 1274 639 1336; x_wconf 82' lang='lat' dir='ltr'><strong>conductori</strong></span> <span class='ocrx_word' id='word_1_111' title='bbox 670 1275 919 1355; x_wconf 84' lang='lat' dir='ltr'><strong>quando</strong></span> <span class='ocrx_word' id='word_1_112' title='bbox 948 1275 1215 1355; x_wconf 78' lang='lat' dir='ltr'><strong>primam</strong></span> <span class='ocrx_word' id='word_1_113' title='bbox 1244 1275 1503 1350; x_wconf 86' lang='lat' dir='ltr'><strong>solvisti,</strong></span> <span class='ocrx_word' id='word_1_114' title='bbox 1525 1278 1593 1335; x_wconf 91' lang='lat' dir='ltr'><strong>ut</strong></span> <span class='ocrx_word' id='word_1_115' title='bbox 1620 1291 1809 1353; x_wconf 86' lang='lat' dir='ltr'><strong>supra</strong></span> <span class='ocrx_word' id='word_1_116' title='bbox 1908 1274 2189 1338; x_wconf 88' lang='lat' dir='ltr'><strong>Sanchez</strong></span> <span class='ocrx_word' id='word_1_117' title='bbox 2211 1274 2315 1334; x_wconf 89' lang='lat' dir='ltr'><strong>ubi</strong></span> <span class='ocrx_word' id='word_1_118' title='bbox 2348 1292 2537 1352; x_wconf 89' lang='lat' dir='ltr'><strong>supra</strong></span> <span class='ocrx_word' id='word_1_119' title='bbox 2566 1292 2671 1333; x_wconf 92' lang='lat' dir='ltr'><strong>nu.</strong></span> <span class='ocrx_word' id='word_1_120' title='bbox 2717 1275 2777 1333; x_wconf 82' lang='lat'><strong>5.</strong></span> <span class='ocrx_word' id='word_1_121' title='bbox 2813 1273 3171 1349; x_wconf 86' lang='lat' dir='ltr'><strong>Villalobos‚</strong></span> <span class='ocrx_word' id='word_1_122' title='bbox 3206 1275 3446 1351; x_wconf 83' lang='lat' dir='ltr'><strong>Arago-</strong></span> 
     </span>
     <span class='ocr_line' id='line_1_11' title="bbox 272 1365 3445 1447; baseline -0.001 -19"><span class='ocrx_word' id='word_1_123' title='bbox 272 1367 514 1429; x_wconf 85' lang='lat' dir='ltr'><strong>dictum</strong></span> <span class='ocrx_word' id='word_1_124' title='bbox 543 1374 656 1429; x_wconf 85' lang='lat' dir='ltr'><strong>est.</strong></span> <span class='ocrx_word' id='word_1_125' title='bbox 695 1368 874 1430; x_wconf 81' lang='lat' dir='ltr'><strong>Ratio</strong></span> <span class='ocrx_word' id='word_1_126' title='bbox 905 1373 1114 1429; x_wconf 88' lang='lat' dir='ltr'><strong>autem</strong></span> <span class='ocrx_word' id='word_1_127' title='bbox 1146 1373 1241 1429; x_wconf 90' lang='lat' dir='ltr'><strong>est</strong></span> <span class='ocrx_word' id='word_1_128' title='bbox 1286 1367 1428 1447; x_wconf 86' lang='lat' dir='ltr'><strong>quia</strong></span> <span class='ocrx_word' id='word_1_129' title='bbox 1473 1387 1602 1444; x_wconf 88' lang='lat' dir='ltr'><strong>rex,</strong></span> <span class='ocrx_word' id='word_1_130' title='bbox 1631 1366 1808 1445; x_wconf 87' lang='lat' dir='ltr'><strong>cujus</strong></span> <span class='ocrx_word' id='word_1_131' title='bbox 1907 1367 2067 1443; x_wconf 78' lang='lat' dir='ltr'><strong>niuS,</strong></span> <span class='ocrx_word' id='word_1_132' title='bbox 2094 1365 2431 1443; x_wconf 88' lang='lat' dir='ltr'><strong>Filliucius‚</strong></span> <span class='ocrx_word' id='word_1_133' title='bbox 2460 1369 2494 1428; x_wconf 88' lang='lat' dir='ltr'>J</span> <span class='ocrx_word' id='word_1_134' title='bbox 2502 1386 2645 1428; x_wconf 90' lang='lat' dir='ltr'><strong>oan.</strong></span> <span class='ocrx_word' id='word_1_135' title='bbox 2676 1366 2755 1426; x_wconf 88' lang='lat' dir='ltr'><strong>de</strong></span> <span class='ocrx_word' id='word_1_136' title='bbox 2776 1366 2835 1426; x_wconf 90' lang='lat' dir='ltr'><strong>la</strong></span> <span class='ocrx_word' id='word_1_137' title='bbox 2855 1368 3032 1441; x_wconf 87' lang='lat' dir='ltr'><strong>Cruz,</strong></span> <span class='ocrx_word' id='word_1_138' title='bbox 3050 1369 3112 1426; x_wconf 89' lang='lat' dir='ltr'><strong>et</strong></span> <span class='ocrx_word' id='word_1_139' title='bbox 3140 1365 3263 1439; x_wconf 89' lang='lat' dir='ltr'><strong>alii,</strong></span> <span class='ocrx_word' id='word_1_140' title='bbox 3287 1380 3445 1444; x_wconf 82' lang='lat' dir='ltr'><strong>quos</strong></span> 
     </span>
     <span class='ocr_line' id='line_1_12' title="bbox 273 1455 3447 1539; baseline -0.002 -17"><span class='ocrx_word' id='word_1_141' title='bbox 273 1461 648 1522; x_wconf 83' lang='lat' dir='ltr'><strong>auctoritate</strong></span> <span class='ocrx_word' id='word_1_142' title='bbox 678 1461 870 1539; x_wconf 85' lang='lat' dir='ltr'><strong>petit,</strong></span> <span class='ocrx_word' id='word_1_143' title='bbox 922 1479 1044 1521; x_wconf 92' lang='lat' dir='ltr'><strong>non</strong></span> <span class='ocrx_word' id='word_1_144' title='bbox 1076 1461 1269 1522; x_wconf 90' lang='lat' dir='ltr'><strong>habet</strong></span> <span class='ocrx_word' id='word_1_145' title='bbox 1297 1461 1396 1520; x_wconf 89' lang='lat' dir='ltr'><strong>hic</strong></span> <span class='ocrx_word' id='word_1_146' title='bbox 1427 1469 1489 1521; x_wconf 89' lang='lat' dir='ltr'><strong>et</strong></span> <span class='ocrx_word' id='word_1_147' title='bbox 1518 1478 1682 1519; x_wconf 91' lang='lat' dir='ltr'><strong>nunc</strong></span> <span class='ocrx_word' id='word_1_148' title='bbox 1704 1458 1808 1539; x_wconf 86' lang='lat' dir='ltr'><strong>jus</strong></span> <span class='ocrx_word' id='word_1_149' title='bbox 1908 1462 2106 1535; x_wconf 80' lang='lat' dir='ltr'><strong>affert,</strong></span> <span class='ocrx_word' id='word_1_150' title='bbox 2144 1463 2207 1519; x_wconf 91' lang='lat' dir='ltr'><strong>et</strong></span> <span class='ocrx_word' id='word_1_151' title='bbox 2233 1458 2515 1538; x_wconf 86' lang='lat' dir='ltr'><strong>sequitur</strong></span> <span class='ocrx_word' id='word_1_152' title='bbox 2560 1458 2758 1518; x_wconf 87' lang='lat' dir='ltr'><strong>Diana</strong></span> <span class='ocrx_word' id='word_1_153' title='bbox 2806 1461 2957 1520; x_wconf 88' lang='lat' dir='ltr'><strong>tom.</strong></span> <span class='ocrx_word' id='word_1_154' title='bbox 3001 1459 3103 1518; x_wconf 80' lang='lat'><strong>111.</strong></span> <span class='ocrx_word' id='word_1_155' title='bbox 3135 1461 3214 1519; x_wconf 86' lang='lat' dir='ltr'><strong>tr.</strong></span> <span class='ocrx_word' id='word_1_156' title='bbox 3248 1473 3343 1518; x_wconf 87' lang='lat'><strong>111.</strong></span> <span class='ocrx_word' id='word_1_157' title='bbox 3375 1455 3447 1517; x_wconf 85' lang='lat' dir='ltr'><strong>de</strong></span> 
     </span>
     <span class='ocr_line' id='line_1_13' title="bbox 274 1548 3445 1634; baseline -0.002 -20"><span class='ocrx_word' id='word_1_158' title='bbox 274 1573 310 1614; x_wconf 87' lang='lat' dir='ltr'><strong>a</strong></span> <span class='ocrx_word' id='word_1_159' title='bbox 335 1559 399 1615; x_wconf 87' lang='lat' dir='ltr'><strong>te</strong></span> <span class='ocrx_word' id='word_1_160' title='bbox 430 1554 708 1634; x_wconf 89' lang='lat' dir='ltr'><strong>petendi,</strong></span> <span class='ocrx_word' id='word_1_161' title='bbox 742 1554 848 1634; x_wconf 89' lang='lat' dir='ltr'><strong>qui</strong></span> <span class='ocrx_word' id='word_1_162' title='bbox 876 1554 1011 1634; x_wconf 86' lang='lat' dir='ltr'><strong>ejus</strong></span> <span class='ocrx_word' id='word_1_163' title='bbox 1039 1555 1336 1616; x_wconf 88' lang='lat' dir='ltr'><strong>mandato</strong></span> <span class='ocrx_word' id='word_1_164' title='bbox 1369 1554 1603 1614; x_wconf 79' lang='lat' dir='ltr'><strong>solvisti</strong></span> <span class='ocrx_word' id='word_1_165' title='bbox 1646 1552 1803 1633; x_wconf 87' lang='lat' dir='ltr'><strong>jam,</strong></span> <span class='ocrx_word' id='word_1_166' title='bbox 1904 1551 2251 1614; x_wconf 79' lang='lat' dir='ltr'><strong>conscientia</strong></span> <span class='ocrx_word' id='word_1_167' title='bbox 2291 1550 2466 1611; x_wconf 76' lang='lat' dir='ltr'><strong>dubia</strong></span> <span class='ocrx_word' id='word_1_168' title='bbox 2513 1552 2696 1612; x_wconf 88' lang='lat' dir='ltr'><strong>resol.</strong></span> <span class='ocrx_word' id='word_1_169' title='bbox 2732 1555 2830 1613; x_wconf 77' lang='grc'><strong>49.</strong></span> <span class='ocrx_word' id='word_1_170' title='bbox 2867 1554 2929 1611; x_wconf 89' lang='lat' dir='ltr'><strong>et</strong></span> <span class='ocrx_word' id='word_1_171' title='bbox 2966 1549 3237 1629; x_wconf 86' lang='lat' dir='ltr'><strong>donique</strong></span> <span class='ocrx_word' id='word_1_172' title='bbox 3278 1548 3445 1609; x_wconf 88' lang='lat' dir='ltr'><strong>idem</strong></span> 
     </span>
     <span class='ocr_line' id='line_1_14' title="bbox 273 1643 3439 1729; baseline -0.002 -20"><span class='ocrx_word' id='word_1_173' title='bbox 273 1649 443 1729; x_wconf 87' lang='lat' dir='ltr'><strong>quod</strong></span> <span class='ocrx_word' id='word_1_174' title='bbox 474 1649 717 1709; x_wconf 83' lang='lat' dir='ltr'><strong>solvere</strong></span> <span class='ocrx_word' id='word_1_175' title='bbox 746 1667 873 1708; x_wconf 91' lang='lat' dir='ltr'><strong>non</strong></span> <span class='ocrx_word' id='word_1_176' title='bbox 902 1649 1199 1725; x_wconf 70' lang='lat' dir='ltr'><strong>debebas»,</strong></span> <span class='ocrx_word' id='word_1_177' title='bbox 1232 1652 1420 1727; x_wconf 72' lang='lat' dir='ltr'><strong>atque</strong></span> <span class='ocrx_word' id='word_1_178' title='bbox 1450 1648 1608 1707; x_wconf 88' lang='lat' dir='ltr'><strong>adeo</strong></span> <span class='ocrx_word' id='word_1_179' title='bbox 1639 1665 1809 1707; x_wconf 85' lang='lat' dir='ltr'><strong>com·</strong></span> <span class='ocrx_word' id='word_1_180' title='bbox 1905 1645 2099 1706; x_wconf 87' lang='lat' dir='ltr'><strong>sentit</strong></span> <span class='ocrx_word' id='word_1_181' title='bbox 2124 1646 2194 1704; x_wconf 91' lang='lat' dir='ltr'><strong>P.</strong></span> <span class='ocrx_word' id='word_1_182' title='bbox 2233 1643 2466 1705; x_wconf 85' lang='lat' dir='ltr'><strong>Molina</strong></span> <span class='ocrx_word' id='word_1_183' title='bbox 2487 1644 2549 1704; x_wconf 93' lang='lat' dir='ltr'><strong>d.</strong></span> <span class='ocrx_word' id='word_1_184' title='bbox 2584 1643 2746 1723; x_wconf 85' lang='lat' dir='ltr'><strong>disp.</strong></span> <span class='ocrx_word' id='word_1_185' title='bbox 2779 1646 2921 1705; x_wconf 71' lang='lat'><strong>674.</strong></span> <span class='ocrx_word' id='word_1_186' title='bbox 2960 1660 3068 1705; x_wconf 91' lang='lat' dir='ltr'><strong>nu.</strong></span> <span class='ocrx_word' id='word_1_187' title='bbox 3099 1645 3160 1703; x_wconf 82' lang='grc'><strong>6.</strong></span> <span class='ocrx_word' id='word_1_188' title='bbox 3194 1646 3258 1703; x_wconf 86' lang='lat' dir='ltr'><strong>et</strong></span> <span class='ocrx_word' id='word_1_189' title='bbox 3285 1661 3349 1703; x_wconf 79' lang='lat' dir='ltr'><strong>n.</strong></span> <span class='ocrx_word' id='word_1_190' title='bbox 3379 1645 3439 1704; x_wconf 81' lang='lat'><strong>9.</strong></span> 
     </span>
     <span class='ocr_line' id='line_1_15' title="bbox 270 1738 2281 1821; baseline -0.001 -20"><span class='ocrx_word' id='word_1_191' title='bbox 270 1741 642 1821; x_wconf 80' lang='lat' dir='ltr'><strong>pensatione</strong></span> <span class='ocrx_word' id='word_1_192' title='bbox 690 1740 777 1802; x_wconf 88' lang='lat' dir='ltr'><strong>uti</strong></span> <span class='ocrx_word' id='word_1_193' title='bbox 827 1742 1080 1821; x_wconf 75' lang='lat' dir='ltr'><strong>poteris.</strong></span> <span class='ocrx_word' id='word_1_194' title='bbox 1142 1743 1209 1803; x_wconf 93' lang='lat' dir='ltr'><strong>In</strong></span> <span class='ocrx_word' id='word_1_195' title='bbox 1267 1741 1540 1801; x_wconf 89' lang='lat' dir='ltr'><strong>secundo</strong></span> <span class='ocrx_word' id='word_1_196' title='bbox 1598 1745 1809 1800; x_wconf 87' lang='lat' dir='ltr'><strong>autem</strong></span> <span class='ocrx_word' id='word_1_197' title='bbox 1907 1738 2185 1800; x_wconf 68' lang='lat' dir='ltr'><strong>concluS.</strong></span> <span class='ocrx_word' id='word_1_198' title='bbox 2221 1740 2281 1798; x_wconf 82' lang='lat'><strong>5.</strong></span> 
     </span>
    </p>

    <p class='ocr_par' dir='ltr' id='par_1_4' title="bbox 265 1828 3665 3033">
     <span class='ocr_line' id='line_1_16' title="bbox 270 1828 3665 1914; baseline -0.003 -18"><span class='ocrx_word' id='word_1_199' title='bbox 270 1853 421 1896; x_wconf 83' lang='lat' dir='ltr'><strong>casu</strong></span> <span class='ocrx_word' id='word_1_200' title='bbox 453 1853 581 1896; x_wconf 91' lang='lat' dir='ltr'><strong>non</strong></span> <span class='ocrx_word' id='word_1_201' title='bbox 611 1839 707 1896; x_wconf 85' lang='lat' dir='ltr'><strong>est</strong></span> <span class='ocrx_word' id='word_1_202' title='bbox 732 1835 905 1896; x_wconf 87' lang='lat' dir='ltr'><strong>locus</strong></span> <span class='ocrx_word' id='word_1_203' title='bbox 952 1834 1474 1914; x_wconf 80' lang='lat' dir='ltr'><strong>compensationi,</strong></span> <span class='ocrx_word' id='word_1_204' title='bbox 1526 1834 1673 1913; x_wconf 87' lang='lat' dir='ltr'><strong>quia</strong></span> <span class='ocrx_word' id='word_1_205' title='bbox 1700 1853 1810 1894; x_wconf 85' lang='lat' dir='ltr'><strong>rex</strong></span> <span class='ocrx_word' id='word_1_206' title='bbox 1989 1830 2284 1892; x_wconf 86' lang='lat' dir='ltr'><strong>Limitant</strong></span> <span class='ocrx_word' id='word_1_207' title='bbox 2349 1828 2769 1891; x_wconf 87' lang='lat' dir='ltr'><strong>communiter</strong></span> <span class='ocrx_word' id='word_1_208' title='bbox 2836 1829 2999 1889; x_wconf 85' lang='lat' dir='ltr'><strong>hanc</strong></span> <span class='ocrx_word' id='word_1_209' title='bbox 3066 1828 3445 1890; x_wconf 79' lang='lat' dir='ltr'><strong>sententiam</strong></span> <span class='ocrx_word' id='word_1_210' title='bbox 3590 1834 3665 1893; x_wconf 80' lang='lat'><strong>87</strong></span> 
     </span>
     <span class='ocr_line' id='line_1_17' title="bbox 272 1920 3444 2008; baseline -0.003 -19"><span class='ocrx_word' id='word_1_211' title='bbox 272 1928 453 2008; x_wconf 89' lang='lat' dir='ltr'><strong>cujus</strong></span> <span class='ocrx_word' id='word_1_212' title='bbox 486 1927 858 1989; x_wconf 86' lang='lat' dir='ltr'><strong>auctoritate</strong></span> <span class='ocrx_word' id='word_1_213' title='bbox 887 1928 1200 1988; x_wconf 90' lang='lat' dir='ltr'><strong>secundus</strong></span> <span class='ocrx_word' id='word_1_214' title='bbox 1247 1928 1433 2007; x_wconf 86' lang='lat' dir='ltr'><strong>petit,</strong></span> <span class='ocrx_word' id='word_1_215' title='bbox 1496 1927 1647 1987; x_wconf 84' lang='lat' dir='ltr'><strong>nihil</strong></span> <span class='ocrx_word' id='word_1_216' title='bbox 1698 1926 1808 1987; x_wconf 85' lang='lat' dir='ltr'><strong>tibi</strong></span> <span class='ocrx_word' id='word_1_217' title='bbox 1906 1922 2190 2002; x_wconf 85' lang='lat' dir='ltr'><strong>praedicti</strong></span> <span class='ocrx_word' id='word_1_218' title='bbox 2222 1927 2547 1998; x_wconf 82' lang='lat' dir='ltr'><strong>auctoreS,</strong></span> <span class='ocrx_word' id='word_1_219' title='bbox 2600 1925 2670 1983; x_wconf 91' lang='lat' dir='ltr'><strong>ut</strong></span> <span class='ocrx_word' id='word_1_220' title='bbox 2710 1922 3033 2000; x_wconf 81' lang='lat' dir='ltr'><strong>praecedat</strong></span> <span class='ocrx_word' id='word_1_221' title='bbox 3075 1921 3155 1982; x_wconf 86' lang='lat' dir='ltr'><strong>de</strong></span> <span class='ocrx_word' id='word_1_222' title='bbox 3195 1920 3444 1982; x_wconf 83' lang='lat' dir='ltr'><strong>tributis</strong></span> 
     </span>
     <span class='ocr_line' id='line_1_18' title="bbox 272 2014 3443 2099; baseline -0.003 -17"><span class='ocrx_word' id='word_1_223' title='bbox 272 2021 550 2097; x_wconf 84' lang='lat' dir='ltr'><strong>abstulit,</strong></span> <span class='ocrx_word' id='word_1_224' title='bbox 586 2038 701 2080; x_wconf 88' lang='lat' dir='ltr'><strong>nec</strong></span> <span class='ocrx_word' id='word_1_225' title='bbox 729 2020 784 2080; x_wconf 90' lang='lat' dir='ltr'><strong>ei</strong></span> <span class='ocrx_word' id='word_1_226' title='bbox 801 2020 1036 2081; x_wconf 86' lang='lat' dir='ltr'><strong>solvisti</strong></span> <span class='ocrx_word' id='word_1_227' title='bbox 1059 2020 1329 2099; x_wconf 89' lang='lat' dir='ltr'><strong>primum</strong></span> <span class='ocrx_word' id='word_1_228' title='bbox 1348 2020 1672 2095; x_wconf 88' lang='lat' dir='ltr'><strong>tributum,</strong></span> <span class='ocrx_word' id='word_1_229' title='bbox 1697 2019 1809 2079; x_wconf 88' lang='lat' dir='ltr'><strong>sed</strong></span> <span class='ocrx_word' id='word_1_230' title='bbox 1906 2016 2085 2076; x_wconf 89' lang='lat' dir='ltr'><strong>novis</strong></span> <span class='ocrx_word' id='word_1_231' title='bbox 2099 2032 2366 2095; x_wconf 86' lang='lat' dir='ltr'><strong>quorum</strong></span> <span class='ocrx_word' id='word_1_232' title='bbox 2387 2032 2592 2074; x_wconf 63' lang='lat' dir='ltr'><strong>causas</strong></span> <span class='ocrx_word' id='word_1_233' title='bbox 2624 2014 2870 2076; x_wconf 90' lang='lat' dir='ltr'><strong>initium</strong></span> <span class='ocrx_word' id='word_1_234' title='bbox 2898 2015 3113 2091; x_wconf 85' lang='lat' dir='ltr'><strong>scitur,</strong></span> <span class='ocrx_word' id='word_1_235' title='bbox 3140 2032 3265 2075; x_wconf 90' lang='lat' dir='ltr'><strong>non</strong></span> <span class='ocrx_word' id='word_1_236' title='bbox 3294 2029 3443 2074; x_wconf 84' lang='lat' dir='ltr'><strong>vero</strong></span> 
     </span>
     <span class='ocr_line' id='line_1_19' title="bbox 270 2106 3438 2193; baseline -0.002 -19"><span class='ocrx_word' id='word_1_237' title='bbox 270 2114 617 2193; x_wconf 84' lang='lat' dir='ltr'><strong>gabellario</strong></span> <span class='ocrx_word' id='word_1_238' title='bbox 674 2114 1044 2175; x_wconf 88' lang='lat' dir='ltr'><strong>auctoritate</strong></span> <span class='ocrx_word' id='word_1_239' title='bbox 1094 2114 1337 2192; x_wconf 84' lang='lat' dir='ltr'><strong>privata</strong></span> <span class='ocrx_word' id='word_1_240' title='bbox 1381 2118 1442 2175; x_wconf 88' lang='lat' dir='ltr'><strong>ct</strong></span> <span class='ocrx_word' id='word_1_241' title='bbox 1482 2132 1605 2173; x_wconf 91' lang='lat' dir='ltr'><strong>non</strong></span> <span class='ocrx_word' id='word_1_242' title='bbox 1635 2113 1808 2192; x_wconf 87' lang='lat' dir='ltr'><strong>regio</strong></span> <span class='ocrx_word' id='word_1_243' title='bbox 1908 2108 1987 2169; x_wconf 92' lang='lat' dir='ltr'><strong>de</strong></span> <span class='ocrx_word' id='word_1_244' title='bbox 2015 2106 2290 2188; x_wconf 81' lang='lat' dir='ltr'><strong>antiquis</strong></span> <span class='ocrx_word' id='word_1_245' title='bbox 2320 2122 2586 2185; x_wconf 88' lang='lat' dir='ltr'><strong>quorum</strong></span> <span class='ocrx_word' id='word_1_246' title='bbox 2627 2107 2791 2168; x_wconf 90' lang='lat' dir='ltr'><strong>initii</strong></span> <span class='ocrx_word' id='word_1_247' title='bbox 2827 2108 3131 2169; x_wconf 86' lang='lat' dir='ltr'><strong>memoria</strong></span> <span class='ocrx_word' id='word_1_248' title='bbox 3169 2125 3293 2167; x_wconf 90' lang='lat' dir='ltr'><strong>non</strong></span> <span class='ocrx_word' id='word_1_249' title='bbox 3324 2110 3438 2167; x_wconf 87' lang='lat' dir='ltr'><strong>est.</strong></span> 
     </span>
     <span class='ocr_line' id='line_1_20' title="bbox 269 2200 3447 2287; baseline -0.003 -19"><span class='ocrx_word' id='word_1_250' title='bbox 269 2208 573 2268; x_wconf 86' lang='lat' dir='ltr'><strong>mandato</strong></span> <span class='ocrx_word' id='word_1_251' title='bbox 605 2207 876 2286; x_wconf 88' lang='lat' dir='ltr'><strong>petenti;</strong></span> <span class='ocrx_word' id='word_1_252' title='bbox 913 2226 1106 2287; x_wconf 77' lang='lat' dir='ltr'><strong>quare</strong></span> <span class='ocrx_word' id='word_1_253' title='bbox 1127 2208 1259 2286; x_wconf 85' lang='lat' dir='ltr'><strong>ipse</strong></span> <span class='ocrx_word' id='word_1_254' title='bbox 1287 2208 1456 2268; x_wconf 88' lang='lat' dir='ltr'><strong>solus</strong></span> <span class='ocrx_word' id='word_1_255' title='bbox 1474 2213 1533 2268; x_wconf 89' lang='lat' dir='ltr'><strong>et</strong></span> <span class='ocrx_word' id='word_1_256' title='bbox 1553 2226 1677 2268; x_wconf 92' lang='lat' dir='ltr'><strong>non</strong></span> <span class='ocrx_word' id='word_1_257' title='bbox 1701 2225 1811 2266; x_wconf 81' lang='lat' dir='ltr'><strong>rex</strong></span> <span class='ocrx_word' id='word_1_258' title='bbox 1909 2201 2087 2262; x_wconf 85' lang='lat' dir='ltr'><strong>Ratio</strong></span> <span class='ocrx_word' id='word_1_259' title='bbox 2120 2206 2331 2261; x_wconf 84' lang='lat' dir='ltr'><strong>autem</strong></span> <span class='ocrx_word' id='word_1_260' title='bbox 2352 2218 2487 2260; x_wconf 83' lang='lat' dir='ltr'><strong>esse</strong></span> <span class='ocrx_word' id='word_1_261' title='bbox 2508 2204 2735 2279; x_wconf 88' lang='lat' dir='ltr'><strong>potest,</strong></span> <span class='ocrx_word' id='word_1_262' title='bbox 2762 2201 2928 2280; x_wconf 88' lang='lat' dir='ltr'><strong>quod</strong></span> <span class='ocrx_word' id='word_1_263' title='bbox 2949 2200 3013 2260; x_wconf 89' lang='lat' dir='ltr'><strong>in</strong></span> <span class='ocrx_word' id='word_1_264' title='bbox 3041 2201 3121 2260; x_wconf 88' lang='lat' dir='ltr'><strong>iis</strong></span> <span class='ocrx_word' id='word_1_265' title='bbox 3141 2218 3447 2281; x_wconf 81' lang='lat' dir='ltr'><strong>praesum-</strong></span> 
     </span>
     <span class='ocr_line' id='line_1_21' title="bbox 270 2292 3443 2379; baseline -0.003 -18"><span class='ocrx_word' id='word_1_266' title='bbox 270 2300 466 2361; x_wconf 84' lang='lat' dir='ltr'><strong>dehet</strong></span> <span class='ocrx_word' id='word_1_267' title='bbox 493 2300 645 2360; x_wconf 85' lang='lat' dir='ltr'><strong>illud</strong></span> <span class='ocrx_word' id='word_1_268' title='bbox 678 2300 979 2374; x_wconf 84' lang='lat' dir='ltr'><strong>reddere,</strong></span> <span class='ocrx_word' id='word_1_269' title='bbox 1018 2300 1182 2363; x_wconf 87' lang='lat' dir='ltr'><strong>sicut</strong></span> <span class='ocrx_word' id='word_1_270' title='bbox 1206 2301 1256 2360; x_wconf 88' lang='lat' dir='ltr'><strong>si</strong></span> <span class='ocrx_word' id='word_1_271' title='bbox 1286 2301 1388 2361; x_wconf 89' lang='lat' dir='ltr'><strong>fur</strong></span> <span class='ocrx_word' id='word_1_272' title='bbox 1416 2301 1714 2361; x_wconf 85' lang='lat' dir='ltr'><strong>simulans</strong></span> <span class='ocrx_word' id='word_1_273' title='bbox 1744 2319 1809 2361; x_wconf 88' lang='lat' dir='ltr'><strong>se</strong></span> <span class='ocrx_word' id='word_1_274' title='bbox 1882 2376 1884 2379; x_wconf 16' lang='grc' dir='ltr'>Ι</span> <span class='ocrx_word' id='word_1_275' title='bbox 1906 2293 2036 2372; x_wconf 87' lang='lat' dir='ltr'><strong>ptio</strong></span> <span class='ocrx_word' id='word_1_276' title='bbox 2083 2292 2166 2355; x_wconf 86' lang='lat' dir='ltr'><strong>sit</strong></span> <span class='ocrx_word' id='word_1_277' title='bbox 2210 2311 2323 2371; x_wconf 90' lang='lat' dir='ltr'><strong>pro</strong></span> <span class='ocrx_word' id='word_1_278' title='bbox 2368 2292 2547 2353; x_wconf 84' lang='lat' dir='ltr'><strong>titulo</strong></span> <span class='ocrx_word' id='word_1_279' title='bbox 2596 2296 2658 2353; x_wconf 88' lang='lat' dir='ltr'><strong>et</strong></span> <span class='ocrx_word' id='word_1_280' title='bbox 2697 2293 3169 2372; x_wconf 64' lang='lat' dir='ltr'><strong>praescriptione</strong></span> <span class='ocrx_word' id='word_1_281' title='bbox 3213 2310 3443 2372; x_wconf 71' lang='lat' dir='ltr'><strong>praece-</strong></span> 
     </span>
     <span class='ocr_line' id='line_1_22' title="bbox 269 2384 3440 2473; baseline -0.003 -18"><span class='ocrx_word' id='word_1_282' title='bbox 269 2412 410 2455; x_wconf 89' lang='lat' dir='ltr'><strong>esse</strong></span> <span class='ocrx_word' id='word_1_283' title='bbox 438 2392 792 2455; x_wconf 85' lang='lat' dir='ltr'><strong>ministrum</strong></span> <span class='ocrx_word' id='word_1_284' title='bbox 822 2393 1168 2470; x_wconf 73' lang='lat' dir='ltr'><strong>creditoriS,</strong></span> <span class='ocrx_word' id='word_1_285' title='bbox 1204 2399 1446 2473; x_wconf 88' lang='lat' dir='ltr'><strong>peteret</strong></span> <span class='ocrx_word' id='word_1_286' title='bbox 1476 2413 1512 2453; x_wconf 93' lang='lat' dir='ltr'><strong>a</strong></span> <span class='ocrx_word' id='word_1_287' title='bbox 1541 2400 1601 2455; x_wconf 88' lang='lat' dir='ltr'><strong>te</strong></span> <span class='ocrx_word' id='word_1_288' title='bbox 1631 2392 1812 2453; x_wconf 87' lang='lat' dir='ltr'><strong>debi-</strong></span> <span class='ocrx_word' id='word_1_289' title='bbox 1908 2387 2118 2448; x_wconf 88' lang='lat' dir='ltr'><strong>dente.</strong></span> <span class='ocrx_word' id='word_1_290' title='bbox 2154 2388 2358 2458; x_wconf 84' lang='lat' dir='ltr'><strong>Quare</strong></span> <span class='ocrx_word' id='word_1_291' title='bbox 2388 2384 2524 2445; x_wconf 84' lang='lat' dir='ltr'><strong>haec</strong></span> <span class='ocrx_word' id='word_1_292' title='bbox 2550 2403 2675 2445; x_wconf 91' lang='lat' dir='ltr'><strong>non</strong></span> <span class='ocrx_word' id='word_1_293' title='bbox 2707 2390 2802 2447; x_wconf 85' lang='lat' dir='ltr'><strong>est</strong></span> <span class='ocrx_word' id='word_1_294' title='bbox 2828 2386 3080 2465; x_wconf 87' lang='lat' dir='ltr'><strong>proprie</strong></span> <span class='ocrx_word' id='word_1_295' title='bbox 3127 2385 3440 2462; x_wconf 77' lang='lat' dir='ltr'><strong>limitatio,</strong></span> 
     </span>
     <span class='ocr_line' id='line_1_23' title="bbox 267 2477 3511 2565; baseline -0.003 -18"><span class='ocrx_word' id='word_1_296' title='bbox 267 2491 429 2562; x_wconf 87' lang='lat' dir='ltr'><strong>tum,</strong></span> <span class='ocrx_word' id='word_1_297' title='bbox 464 2490 531 2546; x_wconf 89' lang='lat' dir='ltr'><strong>et</strong></span> <span class='ocrx_word' id='word_1_298' title='bbox 554 2489 620 2546; x_wconf 89' lang='lat' dir='ltr'><strong>tu</strong></span> <span class='ocrx_word' id='word_1_299' title='bbox 648 2505 761 2565; x_wconf 90' lang='lat' dir='ltr'><strong>per</strong></span> <span class='ocrx_word' id='word_1_300' title='bbox 788 2504 1065 2546; x_wconf 86' lang='lat' dir='ltr'><strong>errorem</strong></span> <span class='ocrx_word' id='word_1_301' title='bbox 1097 2487 1179 2547; x_wconf 90' lang='lat' dir='ltr'><strong>illi</strong></span> <span class='ocrx_word' id='word_1_302' title='bbox 1211 2488 1416 2562; x_wconf 90' lang='lat' dir='ltr'><strong>dares,</strong></span> <span class='ocrx_word' id='word_1_303' title='bbox 1443 2493 1505 2549; x_wconf 91' lang='lat' dir='ltr'><strong>et</strong></span> <span class='ocrx_word' id='word_1_304' title='bbox 1524 2506 1648 2547; x_wconf 92' lang='lat' dir='ltr'><strong>non</strong></span> <span class='ocrx_word' id='word_1_305' title='bbox 1668 2487 1808 2547; x_wconf 89' lang='lat' dir='ltr'><strong>ideo</strong></span> <span class='ocrx_word' id='word_1_306' title='bbox 1907 2499 2051 2540; x_wconf 88' lang='lat' dir='ltr'><strong>cum</strong></span> <span class='ocrx_word' id='word_1_307' title='bbox 2107 2479 2514 2558; x_wconf 61' lang='lat' dir='ltr'><strong>praesumptio</strong></span> <span class='ocrx_word' id='word_1_308' title='bbox 2570 2477 2677 2538; x_wconf 87' lang='lat' dir='ltr'><strong>illa</strong></span> <span class='ocrx_word' id='word_1_309' title='bbox 2732 2480 2953 2540; x_wconf 76' lang='lat' dir='ltr'><strong>afferat</strong></span> <span class='ocrx_word' id='word_1_310' title='bbox 3002 2482 3445 2558; x_wconf 81' lang='lat' dir='ltr'><strong>argumentum</strong></span> <span class='ocrx_word' id='word_1_311' title='bbox 3508 2514 3511 2517; x_wconf 26' lang='grc' dir='ltr'><strong><em>ι</em></strong></span> 
     </span>
     <span class='ocr_line' id='line_1_24' title="bbox 268 2570 3446 2660; baseline -0.001 -21"><span class='ocrx_word' id='word_1_312' title='bbox 268 2579 674 2640; x_wconf 85' lang='lat' dir='ltr'><strong>excusaberis</strong></span> <span class='ocrx_word' id='word_1_313' title='bbox 700 2598 740 2640; x_wconf 89' lang='lat' dir='ltr'><strong>a</strong></span> <span class='ocrx_word' id='word_1_314' title='bbox 767 2581 1064 2641; x_wconf 80' lang='lat' dir='ltr'><strong>solvendo</strong></span> <span class='ocrx_word' id='word_1_315' title='bbox 1093 2598 1243 2641; x_wconf 78' lang='lat' dir='ltr'><strong>vero</strong></span> <span class='ocrx_word' id='word_1_316' title='bbox 1275 2581 1588 2657; x_wconf 86' lang='lat' dir='ltr'><strong>creditori,</strong></span> <span class='ocrx_word' id='word_1_317' title='bbox 1611 2600 1810 2660; x_wconf 89' lang='lat' dir='ltr'><strong>quan-</strong></span> <span class='ocrx_word' id='word_1_318' title='bbox 1906 2572 2231 2652; x_wconf 76' lang='lat' dir='ltr'><strong>probabile</strong></span> <span class='ocrx_word' id='word_1_319' title='bbox 2261 2576 2323 2633; x_wconf 71' lang='lat' dir='ltr'><strong>et</strong></span> <span class='ocrx_word' id='word_1_320' title='bbox 2353 2589 2653 2649; x_wconf 70' lang='lat' dir='ltr'><strong>magnum</strong></span> <span class='ocrx_word' id='word_1_321' title='bbox 2683 2589 2794 2650; x_wconf 84' lang='lat' dir='ltr'><strong>pro</strong></span> <span class='ocrx_word' id='word_1_322' title='bbox 2814 2570 3057 2650; x_wconf 72' lang='lat' dir='ltr'><strong>justitia</strong></span> <span class='ocrx_word' id='word_1_323' title='bbox 3084 2572 3322 2647; x_wconf 68' lang='lat' dir='ltr'><strong>tributi,</strong></span> <span class='ocrx_word' id='word_1_324' title='bbox 3356 2575 3446 2633; x_wconf 75' lang='lat' dir='ltr'><strong>at-</strong></span> 
     </span>
     <span class='ocr_line' id='line_1_25' title="bbox 268 2663 3447 2754; baseline -0.003 -21"><span class='ocrx_word' id='word_1_325' title='bbox 268 2674 350 2734; x_wconf 90' lang='lat' dir='ltr'><strong>do</strong></span> <span class='ocrx_word' id='word_1_326' title='bbox 381 2673 517 2753; x_wconf 90' lang='lat' dir='ltr'><strong>ipse</strong></span> <span class='ocrx_word' id='word_1_327' title='bbox 545 2692 660 2752; x_wconf 87' lang='lat' dir='ltr'><strong>per</strong></span> <span class='ocrx_word' id='word_1_328' title='bbox 687 2692 755 2733; x_wconf 88' lang='lat' dir='ltr'><strong>se</strong></span> <span class='ocrx_word' id='word_1_329' title='bbox 781 2674 878 2733; x_wconf 82' lang='lat' dir='ltr'><strong>vel</strong></span> <span class='ocrx_word' id='word_1_330' title='bbox 930 2693 1042 2752; x_wconf 86' lang='lat' dir='ltr'><strong>per</strong></span> <span class='ocrx_word' id='word_1_331' title='bbox 1085 2675 1408 2754; x_wconf 85' lang='lat' dir='ltr'><strong>proprium</strong></span> <span class='ocrx_word' id='word_1_332' title='bbox 1456 2674 1810 2735; x_wconf 87' lang='lat' dir='ltr'><strong>ministrum</strong></span> <span class='ocrx_word' id='word_1_333' title='bbox 1906 2684 2028 2746; x_wconf 88' lang='lat' dir='ltr'><strong>qne</strong></span> <span class='ocrx_word' id='word_1_334' title='bbox 2056 2666 2198 2725; x_wconf 89' lang='lat' dir='ltr'><strong>ideo</strong></span> <span class='ocrx_word' id='word_1_335' title='bbox 2227 2663 2356 2743; x_wconf 84' lang='lat' dir='ltr'><strong>jam</strong></span> <span class='ocrx_word' id='word_1_336' title='bbox 2386 2682 2511 2725; x_wconf 92' lang='lat' dir='ltr'><strong>non</strong></span> <span class='ocrx_word' id='word_1_337' title='bbox 2541 2664 2821 2725; x_wconf 86' lang='lat' dir='ltr'><strong>manebit</strong></span> <span class='ocrx_word' id='word_1_338' title='bbox 2865 2664 3127 2725; x_wconf 86' lang='lat' dir='ltr'><strong>dubium</strong></span> <span class='ocrx_word' id='word_1_339' title='bbox 3156 2682 3328 2725; x_wconf 89' lang='lat' dir='ltr'><strong>mere</strong></span> <span class='ocrx_word' id='word_1_340' title='bbox 3342 2683 3447 2725; x_wconf 91' lang='lat' dir='ltr'><strong>ne-</strong></span> 
     </span>
     <span class='ocr_line' id='line_1_26' title="bbox 267 2756 3446 2845; baseline -0.002 -18"><span class='ocrx_word' id='word_1_341' title='bbox 267 2766 557 2827; x_wconf 88' lang='lat' dir='ltr'><strong>debitum</strong></span> <span class='ocrx_word' id='word_1_342' title='bbox 588 2770 846 2845; x_wconf 88' lang='lat' dir='ltr'><strong>repetet.</strong></span> <span class='ocrx_word' id='word_1_343' title='bbox 883 2766 984 2827; x_wconf 88' lang='lat' dir='ltr'><strong>Sic</strong></span> <span class='ocrx_word' id='word_1_344' title='bbox 1026 2767 1088 2827; x_wconf 91' lang='lat' dir='ltr'><strong>in</strong></span> <span class='ocrx_word' id='word_1_345' title='bbox 1136 2786 1281 2828; x_wconf 87' lang='lat' dir='ltr'><strong>casu</strong></span> <span class='ocrx_word' id='word_1_346' title='bbox 1312 2774 1521 2829; x_wconf 83' lang='lat' dir='ltr'><strong>nostro</strong></span> <span class='ocrx_word' id='word_1_347' title='bbox 1555 2788 1676 2828; x_wconf 92' lang='lat' dir='ltr'><strong>non</strong></span> <span class='ocrx_word' id='word_1_348' title='bbox 1709 2788 1810 2828; x_wconf 82' lang='lat' dir='ltr'><strong>ex·</strong></span> <span class='ocrx_word' id='word_1_349' title='bbox 1905 2759 2228 2838; x_wconf 73' lang='lat' dir='ltr'><strong>gutivum,</strong></span> <span class='ocrx_word' id='word_1_350' title='bbox 2276 2756 2353 2818; x_wconf 83' lang='lat' dir='ltr'><strong>de</strong></span> <span class='ocrx_word' id='word_1_351' title='bbox 2380 2775 2503 2836; x_wconf 82' lang='lat' dir='ltr'><strong>quo</strong></span> <span class='ocrx_word' id='word_1_352' title='bbox 2548 2756 2983 2835; x_wconf 76' lang='lat' dir='ltr'><strong>loquebamur·</strong></span> <span class='ocrx_word' id='word_1_353' title='bbox 3016 2756 3209 2817; x_wconf 82' lang='lat' dir='ltr'><strong>Addit</strong></span> <span class='ocrx_word' id='word_1_354' title='bbox 3234 2760 3446 2818; x_wconf 67' lang='lat' dir='ltr'><strong>tamen</strong></span> 
     </span>
     <span class='ocr_line' id='line_1_27' title="bbox 265 2849 3445 2941; baseline -0.001 -20"><span class='ocrx_word' id='word_1_355' title='bbox 265 2859 514 2921; x_wconf 87' lang='lat' dir='ltr'><strong>cusaris</strong></span> <span class='ocrx_word' id='word_1_356' title='bbox 541 2878 581 2920; x_wconf 85' lang='lat' dir='ltr'><strong>a</strong></span> <span class='ocrx_word' id='word_1_357' title='bbox 607 2860 908 2920; x_wconf 86' lang='lat' dir='ltr'><strong>solvendo</strong></span> <span class='ocrx_word' id='word_1_358' title='bbox 939 2860 1173 2922; x_wconf 84' lang='lat' dir='ltr'><strong>tributo</strong></span> <span class='ocrx_word' id='word_1_359' title='bbox 1195 2909 1210 2937; x_wconf 94' lang='lat'><strong>,</strong></span> <span class='ocrx_word' id='word_1_360' title='bbox 1246 2862 1499 2941; x_wconf 85' lang='lat' dir='ltr'><strong>quando</strong></span> <span class='ocrx_word' id='word_1_361' title='bbox 1531 2862 1808 2940; x_wconf 85' lang='lat' dir='ltr'><strong>legitime</strong></span> <span class='ocrx_word' id='word_1_362' title='bbox 1905 2852 2137 2914; x_wconf 70' lang='grc' dir='ltr'><strong>ΜΟῙῙΜ</strong></span> <span class='ocrx_word' id='word_1_363' title='bbox 2168 2850 2333 2911; x_wconf 62' lang='lat' dir='ltr'><strong>(licto</strong></span> <span class='ocrx_word' id='word_1_364' title='bbox 2366 2869 2471 2910; x_wconf 74' lang='lat'>1¹1¹·</span> <span class='ocrx_word' id='word_1_365' title='bbox 2514 2852 2574 2910; x_wconf 77' lang='grc'><strong>6·</strong></span> <span class='ocrx_word' id='word_1_366' title='bbox 2609 2849 2798 2910; x_wconf 68' lang='lat' dir='ltr'><strong>etiam</strong></span> <span class='ocrx_word' id='word_1_367' title='bbox 2828 2849 3037 2930; x_wconf 70' lang='lat' dir='ltr'><strong>quoad</strong></span> <span class='ocrx_word' id='word_1_368' title='bbox 3066 2849 3301 2912; x_wconf 65' lang='lat' dir='ltr'><strong>¹ributa</strong></span> <span class='ocrx_word' id='word_1_369' title='bbox 3330 2867 3445 2910; x_wconf 74' lang='lat'><strong>811·</strong></span> 
     </span>
     <span class='ocr_line' id='line_1_28' title="bbox 266 2942 3440 3033; baseline -0.002 -19"><span class='ocrx_word' id='word_1_370' title='bbox 266 2953 529 3033; x_wconf 89' lang='lat' dir='ltr'><strong>petitur,</strong></span> <span class='ocrx_word' id='word_1_371' title='bbox 569 2956 629 3013; x_wconf 88' lang='lat' dir='ltr'><strong>et</strong></span> <span class='ocrx_word' id='word_1_372' title='bbox 657 2953 824 3032; x_wconf 88' lang='lat' dir='ltr'><strong>quod</strong></span> <span class='ocrx_word' id='word_1_373' title='bbox 857 2953 1024 3013; x_wconf 88' lang='lat' dir='ltr'><strong>aliud</strong></span> <span class='ocrx_word' id='word_1_374' title='bbox 1058 2973 1180 3015; x_wconf 92' lang='lat' dir='ltr'><strong>non</strong></span> <span class='ocrx_word' id='word_1_375' title='bbox 1212 2953 1487 3033; x_wconf 87' lang='lat' dir='ltr'><strong>legitime</strong></span> <span class='ocrx_word' id='word_1_376' title='bbox 1511 2974 1625 3015; x_wconf 87' lang='lat' dir='ltr'><strong>nec</strong></span> <span class='ocrx_word' id='word_1_377' title='bbox 1645 2956 1809 3033; x_wconf 85' lang='lat' dir='ltr'><strong>regis</strong></span> <span class='ocrx_word' id='word_1_378' title='bbox 1904 2945 2082 3023; x_wconf 66' lang='lat' dir='ltr'><strong>tiquo</strong></span> <span class='ocrx_word' id='word_1_379' title='bbox 2109 2943 2394 3021; x_wconf 66' lang='lat' dir='ltr'><strong>regulam</strong></span> <span class='ocrx_word' id='word_1_380' title='bbox 2425 2943 2591 3002; x_wconf 70' lang='lat' dir='ltr'><strong>illam</strong></span> <span class='ocrx_word' id='word_1_381' title='bbox 2625 2960 2746 3002; x_wconf 83' lang='lat' dir='ltr'><strong>non</strong></span> <span class='ocrx_word' id='word_1_382' title='bbox 2794 2961 2930 3003; x_wconf 77' lang='lat' dir='ltr'><strong>esse</strong></span> <span class='ocrx_word' id='word_1_383' title='bbox 2977 2942 3396 3003; x_wconf 74' lang='lat' dir='ltr'><strong>universalem</strong></span> <span class='ocrx_word' id='word_1_384' title='bbox 3426 2962 3440 3004; x_wconf 70' lang='grc' dir='ltr'>ε</span> 
     </span>
    </p>
   </div>
   <div class='ocr_carea' id='block_1_3' title="bbox 255 3035 3446 3221">
    <p class='ocr_par' dir='ltr' id='par_1_5' title="bbox 255 3035 3446 3221">
     <span class='ocr_line' id='line_1_29' title="bbox 255 3035 3440 3126; baseline -0.002 -19"><span class='ocrx_word' id='word_1_385' title='bbox 255 3048 445 3126; x_wconf 84' lang='lat' dir='ltr'><strong>jussu</strong></span> <span class='ocrx_word' id='word_1_386' title='bbox 476 3045 760 3124; x_wconf 86' lang='lat' dir='ltr'><strong>petitum,</strong></span> <span class='ocrx_word' id='word_1_387' title='bbox 794 3046 1041 3106; x_wconf 85' lang='lat' dir='ltr'><strong>dederis</strong></span> <span class='ocrx_word' id='word_1_388' title='bbox 1069 3065 1301 3126; x_wconf 87' lang='lat' dir='ltr'><strong>errore,</strong></span> <span class='ocrx_word' id='word_1_389' title='bbox 1337 3048 1435 3108; x_wconf 89' lang='lat' dir='ltr'><strong>vel</strong></span> <span class='ocrx_word' id='word_1_390' title='bbox 1467 3046 1526 3108; x_wconf 84' lang='lat' dir='ltr'><strong>vi</strong></span> <span class='ocrx_word' id='word_1_391' title='bbox 1557 3051 1809 3109; x_wconf 85' lang='lat' dir='ltr'><strong>coactus</strong></span> <span class='ocrx_word' id='word_1_392' title='bbox 1907 3056 2030 3098; x_wconf 80' lang='lat' dir='ltr'><strong>non</strong></span> <span class='ocrx_word' id='word_1_393' title='bbox 2062 3036 2227 3096; x_wconf 72' lang='lat' dir='ltr'><strong>enim</strong></span> <span class='ocrx_word' id='word_1_394' title='bbox 2260 3035 2487 3115; x_wconf 74' lang='lat' dir='ltr'><strong>probat</strong></span> <span class='ocrx_word' id='word_1_395' title='bbox 2515 3035 2963 3113; x_wconf 73' lang='lat' dir='ltr'><strong>obligationem</strong></span> <span class='ocrx_word' id='word_1_396' title='bbox 3002 3035 3284 3096; x_wconf 74' lang='lat' dir='ltr'><strong>solvendi</strong></span> <span class='ocrx_word' id='word_1_397' title='bbox 3314 3036 3440 3112; x_wconf 76' lang='lat' dir='ltr'><strong>illa,</strong></span> 
     </span>
     <span class='ocr_line' id='line_1_30' title="bbox 263 3128 3446 3221; baseline -0.003 -21"><span class='ocrx_word' id='word_1_398' title='bbox 263 3138 474 3221; x_wconf 88' lang='lat' dir='ltr'><strong>primo</strong></span> <span class='ocrx_word' id='word_1_399' title='bbox 504 3138 865 3219; x_wconf 87' lang='lat' dir='ltr'><strong>gabellario.</strong></span> <span class='ocrx_word' id='word_1_400' title='bbox 1907 3130 2161 3211; x_wconf 83' lang='lat' dir='ltr'><strong>quando</strong></span> <span class='ocrx_word' id='word_1_401' title='bbox 2187 3129 2334 3190; x_wconf 88' lang='lat' dir='ltr'><strong>licet</strong></span> <span class='ocrx_word' id='word_1_402' title='bbox 2361 3128 2665 3188; x_wconf 82' lang='lat' dir='ltr'><strong>tributum</strong></span> <span class='ocrx_word' id='word_1_403' title='bbox 2694 3128 2774 3191; x_wconf 89' lang='lat' dir='ltr'><strong>sit</strong></span> <span class='ocrx_word' id='word_1_404' title='bbox 2801 3128 3161 3209; x_wconf 85' lang='lat' dir='ltr'><strong>antiquum,</strong></span> <span class='ocrx_word' id='word_1_405' title='bbox 3195 3147 3446 3210; x_wconf 82' lang='lat' dir='ltr'><strong>semper</strong></span> 
     </span>
    </p>
   </div>
   <div class='ocr_carea' id='block_1_4' title="bbox 88 3222 3790 5635">
    <p class='ocr_par' dir='ltr' id='par_1_6' title="bbox 88 3222 3790 5635">
     <span class='ocr_line' id='line_1_31' title="bbox 1905 3222 3443 3303; baseline -0.001 -17"><span class='ocrx_word' id='word_1_406' title='bbox 1905 3229 2114 3287; x_wconf 84' lang='lat' dir='ltr'><strong>tamen</strong></span> <span class='ocrx_word' id='word_1_407' title='bbox 2146 3223 2264 3284; x_wconf 87' lang='lat' dir='ltr'><strong>fuit</strong></span> <span class='ocrx_word' id='word_1_408' title='bbox 2290 3222 2563 3302; x_wconf 80' lang='lat' dir='ltr'><strong>suscipio</strong></span> <span class='ocrx_word' id='word_1_409' title='bbox 2591 3223 2690 3283; x_wconf 85' lang='lat' dir='ltr'><strong>vel</strong></span> <span class='ocrx_word' id='word_1_410' title='bbox 2737 3223 3167 3284; x_wconf 86' lang='lat' dir='ltr'><strong>controversia</strong></span> <span class='ocrx_word' id='word_1_411' title='bbox 3199 3222 3278 3283; x_wconf 91' lang='lat' dir='ltr'><strong>de</strong></span> <span class='ocrx_word' id='word_1_412' title='bbox 3308 3223 3443 3303; x_wconf 84' lang='lat' dir='ltr'><strong>ejus</strong></span> 
     </span>
     <span class='ocr_line' id='line_1_32' title="bbox 1896 3315 3443 3397; baseline 0 -20"><span class='ocrx_word' id='word_1_413' title='bbox 1896 3316 2165 3397; x_wconf 83' lang='lat' dir='ltr'><strong>justitia,</strong></span> <span class='ocrx_word' id='word_1_414' title='bbox 2196 3316 2296 3376; x_wconf 81' lang='lat' dir='ltr'><strong>vel</strong></span> <span class='ocrx_word' id='word_1_415' title='bbox 2326 3316 2404 3376; x_wconf 91' lang='lat' dir='ltr'><strong>de</strong></span> <span class='ocrx_word' id='word_1_416' title='bbox 2434 3315 2783 3377; x_wconf 87' lang='lat' dir='ltr'><strong>cessatione</strong></span> <span class='ocrx_word' id='word_1_417' title='bbox 2810 3334 3039 3391; x_wconf 78' lang='lat' dir='ltr'><strong>causae,</strong></span> <span class='ocrx_word' id='word_1_418' title='bbox 3077 3319 3141 3376; x_wconf 92' lang='lat' dir='ltr'><strong>et</strong></span> <span class='ocrx_word' id='word_1_419' title='bbox 3168 3316 3289 3377; x_wconf 88' lang='lat' dir='ltr'><strong>hoo</strong></span> <span class='ocrx_word' id='word_1_420' title='bbox 3316 3334 3443 3377; x_wconf 91' lang='lat' dir='ltr'><strong>non</strong></span> 
     </span>
     <span class='ocr_line' id='line_1_33' title="bbox 1903 3408 3441 3472; baseline 0 0"><span class='ocrx_word' id='word_1_421' title='bbox 1903 3411 2147 3472; x_wconf 81' lang='lat' dir='ltr'><strong>levibus</strong></span> <span class='ocrx_word' id='word_1_422' title='bbox 2162 3409 2626 3471; x_wconf 86' lang='lat' dir='ltr'><strong>fuandamentis</strong></span> <span class='ocrx_word' id='word_1_423' title='bbox 2644 3408 2996 3471; x_wconf 82' lang='lat' dir='ltr'><strong>dubitatum</strong></span> <span class='ocrx_word' id='word_1_424' title='bbox 3012 3409 3157 3470; x_wconf 81' lang='lat' dir='ltr'><strong>fuit:</strong></span> <span class='ocrx_word' id='word_1_425' title='bbox 3173 3410 3441 3472; x_wconf 86' lang='lat' dir='ltr'><strong>etmulto</strong></span> 
     </span>
     <span class='ocr_line' id='line_1_34' title="bbox 1904 3500 3441 3583; baseline 0 -19"><span class='ocrx_word' id='word_1_426' title='bbox 1904 3503 2112 3565; x_wconf 89' lang='lat' dir='ltr'><strong>minus</strong></span> <span class='ocrx_word' id='word_1_427' title='bbox 2141 3502 2393 3582; x_wconf 86' lang='lat' dir='ltr'><strong>quando</strong></span> <span class='ocrx_word' id='word_1_428' title='bbox 2423 3520 2674 3580; x_wconf 88' lang='lat' dir='ltr'><strong>semper</strong></span> <span class='ocrx_word' id='word_1_429' title='bbox 2702 3502 2819 3564; x_wconf 79' lang='lat' dir='ltr'><strong>fuit</strong></span> <span class='ocrx_word' id='word_1_430' title='bbox 2839 3500 3262 3564; x_wconf 85' lang='lat' dir='ltr'><strong>existimatum</strong></span> <span class='ocrx_word' id='word_1_431' title='bbox 3281 3503 3441 3583; x_wconf 86' lang='lat' dir='ltr'><strong>inju-</strong></span> 
     </span>
     <span class='ocr_line' id='line_1_35' title="bbox 733 3594 3442 3727; baseline 0 -69"><span class='ocrx_word' id='word_1_432' title='bbox 733 3643 776 3725; x_wconf 69' lang='lat' dir='ltr'>s</span> <span class='ocrx_word' id='word_1_433' title='bbox 809 3644 853 3726; x_wconf 71' lang='lat' dir='ltr'>E</span> <span class='ocrx_word' id='word_1_434' title='bbox 883 3643 931 3726; x_wconf 76' lang='lat' dir='ltr'><strong>c</strong></span> <span class='ocrx_word' id='word_1_435' title='bbox 962 3644 1008 3727; x_wconf 67' lang='lat' dir='ltr'><strong>,r</strong></span> <span class='ocrx_word' id='word_1_436' title='bbox 1043 3643 1074 3726; x_wconf 70' lang='grc' dir='ltr'>Ι</span> <span class='ocrx_word' id='word_1_437' title='bbox 1102 3644 1156 3726; x_wconf 74' lang='lat'>0</span> <span class='ocrx_word' id='word_1_438' title='bbox 1243 3644 1322 3726; x_wconf 68' lang='lat' dir='ltr'><strong>vl</strong></span> <span class='ocrx_word' id='word_1_439' title='bbox 1903 3601 2091 3674; x_wconf 88' lang='lat' dir='ltr'><strong>stum,</strong></span> <span class='ocrx_word' id='word_1_440' title='bbox 2126 3600 2237 3657; x_wconf 86' lang='lat' dir='ltr'><strong>aut</strong></span> <span class='ocrx_word' id='word_1_441' title='bbox 2262 3595 2341 3656; x_wconf 85' lang='lat' dir='ltr'><strong>de</strong></span> <span class='ocrx_word' id='word_1_442' title='bbox 2389 3596 2524 3674; x_wconf 88' lang='lat' dir='ltr'><strong>ejus</strong></span> <span class='ocrx_word' id='word_1_443' title='bbox 2563 3595 2809 3675; x_wconf 84' lang='lat' dir='ltr'><strong>justitia</strong></span> <span class='ocrx_word' id='word_1_444' title='bbox 2856 3613 2985 3656; x_wconf 89' lang='lat' dir='ltr'><strong>non</strong></span> <span class='ocrx_word' id='word_1_445' title='bbox 3010 3594 3201 3657; x_wconf 90' lang='lat' dir='ltr'><strong>debili</strong></span> <span class='ocrx_word' id='word_1_446' title='bbox 3227 3595 3442 3678; x_wconf 86' lang='lat' dir='ltr'><strong>conje-</strong></span> 
     </span>
     <span class='ocr_line' id='line_1_36' title="bbox 1330 3688 2633 3753; baseline 0 -3"><span class='ocrx_word' id='word_1_447' title='bbox 1330 3710 1352 3731; x_wconf 89' lang='lat'><strong>·</strong></span> <span class='ocrx_word' id='word_1_448' title='bbox 1902 3697 2081 3753; x_wconf 90' lang='lat' dir='ltr'><strong>ctura</strong></span> <span class='ocrx_word' id='word_1_449' title='bbox 2110 3689 2227 3750; x_wconf 80' lang='lat' dir='ltr'><strong>fuit</strong></span> <span class='ocrx_word' id='word_1_450' title='bbox 2255 3688 2633 3750; x_wconf 86' lang='lat' dir='ltr'><strong>dubitatum.</strong></span> 
     </span>
     <span class='ocr_line' id='line_1_37' title="bbox 1985 3781 3784 3857; baseline 0.001 -14"><span class='ocrx_word' id='word_1_451' title='bbox 1985 3781 2247 3843; x_wconf 88' lang='lat' dir='ltr'><strong>Probari</strong></span> <span class='ocrx_word' id='word_1_452' title='bbox 2290 3781 2451 3843; x_wconf 84' lang='lat' dir='ltr'><strong>solet</strong></span> <span class='ocrx_word' id='word_1_453' title='bbox 2495 3781 2633 3842; x_wconf 82' lang='lat' dir='ltr'><strong>haec</strong></span> <span class='ocrx_word' id='word_1_454' title='bbox 2682 3781 2992 3844; x_wconf 75' lang='lat' dir='ltr'><strong>sententia</strong></span> <span class='ocrx_word' id='word_1_455' title='bbox 3020 3782 3440 3844; x_wconf 87' lang='lat' dir='ltr'><strong>communiter</strong></span> <span class='ocrx_word' id='word_1_456' title='bbox 3587 3796 3667 3857; x_wconf 80' lang='grc'><strong>38</strong></span> <span class='ocrx_word' id='word_1_457' title='bbox 3778 3801 3784 3806; x_wconf 91' lang='grc'><em>·</em></span> 
     </span>
     <span class='ocr_line' id='line_1_38' title="bbox 1901 3873 3789 3967; baseline -0.002 -28"><span class='ocrx_word' id='word_1_458' title='bbox 1901 3895 2039 3955; x_wconf 89' lang='lat' dir='ltr'><strong>cap.</strong></span> <span class='ocrx_word' id='word_1_459' title='bbox 2068 3874 2355 3957; x_wconf 77' lang='lat' dir='ltr'><strong>pervenit,</strong></span> <span class='ocrx_word' id='word_1_460' title='bbox 2385 3873 2455 3934; x_wconf 83' lang='lat' dir='ltr'><strong>de</strong></span> <span class='ocrx_word' id='word_1_461' title='bbox 2480 3875 2760 3953; x_wconf 78' lang='lat' dir='ltr'><strong>censibus,</strong></span> <span class='ocrx_word' id='word_1_462' title='bbox 2792 3875 2901 3936; x_wconf 91' lang='lat' dir='ltr'><strong>ubi</strong></span> <span class='ocrx_word' id='word_1_463' title='bbox 2922 3875 3149 3936; x_wconf 86' lang='lat' dir='ltr'><strong>dicitur</strong></span> <span class='ocrx_word' id='word_1_464' title='bbox 3175 3875 3240 3936; x_wconf 92' lang='lat' dir='ltr'><strong>in</strong></span> <span class='ocrx_word' id='word_1_465' title='bbox 3271 3875 3442 3936; x_wconf 90' lang='lat' dir='ltr'><strong>omni</strong></span> <span class='ocrx_word' id='word_1_466' title='bbox 3491 3923 3694 3967; x_wconf 50' lang='lat' dir='ltr'><strong>mn,</strong></span> <span class='ocrx_word' id='word_1_467' title='bbox 3711 3933 3789 3965; x_wconf 55' lang='lat'><strong>„-</strong></span> 
     </span>
     <span class='ocr_line' id='line_1_39' title="bbox 330 3961 3763 4050; baseline -0.002 -25"><span class='ocrx_word' id='word_1_468' title='bbox 330 3965 440 4025; x_wconf 79' lang='lat' dir='ltr'><strong>An</strong></span> <span class='ocrx_word' id='word_1_469' title='bbox 465 3962 703 4023; x_wconf 81' lang='lat' dir='ltr'><strong>dubium</strong></span> <span class='ocrx_word' id='word_1_470' title='bbox 726 3961 798 4022; x_wconf 83' lang='lat' dir='ltr'><strong>de</strong></span> <span class='ocrx_word' id='word_1_471' title='bbox 806 3962 1047 4044; x_wconf 81' lang='lat' dir='ltr'><strong>justitia</strong></span> <span class='ocrx_word' id='word_1_472' title='bbox 1075 3962 1283 4023; x_wconf 60' lang='lat' dir='ltr'><strong>tributi</strong></span> <span class='ocrx_word' id='word_1_473' title='bbox 1303 3971 1531 4024; x_wconf 74' lang='lat' dir='ltr'><strong>excuset</strong></span> <span class='ocrx_word' id='word_1_474' title='bbox 1560 3963 1633 4026; x_wconf 86' lang='lat' dir='ltr'><strong>ab</strong></span> <span class='ocrx_word' id='word_1_475' title='bbox 1660 3984 1724 4025; x_wconf 84' lang='lat' dir='ltr'><strong>eo</strong></span> <span class='ocrx_word' id='word_1_476' title='bbox 1902 3988 2094 4032; x_wconf 83' lang='lat' dir='ltr'><strong>censu</strong></span> <span class='ocrx_word' id='word_1_477' title='bbox 2124 3971 2434 4047; x_wconf 84' lang='lat' dir='ltr'><strong>oportere,</strong></span> <span class='ocrx_word' id='word_1_478' title='bbox 2459 3976 2522 4026; x_wconf 84' lang='lat' dir='ltr'><strong>ut</strong></span> <span class='ocrx_word' id='word_1_479' title='bbox 2551 3967 2633 4028; x_wconf 83' lang='lat' dir='ltr'><strong>ad</strong></span> <span class='ocrx_word' id='word_1_480' title='bbox 2654 3967 2818 4049; x_wconf 80' lang='lat' dir='ltr'><strong>quid,</strong></span> <span class='ocrx_word' id='word_1_481' title='bbox 2851 3975 2906 4029; x_wconf 81' lang='lat' dir='ltr'><strong>et</strong></span> <span class='ocrx_word' id='word_1_482' title='bbox 2933 3967 3167 4049; x_wconf 78' lang='lat' dir='ltr'><strong>quando</strong></span> <span class='ocrx_word' id='word_1_483' title='bbox 3187 3968 3447 4050; x_wconf 64' lang='lat' dir='ltr'><strong>pat-solvi</strong></span> <span class='ocrx_word' id='word_1_484' title='bbox 3516 3977 3763 4039; x_wconf 51' lang='lat' dir='ltr'><strong>manan-</strong></span> 
     </span>
     <span class='ocr_line' id='line_1_40' title="bbox 886 4032 3790 4142; baseline 0.002 -20"><span class='ocrx_word' id='word_1_485' title='bbox 886 4067 1174 4130; x_wconf 78' lang='lat' dir='ltr'><strong>solvendo,</strong></span> <span class='ocrx_word' id='word_1_486' title='bbox 1901 4061 2122 4138; x_wconf 83' lang='lat' dir='ltr'><strong>debeat,</strong></span> <span class='ocrx_word' id='word_1_487' title='bbox 2150 4061 2522 4142; x_wconf 52' lang='lat' dir='ltr'><strong>praestantur,</strong></span> <span class='ocrx_word' id='word_1_488' title='bbox 2553 4061 2640 4121; x_wconf 89' lang='lat' dir='ltr'><strong>ibi</strong></span> <span class='ocrx_word' id='word_1_489' title='bbox 2684 4066 2899 4124; x_wconf 83' lang='lat' dir='ltr'><strong>tamen</strong></span> <span class='ocrx_word' id='word_1_490' title='bbox 2950 4080 3075 4123; x_wconf 88' lang='lat' dir='ltr'><strong>non</strong></span> <span class='ocrx_word' id='word_1_491' title='bbox 3110 4063 3319 4141; x_wconf 72' lang='lat' dir='ltr'><strong>agitur</strong></span> <span class='ocrx_word' id='word_1_492' title='bbox 3363 4062 3443 4123; x_wconf 75' lang='lat' dir='ltr'><strong>de</strong></span> <span class='ocrx_word' id='word_1_493' title='bbox 3490 4032 3790 4129; x_wconf 52' lang='lat' dir='ltr'><strong>wffioffn&#39;iss&#39;f‘</strong></span> 
     </span>
     <span class='ocr_line' id='line_1_41' title="bbox 1893 4154 3447 4235; baseline 0 -19"><span class='ocrx_word' id='word_1_494' title='bbox 1893 4155 2138 4235; x_wconf 86' lang='lat' dir='ltr'><strong>justitia</strong></span> <span class='ocrx_word' id='word_1_495' title='bbox 2166 4171 2393 4230; x_wconf 82' lang='lat' dir='ltr'><strong>causae,</strong></span> <span class='ocrx_word' id='word_1_496' title='bbox 2417 4157 2624 4233; x_wconf 86' lang='lat' dir='ltr'><strong>potest</strong></span> <span class='ocrx_word' id='word_1_497' title='bbox 2651 4154 2818 4215; x_wconf 89' lang='lat' dir='ltr'><strong>enim</strong></span> <span class='ocrx_word' id='word_1_498' title='bbox 2849 4158 3137 4217; x_wconf 84' lang='lat' dir='ltr'><strong>constare</strong></span> <span class='ocrx_word' id='word_1_499' title='bbox 3164 4159 3237 4217; x_wconf 69' lang='lat' dir='ltr'><strong>ut</strong></span> <span class='ocrx_word' id='word_1_500' title='bbox 3273 4173 3447 4217; x_wconf 87' lang='lat' dir='ltr'><strong>com-</strong></span> 
     </span>
     <span class='ocr_line' id='line_1_42' title="bbox 1898 4247 3445 4325; baseline -0.001 -15"><span class='ocrx_word' id='word_1_501' title='bbox 1898 4247 2166 4310; x_wconf 85' lang='lat' dir='ltr'><strong>muniter</strong></span> <span class='ocrx_word' id='word_1_502' title='bbox 2198 4250 2441 4309; x_wconf 84' lang='lat' dir='ltr'><strong>constat</strong></span> <span class='ocrx_word' id='word_1_503' title='bbox 2483 4247 2562 4307; x_wconf 84' lang='lat' dir='ltr'><strong>de</strong></span> <span class='ocrx_word' id='word_1_504' title='bbox 2589 4248 2713 4313; x_wconf 83' lang='lat' dir='ltr'><strong>fine</strong></span> <span class='ocrx_word' id='word_1_505' title='bbox 2744 4254 2811 4310; x_wconf 79' lang='lat' dir='ltr'><strong>et</strong></span> <span class='ocrx_word' id='word_1_506' title='bbox 2833 4267 3048 4325; x_wconf 84' lang='lat' dir='ltr'><strong>causa,</strong></span> <span class='ocrx_word' id='word_1_507' title='bbox 3078 4267 3205 4310; x_wconf 74' lang='lat' dir='ltr'><strong>non</strong></span> <span class='ocrx_word' id='word_1_508' title='bbox 3232 4253 3445 4311; x_wconf 75' lang='lat' dir='ltr'><strong>tmen</strong></span> 
     </span>
     <span class='ocr_line' id='line_1_43' title="bbox 348 4334 3443 4421; baseline 0.002 -24"><span class='ocrx_word' id='word_1_509' title='bbox 348 4334 697 4414; x_wconf 87' lang='lat' dir='ltr'><strong>Dupliciter</strong></span> <span class='ocrx_word' id='word_1_510' title='bbox 723 4341 931 4416; x_wconf 86' lang='lat' dir='ltr'><strong>potest</strong></span> <span class='ocrx_word' id='word_1_511' title='bbox 974 4338 1243 4400; x_wconf 84' lang='lat' dir='ltr'><strong>dubitari</strong></span> <span class='ocrx_word' id='word_1_512' title='bbox 1289 4339 1368 4399; x_wconf 89' lang='lat' dir='ltr'><strong>de</strong></span> <span class='ocrx_word' id='word_1_513' title='bbox 1411 4339 1650 4419; x_wconf 78' lang='lat' dir='ltr'><strong>justitia</strong></span> <span class='ocrx_word' id='word_1_514' title='bbox 1696 4340 1802 4402; x_wconf 84' lang='lat' dir='ltr'><strong>tri-</strong></span> <span class='ocrx_word' id='word_1_515' title='bbox 1903 4342 1981 4402; x_wconf 87' lang='lat' dir='ltr'><strong>de</strong></span> <span class='ocrx_word' id='word_1_516' title='bbox 2031 4343 2169 4421; x_wconf 89' lang='lat' dir='ltr'><strong>ejus</strong></span> <span class='ocrx_word' id='word_1_517' title='bbox 2203 4340 2468 4421; x_wconf 84' lang='lat' dir='ltr'><strong>justitia.</strong></span> <span class='ocrx_word' id='word_1_518' title='bbox 2520 4339 2809 4404; x_wconf 81' lang='lat' dir='ltr'><strong>Secundo</strong></span> <span class='ocrx_word' id='word_1_519' title='bbox 2860 4342 3117 4420; x_wconf 84' lang='lat' dir='ltr'><strong>probari</strong></span> <span class='ocrx_word' id='word_1_520' title='bbox 3163 4343 3321 4404; x_wconf 82' lang='lat' dir='ltr'><strong>solet</strong></span> <span class='ocrx_word' id='word_1_521' title='bbox 3366 4361 3443 4402; x_wconf 81' lang='lat' dir='ltr'><strong>ex</strong></span> 
     </span>
     <span class='ocr_line' id='line_1_44' title="bbox 93 4427 3447 4527; baseline 0.001 -36"><span class='ocrx_word' id='word_1_522' title='bbox 93 4498 133 4527; x_wconf 66' lang='lat' dir='ltr'>m</span> <span class='ocrx_word' id='word_1_523' title='bbox 251 4430 427 4492; x_wconf 79' lang='lat' dir='ltr'><strong>buti.</strong></span> <span class='ocrx_word' id='word_1_524' title='bbox 468 4427 698 4502; x_wconf 87' lang='lat' dir='ltr'><strong>Primo,</strong></span> <span class='ocrx_word' id='word_1_525' title='bbox 720 4449 836 4510; x_wconf 86' lang='lat' dir='ltr'><strong>per</strong></span> <span class='ocrx_word' id='word_1_526' title='bbox 854 4431 1114 4492; x_wconf 88' lang='lat' dir='ltr'><strong>dubium</strong></span> <span class='ocrx_word' id='word_1_527' title='bbox 1137 4432 1521 4510; x_wconf 79' lang='lat' dir='ltr'><strong>negativum,</strong></span> <span class='ocrx_word' id='word_1_528' title='bbox 1549 4433 1801 4511; x_wconf 88' lang='lat' dir='ltr'><strong>quando</strong></span> <span class='ocrx_word' id='word_1_529' title='bbox 1902 4453 2043 4514; x_wconf 86' lang='lat' dir='ltr'><strong>cap.</strong></span> <span class='ocrx_word' id='word_1_530' title='bbox 2083 4435 2474 4514; x_wconf 67' lang='lat' dir='ltr'><strong>Quamquam.</strong></span> <span class='ocrx_word' id='word_1_531' title='bbox 2509 4432 2580 4494; x_wconf 83' lang='lat' dir='ltr'><strong>de</strong></span> <span class='ocrx_word' id='word_1_532' title='bbox 2607 4432 2886 4510; x_wconf 58' lang='lat' dir='ltr'><strong>censibus,</strong></span> <span class='ocrx_word' id='word_1_533' title='bbox 2918 4435 3025 4495; x_wconf 79' lang='lat' dir='ltr'><strong>lib.</strong></span> <span class='ocrx_word' id='word_1_534' title='bbox 3064 4453 3150 4497; x_wconf 74' lang='lat' dir='ltr'><strong>w.</strong></span> <span class='ocrx_word' id='word_1_535' title='bbox 3198 4435 3305 4495; x_wconf 89' lang='lat' dir='ltr'><strong>ubi</strong></span> <span class='ocrx_word' id='word_1_536' title='bbox 3352 4435 3447 4495; x_wconf 89' lang='lat' dir='ltr'><strong>di-</strong></span> 
     </span>
     <span class='ocr_line' id='line_1_45' title="bbox 88 4523 3446 4634; baseline 0.002 -50"><span class='ocrx_word' id='word_1_537' title='bbox 88 4551 194 4634; x_wconf 54' lang='grc' dir='ltr'><strong>ῗι-</strong></span> <span class='ocrx_word' id='word_1_538' title='bbox 255 4541 388 4585; x_wconf 81' lang='lat' dir='ltr'><strong>nec</strong></span> <span class='ocrx_word' id='word_1_539' title='bbox 419 4526 665 4584; x_wconf 83' lang='lat' dir='ltr'><strong>constat</strong></span> <span class='ocrx_word' id='word_1_540' title='bbox 690 4524 770 4584; x_wconf 89' lang='lat' dir='ltr'><strong>de</strong></span> <span class='ocrx_word' id='word_1_541' title='bbox 799 4523 934 4603; x_wconf 85' lang='lat' dir='ltr'><strong>ejus</strong></span> <span class='ocrx_word' id='word_1_542' title='bbox 964 4524 1205 4605; x_wconf 88' lang='lat' dir='ltr'><strong>justitia</strong></span> <span class='ocrx_word' id='word_1_543' title='bbox 1227 4570 1243 4602; x_wconf 86' lang='lat'><strong>,</strong></span> <span class='ocrx_word' id='word_1_544' title='bbox 1277 4543 1394 4586; x_wconf 90' lang='lat' dir='ltr'><strong>nec</strong></span> <span class='ocrx_word' id='word_1_545' title='bbox 1424 4525 1502 4585; x_wconf 90' lang='lat' dir='ltr'><strong>de</strong></span> <span class='ocrx_word' id='word_1_546' title='bbox 1534 4525 1669 4605; x_wconf 87' lang='lat' dir='ltr'><strong>ejus</strong></span> <span class='ocrx_word' id='word_1_547' title='bbox 1710 4525 1804 4585; x_wconf 92' lang='lat' dir='ltr'><strong>in-</strong></span> <span class='ocrx_word' id='word_1_548' title='bbox 1901 4528 2062 4589; x_wconf 86' lang='lat' dir='ltr'><strong>citur</strong></span> <span class='ocrx_word' id='word_1_549' title='bbox 2091 4527 2504 4606; x_wconf 77' lang='lat' dir='ltr'><strong>pedagiorum</strong></span> <span class='ocrx_word' id='word_1_550' title='bbox 2531 4526 2886 4588; x_wconf 79' lang='lat' dir='ltr'><strong>exactiones</strong></span> <span class='ocrx_word' id='word_1_551' title='bbox 2916 4533 3046 4590; x_wconf 71' lang='lat' dir='ltr'><strong>tam</strong></span> <span class='ocrx_word' id='word_1_552' title='bbox 3081 4529 3223 4609; x_wconf 81' lang='lat' dir='ltr'><strong>jure</strong></span> <span class='ocrx_word' id='word_1_553' title='bbox 3257 4547 3446 4590; x_wconf 82' lang='lat' dir='ltr'><strong>cano-</strong></span> 
     </span>
     <span class='ocr_line' id='line_1_46' title="bbox 88 4607 3445 4701; baseline 0.001 -23"><span class='ocrx_word' id='word_1_554' title='bbox 88 4607 152 4691; x_wconf 54' lang='lat' dir='ltr'><strong>ss„</strong></span> <span class='ocrx_word' id='word_1_555' title='bbox 249 4615 509 4699; x_wconf 84' lang='lat' dir='ltr'><strong>justitia</strong></span> <span class='ocrx_word' id='word_1_556' title='bbox 533 4661 551 4692; x_wconf 92' lang='lat'><strong>,</strong></span> <span class='ocrx_word' id='word_1_557' title='bbox 597 4617 786 4678; x_wconf 86' lang='lat' dir='ltr'><strong>etiam</strong></span> <span class='ocrx_word' id='word_1_558' title='bbox 821 4636 935 4697; x_wconf 89' lang='lat' dir='ltr'><strong>per</strong></span> <span class='ocrx_word' id='word_1_559' title='bbox 978 4618 1253 4680; x_wconf 86' lang='lat' dir='ltr'><strong>rationes</strong></span> <span class='ocrx_word' id='word_1_560' title='bbox 1282 4618 1660 4698; x_wconf 85' lang='lat' dir='ltr'><strong>probabiles.</strong></span> <span class='ocrx_word' id='word_1_561' title='bbox 1693 4620 1806 4681; x_wconf 87' lang='lat' dir='ltr'><strong>Se·</strong></span> <span class='ocrx_word' id='word_1_562' title='bbox 1903 4622 2043 4683; x_wconf 91' lang='lat' dir='ltr'><strong>nico</strong></span> <span class='ocrx_word' id='word_1_563' title='bbox 2100 4639 2292 4701; x_wconf 89' lang='lat' dir='ltr'><strong>quam</strong></span> <span class='ocrx_word' id='word_1_564' title='bbox 2353 4619 2520 4680; x_wconf 89' lang='lat' dir='ltr'><strong>civili</strong></span> <span class='ocrx_word' id='word_1_565' title='bbox 2582 4620 2959 4698; x_wconf 79' lang='lat' dir='ltr'><strong>regulariter</strong></span> <span class='ocrx_word' id='word_1_566' title='bbox 3018 4623 3243 4684; x_wconf 78' lang='lat' dir='ltr'><strong>merito</strong></span> <span class='ocrx_word' id='word_1_567' title='bbox 3308 4641 3445 4683; x_wconf 85' lang='lat' dir='ltr'><strong>esse</strong></span> 
     </span>
     <span class='ocr_line' id='line_1_47' title="bbox 254 4709 3446 4794; baseline 0.002 -23"><span class='ocrx_word' id='word_1_568' title='bbox 254 4709 481 4771; x_wconf 82' lang='lat' dir='ltr'><strong>cundo</strong></span> <span class='ocrx_word' id='word_1_569' title='bbox 502 4727 616 4788; x_wconf 88' lang='lat' dir='ltr'><strong>per</strong></span> <span class='ocrx_word' id='word_1_570' title='bbox 643 4709 903 4771; x_wconf 87' lang='lat' dir='ltr'><strong>dubium</strong></span> <span class='ocrx_word' id='word_1_571' title='bbox 944 4710 1277 4789; x_wconf 81' lang='lat' dir='ltr'><strong>positivum</strong></span> <span class='ocrx_word' id='word_1_572' title='bbox 1299 4758 1314 4788; x_wconf 96' lang='lat'><strong>,</strong></span> <span class='ocrx_word' id='word_1_573' title='bbox 1365 4713 1616 4790; x_wconf 89' lang='lat' dir='ltr'><strong>quando</strong></span> <span class='ocrx_word' id='word_1_574' title='bbox 1660 4717 1807 4774; x_wconf 89' lang='lat' dir='ltr'><strong>sunt</strong></span> <span class='ocrx_word' id='word_1_575' title='bbox 1902 4715 2255 4776; x_wconf 67' lang='lat' dir='ltr'><strong>damnatas.</strong></span> <span class='ocrx_word' id='word_1_576' title='bbox 2288 4714 2385 4775; x_wconf 83' lang='lat' dir='ltr'><strong>Ad</strong></span> <span class='ocrx_word' id='word_1_577' title='bbox 2416 4714 2584 4793; x_wconf 86' lang='lat' dir='ltr'><strong>quod</strong></span> <span class='ocrx_word' id='word_1_578' title='bbox 2604 4717 2671 4776; x_wconf 90' lang='lat' dir='ltr'><strong>P.</strong></span> <span class='ocrx_word' id='word_1_579' title='bbox 2708 4716 2997 4794; x_wconf 79' lang='lat' dir='ltr'><strong>vasquez</strong></span> <span class='ocrx_word' id='word_1_580' title='bbox 3023 4733 3087 4775; x_wconf 90' lang='lat' dir='ltr'><strong>n.</strong></span> <span class='ocrx_word' id='word_1_581' title='bbox 3122 4720 3221 4777; x_wconf 74' lang='lat'><strong>72.</strong></span> <span class='ocrx_word' id='word_1_582' title='bbox 3264 4720 3333 4778; x_wconf 85' lang='lat' dir='ltr'><strong>et</strong></span> <span class='ocrx_word' id='word_1_583' title='bbox 3369 4736 3446 4777; x_wconf 78' lang='lat' dir='ltr'><strong>ex</strong></span> 
     </span>
     <span class='ocr_line' id='line_1_48' title="bbox 243 4801 3445 4886; baseline 0.002 -22"><span class='ocrx_word' id='word_1_584' title='bbox 243 4803 564 4881; x_wconf 81' lang='lat' dir='ltr'><strong>utrinque</strong></span> <span class='ocrx_word' id='word_1_585' title='bbox 585 4803 860 4865; x_wconf 83' lang='lat' dir='ltr'><strong>rationes</strong></span> <span class='ocrx_word' id='word_1_586' title='bbox 879 4805 1254 4883; x_wconf 86' lang='lat' dir='ltr'><strong>probabiles.</strong></span> <span class='ocrx_word' id='word_1_587' title='bbox 1292 4806 1426 4879; x_wconf 89' lang='lat' dir='ltr'><strong>Quo</strong></span> <span class='ocrx_word' id='word_1_588' title='bbox 1455 4801 1798 4884; x_wconf 66' lang='lat' dir='ltr'><strong>supposito,</strong></span> <span class='ocrx_word' id='word_1_589' title='bbox 1903 4808 2037 4886; x_wconf 93' lang='lat' dir='ltr'><strong>ipso</strong></span> <span class='ocrx_word' id='word_1_590' title='bbox 2066 4807 2356 4869; x_wconf 78' lang='lat' dir='ltr'><strong>Turrian.</strong></span> <span class='ocrx_word' id='word_1_591' title='bbox 2389 4807 2537 4867; x_wconf 83' lang='lat' dir='ltr'><strong>dict.</strong></span> <span class='ocrx_word' id='word_1_592' title='bbox 2572 4805 2721 4867; x_wconf 86' lang='lat' dir='ltr'><strong>dub.</strong></span> <span class='ocrx_word' id='word_1_593' title='bbox 2758 4824 2847 4868; x_wconf 76' lang='lat' dir='ltr'><strong>vl.</strong></span> <span class='ocrx_word' id='word_1_594' title='bbox 2883 4826 2988 4867; x_wconf 90' lang='lat' dir='ltr'><strong>nu.</strong></span> <span class='ocrx_word' id='word_1_595' title='bbox 3020 4810 3080 4868; x_wconf 84' lang='grc'><strong>3.</strong></span> <span class='ocrx_word' id='word_1_596' title='bbox 3115 4812 3179 4869; x_wconf 86' lang='lat' dir='ltr'><strong>et</strong></span> <span class='ocrx_word' id='word_1_597' title='bbox 3206 4811 3445 4870; x_wconf 71' lang='lat' dir='ltr'><strong>Navar-</strong></span> 
     </span>
     <span class='ocr_line' id='line_1_49' title="bbox 243 4895 3438 4978; baseline 0.002 -20"><span class='ocrx_word' id='word_1_598' title='bbox 243 4895 586 4976; x_wconf 82' lang='lat' dir='ltr'><strong>loquendo</strong></span> <span class='ocrx_word' id='word_1_599' title='bbox 615 4896 694 4957; x_wconf 83' lang='lat' dir='ltr'><strong>de</strong></span> <span class='ocrx_word' id='word_1_600' title='bbox 725 4897 915 4958; x_wconf 87' lang='lat' dir='ltr'><strong>dubio</strong></span> <span class='ocrx_word' id='word_1_601' title='bbox 945 4900 1264 4976; x_wconf 77' lang='lat' dir='ltr'><strong>negativo,</strong></span> <span class='ocrx_word' id='word_1_602' title='bbox 1900 4920 1973 4962; x_wconf 86' lang='lat' dir='ltr'><strong>ra</strong></span> <span class='ocrx_word' id='word_1_603' title='bbox 2001 4900 2108 4962; x_wconf 89' lang='lat' dir='ltr'><strong>lib.</strong></span> <span class='ocrx_word' id='word_1_604' title='bbox 2144 4901 2248 4961; x_wconf 91' lang='lat'><strong>111.</strong></span> <span class='ocrx_word' id='word_1_605' title='bbox 2283 4898 2354 4959; x_wconf 82' lang='lat' dir='ltr'><strong>de</strong></span> <span class='ocrx_word' id='word_1_606' title='bbox 2401 4907 2541 4960; x_wconf 71' lang='lat' dir='ltr'><strong>rest.</strong></span> <span class='ocrx_word' id='word_1_607' title='bbox 2591 4917 2647 4962; x_wconf 91' lang='lat' dir='ltr'><strong>c.</strong></span> <span class='ocrx_word' id='word_1_608' title='bbox 2696 4917 2739 4960; x_wconf 87' lang='lat'><strong>1.</strong></span> <span class='ocrx_word' id='word_1_609' title='bbox 2794 4904 2956 4978; x_wconf 85' lang='lat' dir='ltr'><strong>part.</strong></span> <span class='ocrx_word' id='word_1_610' title='bbox 3005 4916 3101 4961; x_wconf 73' lang='lat'><strong>111.</strong></span> <span class='ocrx_word' id='word_1_611' title='bbox 3153 4901 3304 4963; x_wconf 89' lang='lat' dir='ltr'><strong>dub.</strong></span> <span class='ocrx_word' id='word_1_612' title='bbox 3342 4906 3438 4964; x_wconf 71' lang='lat'><strong>12.</strong></span> 
     </span>
     <span class='ocr_line' id='line_1_50' title="bbox 342 4988 3446 5073; baseline 0.002 -23"><span class='ocrx_word' id='word_1_613' title='bbox 342 4988 560 5050; x_wconf 87' lang='lat' dir='ltr'><strong>Prima</strong></span> <span class='ocrx_word' id='word_1_614' title='bbox 585 4990 895 5051; x_wconf 82' lang='lat' dir='ltr'><strong>sententia</strong></span> <span class='ocrx_word' id='word_1_615' title='bbox 922 4991 1214 5069; x_wconf 80' lang='lat' dir='ltr'><strong>affirmat,</strong></span> <span class='ocrx_word' id='word_1_616' title='bbox 1248 4992 1310 5052; x_wconf 92' lang='lat' dir='ltr'><strong>in</strong></span> <span class='ocrx_word' id='word_1_617' title='bbox 1341 5011 1418 5054; x_wconf 90' lang='lat' dir='ltr'><strong>eo</strong></span> <span class='ocrx_word' id='word_1_618' title='bbox 1445 4994 1636 5055; x_wconf 91' lang='lat' dir='ltr'><strong>dubio</strong></span> <span class='ocrx_word' id='word_1_619' title='bbox 1666 5012 1802 5056; x_wconf 85' lang='lat' dir='ltr'><strong>esse</strong></span> <span class='ocrx_word' id='word_1_620' title='bbox 1901 4993 2306 5073; x_wconf 80' lang='lat' dir='ltr'><strong>respondent,</strong></span> <span class='ocrx_word' id='word_1_621' title='bbox 2328 4991 2410 5053; x_wconf 92' lang='lat' dir='ltr'><strong>ibi</strong></span> <span class='ocrx_word' id='word_1_622' title='bbox 2441 5011 2563 5053; x_wconf 92' lang='lat' dir='ltr'><strong>non</strong></span> <span class='ocrx_word' id='word_1_623' title='bbox 2598 5011 2731 5053; x_wconf 87' lang='lat' dir='ltr'><strong>esse</strong></span> <span class='ocrx_word' id='word_1_624' title='bbox 2761 5009 3123 5053; x_wconf 78' lang='lat' dir='ltr'><strong>sermonem</strong></span> <span class='ocrx_word' id='word_1_625' title='bbox 3145 4994 3224 5055; x_wconf 89' lang='lat' dir='ltr'><strong>de</strong></span> <span class='ocrx_word' id='word_1_626' title='bbox 3244 4997 3446 5057; x_wconf 90' lang='lat' dir='ltr'><strong>omni-</strong></span> 
     </span>
     <span class='ocr_line' id='line_1_51' title="bbox 242 5082 3447 5167; baseline 0.001 -21"><span class='ocrx_word' id='word_1_627' title='bbox 242 5082 714 5162; x_wconf 84' lang='lat' dir='ltr'><strong>obligationem</strong></span> <span class='ocrx_word' id='word_1_628' title='bbox 741 5084 1025 5145; x_wconf 85' lang='lat' dir='ltr'><strong>solvendi</strong></span> <span class='ocrx_word' id='word_1_629' title='bbox 1057 5086 1359 5147; x_wconf 89' lang='lat' dir='ltr'><strong>tributum</strong></span> <span class='ocrx_word' id='word_1_630' title='bbox 1389 5133 1405 5163; x_wconf 93' lang='lat'><strong>,</strong></span> <span class='ocrx_word' id='word_1_631' title='bbox 1440 5087 1528 5149; x_wconf 89' lang='lat' dir='ltr'><strong>ita</strong></span> <span class='ocrx_word' id='word_1_632' title='bbox 1557 5088 1805 5149; x_wconf 74' lang='lat' dir='ltr'><strong>videtur</strong></span> <span class='ocrx_word' id='word_1_633' title='bbox 1900 5088 2019 5150; x_wconf 87' lang='lat' dir='ltr'><strong>bus</strong></span> <span class='ocrx_word' id='word_1_634' title='bbox 2048 5084 2355 5166; x_wconf 81' lang='lat' dir='ltr'><strong>pedagiis,</strong></span> <span class='ocrx_word' id='word_1_635' title='bbox 2388 5085 2500 5145; x_wconf 86' lang='lat' dir='ltr'><strong>sed</strong></span> <span class='ocrx_word' id='word_1_636' title='bbox 2524 5086 2601 5146; x_wconf 87' lang='lat' dir='ltr'><strong>de</strong></span> <span class='ocrx_word' id='word_1_637' title='bbox 2621 5085 2705 5147; x_wconf 82' lang='lat' dir='ltr'><strong>iis</strong></span> <span class='ocrx_word' id='word_1_638' title='bbox 2727 5104 2866 5165; x_wconf 80' lang='lat' dir='ltr'><strong>quae</strong></span> <span class='ocrx_word' id='word_1_639' title='bbox 2895 5085 3136 5147; x_wconf 87' lang='lat' dir='ltr'><strong>clericis</strong></span> <span class='ocrx_word' id='word_1_640' title='bbox 3194 5093 3257 5148; x_wconf 84' lang='lat' dir='ltr'><strong>et</strong></span> <span class='ocrx_word' id='word_1_641' title='bbox 3303 5107 3447 5167; x_wconf 84' lang='lat' dir='ltr'><strong>per-</strong></span> 
     </span>
     <span class='ocr_line' id='line_1_52' title="bbox 243 5176 3443 5260; baseline 0.002 -21"><span class='ocrx_word' id='word_1_642' title='bbox 243 5176 499 5239; x_wconf 76' lang='lat' dir='ltr'><strong>sentire</strong></span> <span class='ocrx_word' id='word_1_643' title='bbox 527 5177 701 5237; x_wconf 78' lang='lat' dir='ltr'><strong>Less,</strong></span> <span class='ocrx_word' id='word_1_644' title='bbox 735 5176 797 5238; x_wconf 91' lang='lat' dir='ltr'><strong>d.</strong></span> <span class='ocrx_word' id='word_1_645' title='bbox 834 5196 973 5256; x_wconf 89' lang='lat' dir='ltr'><strong>cap.</strong></span> <span class='ocrx_word' id='word_1_646' title='bbox 1007 5180 1281 5240; x_wconf 86' lang='lat' dir='ltr'>XXXIII.</span> <span class='ocrx_word' id='word_1_647' title='bbox 1327 5178 1476 5240; x_wconf 89' lang='lat' dir='ltr'><strong>dub.</strong></span> <span class='ocrx_word' id='word_1_648' title='bbox 1514 5197 1648 5242; x_wconf 74' lang='lat' dir='ltr'><strong>vm.</strong></span> <span class='ocrx_word' id='word_1_649' title='bbox 1692 5200 1798 5242; x_wconf 90' lang='lat' dir='ltr'><strong>nu.</strong></span> <span class='ocrx_word' id='word_1_650' title='bbox 1900 5180 2070 5242; x_wconf 86' lang='lat' dir='ltr'><strong>sonis</strong></span> <span class='ocrx_word' id='word_1_651' title='bbox 2086 5177 3094 5260; x_wconf 79' lang='lat' dir='ltr'><strong>ecclesiasticisimponuntur.Sed</strong></span> <span class='ocrx_word' id='word_1_652' title='bbox 3114 5181 3443 5259; x_wconf 67' lang='lat' dir='ltr'><strong>explicatio</strong></span> 
     </span>
     <span class='ocr_line' id='line_1_53' title="bbox 242 5268 3444 5355; baseline 0.002 -23"><span class='ocrx_word' id='word_1_653' title='bbox 242 5274 363 5333; x_wconf 77' lang='lat'><strong>64.</strong></span> <span class='ocrx_word' id='word_1_654' title='bbox 399 5268 717 5330; x_wconf 86' lang='lat' dir='ltr'><strong>Malderus</strong></span> <span class='ocrx_word' id='word_1_655' title='bbox 759 5270 823 5330; x_wconf 92' lang='lat' dir='ltr'><strong>in</strong></span> <span class='ocrx_word' id='word_1_656' title='bbox 872 5272 1163 5350; x_wconf 80' lang='lat' dir='ltr'><strong>praesenti</strong></span> <span class='ocrx_word' id='word_1_657' title='bbox 1204 5276 1388 5335; x_wconf 86' lang='lat' dir='ltr'><strong>tract.</strong></span> <span class='ocrx_word' id='word_1_658' title='bbox 1423 5276 1498 5336; x_wconf 87' lang='lat' dir='ltr'><strong>V.</strong></span> <span class='ocrx_word' id='word_1_659' title='bbox 1533 5292 1672 5353; x_wconf 83' lang='lat' dir='ltr'><strong>cap.</strong></span> <span class='ocrx_word' id='word_1_660' title='bbox 1710 5290 1797 5335; x_wconf 80' lang='lat' dir='ltr'><strong>v1.</strong></span> <span class='ocrx_word' id='word_1_661' title='bbox 1902 5278 1997 5336; x_wconf 88' lang='lat' dir='ltr'><strong>est</strong></span> <span class='ocrx_word' id='word_1_662' title='bbox 2051 5276 2271 5335; x_wconf 87' lang='lat' dir='ltr'><strong>contra</strong></span> <span class='ocrx_word' id='word_1_663' title='bbox 2324 5290 2625 5350; x_wconf 53' lang='lat' dir='ltr'><strong>expressa,</strong></span> <span class='ocrx_word' id='word_1_664' title='bbox 2669 5277 2882 5335; x_wconf 77' lang='lat' dir='ltr'><strong>textus</strong></span> <span class='ocrx_word' id='word_1_665' title='bbox 2934 5274 3151 5350; x_wconf 79' lang='lat' dir='ltr'><strong>verba,</strong></span> <span class='ocrx_word' id='word_1_666' title='bbox 3199 5274 3273 5334; x_wconf 37' lang='lat' dir='ltr'><strong>iu&gt;</strong></span> <span class='ocrx_word' id='word_1_667' title='bbox 3320 5293 3444 5355; x_wconf 86' lang='lat' dir='ltr'><strong>quo</strong></span> 
     </span>
     <span class='ocr_line' id='line_1_54' title="bbox 250 5363 3445 5447; baseline 0.001 -23"><span class='ocrx_word' id='word_1_668' title='bbox 250 5364 426 5424; x_wconf 82' lang='lat' dir='ltr'><strong>dub.</strong></span> <span class='ocrx_word' id='word_1_669' title='bbox 464 5378 551 5424; x_wconf 76' lang='lat' dir='ltr'><strong>lv.</strong></span> <span class='ocrx_word' id='word_1_670' title='bbox 576 5364 632 5442; x_wconf 64' lang='grc' dir='ltr'><strong>ἓ.</strong></span> <span class='ocrx_word' id='word_1_671' title='bbox 657 5363 802 5424; x_wconf 77' lang='lat' dir='ltr'><strong>Dico</strong></span> <span class='ocrx_word' id='word_1_672' title='bbox 818 5364 1040 5445; x_wconf 79' lang='lat' dir='ltr'><strong>qm&#39;nto.</strong></span> <span class='ocrx_word' id='word_1_673' title='bbox 1068 5367 1241 5442; x_wconf 81' lang='lat' dir='ltr'><strong>Soto,</strong></span> <span class='ocrx_word' id='word_1_674' title='bbox 1267 5371 1328 5428; x_wconf 89' lang='lat' dir='ltr'><strong>et</strong></span> <span class='ocrx_word' id='word_1_675' title='bbox 1345 5367 1614 5428; x_wconf 82' lang='lat' dir='ltr'><strong>Palatius</strong></span> <span class='ocrx_word' id='word_1_676' title='bbox 1636 5366 1800 5446; x_wconf 85' lang='lat' dir='ltr'><strong>apud</strong></span> <span class='ocrx_word' id='word_1_677' title='bbox 1904 5368 2077 5447; x_wconf 85' lang='lat' dir='ltr'><strong>prius</strong></span> <span class='ocrx_word' id='word_1_678' title='bbox 2104 5367 2169 5428; x_wconf 88' lang='lat' dir='ltr'><strong>id</strong></span> <span class='ocrx_word' id='word_1_679' title='bbox 2197 5365 2425 5427; x_wconf 85' lang='lat' dir='ltr'><strong>dicitur</strong></span> <span class='ocrx_word' id='word_1_680' title='bbox 2451 5366 2530 5426; x_wconf 88' lang='lat' dir='ltr'><strong>de</strong></span> <span class='ocrx_word' id='word_1_681' title='bbox 2560 5365 2851 5427; x_wconf 89' lang='lat' dir='ltr'><strong>omnibus</strong></span> <span class='ocrx_word' id='word_1_682' title='bbox 2880 5367 3185 5446; x_wconf 86' lang='lat' dir='ltr'><strong>pedagiis,</strong></span> <span class='ocrx_word' id='word_1_683' title='bbox 3220 5386 3294 5428; x_wconf 84' lang='lat' dir='ltr'><strong>ex</strong></span> <span class='ocrx_word' id='word_1_684' title='bbox 3326 5367 3445 5429; x_wconf 87' lang='lat' dir='ltr'><strong>hoc</strong></span> 
     </span>
     <span class='ocr_line' id='line_1_55' title="bbox 244 5456 3446 5538; baseline 0.001 -20"><span class='ocrx_word' id='word_1_685' title='bbox 244 5456 552 5519; x_wconf 83' lang='lat' dir='ltr'><strong>Sanchez</strong></span> <span class='ocrx_word' id='word_1_686' title='bbox 583 5456 749 5518; x_wconf 83' lang='lat' dir='ltr'><strong>dicto</strong></span> <span class='ocrx_word' id='word_1_687' title='bbox 771 5476 830 5518; x_wconf 89' lang='lat' dir='ltr'><strong>c.</strong></span> <span class='ocrx_word' id='word_1_688' title='bbox 860 5459 963 5520; x_wconf 89' lang='lat' dir='ltr'><strong>lv.</strong></span> <span class='ocrx_word' id='word_1_689' title='bbox 996 5459 1147 5520; x_wconf 89' lang='lat' dir='ltr'><strong>dub.</strong></span> <span class='ocrx_word' id='word_1_690' title='bbox 1176 5475 1261 5520; x_wconf 81' lang='lat' dir='ltr'><strong>v1.</strong></span> <span class='ocrx_word' id='word_1_691' title='bbox 1287 5481 1349 5522; x_wconf 95' lang='lat' dir='ltr'><strong>n.</strong></span> <span class='ocrx_word' id='word_1_692' title='bbox 1374 5464 1431 5521; x_wconf 78' lang='lat'><strong>2.</strong></span> <span class='ocrx_word' id='word_1_693' title='bbox 1452 5460 1688 5534; x_wconf 83' lang='lat' dir='ltr'><strong>Quibus</strong></span> <span class='ocrx_word' id='word_1_694' title='bbox 1703 5479 1800 5522; x_wconf 90' lang='lat' dir='ltr'><strong>ac·</strong></span> <span class='ocrx_word' id='word_1_695' title='bbox 1903 5479 1941 5521; x_wconf 92' lang='lat' dir='ltr'><strong>a</strong></span> <span class='ocrx_word' id='word_1_696' title='bbox 1969 5459 2210 5522; x_wconf 81' lang='lat' dir='ltr'><strong>fortiori</strong></span> <span class='ocrx_word' id='word_1_697' title='bbox 2242 5459 2305 5520; x_wconf 90' lang='lat' dir='ltr'><strong>id</strong></span> <span class='ocrx_word' id='word_1_698' title='bbox 2333 5459 2597 5520; x_wconf 75' lang='lat' dir='ltr'><strong>infertur</strong></span> <span class='ocrx_word' id='word_1_699' title='bbox 2624 5458 2703 5520; x_wconf 86' lang='lat' dir='ltr'><strong>de</strong></span> <span class='ocrx_word' id='word_1_700' title='bbox 2732 5459 2808 5519; x_wconf 82' lang='lat' dir='ltr'><strong>iis</strong></span> <span class='ocrx_word' id='word_1_701' title='bbox 2851 5477 2992 5538; x_wconf 81' lang='lat' dir='ltr'><strong>quoe</strong></span> <span class='ocrx_word' id='word_1_702' title='bbox 3039 5460 3278 5521; x_wconf 75' lang='lat' dir='ltr'><strong>clericis</strong></span> <span class='ocrx_word' id='word_1_703' title='bbox 3326 5461 3446 5521; x_wconf 92' lang='lat' dir='ltr'><strong>im-</strong></span> 
     </span>
     <span class='ocr_line' id='line_1_56' title="bbox 239 5548 3439 5635; baseline 0.001 -22"><span class='ocrx_word' id='word_1_704' title='bbox 239 5548 496 5613; x_wconf 77' lang='lat' dir='ltr'><strong>cedere</strong></span> <span class='ocrx_word' id='word_1_705' title='bbox 522 5548 793 5629; x_wconf 79' lang='lat' dir='ltr'><strong>videtur,</strong></span> <span class='ocrx_word' id='word_1_706' title='bbox 835 5549 981 5613; x_wconf 77' lang='lat' dir='ltr'><strong>licet</strong></span> <span class='ocrx_word' id='word_1_707' title='bbox 1014 5551 1591 5635; x_wconf 63' lang='lat' dir='ltr'><strong>obsoni-eloquatur</strong></span> <span class='ocrx_word' id='word_1_708' title='bbox 1607 5555 1796 5635; x_wconf 80' lang='lat' dir='ltr'><strong>Vasq.</strong></span> <span class='ocrx_word' id='word_1_709' title='bbox 1903 5557 2242 5634; x_wconf 84' lang='lat' dir='ltr'><strong>ponuntur.</strong></span> <span class='ocrx_word' id='word_1_710' title='bbox 2334 5552 2544 5615; x_wconf 78' lang='lat' dir='ltr'><strong>Verba</strong></span> <span class='ocrx_word' id='word_1_711' title='bbox 2625 5551 2943 5615; x_wconf 75' lang='lat' dir='ltr'><strong>Pontificis</strong></span> <span class='ocrx_word' id='word_1_712' title='bbox 3032 5557 3180 5618; x_wconf 83' lang='lat' dir='ltr'><strong>sunt</strong></span> <span class='ocrx_word' id='word_1_713' title='bbox 3262 5553 3439 5617; x_wconf 83' lang='lat' dir='ltr'><strong>haec:</strong></span> 
     </span>
    </p>
   </div>
  </div>
 </body>
</html>
