4263 6376
466 515 677 563 Sententia

431 570 705 682 1032&oe
768 589 969 665 sibili,
1029 609 1155 651 non
1183 590 1432 651 videtur
1459 608 1640 669 posse
1679 590 1935 668 negari,
1997 591 2167 669 quod
2197 590 2299 650 ille

474 676 678 736 pos-ibai.

564 3862 675 3923 121

504 3986 725 4032 Solvuntur

510 4052 732 4138 eommia.
808 4045 877 4087 se
904 4024 1180 4105 graviter
1207 4022 1552 4101 obligandi.
1587 4023 1681 4083 Ad
1730 4025 2002 4102 primum
2042 4026 2210 4087 enim
2252 4026 2342 4086 di·

765 324 844 384 2⁴

765 497 1042 561 tentione
1063 496 1480 575 promittentis
1499 516 1513 571 ;
1544 496 1859 576 loquendo
1883 496 2049 558 enim
2065 496 2142 557 de
2160 514 2299 577 pos-

770 683 997 760 etiam,
1048 682 1152 762 qui
1198 683 1537 744 liberaliter
1565 687 1628 745 et
1663 684 1934 761 gratuito
1965 683 2295 762 promittit,

768 775 964 855 possit
989 793 1054 835 se
1083 775 1363 853 graviter
1389 774 1669 853 obligare
1700 794 1775 834 ex
1797 775 2041 854 justitia
2064 822 2081 852 ,
2115 775 2165 835 si
2196 792 2300 835 ve-

765 869 858 945 lit,
883 869 966 930 ad
994 868 1274 928 dandum
1303 866 1367 926 id
1398 868 1566 946 quod
1597 886 1672 928 ex
1688 871 2013 929 contractu
2031 885 2297 928 oneroso

767 961 1045 1041 graviter
1072 959 1397 1038 obligaret.
1452 962 1610 1020 Nam
1653 961 1813 1021 sicut
1859 965 2063 1039 potest
2107 960 2304 1038 gratis

767 1072 902 1116 rem
928 1053 1096 1113 illam
1128 1052 1380 1113 omnino
1410 1053 1646 1113 donare
1669 1099 1685 1130 ,
1734 1057 1796 1115 et
1822 1054 2159 1114 transferre
2189 1053 2301 1114 do-

768 1147 1030 1207 minium
1077 1145 1241 1206 illius
1283 1145 1347 1205 in
1377 1145 1774 1206 donatarium
1799 1193 1814 1224 ,
1865 1146 1954 1207 ita
1988 1151 2058 1208 ut
2084 1147 2137 1207 si
2167 1163 2307 1206 eam

768 1240 887 1320 ipsi
940 1242 1157 1318 postea
1204 1239 1447 1299 auferat
1485 1239 1711 1315 invito,
1771 1243 1990 1318 peccet
2031 1239 2309 1318 graviter

771 1351 895 1393 non
924 1332 1350 1409 minusquam
1395 1331 1449 1390 si
1497 1332 1698 1410 pretio
1724 1332 2144 1404 vendidisset3
2197 1350 2308 1391 cur

772 1444 896 1486 non
927 1424 1156 1504 poterit
1178 1423 1282 1502 jus
1310 1423 1391 1483 ad
1423 1424 1598 1484 illam
1615 1425 1948 1485 transferre
1968 1424 2308 1502 obligando

774 1537 840 1578 se
870 1518 950 1577 ad
977 1517 1150 1576 illam
1187 1516 1487 1592 dandam,
1524 1517 1693 1596 quod
1718 1516 1822 1596 jus
1852 1536 1976 1577 non
2005 1519 2213 1578 minus
2232 1517 2311 1578 sit

775 1628 966 1691 quam
993 1611 1042 1670 si
1075 1629 1149 1670 ex
1178 1614 1499 1670 contractu
1523 1627 1784 1671 oneroso
1808 1611 2025 1671 datum
2052 1611 2311 1671 fuisset?

775 1704 937 1764 sicut
964 1702 1131 1763 enim
1160 1702 1432 1764 donatur
1463 1703 1659 1781 gratis
1686 1703 1873 1780 liber,
1915 1704 2002 1764 ita
2041 1703 2313 1766 donatur

775 1796 969 1876 gratis
995 1795 1094 1874 jus
1125 1795 1204 1854 ad
1229 1795 1507 1855 dandum
1536 1796 1764 1856 librum
1798 1817 1810 1857 :
1847 1815 1996 1876 ergo
2013 1797 2174 1860 sicut
2200 1797 2313 1858 do-

777 1889 947 1952 natio
978 1889 1116 1949 libri
1148 1888 1387 1966 obligat
1411 1889 1689 1967 graviter
1716 1890 2054 1951 donantem
2077 1890 2155 1950 ad
2187 1909 2313 1951 non

776 1982 1190 2062 repetendum
1217 1981 1449 2041 librum
1482 2001 1497 2054 ς
1547 1982 1633 2042 sic
1668 1982 1921 2044 donatio
1944 1981 2103 2064 juris
2133 1983 2213 2044 ad
2241 1983 2315 2043 li-

777 2076 963 2137 brum
992 2078 1198 2153 potest
1226 2093 1301 2135 ex
1344 2075 1740 2152 promissoris
1782 2076 2124 2138 intentione
2164 2076 2314 2138 obli·

781 2186 933 2247 gare
963 2168 1238 2246 graviter
1268 2166 1346 2227 ad
1377 2184 1502 2228 non
1548 2169 1958 2246 repetendum
1983 2215 1999 2244 ,
2034 2186 2150 2229 nec
2180 2169 2314 2229 vio-

782 2260 1041 2321 landum
1064 2259 1168 2338 jus
1195 2259 1347 2318 illud
1376 2259 1569 2320 semel
1591 2277 1977 2322 concessum.
2001 2260 2178 2333 Quod
2191 2280 2316 2322 non

782 2352 1006 2415 leviter
1032 2352 1435 2413 confirmatur
1461 2352 1541 2412 ab
1591 2354 1876 2431 exemplo
1927 2354 2095 2430 voti,
2147 2353 2316 2432 quod

787 2464 913 2506 non
942 2448 1037 2506 est
1063 2443 1269 2504 minus
1315 2445 1658 2522 gratuitum
1684 2491 1700 2521 ,
1750 2464 1939 2525 quam
1987 2446 2318 2526 promissio

786 2538 954 2599 facta
980 2536 1253 2609 homini;
1283 2555 1426 2597 cum
1457 2556 1532 2597 ex
1548 2538 1834 2599 libertate
1855 2539 2044 2600 etiam
2074 2543 2139 2600 et
2164 2539 2319 2599 libe·

787 2631 1031 2692 ralitate
1051 2629 1335 2691 voventis
1357 2630 1596 2692 oriatur
1638 2634 1927 2692 ettamen
1959 2650 2086 2693 non
2115 2633 2323 2693 minus

791 2723 1025 2802 obligat
1064 2723 1337 2801 graviter
1366 2723 1447 2784 ad
1476 2723 1806 2783 materiam
1838 2725 2148 2802 eamdem,
2184 2743 2323 2805 quae

789 2820 1002 2897 posset
1030 2816 1092 2875 in
1151 2815 1284 2875 aliis
1331 2815 1662 2894 praeceptis
1693 2816 2034 2878 existimari
2062 2818 2329 2879 materia

790 2908 1001 2988 gravis
1028 2954 1044 2984 ,
1093 2926 1296 2986 neque
1344 2908 1600 2969 audebit
1628 2909 1849 2988 aliquis
1881 2910 2087 2971 dicere
2134 2910 2329 2988 majo-

792 3020 929 3062 rem
954 3001 1282 3061 materiam
1310 3000 1546 3079 requiri
1573 3000 1654 3062 ad
1692 3005 2019 3080 peccatum
2066 3003 2329 3064 mortale

795 3097 1013 3155 contra
1041 3097 1255 3155 votum
1280 3139 1295 3169 ,
1346 3110 1536 3172 quam
1572 3098 1790 3155 contra
1819 3100 2204 3174 praeceptum
2235 3115 2330 3157 ec-

798 3186 1214 3250 clesiasticum
1257 3186 1357 3247 vel
1403 3185 1705 3250 divinum.
1761 3190 1940 3260 Quod
1986 3208 2136 3268 ergo
2177 3188 2334 3251 obli-

798 3280 968 3360 gatio
999 3280 1236 3341 oriatur
1265 3297 1339 3339 ex
1368 3279 1737 3341 liberalitate
1785 3281 1920 3359 ejus
1958 3283 2065 3361 qui
2112 3288 2332 3362 sponte

800 3378 865 3435 et
882 3372 1075 3452 gratis
1103 3391 1168 3433 se
1186 3371 1440 3451 obligat,
1463 3390 1587 3432 non
1604 3372 1755 3434 facit
1775 3374 1941 3452 quod
1960 3394 2083 3436 non
2113 3377 2329 3455 possit,

802 3468 855 3528 si
883 3467 1014 3546 ipse
1049 3465 1198 3526 velit
1222 3483 1538 3544 apponere
1589 3465 2032 3545 obligationem
2075 3487 2336 3547 gravem

802 3559 884 3621 ad
936 3548 1280 3638 quamlibet
1330 3556 1680 3633 materiam,
1743 3578 1909 3638 quae,
1941 3579 2015 3620 ex
2061 3579 2127 3621 se
2176 3567 2339 3623 esset

807 3670 1005 3731 capax
1039 3651 1436 3729 obligationis
1470 3651 1681 3730 gravis
1711 3671 1788 3711 ex
1815 3641 2172 3715 obedientia
2191 3701 2206 3731 ,
2238 3655 2337 3715 vel

808 3764 882 3807 ex
911 3747 1235 3806 contractu
1261 3761 1547 3820 oner030,
1583 3751 1692 3806 aut
1717 3745 1854 3806 aliis
1882 3746 2097 3808 titulis.

887 3839 1068 3901 Unde
1097 3842 1470 3916 argumenta
1495 3856 1686 3917 supra
1714 3838 1986 3900 adducta
2015 3840 2169 3900 nihil
2200 3859 2340 3919 pro-

809 3933 964 3994 bant
990 3936 1209 3993 contra
1235 3930 1745 4009 possibilitatem,
1780 3932 1831 3991 si
1870 3933 2034 3993 adsit
2075 3933 2339 3996 intentio

808 4119 1029 4193 cimuS,
1062 4136 1175 4178 nos
1202 4134 1326 4177 non
1354 4115 1525 4194 loqui
1568 4116 1646 4175 de
1678 4117 2055 4195 obligatione
2084 4137 2160 4179 ex
2186 4119 2343 4180 fide-

807 4214 1003 4287 litate,
1036 4210 1147 4271 sed
1193 4209 1270 4270 de
1309 4226 1382 4270 eo
1415 4209 1517 4288 qui
1551 4227 1616 4269 se
1648 4209 1778 4270 vult
1808 4229 1882 4269 ex
1914 4209 2155 4288 justitia
2185 4212 2343 4273 obli-

810 4322 982 4385 gare.
1015 4303 1112 4365 Ad
1140 4302 1486 4363 secundum
1516 4303 1930 4382 respondetur
1948 4305 2149 4381 facile,
2177 4323 2343 4365 eam-

813 4399 956 4459 dem
984 4396 1313 4457 materiam
1342 4395 1629 4456 sufficere
1660 4394 1738 4455 ad
1769 4399 2096 4474 peccatum
2123 4417 2338 4476 grave,

813 4510 927 4570 per
952 4508 1019 4550 se
1032 4488 1369 4569 loquendo,
1391 4487 1634 4567 quoties
1649 4488 1918 4551 violatur
1939 4489 2043 4569 jus
2063 4491 2339 4570 alterius,

816 4603 954 4666 quae
983 4583 1318 4656 sufficeret,
1353 4580 1401 4641 si
1431 4582 1783 4643 auferretur
1809 4601 1908 4642 res
1935 4583 2161 4645 aliena.
2183 4586 2342 4644 Nam

816 4677 924 4758 qui
950 4694 1025 4736 ex
1054 4677 1377 4736 contractu
1408 4691 1670 4734 oneroso
1700 4673 1889 4736 debet
1905 4676 2196 4754 pretium,
2218 4695 2344 4739 non

813 4770 1021 4832 minus
1048 4771 1269 4847 peccat
1294 4765 1448 4826 illud
1477 4767 1826 4844 retinendo,
1861 4787 2050 4848 quam
2082 4770 2134 4830 si
2165 4788 2200 4830 a
2233 4770 2346 4831 do-

816 4862 985 4923 mino
1013 4860 1166 4921 illud
1183 4859 1517 4934 furaretur,
1542 4859 1829 4938 quamvis
1850 4862 2122 4938 pretium
2139 4863 2347 4924 adhuc

815 4975 941 5018 non
969 4954 1157 5017 fuerit
1185 4951 1301 5013 sub
1314 4952 1590 5014 dominio
1604 4953 1948 5014 creditoris,
1975 4955 2074 5014 Ad
2092 4957 2346 5017 tertium

815 5049 1023 5110 minus
1053 5047 1243 5109 etiam
1272 5046 1679 5124 conqueritur
1717 5046 1819 5107 ille
1843 5093 1858 5123 ,
1909 5046 2008 5107 cui
2036 5048 2205 5108 mille
2237 5048 2351 5110 do-

815 5142 1001 5217 nasti,
1033 5141 1083 5203 si
1114 5141 1192 5200 ab
1223 5158 1297 5200 eo
1318 5139 1479 5200 clam
1509 5140 1727 5200 decem
1757 5140 2050 5218 accipiaS,
2086 5159 2276 5221 quam
2298 5143 2349 5203 is

818 5235 918 5296 cui
946 5234 1100 5296 nihil
1121 5234 1476 5295 donaveras
1510 5252 1523 5293 :
1559 5231 1647 5293 sic
1695 5233 1885 5294 etiam
1919 5234 1972 5293 is
2001 5236 2098 5295 cui
2127 5234 2351 5297 libera-

813 5328 957 5389 liter
983 5325 1344 5408 promisisti,
1376 5326 1583 5386 minus
1612 5326 2041 5405 conqueritur,
2075 5346 2265 5407 quam
2295 5329 2347 5390 si

817 5440 893 5480 ex
920 5422 1243 5481 contractu
1277 5436 1542 5481 oneroso
1591 5418 1876 5480 deberes.
1924 5420 2102 5481 Ratio
2135 5427 2346 5482 autem

816 5513 879 5576 in
907 5516 1175 5591 utroque
1204 5513 1298 5573 est
1323 5511 1662 5590 gratitudo,
1689 5530 1880 5592 quam
1898 5512 2140 5574 liberali
2162 5514 2347 5574 bene-

1919 321 2021 381 DE
2062 321 2421 382 JUSTITIA
2463 322 2565 382 ΕΤ
2606 322 2806 383 JURE

2401 496 2621 558 factori
2651 496 2920 574 debent,
2972 499 3035 558 et
3078 495 3318 558 ratione
3359 496 3539 575 cujus
3565 495 3813 556 facilius
3841 512 3944 553 re-

2401 590 2657 651 mittunt
2684 590 2978 669 injuriam
3011 608 3027 654 :
3058 590 3108 651 si
3139 596 3350 652 tamen
3378 589 3611 650 vellent
3633 588 3740 668 jus
3756 605 3939 648 suum

2399 682 2746 762 rigorosum
2780 683 3071 760 retinere,
3105 702 3227 744 non
3256 682 3463 743 minus
3492 682 3581 743 eis
3602 682 3945 742 deberetur

2402 776 2741 852 restitutio,
2789 795 2979 857 quam
3008 775 3060 835 si
3090 775 3345 836 donatio
3374 774 3472 834 vel
3501 773 3835 853 promissio
3865 790 3940 833 ex

2405 886 2668 929 oneroso
2725 871 3049 929 contractu
3114 868 3552 946 praecessisset.
3612 865 3796 928 Unde
3860 865 3939 924 ad

2406 965 2699 1040 quartum
2754 961 3021 1021 dicimus
3040 1006 3056 1036 ,
3119 960 3271 1038 illud
3326 959 3681 1037 exemplum
3735 957 3942 1019 solum

2404 1053 2673 1131 probare
2698 1053 2831 1113 dari
2862 1053 3362 1129 fundamentum,
3396 1057 3468 1112 ut
3496 1050 3941 1130 promissarius

2408 1163 2532 1205 non
2569 1144 2657 1207 ita
2698 1145 2879 1207 facile
2925 1149 3341 1225 praesumatur
3384 1146 3665 1223 graviter
3710 1144 3945 1204 invitus

2408 1257 2480 1298 ex
2507 1238 2763 1299 laesione
2792 1237 3090 1317 suijuris,
3124 1237 3290 1317 quod
3325 1256 3400 1297 ex
3417 1236 3657 1298 liberali
3677 1235 3947 1314 promis-

2408 1332 2582 1391 sione
2611 1336 2817 1393 ortum
2845 1335 2975 1391 est:
3002 1330 3170 1410 quod
3200 1330 3368 1391 idem
3395 1328 3458 1388 in
3484 1327 3814 1389 donatario
3836 1326 3951 1405 qui

2406 1424 2599 1503 gratis
2626 1423 2856 1485 librum
2885 1427 3236 1503 acceperat,
3271 1423 3613 1501 procedere
3633 1420 3944 1481 diximus:

2409 1534 2534 1576 non
2564 1521 2772 1578 tamen
2802 1516 3030 1596 probat
3052 1563 3067 1592 ,
3116 1516 3285 1596 quo'd
3319 1534 3394 1575 ex
3425 1520 3652 1576 natura
3676 1514 3802 1589 rei,
3833 1531 3951 1592 per

2410 1629 2476 1669 se
2504 1609 2841 1689 loquendo,
2876 1614 3022 1670 etex
3045 1610 3208 1688 juris
3223 1609 3430 1687 rigore
3449 1627 3575 1669 non
3595 1607 3950 1687 possitpro-

2408 1702 2730 1764 missarius
2758 1721 2892 1763 esse
2921 1703 3198 1781 graviter
3223 1702 3452 1762 invitus
3473 1701 3638 1761 circa
3657 1700 3952 1760 eamdem

2407 1795 2759 1871 materiam,
2795 1796 2963 1856 circa
2994 1813 3180 1874 quam
3214 1796 3276 1854 in
3308 1796 3472 1855 furto
3505 1793 3815 1855 committi
3836 1809 3951 1872 po-

2407 1891 2529 1950 test
2558 1893 2885 1966 peccatum
2914 1889 3199 1949 mortale.

2492 1982 2765 2060 Opponit
2816 1985 3025 2042 tamen
3068 1980 3351 2042 Sanchez
3405 1981 3571 2041 dicto
3626 1997 3804 2040 num.
3845 1981 3945 2039 24.

2414 2075 2797 2135 eontrarium
2828 2074 3033 2153 colligi
3062 2093 3137 2134 ex
3157 2093 3294 2152 cap.
3354 2082 3634 2155 eoeparte,
3665 2072 3740 2133 de
3769 2072 3955 2132 censi-
3997 2094 4230 2162 neme&

2414 2167 2535 2244 bus,
2568 2166 2674 2228 ubi
2705 2168 2988 2229 Pontifex
3018 2167 3170 2228 dicit
3195 2167 3538 2229 liberaliter
3565 2166 3799 2242 oblata,
3851 2166 3954 2225 he-
4028 2167 4214 2208 ἔξω

2415 2262 2603 2340 nigne
2639 2261 2946 2338 exigenda
2976 2278 3133 2321 esse:
3159 2280 3281 2322 non
3328 2264 3591 2338 possunt
3616 2278 3766 2339 ergo
3810 2276 3955 2320 cum

2417 2354 2640 2414 eodem
2669 2354 2877 2432 rigore
2908 2353 3094 2431 exigi,
3143 2372 3216 2414 ac
3255 2353 3304 2414 si
3350 2373 3423 2413 ex
3454 2356 3781 2414 contractu
3810 2370 3955 2412 one·

2417 2466 2558 2508 roso
2588 2446 2988 2507 deberentur.
3024 2448 3258 2507 Verum
3292 2446 3393 2507 hic
3417 2450 3625 2507 textus
3655 2446 3960 2524 probaret

2419 2540 2608 2601 etiam
2631 2545 2849 2601 contra
2878 2540 3085 2618 ipsum
3119 2560 3132 2600 z
3167 2540 3252 2600 ibi
3283 2539 3449 2599 enim
3480 2554 3683 2599 sermo
3716 2541 3856 2598 erat
3880 2536 3958 2597 de

2422 2632 2632 2694 debito
2676 2650 2749 2692 ex
2789 2636 2937 2693 voto
2986 2632 3435 2710 proveniente,
3490 2650 3614 2711 quo
3660 2629 3853 2710 aliqui
3893 2640 3960 2689 se

2421 2729 2641 2803 sponte
2695 2724 3126 2803 obligaverant
3170 2724 3251 2784 ad
3303 2724 3669 2785 solvendam
3724 2728 3959 2784 certam

2422 2817 2719 2879 frumenti
2746 2835 3108 2877 mensuram
3139 2836 3412 2878 annuam
3441 2817 3721 2879 ecclesiae
3763 2814 3957 2876 sancti

2422 2910 2642 2972 Jacobi
2685 2914 2797 2970 :et
2822 2915 3028 2971 tamen
3082 2910 3215 2989 ipse
3273 2910 3579 2984 Sanchez,
3637 2913 3701 2970 et
3747 2908 3852 2968 alii
3877 2908 3964 2967 fa-

2423 3007 2655 3080 tentur,
2686 3002 2752 3063 in
2779 3005 2924 3064 voto
2952 3002 3237 3063 sufficere
3267 3002 3349 3064 ad
3397 2991 3726 3081 peccatum
3768 3018 3960 3079 grave

2427 3097 2492 3158 id
2521 3096 2690 3176 quod
2717 3096 2780 3155 in
2812 3096 2947 3156 aliis
2977 3097 3306 3175 praeceptis
3350 3106 3413 3157 et
3453 3095 3682 3155 debitis
3708 3112 3790 3154 ex
3818 3111 3958 3154 con-

2428 3195 2634 3253 tractu
2664 3208 2927 3251 oneroso
2957 3190 3294 3252 snfficeret.
3340 3191 3468 3250 Nec
3496 3187 3580 3249 ibi
3612 3192 3783 3249 certe
3811 3205 3958 3266 age·
3988 3245 3993 3252 .

2431 3285 2613 3345 batur
2669 3283 2747 3343 de
2774 3282 3039 3343 materia
3076 3301 3292 3361 parva,
3353 3282 3465 3343 sed
3505 3300 3759 3360 magna,
3823 3297 3959 3359 quae

2433 3377 2621 3437 etiam
2667 3376 2731 3435 in
2772 3375 3184 3454 promissione
3219 3375 3493 3454 gratuita
3524 3373 3762 3435 homini
3795 3374 3962 3434 facta

2434 3469 2740 3548 obligaret
2780 3468 2861 3528 ad
2907 3468 3156 3547 culpam
3201 3486 3482 3547 gravem.
3542 3466 3702 3540 Quia
3755 3471 3965 3527 tamen

2436 3581 2535 3622 res
2565 3566 2700 3623 erat
2726 3561 2940 3636 dubia,
2999 3560 3075 3620 ad
3127 3579 3318 3638 quam
3373 3578 3736 3621 mensuram
3764 3578 3835 3619 se
3860 3576 3967 3619 vo·

2434 3656 2697 3716 luissent
2721 3657 2867 3715 voto
2897 3653 3198 3732 obligare,
3231 3653 3454 3714 merito
3478 3651 3788 3733 judicavit
3816 3654 3967 3712 Pon·

2436 3750 2607 3825 tifex,
2650 3765 2777 3808 non
2806 3765 2941 3808 esse
2989 3746 3306 3825 cogendos
3334 3746 3413 3806 ad
3446 3763 3808 3809 mensuram
3844 3762 3966 3805 ma-

2431 3842 2636 3923 jorem
2661 3888 2676 3918 ,
2733 3841 2881 3919 quia
2927 3840 2988 3899 in
3036 3840 3225 3900 dubio
3256 3856 3382 3899 non
3412 3843 3506 3900 est
3534 3837 3970 3917 praesumenda

2437 3937 2660 4014 major,
2692 3933 2801 3994 sed
2831 3933 3037 3994 minor
3064 3932 3359 4010 obligatio
3389 3931 3452 3990 in
3482 3950 3578 4008 eo,
3615 3931 3720 4010 qui
3752 3949 3875 3991 non
3897 3948 3971 3989 ex

2441 4029 2677 4104 debito,
2711 4027 2818 4088 sed
2849 4025 3183 4087 liberaliter
3217 4043 3282 4086 sc
3313 4026 3633 4103 obligavit.

2521 4113 2855 4200 Supposito
2889 4137 3059 4197 erg0‚
3095 4118 3265 4198 quod
3295 4121 3500 4196 potest
3536 4117 3883 4196 promissor
3907 4135 3969 4178 se

2443 4214 2720 4295 graviter
2761 4213 2919 4273 velle
2968 4211 3246 4290 obligare
3293 4210 3374 4271 ad
3402 4211 3733 4272 materiam
3762 4211 3967 4288 etiam,

2443 4324 2583 4388 quae
2614 4307 2675 4365 in
2703 4305 2868 4366 furto
2917 4307 3081 4365 esset
3111 4303 3342 4383 graviS,
3373 4307 3610 4364 rest-are
3639 4304 3841 4364 solum
3869 4321 3970 4382 po·

2443 4404 2568 4461 test
2596 4397 2879 4472 dubium,
2915 4414 2993 4456 an
3025 4396 3103 4456 de
3125 4396 3287 4458 sacto
3319 4414 3461 4456 cum
3484 4414 3556 4456 eo
3587 4396 3796 4475 rigore
3827 4393 3972 4456 ohli-

2442 4511 2593 4572 gare
2621 4509 2687 4552 se
2717 4489 3000 4551 intendat
3033 4509 3047 4550 :
3107 4489 3275 4569 quod
3330 4487 3583 4569 quidem
3631 4507 3707 4549 ex
3735 4487 3973 4567 conjec-
4064 4499 4065 4502 ’

2444 4585 2598 4647 turis
2648 4587 2711 4645 et
2748 4582 3074 4661 prudentis
3117 4582 3374 4643 arbitrio
3413 4581 3831 4660 judicandum
3860 4585 3969 4641 est.

2444 4681 2523 4740 Et
2550 4677 2805 4757 quidem
2835 4675 3085 4755 quando
3116 4674 3536 4753 chirographo
3558 4720 3573 4750 ,
3608 4674 3703 4733 vel
3753 4674 3975 4734 instru-

2445 4773 2656 4832 mento
2696 4769 2777 4828 ad
2818 4768 2939 4828 hoc
2986 4786 3061 4828 ex
3099 4767 3406 4828 industria
3434 4767 3579 4827 dato
3610 4785 3676 4826 se
3708 4766 3971 4845 obligat,

2447 4882 2572 4924 non
2617 4861 2801 4923 video
2837 4879 2950 4922 cur
2995 4861 3339 4922 debeamus
3369 4858 3767 4937 interpretari
3807 4857 3977 4939 quod

2448 4956 2603 5017 nolit
2629 4956 2693 5015 in
2720 4972 3117 5034 quacumque
3164 4954 3430 5014 materia
3459 4952 3536 5012 de
3593 4970 3661 5012 se
3706 4952 3884 5031 gravi
3913 4970 3977 5012 se

2448 5049 2726 5128 graviter
2755 5047 3031 5126 obligare
3065 5065 3078 5110 :
3106 5046 3272 5126 quod
3305 5046 3472 5106 idem
3499 5045 3629 5106 iere
3659 5048 3776 5120 est,
3829 5063 3978 5124 quo-

2448 5143 2566 5204 ties
2586 5140 2878 5220 expresse
2907 5141 3041 5202 vult
3068 5159 3132 5201 se
3164 5158 3237 5199 ex
3285 5137 3523 5216 iustitia
3575 5138 3673 5199 vel
3701 5138 3981 5217 graviter

2451 5235 2728 5313 obligare
2773 5233 2853 5293 ad
2907 5252 3043 5294 rem
3097 5233 3491 5312 promissam,
3543 5249 3691 5292 nam
3719 5249 3794 5291 eo
3843 5231 3978 5309 ipso

2450 5329 2700 5389 videtur
2750 5328 2913 5389 velle
2963 5328 3284 5407 imponere
3341 5325 3456 5386 sibi
3505 5324 3975 5404 obligationem,

2446 5421 2626 5483 cu'us
2654 5421 2920 5484 materia
2949 5421 3083 5500 ipsa
3113 5438 3309 5499 capax
3339 5424 3451 5494 est,
3487 5422 3548 5480 et
3577 5418 3863 5496 obligare
3885 5436 3974 5494 se,

2446 5514 2610 5576 sicut
2661 5521 2724 5574 in
2769 5514 3192 5575 contractibus
3239 5505 3751 5574 onerosis'solent
3778 5509 3981 5571 homi-

4092 1989 4179 2046 122
