4263 6376
664 1829 734 1886 21

608 1954 674 1996 Αῐι
743 1953 817 1994 ssit

566 1966 852 2049 liiiusffitilias

567 2061 696 2104 semel
714 2061 863 2113 per-‹le-

568 2126 629 2164 re,
670 2121 862 2167 quantum

566 2173 707 2222 posset
725 2167 865 2209 ludere

598 2225 685 2264 ίοιο
712 2233 789 2263 111111

668 2864 745 2922 22

572 2990 634 3032 An
654 2988 721 3043 qui
735 2988 869 3030 lucra·

597 3048 677 3105 tur,
705 3043 847 3106 possit·

705 3109 727 3137 e

613 3150 759 3200 nescit,
777 3129 828 3191 εἰη

607 3204 727 3245 aliam
747 3204 830 3257 jam

604 3256 840 3312 perdiderit.

679 5203 756 5263 23

614 5331 677 5371 An
697 5329 844 5371 debeat

585 5389 716 5425 10111111
755 5383 880 5425 10511-

586 5442 717 5488 mere,
738 5450 789 5479 au
810 5450 884 5479 so-

604 5492 690 5534 lum
709 5503 861 5534 cxc-,ez-

681 5557 790 5588 sum.

898 348 1018 412 506

903 526 1093 587 etiam
1124 528 1330 606 quoad
1360 530 1667 592 minorem
1695 529 1916 591 saltem
1946 549 2258 592 summam
2288 548 2432 592 cum

903 618 1113 680 debita
1153 622 1557 699 proportione
1604 623 1682 684 de
1729 623 1872 684 filiis
1911 623 2321 685 existentibus
2368 624 2432 684 in

903 711 1088 772 domo
1120 716 1379 789 paterna
1406 712 1761 794 intelligunt
1790 716 2028 777 Rebell.
2062 717 2335 793 Medina,
2369 720 2432 778 et

906 803 1007 863 alii
1038 822 1194 882 quos
1223 807 1491 869 afferunt
1521 810 1697 870 Salas
1726 809 1875 870 dub.
1902 826 1988 871 Χι.
2022 814 2085 871 et
2104 810 2336 871 Sanch.
2364 829 2426 871 n.

902 900 964 957 3.
998 897 1103 975 qui
1133 897 1197 956 in
1225 897 1345 959 hoc
1373 899 1561 961 etiam
1592 902 2004 965 censentiunt.
2026 903 2284 964 Addunt
2302 901 2429 979 alii,

906 989 955 1049 si
984 990 1148 1051 filius
1177 991 1354 1052 exiis
1401 1013 1542 1072 quae
1572 1014 1609 1054 a
1635 1001 1812 1074 patre
1861 995 2088 1074 accipit
2129 997 2209 1056 ad
2255 1013 2433 1056 suam

906 1086 1422 1146 sustentationem
1448 1135 1463 1164 ,
1510 1107 1697 1167 parce
1727 1089 1994 1149 vivendo
2026 1089 2265 1169 aliquid
2294 1089 2437 1150 sub-

882 1175 1153 1254 trahat,
1203 1196 1385 1257 posse
1434 1180 1496 1240 id
1534 1185 1734 1243 totum
1782 1181 2031 1258 ludere,
2070 1183 2222 1252 dum
2252 1201 2325 1243 ea
2356 1182 2434 1243 de

907 1287 1096 1330 causa
1134 1289 1257 1331 non
1306 1273 1487 1351 plura
1525 1274 1823 1335 alimenta
1875 1279 2067 1354 petat.
2112 1278 2203 1337 lta
2245 1280 2430 1338 Azor.

907 1381 1096 1441 quem
1123 1365 1402 1446 sequitur
1422 1367 1612 1429 etiam
1633 1369 1809 1430 Salas
1829 1368 1977 1430 dub.
1995 1371 2125 1429 XV.
2155 1369 2258 1448 qui
2281 1369 2432 1430 dub.

906 1472 1035 1517 xvl.
1069 1457 1221 1518 dicit
1248 1476 1392 1518 cum
1423 1460 1700 1537 Rebello,
1736 1462 1787 1520 si
1817 1466 1997 1540 pater
2023 1462 2151 1522 filio
2176 1463 2238 1521 in
2256 1461 2438 1522 scho-

906 1548 983 1609 lis
1018 1551 1294 1612 versanti
1334 1553 1567 1614 tribuat
1602 1573 1676 1613 ex
1714 1573 1831 1615 sua
1875 1554 2251 1616 liberalitate
2297 1558 2434 1616 100.

912 1661 1134 1704 aureos
1147 1644 1227 1703 ad
1241 1644 1559 1723 alimenta,
1580 1665 1723 1708 cum
1743 1651 1841 1711 70.
1858 1648 2237 1725 sufficerent,
2258 1667 2440 1728 posse

910 1736 1009 1795 30.
1046 1752 1083 1794 a
1111 1735 1237 1795 filio
1265 1736 1413 1798 ludo
1443 1739 1690 1817 exponi.

993 1827 1322 1889 Dubitatur
1348 1829 1581 1907 primo,
1616 1850 1694 1891 an
1727 1832 1788 1896 id
1819 1831 1987 1911 quod
2016 1832 2181 1893 filius
2209 1851 2322 1911 per
2350 1837 2445 1894 to-

909 1924 1045 1982 tum
1064 1940 1299 1982 annum
1326 1924 1543 1984 ludere
1574 1932 1783 2003 posset
1807 1925 1972 1985 licite
1992 1971 2007 2000 ,
2031 1926 2229 2004 possit
2256 1927 2444 1987 etiam

913 2014 1104 2075 semel
1136 2014 1310 2077 initio
1342 2017 1489 2078 anni
1543 2022 1741 2079 totum
1793 2018 1975 2078 simul
2031 2018 2248 2079 ludere
2302 2036 2445 2078 cum

915 2107 1121 2168 animo
1153 2128 1276 2170 non
1306 2110 1562 2171 ludendi
1591 2111 1818 2173 iterum
1849 2111 1910 2170 in
1938 2116 2066 2173 toto
2096 2112 2303 2173 anno?
2331 2115 2447 2172 Ne-

793 2234 834 2265 ο.
913 2204 1066 2279 gant
1103 2201 1336 2281 aliqui,
1380 2222 1536 2282 quos
1572 2207 1754 2266 affert
1781 2205 2062 2265 Sanchez
2093 2225 2156 2270 n.
2189 2208 2250 2267 6.
2301 2205 2450 2284 quia

914 2312 1254 2355 consensus
1283 2297 1478 2374 patris
1506 2297 1754 2358 videtur
1781 2316 1952 2373 esse,
2000 2302 2070 2359 ut
2109 2303 2239 2359 toto
2284 2315 2445 2358 anno

913 2387 1365 2450 recreationem
1394 2389 1625 2450 habere
1655 2391 1869 2469 possit.
1906 2392 2042 2469 lpse
2062 2395 2274 2451 tamen
2296 2391 2448 2452 San-

914 2479 1064 2540 chez
1104 2481 1327 2542 merito
1369 2482 1643 2544 affirmat
1697 2502 1710 2544 :
1773 2484 1918 2563 quia
1947 2483 2000 2544 si
2029 2484 2191 2544 filius
2218 2503 2451 2544 renun-

911 2571 1027 2634 tiat
1054 2572 1361 2651 ejusmodi
1390 2574 1765 2637 recreationi
1812 2580 2093 2654 tempore
2139 2577 2444 2655 sequenti,

914 2669 984 2726 ut
1009 2667 1201 2726 semel
1226 2668 1531 2746 maJorem
1561 2667 1791 2730 habeat
1812 2714 1828 2745 ,
1885 2686 2009 2729 non
2038 2668 2287 2731 videtur
2315 2668 2450 2730 haec

915 2758 1175 2819 mutatio
1206 2777 1339 2820 esse
1365 2763 1584 2821 contra
1612 2760 1806 2839 patris
1834 2762 2245 2823 voluntatem.

995 2851 1326 2913 Dubitatur
1355 2854 1652 2930 secundo,
1685 2872 1765 2914 an
1795 2854 1899 2933 qui
1927 2855 2207 2916 lucratur
2234 2873 2269 2914 a
2298 2855 2451 2915 filio-

916 2945 1186 3006 familios
1215 2964 1355 3005 eam
1385 2965 1697 3007 summam
1734 2965 1924 3026 quam
1961 2952 2090 3009 toto
2120 2966 2284 3008 anno
2317 2965 2453 3026 pos-

916 3042 1012 3099 set
1036 3038 1298 3118 perdere
1320 3085 1336 3116 ,
1370 3039 1598 3101 debeat
1626 3039 1940 3118 inquirere
1972 3058 2049 3099 an
2074 3039 2209 3119 jam
2236 3058 2308 3100 eo
2344 3059 2444 3099 an·

918 3150 997 3193 no
1027 3149 1338 3192 summam
1384 3132 1555 3193 illam
1604 3133 1968 3212 expenderit
1996 3132 2057 3193 in
2085 3133 2222 3193 aliis
2242 3133 2450 3213 jactu·

917 3225 1002 3285 ris
1030 3273 1046 3303 ,
1079 3244 1159 3286 an
1188 3243 1336 3286 vero
1367 3227 1562 3305 possit
1590 3226 1835 3287 lucrum
1867 3226 2018 3287 illud
2046 3226 2181 3287 sine
2209 3225 2330 3286 alia
2359 3226 2454 3286 in-

918 3319 1251 3398 quisitione
1279 3319 1548 3380 retinere
1568 3320 1598 3381 ¹?
1650 3320 1884 3383 Volunt
1936 3319 2127 3398 aliqui
2185 3320 2453 3381 retinere

917 3431 1043 3474 non
1064 3430 1267 3491 posse.
1301 3413 1519 3474 Melius
1545 3416 1752 3474 tamen
1785 3413 2014 3476 Sanch.
2049 3431 2195 3473 cum
2222 3413 2359 3474 aliis
2387 3412 2449 3474 d.

918 3506 1068 3568 dub.
1103 3525 1145 3567 1.
1181 3524 1352 3566 num.
1385 3510 1444 3567 6.
1480 3506 1631 3567 dicit
1658 3525 1840 3586 posse
1864 3553 1880 3582 ,
1932 3506 1981 3566 si
2018 3506 2455 3566 filiusfamilias

917 3600 1433 3661 consuetudinem
1465 3619 1590 3660 non
1621 3600 1810 3660 habet
1836 3618 1977 3660 cum
2008 3600 2144 3660 aliis
2170 3599 2449 3660 ludendi.

920 3694 981 3756 Si
1013 3697 1225 3754 autem
1256 3710 1395 3752 eam
1426 3692 1692 3768 habeat,
1736 3692 1927 3753 debet
1951 3692 2032 3753 ab
2063 3693 2285 3753 eodem
2310 3738 2325 3768 ‚
2359 3691 2456 3752 vel

917 3788 996 3848 ab
1028 3787 1147 3847 alio
1178 3786 1439 3866 inquiri;
1489 3804 1569 3846 an
1603 3786 1762 3845 ultra
1793 3785 1854 3845 id
1898 3785 2067 3864 quod
2097 3785 2314 3844 ludere
2345 3802 2458 3863 po-

918 3885 1120 3957 terat,
1153 3898 1227 3941 00
1258 3898 1421 3940 anno
1456 3878 1758 3940 amiserit.
1818 3879 1881 3939 Si
1914 3883 2124 3938 autem
2157 3878 2300 3938 sciri
2333 3895 2456 3936 non

918 3974 1146 4053 possit,
1203 3973 1470 4034 retinere
1511 3991 1693 4051 posse
1723 3972 2001 4048 lucrum,
2062 3971 2211 4050 quia
2238 3971 2459 4030 melior

920 4073 1014 4129 est
1041 4067 1313 4131 conditio
1361 4065 1757 4146 possidentis.
1818 4067 1896 4126 Et
1936 4065 2190 4144 quidem
2231 4065 2460 4124 durum

920 4161 1076 4223 mihi
1104 4160 1354 4224 videtur
1406 4159 1472 4219 in
1529 4158 1718 4218 dubie
1771 4158 2120 4219 lucrantem
2153 4157 2455 4235 obligare,

922 4254 1068 4333 quia
1098 4252 1374 4332 alioquin
1394 4298 1409 4329 ,
1460 4250 1706 4311 etiamsi
1741 4268 1939 4310 unum
1966 4250 2169 4310 solum
2197 4266 2462 4310 aureum

920 4349 1197 4407 lucratus
1231 4349 1431 4420 esset,
1482 4343 1741 4403 deberet
1765 4342 1940 4402 illum
1969 4342 2297 4403 restituere
2322 4387 2338 4415 ‚
2386 4359 2463 4400 ne

924 4442 1080 4502 sorte
1102 4439 1237 4519 jam
1266 4439 1439 4517 prius
1491 4442 1688 4499 totam
1743 4454 2056 4497 summam
2098 4435 2454 4497 amisisset:

924 4536 1048 4595 imo
1098 4538 1162 4593 et
1188 4533 1567 4611 quicumque
1597 4531 1677 4591 ab
1708 4548 1780 4591 eo
1809 4531 2275 4607 eleemosynam
2299 4574 2314 4604 ‚
2363 4528 2462 4588 vel

923 4629 1090 4688 dona
1121 4625 1329 4704 aliqua
1360 4624 1713 4703 acciperet,
1775 4623 2033 4684 deberet
2061 4622 2142 4682 ob
2173 4622 2463 4682 eamdem

922 4739 1177 4784 causam
1204 4718 1493 4780 reddere.
1555 4716 1815 4790 Quando
1848 4735 1997 4793 ergo
2047 4734 2173 4775 non
2222 4720 2466 4775 constat

924 4837 1000 4878 ex
1027 4810 1508 4876 circumstantiis
1536 4811 1883 4889 periculum
1914 4809 2261 4887 probabile,
2296 4807 2465 4886 quod

917 4910 1050 4990 jam
1082 4926 1155 4969 eo
1185 4924 1333 4966 casu
1360 4921 1670 4964 summam
1697 4902 1931 4962 licitam
1962 4901 2313 4976 excederet,
2340 4918 2465 4959 non

926 5002 1176 5063 videtur
1201 4996 1712 5080 praesumendum
1743 4995 2038 5056 delictum
2062 5042 2078 5072 ,
2121 4994 2230 5055 sed
2261 4992 2468 5072 potius

929 5096 1097 5178 quod
1127 5094 1294 5155 licite
1325 5089 1710 5152 alienaverit.

1009 5188 1339 5251 Dubitatur
1386 5183 1567 5246 tertio
1592 5230 1608 5260 ,
1654 5201 1735 5243 an
1777 5181 1883 5261 qui
1913 5200 2101 5259 supra
2133 5199 2274 5241 eam
2302 5197 2468 5240 sum-

930 5378 1258 5439 restituere
1294 5418 1308 5447 ,
1366 5390 1445 5431 an
1499 5371 1701 5430 solum
1759 5386 2082 5427 excessum
2139 5385 2328 5444 supra
2382 5364 2470 5441 id,

935 5469 1104 5551 quod
1133 5466 1349 5528 ludere
1381 5462 1672 5542 poterat?
1718 5462 1927 5522 Alcoz.
1965 5460 2073 5524 lib.
2104 5458 2174 5520 de
2211 5458 2345 5521 ludo
2373 5477 2469 5521 ca.

2058 351 2160 412 DE
2204 353 2560 414 JUSTI'I'IA
2604 353 2704 415 ΕΤ
2746 354 2948 416 JURE

2532 532 2841 594 consentit
2866 534 2900 598 J
2908 549 3143 594 oannes
3170 530 3407 594 Medin.
3442 528 3517 589 de
3542 528 3911 601 restitutione,
3936 546 4011 606 (111

2532 641 2592 687 x.
2644 624 2792 703 quia
2835 631 3003 687 totus
3046 624 3180 690 ludi
3225 628 3590 685 contractus
3619 620 3887 681 redditur
3908 627 4014 680 tune

2533 717 2813 778 vitiosuS.
2847 718 3065 779 Melius
3096 721 3306 778 tamen
3335 715 3438 777 alii
3471 715 3711 790 dicunt,
3745 713 3924 774 solum
3946 733 4017 772 ex·

2533 829 2778 871 cessum
2803 810 3289 882 restituendum;
3341 809 3492 888 quia
3532 807 3742 886 quoad
3771 807 3926 865 illum
3948 826 4017 866 50-

2531 903 2661 964 111111
2692 904 2947 964 vitiatur
2972 907 3349 966 contractus
3403 902 3499 962 Ita
3542 899 3825 962 Sanchez
3865 903 4014 958 1111.“1.

2533 1014 2678 1057 cum
2711 995 2867 1057 aliis,

2616 1090 2945 1152 Dubitatur
2971 1092 3216 1169 quarto,
3263 1106 3344 1148 an
3395 1085 3920 1160 51011115ϊο111111115,
3945 1086 4018 1163 qui

2536 1187 2760 1262 potest,
2793 1202 2853 1244 v.
2886 1202 2981 1261 gr.
3011 1182 3275 1262 perdere
3307 1181 3586 1261 quinque
3608 1197 3852 1253 aureos,
3871 1178 4022 1237 lucre·

2536 1279 2640 1335 tur
2669 1275 3017 1335 successive
3046 1275 3299 1354 viginti,
3350 1274 3549 1353 possit
3588 1290 3695 1332 eos
3741 1271 4022 1332 0111110510-
4057 1270 4076 1310 ῗ

2539 1369 2686 1429 dere
2716 1373 2778 1430 et
2806 1368 3118 1446 perdere?
3169 1368 3347 1429 Ratio
3380 1365 3712 1427 dubitandi
3750 1371 3874 1442 est,
3916 1365 4023 1442 quia

2541 1479 2614 1522 eo
2643 1462 2777 1540 ipso
2799 1462 2969 1541 quod
2995 1461 3133 1522 illos
3150 1461 3374 1539 viginti
3402 1460 3685 1520 lucratus
3713 1461 3827 1533 est,
3848 1457 4026 1518 cedunt

2541 1554 2700 1633 patri
2732 1555 2836 1633 qui
2867 1573 2991 1615 non
3020 1555 3331 1615 consentit
3357 1557 3548 1613 tantae
3568 1551 3857 1630 jacturae.
3884 1552 4026 1611 Caete-

2541 1666 2681 1707 rum
2701 1694 2716 1723 ,
2769 1647 3022 1727 quando
3051 1646 3219 1708 idem
3247 1646 3457 1707 adhuc
3483 1645 3675 1705 ludus
3701 1647 4025 1723 perseveret,

2543 1760 2759 1802 omnes
2813 1741 3088 1802 fatentur
3139 1740 3205 1799 id
3247 1739 3383 1800 fieri
3417 1757 3627 1818 posse,
3663 1737 3812 1816 quia
3837 1737 4027 1796 lucrum

2542 1834 2695 1895 illud
2727 1838 2821 1895 est
2845 1834 3047 1893 solum
3082 1834 3252 1911 quod
3282 1832 3572 1893 absoluto
3601 1830 3756 1890 ludo
3783 1836 4026 1890 remanet.

2546 1931 2638 1990 Ita
2684 1927 2928 1988 Silvest.
2990 1925 3214 2004 Angel.
3266 1926 3532 1985 Navarr.
3595 1929 3662 1985 et
3707 1923 3812 1982 alii
3854 1923 4027 2000 plures,

2547 2039 2704 2101 quos
2733 2020 3015 2097 congerit
3044 2022 3105 2079 et
3132 2018 3413 2096 sequitur
3443 2016 3683 2078 Sanch.
3709 2015 3856 2076 dub.
3877 2031 4026 2074 111111.

2550 2118 2603 2174 1.
2637 2111 2815 2175 Unde
2846 2130 2962 2190 ego
2989 2111 3208 2183 infero,
3236 2128 3417 2189 posse
3440 2109 3503 2168 in
3526 2108 3756 2168 eodem
3784 2107 3917 2167 ludo
3941 2125 4032 2184 per·

2549 2207 2696 2268 dere
2730 2224 2850 2266 non
2872 2205 3074 2264 solum
3103 2204 3167 2263 id
3205 2202 3372 2282 quod
3407 2201 3696 2262 luc-ratus
3722 2201 3930 2274 fuerat,
3957 2199 4028 2259 sed

2548 2300 2736 2360 etiam
2792 2298 2851 2358 id
2904 2296 3074 2376 quod
3130 2296 3209 2356 de
3266 2313 3377 2355 suo
3436 2294 3711 2373 perdere
3768 2293 4026 2372 potuim

2551 2390 2810 2466 Quando
2845 2408 2990 2450 vero
3021 2408 3143 2452 non
3175 2393 3269 2449 est
3296 2387 3466 2448 idem
3504 2387 3699 2447 ludus
3720 2433 3739 2462 ,
3800 2405 3872 2446 an
3899 2387 4030 2464 po&

2550 2485 2650 2545 die
2679 2483 2965 2563 sequenti
3020 2486 3221 2543 totum
3266 2481 3330 2540 id
3383 2480 3557 2559 quod
3587 2480 3866 2541 lucratus
3889 2480 4033 2539 fuerat

2550 2597 2693 2640 cum
2722 2577 2944 2638 eodem
2976 2574 3239 2654 perdere
3272 2594 3284 2634 :
3321 2576 3570 2651 Negant
3585 2572 3870 2648 Armine,
3897 2572 4030 2632 Gahr.

2551 2677 2613 2733 et
2643 2670 2890 2732 Rosella
2910 2668 3078 2746 apud
3111 2666 3343 2730 Sanch.
3380 2686 3442 2727 n.
3477 2668 3539 2726 2.
3573 2666 3713 2745 ipse
3731 2671 3928 2726 tamen
3945 2683 4034 2723 me-

2549 2765 2669 2824 lius
2699 2781 2842 2823 cum
2873 2761 3194 2836 Silvestro,
3229 2762 3539 2833 NavarrO,
3573 2758 3841 2836 Angelo,
3871 2763 3922 2818 et
3943 2757 4036 2816 «1111.ς

2551 2856 2839 2919 concedit
2867 2874 2940 2914 ex
2970 2855 3262 2934 aequitate
3290 2899 3306 2929 ‚
3341 2853 3492 2931 quia
3525 2859 3708 2930 pater
3733 2852 3930 2911 volens
3952 2851 4033 2910 filit

2546 2952 2768 3012 ludum
2790 2948 3166 3027 permittere,
3187 2951 3481 3007 censetur
3495 2945 3818 3006 licentiam
3833 2944 3976 3016 dare,
3989 2953 4032 3000 u:

2549 3044 2697 3104 ludo
2724 3045 2994 3121 exponat
3021 3040 3083 3100 id
3104 3039 3272 3119 quod
3291 3039 3442 3099 ludo
3459 3040 3746 3100 lucratus
3765 3037 3962 3109 suerat,
3987 3055 4032 3092 ne

2552 3155 2775 3218 parum
2791 3135 2990 3196 civilis
3003 3137 3330 3212 reputetur
3345 3132 3427 3193 ab
3444 3150 3520 3193 00
3554 3131 3662 3211 (1111
3694 3129 4004 3210 perdiderat
4023 3147 4033 3184 .·

2552 3231 2669 3292 nisi
2699 3231 2857 3291 forte
2880 3228 3014 3306 jam
3040 3228 3286 3288 lucrum
3318 3225 3712 3303 dissipasset,
3734 3228 3794 3285 et
3817 3224 3935 3283 sine
3959 3222 4039 3280 uti·

2552 3325 2725 3385 litate
2781 3321 2976 3400 patris
3032 3318 3488 3397 insumpsisset.
3566 3317 3843 3395 Denique
3891 3320 4039 3375 totum

2555 3416 2704 3477 illud
2737 3417 2982 3476 lucrum
3011 3425 3193 3491 posse
3223 3429 3369 3472 cum
3398 3409 3540 3471 aliis
3569 3408 3829 3470 diversis
3851 3407 4036 3468 ludere.

2556 3516 2619 3571 et
2647 3508 2909 3587 perdere
2939 3507 3061 3567 alia
3091 3504 3223 3580 die,
3257 3504 3492 3564 fatetur
3522 3501 3693 3565 idem
3722 3500 3936 3563 Sanch.
3965 3518 4036 3557 nu.

2556 3607 2615 3665 3.
2651 3620 2796 3662 cum
2824 3602 3071 3661 Bannes
3101 3602 3159 3659 2.
3193 3601 3251 3657 2.
3289 3616 3396 3675 qu.
3430 3611 3630 3656 xxxn.
3679 3614 3768 3655 ar.
3799 3599 3852 3653 ἵ.
3878 3593 3932 3670 ἓ.
3961 3590 4038 3650 Re·

2553 3693 2868 3777 spondetur
2901 3713 2913 3755 ε
2966 3691 3132 3771 quod
3174 3690 3342 3750 enirn
3381 3688 3576 3749 etiam
3605 3687 3844 3748 videtur
3865 3685 4038 3747 11110551

2552 3786 3062 3865 interpretativus
3091 3784 3282 3862 patris
3312 3799 3684 3842 consensus,

2638 3881 2908 3941 Infertur
2936 3882 3191 3957 quarto,
3221 3875 3372 3954 quid
3404 3873 3745 3934 dicendum
3772 3872 3842 3932 sit
3868 3870 3942 3930 de
3963 3865 4038 3927 mi
4117 3862 4133 3925 l

2558 3973 2836 4048 noribuS,
2879 3971 2957 4031 de
2993 3970 3238 4049 quibus,
3275 3987 3351 4027 an
3385 3972 3449 4028 et
3468 3966 3788 4046 quomodo
3813 3964 3880 4023 ab
3907 3961 4040 4021 eisin
4086 3993 4133 4033 ffl

2557 4067 2705 4129 ludo
2733 4065 2987 4126 lucrans
3016 4063 3246 4123 debeat
3271 4060 3517 4119 lucrum
3551 4060 3898 4131 restituere,
3926 4054 4042 4113 dixi-
4071 4050 4132 4137 {2¹

2559 4179 2699 4221 mus
2729 4158 2791 4219 d.
2830 4157 2991 4235 disp.
3026 4157 3214 4216 XXII.
3246 4152 3318 4213 de
3344 4161 3635 4213 contract.
3669 4158 3813 4213 sect.
3841 4166 3892 4210 1.
3919 4165 4044 4207 nem-
4119 4104 4132 4193 1

2561 4272 2661 4332 110,
2695 4251 2747 4311 51
2777 4250 2984 4310 minor
3012 4252 3368 4308 curatorem
3402 4246 3597 4305 etiam
3628 4242 3942 4306 habenssit
3961 4258 4045 4318 pu-

2560 4346 2693 4420 1105,
2726 4343 2826 4403 vel
2856 4341 3172 4421 pubertati
3193 4338 3554 4418 proximus,
3608 4338 3731 4401 hoc
3753 4342 3874 4410 est,
3912 4350 4044 4395 exee-

2562 4438 2716 4499 dens
2746 4435 3062 4496 decimum
3092 4450 3328 4493 annum
3369 4448 3518 4491 cum
3567 4430 3826 4493 dimidio
3850 4475 3865 4502 ,
3913 4426 3956 4484 51
3993 4423 4046 4482 sit

2560 4527 2899 4601 masculus,
2931 4526 3029 4586 vel
3059 4542 3294 4584 nonum
3327 4540 3471 4583 cum
3503 4522 3791 4597 dimidio,
3821 4521 3865 4581 si
3900 4517 4050 4579 sitfe-

2560 4623 2731 4683 mina
2756 4668 2771 4697 ,
2831 4638 2974 4680 eum
3000 4665 3015 4695 ,
3081 4617 3184 4697 qui
3242 4618 3321 4687 ab
3375 4635 3454 4676 00
3503 4617 3782 4679 lucratus
3806 4621 3888 4675 est
3913 4624 4046 4690 pus&

2562 4717 2808 4776 lucrum
2832 4713 3124 4786 retinere,
3159 4712 3311 4771 dum
3341 4709 3553 4773 11111101·
3581 4708 3714 4787 ipse.
3741 4707 4052 4785 1010111511-

2563 4814 2663 4871 tor
2708 4811 2818 4868 aut
2859 4808 3111 4866 curator
3165 4801 3470 4864 beneficio
3520 4802 3916 4864 restitutionis
3962 4812 4048 4855 11011

2567 4901 2801 4977 utitur,
2854 4898 3004 4978 quia
3047 4896 3253 4957 minor
3306 4894 3684 4957 naturaliter
3712 4892 3952 4972 obligan'
3975 4905 4052 4967 po-

2567 4995 2706 5058 tuit.

2647 5086 2920 5148 Insertur
2947 5084 3187 5163 quinto,
3224 5082 3373 5161 quid
3404 5080 3745 5141 dicendum
3773 5080 3846 5140 sit
3868 5078 3940 5138 de
3965 5093 4052 5135 ser·
4129 5094 4132 5153 j

2569 5180 2664 5242 vis
2684 5226 2698 5255 ,
2758 5179 2838 5239 de
2881 5178 3107 5257 quibus
3137 5175 3454 5255 quomodo
3482 5174 3723 5235 donare
3753 5178 3810 5234 et
3834 5172 4047 5231 alienar·

858 5302 863 5305 ·
928 5281 1442 5357 mam01ucratus
1494 5280 1622 5352 est,
1670 5275 1900 5336 debeat
1954 5278 2155 5335 totum
2221 5272 2473 5333 lucrum
2573 5273 2815 5353 possint
2868 5291 2942 5331 ex
2990 5288 3298 5331 consensu
3349 5268 3821 5344 interpretativo
3843 5260 4050 5324 domini

2574 5366 2673 5427 vel
2704 5365 2893 5426 etiam
2935 5364 3067 5424 sine
3097 5362 3231 5441 ejus
3262 5380 3572 5422 consensu
3595 5406 3610 5435 ,
3671 5359 3921 5419 diximus
3967 5356 4048 5413 bt..

2577 5459 2739 5537 disp.
2775 5475 2842 5519 11.
2868 5462 3019 5525 sect.
3052 5460 3112 5518 3.
3147 5458 3233 5516 De
3263 5454 3577 5532 religiosis
3606 5453 3819 5528 etiam,
3846 5464 4056 5529 (11101110-

935 5582 995 5627 x.
1031 5562 1303 5624 affirmat
1330 5556 1788 5619 restituendum
1816 5558 2017 5615 totum
2041 5599 2056 5630 ,
2110 5558 2173 5614 et
2200 5553 2261 5614 in
2292 5551 2478 5613 simili
2581 5552 2660 5614 do
2689 5555 2752 5612 et
2780 5568 2970 5631 quam
2999 5566 3311 5611 summam
3353 5546 3504 5609 ludo
3550 5546 3808 5626 perdere
3845 5542 4050 5621 possiet.

4083 5208 4133 5357 Ξ
