4263 6376
917 273 1031 329 676
1425 313 1430 317 -
2076 267 2179 325 131⁴}
2222 265 2570 326 JUS'rl'rlA
2621 266 2720 325 ET
2761 266 2960 326 JUllE

910 447 1043 523 jam
1073 444 1238 505 enim
1267 443 1475 504 caeteri
1503 446 1798 504 tenentur
1824 446 2140 521 praecepto
2173 441 2442 501 naturali

917 538 1154 599 vitandi
1184 536 1546 598 scandalum
1571 582 1585 611 ,
1638 536 1951 596 abstinere
1998 535 2078 595 ab
2109 534 2244 613 ejus
2273 553 2447 594 com-

915 631 1359 706 municatione,
1396 649 1470 688 nc
1502 629 1728 689 darent
1754 628 1838 687 illi
1874 628 2266 688 occasionem
2299 645 2447 704 pec-

915 723 1095 785 candi
1133 727 1363 802 :at-que
1395 722 1533 781 idco
1571 726 1898 781 manerent
1936 721 2127 781 iidem
2169 718 2443 798 scrupuli

915 823 978 878 et
1005 816 1444 895 perplexitates
1463 833 1695 892 magna
1728 833 1802 874 ex
1830 817 2028 891 parte,
2060 833 2215 892 quas
2237 812 2445 873 conci-

911 910 1064 970 lium
1087 908 1556 970 Constantiense
1586 907 1854 967 intendit
1883 907 2149 966 auferre.
2178 908 2329 967 Cum
2353 923 2444 964 er-

911 1020 992 1080 go
1022 1001 1108 1061 ibi
1137 1005 1464 1075 statuatur,
1497 999 1685 1060 licere
1714 999 2002 1059 fidelibus
2025 1000 2277 1059 omnino
2301 1015 2445 1058 cum

909 1095 1031 1156 illis
1060 1092 1610 1154 excommunicatis
1639 1092 2105 1153 communicare
2146 1093 2207 1150 in
2241 1090 2442 1152 omni-

909 1189 1047 1264 buS,
1082 1206 1154 1248 eo
1186 1187 1318 1265 ipso
1351 1185 1599 1245 videtur
1629 1204 1748 1247 non
1783 1186 2038 1264 quidem
2068 1186 2129 1244 in
2161 1185 2444 1245 favorem

911 1278 1455 1353 excommunicati,
1491 1278 1599 1337 sed
1631 1277 1692 1336 in
1716 1277 1994 1337 favorem
2016 1278 2280 1338 aliorum
2304 1294 2446 1354 per-

909 1372 1071 1432 mitti
1104 1371 1642 1431 excommunicato
1674 1370 1753 1429 ab
1783 1371 1920 1430 aliis
1950 1371 2250 1450 requisito
2279 1371 2447 1447 ejus-

908 1465 1081 1524 modi
1111 1462 1614 1524 communicatio.
1664 1464 1754 1523 lta
1785 1463 1967 1523 docet
2007 1465 2130 1523 late
2163 1462 2443 1524 Sanchez

908 1557 1016 1617 lib.
1053 1558 1183 1617 Vll.
1217 1555 1286 1615 de
1311 1555 1643 1631 inatrimon,
1696 1555 1855 1632 disp.
1902 1571 1995 1616 lx.
2038 1573 2209 1615 num.
2244 1558 2301 1616 8.
2337 1552 2443 1613 ubi

908 1650 1119 1729 plures
1149 1649 1357 1723 refert,
1407 1666 1595 1726 quam
1643 1647 1830 1707 etiam
1884 1647 2258 1708 sententiam
2298 1664 2445 1725 pro-

907 1742 1178 1802 babilem
1207 1744 1419 1800 censet
1445 1740 1622 1799 Avila
1654 1740 1818 1799 dicta
1847 1741 1921 1800 ΙΙ.
1973 1742 2134 1818 part.
2171 1758 2306 1819 cap.
2344 1756 2437 1800 vi.

909 1835 1067 1915 disp.
1103 1852 1260 1894 v111.
1297 1832 1446 1892 dub.
1480 1834 1538 1892 3.
1576 1837 1637 1892 et
1663 1850 1840 1911 seqq.
1876 1834 2005 1911 Ego
2037 1839 2249 1893 tamen
2278 1832 2444 1890 limi-

905 1933 1129 2003 tarem,
1175 1926 1274 1986 vel
1326 1924 1702 2003 explicarem
1759 1925 1921 1984 hanc
1969 1925 2341 2000 doctrinam,
2378 1927 2445 1985 ut

906 2020 1292 2098 intelligatur
1322 2018 1399 2077 de
1431 2017 1971 2078 administratione
2002 2017 2208 2077 activa
2237 2036 2442 2077 sacra—

906 2116 1285 2188 mentorum,
1320 2130 1443 2170 non
1475 2111 1552 2170 dc
1581 2110 1831 2188 passiva
1858 2110 2254 2189 susceptione
2289 2130 2302 2169 :
2339 2129 2442 2170 ne-

907 2224 1009 2266 mo
1042 2205 1206 2264 enim
1238 2203 1544 2263 concessit
1570 2221 1753 2281 posse
1783 2203 2175 2263 sacerdotem
2198 2221 2442 2262 excom·

907 2299 1293 2358 municatum
1324 2296 1640 2356 celebrare
1670 2296 1751 2355 ad
1793 2295 2141 2374 simplicem
2190 2296 2444 2373 petitio-

907 2409 1052 2451 nem
1081 2389 1413 2468 cujuslihet
1440 2389 1705 2449 volentis
1733 2388 1951 2448 audire
1982 2406 2229 2448 sacrum
2251 2435 2266 2464 ,
2314 2389 2439 2449 imo

906 2484 1101 2563 aliqui
1132 2481 1499 2543 nominatim
1528 2481 1847 2559 excipiunt
1876 2500 2019 2540 eum
2049 2480 2265 2541 casum
2298 2501 2443 2560 pro·

906 2582 1045 2657 pter
1072 2575 1487 2637 reverentiam
1515 2575 1802 2634 sacrificii
1828 2594 1842 2646 ;
1876 2593 1990 2653 ego
2013 2580 2222 2635 tamen
2246 2576 2443 2653 suspi-

906 2690 1015 2732 cor
1052 2669 1358 2730 rationem
1413 2687 1547 2728 esse
1589 2668 1736 2746 quia
1781 2672 1930 2727 tunc
1974 2668 2267 2727 sacerdos
2315 2687 2439 2729 non

904 2764 1107 2824 solum
1137 2763 1337 2822 active
1366 2781 1432 2820 se
1464 2761 1655 2822 habet
1677 2807 1691 2836 ,
1724 2761 1833 2820 sed
1863 2761 2108 2840 passive
2139 2762 2440 2840 recipien-

905 2856 986 2916 do
1033 2859 1517 2928 sacramentum,
1579 2872 1718 2932 qua:
1775 2852 2046 2931 receptio
2103 2857 2197 2914 est
2251 2854 2439 2915 etiam

903 2948 1217 3027 prohibita
1264 2946 1802 3006 excommunicato
1847 2946 2109 3021 minori,
2162 2951 2223 3007 et
2251 2965 2289 3007 a
2317 2948 2438 3008 sor-

903 3041 1045 3103 tiori
1099 3039 1462 3117 intelligitur
1516 3038 1833 3117 prohibita
1889 3039 2432 3101 excommunicato

903 3133 1129 3212 maiori
1153 3178 1168 3208 ,
1230 3150 1305 3192 ne
1360 3131 1440 3191 sit
1494 3129 1769 3191 melioris
1825 3130 2199 3192 conditionis
2255 3151 2271 3193 ε
2333 3152 2438 3193 ex-

904 3226 1041 3305 cipe
1094 3231 1306 3287 tamen
1350 3223 1819 3284 matrimonium
1848 3269 1862 3297 ,
1924 3224 2091 3301 quod
2138 3225 2283 3303 quia
2311 3245 2434 3287 non

901 3323 1108 3398 potest
1145 3316 1482 3377 ministrari
1529 3316 1704 3378 alteri
1752 3315 1899 3394 quin
1947 3316 2128 3377 simul
2172 3319 2438 3398 recipia-

902 3418 1040 3483 tur;
1076 3412 1222 3471 hinc
1269 3415 1363 3470 est
1409 3410 1575 3487 quod
1606 3410 2181 3471 excommunicatus
2212 3412 2435 3472 tolera-

900 3510 999 3567 tus
1028 3506 1106 3565 ad
1136 3503 1494 3565 instantiam
1523 3502 1808 3580 conjugis
1839 3506 2043 3579 potest
2087 3504 2238 3564 illud
2279 3507 2435 3567 reci-

900 3617 1070 3678 pere,
1106 3602 1175 3658 ut
1220 3595 1528 3656 ministret
1569 3594 1629 3653 in
1675 3599 1841 3654 statu
1898 3596 2140 3673 gratiae,
2192 3602 2260 3658 ut
2307 3598 2433 3659 dixi

899 3693 1059 3770 disp.
1094 3692 1255 3751 Vlll.
1290 3687 1361 3748 de
1385 3688 1761 3749 sacramentis
1792 3688 1850 3747 in
1877 3707 2084 3767 qenere
2111 3694 2262 3752 sect.
2296 3709 2425 3755 xlv.

897 3786 1003 3846 illa
1032 3803 1179 3863 ergo
1208 3783 1409 3844 solum
1447 3781 1739 3841 videntur
1766 3782 2024 3842 concedi
2071 3801 2433 3845 excommu-

898 3878 1103 3938 nicato
1133 3877 1196 3936 in
1227 3877 1509 3936 favorem
1564 3874 1828 3934 aliorum
1854 3921 1868 3949 ‚
1930 3894 2070 3954 quae
2112 3876 2201 3936 illi
2252 3883 2432 3940 erant

896 3970 1211 4049 prohibita
1259 3969 1322 4028 in
1370 3967 1589 4028 ordine
1621 3967 1701 4026 ad
1733 3968 1917 4042 alios,
1953 3987 2074 4028 non
2106 3988 2255 4030 vero
2289 3990 2429 4050 quae

896 4068 1043 4123 sunt
1071 4061 1386 4140 prohibita
1444 4061 1507 4119 in
1567 4061 1787 4121 ordine
1829 4061 1910 4120 ad
1953 4080 2039 4137 se,
2076 4066 2138 4121 et
2166 4063 2300 4124 sine
2329 4083 2430 4125 re-

896 4161 1110 4232 spectu
1140 4154 1221 4214 ad
1252 4154 1404 4214 alios
1426 4200 1440 4229 ,
1492 4153 1692 4232 qualis
1721 4157 1815 4212 est
1842 4156 2216 4215 sacramenti
2258 4175 2427 4218 rece-

896 4247 1025 4325 ptio
1055 4249 1322 4324 passiva.
1357 4246 1448 4304 Ex
1478 4244 1594 4304 hae
1649 4263 1798 4322 erge
1828 4245 2112 4306 doctrina
2144 4248 2429 4309 redditur

895 4339 1083 4400 etiarn
1113 4337 1453 4418 probabilis
1482 4337 1757 4397 secunda
1786 4339 2091 4398 sententia
2108 4358 2299 4417 supra
2320 4361 2426 4421 po-

892 4433 1032 4508 sita,
1068 4432 1235 4511 quod
1256 4430 1453 4509 judex
1483 4449 1606 4490 non
1636 4434 1854 4508 peccet
1882 4432 2133 4509 quando
2157 4451 2298 4493 eum
2321 4455 2430 4496 exa

892 4524 1457 4586 communicatione
1514 4522 1780 4583 tolerata
1829 4521 2090 4599 judicat,
2123 4525 2345 4586 saltem
2372 4528 2427 4588 si

890 4618 954 4678 id
984 4618 1173 4679 faciat
1218 4615 1554 4695 requisitus
1584 4634 1620 4674 a
1661 4613 1942 4675 subditis.
1979 4616 2426 4680 Universaliter

890 4716 1101 4773 autem
1130 4714 1336 4790 potest
1365 4708 1617 4788 probari
1649 4708 1869 4769 saltem
1897 4707 1963 4766 in
1984 4707 2199 4787 judice
2230 4730 2423 4772 saecu:

886 4806 1024 4881 lari,
1062 4805 1207 4883 quia
1239 4804 1343 4864 illa
1368 4809 1461 4862 est
1479 4819 1654 4860 mera
1676 4818 1784 4860 con

886 4917 1080 4979 quare
1111 4899 1271 4959 sicut
1299 4894 1780 4957 communicatio

882 5012 1008 5053 non
1038 4997 1131 5053 est
1156 4996 1484 5071 peccatum
1513 5006 1705 5066 grave
1730 5034 1744 5063 ,
1779 5007 1784 5045 1

882 5085 1381 5165 nicatiojudiciS,
1406 5101 1543 5162 quae
1564 5082 1711 5142 sitin
1735 5100 1784 5140 a«

881 5181 1131 5241 videtur
1161 5197 1294 5239 esse
1326 5177 1511 5256 culpa
1551 5175 1781 5255 gravis).

879 5274 1128 5335 siastico
1182 5276 1393 5352 posset
1445 5270 1648 5349 magis
1704 5269 1784 5329 du

879 5372 1056 5429 actus
1086 5367 1378 5428 videntur
1408 5383 1541 5426 esse
1571 5363 1773 5442 magis

878 5467 1090 5524 tamen
1115 5461 1407 5521 videntur
1434 5458 1703 5520 multum
1754 5456 1784 5515 h

2545 442 2856 503 nicatione
2886 443 3091 515 civili;
3144 448 3206 504 et
3236 443 3376 504 idco
3423 466 3440 505 ‹
3509 509 3513 515 ,

2543 536 2803 596 tentiam
2833 537 3030 597 videri
3062 537 3439 615 probabileu

2622 628 2826 689 Intero
2859 629 3083 707 prime,
3118 631 3460 691 excommt‘

2544 725 2748 781 ratum
2778 739 3040 799 peccare
3070 721 3402 800 dupliciter
3428 747 3430 749 >

2543 813 2691 873 tiam
2725 814 2788 874 in
2838 814 3100 892 judicie.
3147 817 3379 891 Primo,

2543 906 2835 965 Ecclesiae
2867 908 3256 985 prohibentis
3285 909 3417 969 illm

2543 999 2826 1060 cationis,
2863 1001 3174 1076 Secunde,
3198 1008 3414 1063 contra

2544 1091 2622 1150 do
2647 1091 3151 1169 jurisdictionem
3202 1094 3265 1153 in
3315 1112 3419 1155 cos

2544 1183 2778 1242 nullam
2836 1184 3029 1246 habet
3073 1185 3404 1263 jurisdicti‹

2544 1276 2691 1336 oriri
2721 1281 2927 1354 potest
2956 1277 3258 1351 dubium;
3311 1299 3388 1339 an

2543 1369 2622 1427 ad
2652 1370 3102 1430 restitutionem
3134 1371 3348 1432 damni
3377 1374 3414 1430 li

2542 1460 2660 1519 illis
2689 1461 2932 1522 actibus
2954 1461 3381 1541 judicialibus

2541 1553 2809 1627 videtur,
2870 1555 3067 1615 teneri
3125 1557 3206 1615 ad
3264 1559 3430 1617 resti·

2543 1665 2698 1724 quas
2729 1666 2801 1706 ea
2832 1647 2908 1706 de
2939 1666 3128 1708 causa
3159 1649 3403 1709 innunt«

2540 1741 2655 1814 teS,
2691 1739 2793 1818 qui
2818 1744 3074 1818 propter
3103 1741 3401 1802 nullitatci

2543 1848 2809 1909 quorum
2839 1839 3117 1909 actuum,
3136 1837 3389 1893 tenentn

2541 1942 2728 2002 agere
2758 1924 3046 1985 eamdem
3075 1944 3352 1986 causam.
3390 1931 3429 1983 1³

2540 2021 2804 2092 certum,
2834 2016 2982 2078 licet
3012 2020 3162 2078 Soto
3193 2019 3253 2077 in
3284 2021 3386 2079 lv.

2540 2114 2597 2169 4.
2632 2110 2935 2170 colum.4.
2958 2112 3158 2171 solum
3189 2112 3352 2171 dicat
3378 2115 3419 2184 gi*

2539 2204 2739 2263 teneri
2767 2203 2850 2262 ad
2879 2203 3333 2264 restituendum
3364 2224 3416 2279 pi

2539 2294 2814 2372 utilibus,
2849 2295 2959 2356 sed
2988 2300 3155 2356 certe
3184 2297 3262 2357 de
3307 2297 3418 2356 illi>

2540 2386 2724 2448 detur
2754 2407 2887 2448 esse
2917 2389 3075 2450 ratio
3106 2389 3428 2452 dubitanu.

2538 2485 2661 2541 test
2690 2481 2768 2541 de
2798 2481 3029 2542 damno
3061 2500 3174 2560 per
3211 2482 3407 2561 ipsam

2539 2574 2681 2634 siv.
2714 2593 2810 2651 gr.
2852 2573 3047 2653 judex
3095 2575 3367 2654 aliquem
3406 2619 3410 2627 -

2538 2686 2727 2746 poena
2784 2668 3229 2730 condemnavit
3281 2672 3363 2729 ad

2538 2778 2851 2820 summam
2881 2762 3197 2839 pecuniae;
3234 2782 3311 2821 an
3344 2785 3376 2840 Γ

2539 2854 2864 2914 restituere
2902 2855 3073 2914 illam
3121 2856 3379 2933 pecunia

2538 2947 2910 3007 sententiam
2965 2947 3302 3007 invalidam
3371 2986 3377 2989 -

2538 3041 2694 3100 Item
2718 3039 2769 3098 si
2800 3039 3109 3118 ejusmodi
3130 3040 3322 3119 judex
3364 3065 3368 3094 s

2538 3133 2730 3208 navit,
2765 3150 2846 3193 an
2875 3137 3166 3195 teneatur
3193 3133 3325 3213 eju.c
3360 3145 3369 3192 ι

2535 3229 2711 3287 tuere
2740 3243 2814 3286 eo
2845 3227 3033 3288 modo
3084 3246 3206 3305 quo
3266 3228 3383 3286 hm

2536 3318 2755 3379 teneri.

2614 3415 2702 3472 De
2732 3412 2852 3472 hoc
2880 3410 3068 3471 dubio
3100 3431 3222 3472 non
3256 3428 3436 3490 agni-⁴

2533 3504 2719 3566 detur
2746 3522 2878 3565 esse
2908 3504 3064 3565 ratio
3094 3505 3413 3565 dubitandi

2533 3596 2710 3669 Quod
2758 3598 2928 3656 enim
2974 3597 3075 3657 ille
3119 3616 3240 3658 non
3279 3604 3419 3658 ten«—

2532 3708 2697 3764 nem,
2730 3690 2981 3768 probari
3010 3690 3291 3766 videtur,
3327 3712 3422 3768 qn.

2531 3786 2882 3861 sequuntur
2925 3801 2998 3843 ex
3046 3782 3418 3844 circumstaig

2528 3876 2714 3938 tionis
2738 3922 2752 3951 ,
2799 3875 2910 3935 sed
2941 3894 3015 3934 ex
3045 3876 3356 3936 occisione
3400 3907 3411 3928 x

2529 3973 2739 4029 autem
2771 3971 3017 4045 poterat
3044 3968 3122 4028 ab
3151 3968 3370 4029 eodem

2528 4080 2671 4123 cum
2691 4065 2937 4139 tempus
2965 4060 3129 4122 licite
3159 4064 3341 4139 praeci
3359 4087 3387 4137 l·

2527 4154 2833 4214 solutione
2861 4153 2941 4212 ab
2972 4156 3389 4213 excommunit

2525 4251 2651 4307 tem
2680 4245 2931 4306 videtur
2958 4245 3191 4305 referre
3239 4253 3398 4324 quud

2524 4344 2710 4400 netur
2743 4358 2780 4398 a
2807 4338 3015 4416 iudice
3045 4356 3390 4399 excommn-

2525 4433 2640 4492 cile
2670 4436 2916 4510 poterat
2943 4433 3022 4492 ab
3053 4431 3273 4493 eodem
3305 4435 3399 4491 al·-

2524 4525 2927 4586 condemnari
2946 4544 2961 4598 3
2987 4524 3286 4603 injustitia
3317 4546 3387 4582 οι.

2523 4619 2585 4677 in
2616 4617 2829 4694 mode,
2861 4635 2986 4677 non
3007 4636 3154 4678 vero
3185 4618 3246 4677 in
3279 4622 3388 4677 sul·

2520 4716 2649 4772 tem
2676 4710 2946 4789 injustus
2973 4729 3098 4771 non
3135 4711 3379 4772 videtui·
