<?xml version="1.0" encoding="UTF-8"?>
<!DOCTYPE html PUBLIC "-//W3C//DTD XHTML 1.0 Transitional//EN"
    "http://www.w3.org/TR/xhtml1/DTD/xhtml1-transitional.dtd">
<html xmlns="http://www.w3.org/1999/xhtml" xml:lang="en" lang="en">
 <head>
  <title>
</title>
<meta http-equiv="Content-Type" content="text/html;charset=utf-8" />
  <meta name='ocr-system' content='tesseract 3.04.00' />
  <meta name='ocr-capabilities' content='ocr_page ocr_carea ocr_par ocr_line ocrx_word'/>
</head>
<body>
  <div class='ocr_page' id='page_1' title='image "./joannisdelugodi00lugogoog_0520.png"; bbox 0 0 4263 6376; ppageno 0'>
   <div class='ocr_carea' id='block_1_1' title="bbox 588 971 666 1030">
    <p class='ocr_par' dir='ltr' id='par_1_1' title="bbox 588 971 666 1030">
     <span class='ocr_line' id='line_1_1' title="bbox 588 971 666 1030; baseline 0 0"><span class='ocrx_word' id='word_1_1' title='bbox 588 971 666 1030; x_wconf 84' lang='lat'>78</span> 
     </span>
    </p>
   </div>
   <div class='ocr_carea' id='block_1_2' title="bbox 493 1096 744 1467">
    <p class='ocr_par' dir='ltr' id='par_1_2' title="bbox 493 1096 744 1467">
     <span class='ocr_line' id='line_1_2' title="bbox 521 1096 711 1139; baseline -0.016 0"><span class='ocrx_word' id='word_1_2' title='bbox 521 1096 587 1139; x_wconf 74' lang='lat' dir='ltr'>An</span> <span class='ocrx_word' id='word_1_3' title='bbox 623 1096 711 1137; x_wconf 81' lang='lat' dir='ltr'>haec</span> 
     </span>
     <span class='ocr_line' id='line_1_3' title="bbox 508 1149 721 1191; baseline -0.014 0"><span class='ocrx_word' id='word_1_4' title='bbox 508 1149 721 1191; x_wconf 71' lang='lat' dir='ltr'><strong>translatio</strong></span> 
     </span>
     <span class='ocr_line' id='line_1_4' title="bbox 493 1200 744 1259; baseline -0.016 -15"><span class='ocrx_word' id='word_1_5' title='bbox 493 1203 626 1259; x_wconf 80' lang='lat' dir='ltr'>possit</span> <span class='ocrx_word' id='word_1_6' title='bbox 642 1200 744 1250; x_wconf 84' lang='lat' dir='ltr'>lieri,</span> 
     </span>
     <span class='ocr_line' id='line_1_5' title="bbox 515 1254 721 1310; baseline -0.01 -14"><span class='ocrx_word' id='word_1_7' title='bbox 515 1266 638 1310; x_wconf 79' lang='lat' dir='ltr'>perce</span> <span class='ocrx_word' id='word_1_8' title='bbox 668 1254 721 1294; x_wconf 76' lang='lat' dir='ltr'>tis</span> 
     </span>
     <span class='ocr_line' id='line_1_6' title="bbox 523 1307 722 1350; baseline -0.015 0"><span class='ocrx_word' id='word_1_9' title='bbox 523 1307 644 1350; x_wconf 75' lang='lat' dir='ltr'>fructi</span> <span class='ocrx_word' id='word_1_10' title='bbox 673 1319 722 1348; x_wconf 79' lang='lat' dir='ltr'>us</span> 
     </span>
     <span class='ocr_line' id='line_1_7' title="bbox 514 1360 725 1414; baseline -0.014 -11"><span class='ocrx_word' id='word_1_11' title='bbox 514 1360 725 1414; x_wconf 76' lang='lat' dir='ltr'>temporis,</span> 
     </span>
     <span class='ocr_line' id='line_1_8' title="bbox 535 1413 701 1467; baseline 0.006 -12"><span class='ocrx_word' id='word_1_12' title='bbox 535 1426 614 1467; x_wconf 80' lang='lat' dir='ltr'>quo</span> <span class='ocrx_word' id='word_1_13' title='bbox 642 1413 701 1456; x_wconf 77' lang='lat' dir='ltr'>nt.</span> 
     </span>
    </p>
   </div>
   <div class='ocr_carea' id='block_1_3' title="bbox 504 5212 743 5391">
    <p class='ocr_par' dir='ltr' id='par_1_3' title="bbox 504 5212 743 5391">
     <span class='ocr_line' id='line_1_9' title="bbox 569 5212 649 5271; baseline 0.013 -1"><span class='ocrx_word' id='word_1_14' title='bbox 569 5212 649 5271; x_wconf 87' lang='lat'>79</span> 
     </span>
     <span class='ocr_line' id='line_1_10' title="bbox 504 5335 743 5391; baseline -0.013 -11"><span class='ocrx_word' id='word_1_15' title='bbox 504 5335 743 5391; x_wconf 66' lang='grc' dir='ltr'>ιιιριιωιω·</span> 
     </span>
    </p>
   </div>
   <div class='ocr_carea' id='block_1_4' title="bbox 804 328 919 385">
    <p class='ocr_par' dir='ltr' id='par_1_4' title="bbox 804 328 919 385">
     <span class='ocr_line' id='line_1_11' title="bbox 804 328 919 385; baseline 0 0"><span class='ocrx_word' id='word_1_16' title='bbox 804 328 919 385; x_wconf 79' lang='lat'>494</span> 
     </span>
    </p>
   </div>
   <div class='ocr_carea' id='block_1_5' title="bbox 807 493 2365 5364">
    <p class='ocr_par' dir='ltr' id='par_1_5' title="bbox 807 493 2344 941">
     <span class='ocr_line' id='line_1_12' title="bbox 807 493 2335 574; baseline -0.003 -17"><span class='ocrx_word' id='word_1_17' title='bbox 807 497 1002 574; x_wconf 82' lang='lat' dir='ltr'>ceptis</span> <span class='ocrx_word' id='word_1_18' title='bbox 1029 495 1353 556; x_wconf 67' lang='lat' dir='ltr'>fructibus</span> <span class='ocrx_word' id='word_1_19' title='bbox 1386 493 1585 555; x_wconf 82' lang='lat' dir='ltr'>Debet</span> <span class='ocrx_word' id='word_1_20' title='bbox 1598 497 1809 554; x_wconf 89' lang='lat' dir='ltr'>autem</span> <span class='ocrx_word' id='word_1_21' title='bbox 1825 494 1961 555; x_wconf 85' lang='lat' dir='ltr'>haec</span> <span class='ocrx_word' id='word_1_22' title='bbox 1989 493 2335 569; x_wconf 81' lang='lat' dir='ltr'><strong>translatio,</strong></span> 
     </span>
     <span class='ocr_line' id='line_1_13' title="bbox 809 585 2343 664; baseline -0.003 -15"><span class='ocrx_word' id='word_1_23' title='bbox 809 593 872 649; x_wconf 91' lang='lat' dir='ltr'>et</span> <span class='ocrx_word' id='word_1_24' title='bbox 900 588 1240 650; x_wconf 88' lang='lat' dir='ltr'>nominatio</span> <span class='ocrx_word' id='word_1_25' title='bbox 1272 606 1347 647; x_wconf 83' lang='lat' dir='ltr'>ex</span> <span class='ocrx_word' id='word_1_26' title='bbox 1377 586 1815 647; x_wconf 89' lang='lat' dir='ltr'>constitutione</span> <span class='ocrx_word' id='word_1_27' title='bbox 1846 585 2017 646; x_wconf 87' lang='lat' dir='ltr'>Pauli</span> <span class='ocrx_word' id='word_1_28' title='bbox 2041 589 2117 647; x_wconf 88' lang='lat' dir='ltr'>V.</span> <span class='ocrx_word' id='word_1_29' title='bbox 2151 603 2343 664; x_wconf 88' lang='lat' dir='ltr'>supra</span> 
     </span>
     <span class='ocr_line' id='line_1_14' title="bbox 809 679 2344 757; baseline -0.001 -17"><span class='ocrx_word' id='word_1_30' title='bbox 809 682 999 742; x_wconf 85' lang='lat' dir='ltr'>citata</span> <span class='ocrx_word' id='word_1_31' title='bbox 1026 679 1311 741; x_wconf 86' lang='lat' dir='ltr'>adnotari</span> <span class='ocrx_word' id='word_1_32' title='bbox 1344 697 1380 738; x_wconf 90' lang='lat' dir='ltr'>a</span> <span class='ocrx_word' id='word_1_33' title='bbox 1411 679 1651 739; x_wconf 88' lang='lat' dir='ltr'>notario</span> <span class='ocrx_word' id='word_1_34' title='bbox 1706 679 1768 738; x_wconf 92' lang='lat' dir='ltr'>in</span> <span class='ocrx_word' id='word_1_35' title='bbox 1798 679 2079 757; x_wconf 88' lang='lat' dir='ltr'>margine</span> <span class='ocrx_word' id='word_1_36' title='bbox 2117 679 2344 739; x_wconf 90' lang='lat' dir='ltr'>instru-</span> 
     </span>
     <span class='ocr_line' id='line_1_15' title="bbox 808 770 2342 849; baseline -0.002 -16"><span class='ocrx_word' id='word_1_37' title='bbox 808 773 1026 849; x_wconf 88' lang='lat' dir='ltr'>menti,</span> <span class='ocrx_word' id='word_1_38' title='bbox 1073 776 1143 833; x_wconf 98' lang='grc' dir='ltr'>ιιι</span> <span class='ocrx_word' id='word_1_39' title='bbox 1164 789 1351 849; x_wconf 89' lang='lat' dir='ltr'>supra</span> <span class='ocrx_word' id='word_1_40' title='bbox 1385 771 1622 831; x_wconf 88' lang='lat' dir='ltr'>dictum</span> <span class='ocrx_word' id='word_1_41' title='bbox 1653 775 1748 831; x_wconf 91' lang='lat' dir='ltr'>est</span> <span class='ocrx_word' id='word_1_42' title='bbox 1805 791 1818 831; x_wconf 91' lang='lat'>:</span> <span class='ocrx_word' id='word_1_43' title='bbox 1881 771 2156 849; x_wconf 89' lang='lat' dir='ltr'>alioquin</span> <span class='ocrx_word' id='word_1_44' title='bbox 2188 770 2342 830; x_wconf 86' lang='lat' dir='ltr'>nihil</span> 
     </span>
     <span class='ocr_line' id='line_1_16' title="bbox 811 862 1991 941; baseline -0.002 -16"><span class='ocrx_word' id='word_1_45' title='bbox 811 866 1209 941; x_wconf 79' lang='lat' dir='ltr'>suffragatur.</span> <span class='ocrx_word' id='word_1_46' title='bbox 1246 863 1426 924; x_wconf 89' lang='lat' dir='ltr'>Circa</span> <span class='ocrx_word' id='word_1_47' title='bbox 1456 862 1617 923; x_wconf 90' lang='lat' dir='ltr'>hanc</span> <span class='ocrx_word' id='word_1_48' title='bbox 1645 863 1991 924; x_wconf 79' lang='lat' dir='ltr'>clausulam</span> 
     </span>
    </p>

    <p class='ocr_par' dir='ltr' id='par_1_6' title="bbox 812 954 2365 5183">
     <span class='ocr_line' id='line_1_17' title="bbox 892 954 2342 1033; baseline -0.003 -16"><span class='ocrx_word' id='word_1_49' title='bbox 892 956 1225 1017; x_wconf 89' lang='lat' dir='ltr'>Dubitatur</span> <span class='ocrx_word' id='word_1_50' title='bbox 1253 954 1744 1033; x_wconf 84' lang='lat' dir='ltr'>decimoquintO,</span> <span class='ocrx_word' id='word_1_51' title='bbox 1778 974 1858 1015; x_wconf 87' lang='lat' dir='ltr'>an</span> <span class='ocrx_word' id='word_1_52' title='bbox 1881 955 2043 1016; x_wconf 90' lang='lat' dir='ltr'>intra</span> <span class='ocrx_word' id='word_1_53' title='bbox 2071 954 2342 1032; x_wconf 90' lang='lat' dir='ltr'>primum</span> 
     </span>
     <span class='ocr_line' id='line_1_18' title="bbox 814 1046 2345 1126; baseline -0.003 -16"><span class='ocrx_word' id='word_1_54' title='bbox 814 1053 1134 1125; x_wconf 79' lang='lat' dir='ltr'>semestre,</span> <span class='ocrx_word' id='word_1_55' title='bbox 1169 1046 1346 1126; x_wconf 88' lang='lat' dir='ltr'>cujus</span> <span class='ocrx_word' id='word_1_56' title='bbox 1376 1047 1614 1108; x_wconf 90' lang='lat' dir='ltr'>fructus</span> <span class='ocrx_word' id='word_1_57' title='bbox 1623 1046 1755 1126; x_wconf 84' lang='lat' dir='ltr'>jam</span> <span class='ocrx_word' id='word_1_58' title='bbox 1788 1046 1973 1107; x_wconf 92' lang='lat' dir='ltr'>soluti</span> <span class='ocrx_word' id='word_1_59' title='bbox 2003 1051 2170 1121; x_wconf 87' lang='lat' dir='ltr'>sunt,</span> <span class='ocrx_word' id='word_1_60' title='bbox 2207 1064 2345 1123; x_wconf 90' lang='lat' dir='ltr'>pos-</span> 
     </span>
     <span class='ocr_line' id='line_1_19' title="bbox 815 1139 2340 1216; baseline -0.003 -14"><span class='ocrx_word' id='word_1_61' title='bbox 815 1142 893 1202; x_wconf 91' lang='lat' dir='ltr'>sit</span> <span class='ocrx_word' id='word_1_62' title='bbox 921 1141 1123 1201; x_wconf 88' lang='lat' dir='ltr'>socius</span> <span class='ocrx_word' id='word_1_63' title='bbox 1150 1140 1490 1202; x_wconf 69' lang='lat' dir='ltr'>transferre</span> <span class='ocrx_word' id='word_1_64' title='bbox 1506 1139 1852 1216; x_wconf 91' lang='lat' dir='ltr'>periculum</span> <span class='ocrx_word' id='word_1_65' title='bbox 1870 1139 2013 1199; x_wconf 85' lang='lat' dir='ltr'>vitae</span> <span class='ocrx_word' id='word_1_66' title='bbox 2043 1139 2105 1198; x_wconf 91' lang='lat' dir='ltr'>in</span> <span class='ocrx_word' id='word_1_67' title='bbox 2124 1139 2340 1213; x_wconf 88' lang='lat' dir='ltr'>alium,</span> 
     </span>
     <span class='ocr_line' id='line_1_20' title="bbox 813 1230 2346 1308; baseline -0.003 -15"><span class='ocrx_word' id='word_1_68' title='bbox 813 1234 900 1295; x_wconf 90' lang='lat' dir='ltr'>ita</span> <span class='ocrx_word' id='word_1_69' title='bbox 927 1237 1137 1292; x_wconf 87' lang='lat' dir='ltr'>tamen</span> <span class='ocrx_word' id='word_1_70' title='bbox 1167 1236 1238 1292; x_wconf 89' lang='lat' dir='ltr'>ut</span> <span class='ocrx_word' id='word_1_71' title='bbox 1262 1231 1582 1293; x_wconf 79' lang='lat' dir='ltr'>translatio</span> <span class='ocrx_word' id='word_1_72' title='bbox 1615 1250 1738 1291; x_wconf 90' lang='lat' dir='ltr'>non</span> <span class='ocrx_word' id='word_1_73' title='bbox 1771 1230 2027 1308; x_wconf 86' lang='lat' dir='ltr'>incipiat</span> <span class='ocrx_word' id='word_1_74' title='bbox 2055 1232 2346 1291; x_wconf 80' lang='lat' dir='ltr'>effectum</span> 
     </span>
     <span class='ocr_line' id='line_1_21' title="bbox 814 1322 2348 1402; baseline -0.003 -17"><span class='ocrx_word' id='word_1_75' title='bbox 814 1325 1049 1385; x_wconf 85' lang='lat' dir='ltr'>habere</span> <span class='ocrx_word' id='word_1_76' title='bbox 1082 1342 1277 1402; x_wconf 89' lang='lat' dir='ltr'>usque</span> <span class='ocrx_word' id='word_1_77' title='bbox 1295 1323 1372 1382; x_wconf 90' lang='lat' dir='ltr'>ad</span> <span class='ocrx_word' id='word_1_78' title='bbox 1390 1323 1736 1383; x_wconf 88' lang='lat' dir='ltr'>secundum</span> <span class='ocrx_word' id='word_1_79' title='bbox 1766 1326 2083 1398; x_wconf 84' lang='lat' dir='ltr'>semestre,</span> <span class='ocrx_word' id='word_1_80' title='bbox 2121 1322 2231 1382; x_wconf 92' lang='lat' dir='ltr'>sed</span> <span class='ocrx_word' id='word_1_81' title='bbox 2253 1326 2348 1381; x_wconf 89' lang='lat' dir='ltr'>ta·-</span> 
     </span>
     <span class='ocr_line' id='line_1_22' title="bbox 814 1414 2349 1495; baseline -0.003 -19"><span class='ocrx_word' id='word_1_82' title='bbox 814 1435 958 1478; x_wconf 90' lang='lat' dir='ltr'>men</span> <span class='ocrx_word' id='word_1_83' title='bbox 989 1416 1349 1495; x_wconf 90' lang='lat' dir='ltr'>quindecim</span> <span class='ocrx_word' id='word_1_84' title='bbox 1381 1414 1513 1475; x_wconf 90' lang='lat' dir='ltr'>dies</span> <span class='ocrx_word' id='word_1_85' title='bbox 1544 1415 1878 1474; x_wconf 86' lang='lat' dir='ltr'>necessarii</span> <span class='ocrx_word' id='word_1_86' title='bbox 1914 1414 2349 1493; x_wconf 80' lang='lat' dir='ltr'>compleantur</span> 
     </span>
     <span class='ocr_line' id='line_1_23' title="bbox 816 1505 2348 1586; baseline -0.005 -15"><span class='ocrx_word' id='word_1_87' title='bbox 816 1529 891 1571; x_wconf 82' lang='lat' dir='ltr'>ex</span> <span class='ocrx_word' id='word_1_88' title='bbox 918 1510 1138 1570; x_wconf 91' lang='lat' dir='ltr'>diebus</span> <span class='ocrx_word' id='word_1_89' title='bbox 1178 1508 1490 1586; x_wconf 87' lang='lat' dir='ltr'>aliquibus</span> <span class='ocrx_word' id='word_1_90' title='bbox 1538 1507 2005 1568; x_wconf 87' lang='lat' dir='ltr'>remanentibus</span> <span class='ocrx_word' id='word_1_91' title='bbox 2048 1505 2256 1566; x_wconf 85' lang='lat' dir='ltr'>adhuc</span> <span class='ocrx_word' id='word_1_92' title='bbox 2283 1506 2348 1564; x_wconf 90' lang='lat' dir='ltr'>in</span> 
     </span>
     <span class='ocr_line' id='line_1_24' title="bbox 813 1598 2350 1682; baseline -0.003 -20"><span class='ocrx_word' id='word_1_93' title='bbox 813 1603 1017 1682; x_wconf 89' lang='lat' dir='ltr'>primo</span> <span class='ocrx_word' id='word_1_94' title='bbox 1047 1601 1357 1677; x_wconf 89' lang='lat' dir='ltr'>semestri,</span> <span class='ocrx_word' id='word_1_95' title='bbox 1399 1620 1460 1660; x_wconf 88' lang='lat' dir='ltr'>v.</span> <span class='ocrx_word' id='word_1_96' title='bbox 1493 1619 1556 1678; x_wconf 87' lang='lat' dir='ltr'>g.</span> <span class='ocrx_word' id='word_1_97' title='bbox 1589 1599 1797 1660; x_wconf 89' lang='lat' dir='ltr'>triduo</span> <span class='ocrx_word' id='word_1_98' title='bbox 1828 1602 1971 1659; x_wconf 89' lang='lat' dir='ltr'>ante</span> <span class='ocrx_word' id='word_1_99' title='bbox 2000 1598 2192 1658; x_wconf 89' lang='lat' dir='ltr'>finem</span> <span class='ocrx_word' id='word_1_100' title='bbox 2221 1598 2350 1675; x_wconf 88' lang='lat' dir='ltr'>pri-</span> 
     </span>
     <span class='ocr_line' id='line_1_25' title="bbox 813 1690 2348 1755; baseline -0.003 -1"><span class='ocrx_word' id='word_1_101' title='bbox 813 1695 898 1754; x_wconf 93' lang='lat' dir='ltr'>mi</span> <span class='ocrx_word' id='word_1_102' title='bbox 928 1694 1248 1755; x_wconf 84' lang='lat' dir='ltr'>semestris</span> <span class='ocrx_word' id='word_1_103' title='bbox 1289 1693 1494 1752; x_wconf 91' lang='lat' dir='ltr'>socius</span> <span class='ocrx_word' id='word_1_104' title='bbox 1523 1691 1834 1752; x_wconf 85' lang='lat' dir='ltr'>intimavit</span> <span class='ocrx_word' id='word_1_105' title='bbox 1864 1690 2111 1751; x_wconf 78' lang='lat' dir='ltr'>officiali</span> <span class='ocrx_word' id='word_1_106' title='bbox 2147 1695 2348 1750; x_wconf 87' lang='lat' dir='ltr'>trans·</span> 
     </span>
     <span class='ocr_line' id='line_1_26' title="bbox 814 1781 2350 1863; baseline -0.005 -16"><span class='ocrx_word' id='word_1_107' title='bbox 814 1787 1111 1849; x_wconf 86' lang='lat' dir='ltr'>lationem</span> <span class='ocrx_word' id='word_1_108' title='bbox 1154 1785 1411 1863; x_wconf 90' lang='lat' dir='ltr'>periculi</span> <span class='ocrx_word' id='word_1_109' title='bbox 1459 1784 1521 1843; x_wconf 89' lang='lat' dir='ltr'>in</span> <span class='ocrx_word' id='word_1_110' title='bbox 1552 1784 1766 1859; x_wconf 87' lang='lat' dir='ltr'>alium,</span> <span class='ocrx_word' id='word_1_111' title='bbox 1827 1787 1888 1843; x_wconf 92' lang='lat' dir='ltr'>et</span> <span class='ocrx_word' id='word_1_112' title='bbox 1925 1788 2143 1861; x_wconf 90' lang='lat' dir='ltr'>postea</span> <span class='ocrx_word' id='word_1_113' title='bbox 2181 1781 2350 1841; x_wconf 90' lang='lat' dir='ltr'>deci-</span> 
     </span>
     <span class='ocr_line' id='line_1_27' title="bbox 813 1874 2349 1957; baseline -0.004 -18"><span class='ocrx_word' id='word_1_114' title='bbox 813 1882 1141 1957; x_wconf 87' lang='lat' dir='ltr'>maquarta</span> <span class='ocrx_word' id='word_1_115' title='bbox 1184 1877 1283 1937; x_wconf 92' lang='lat' dir='ltr'>die</span> <span class='ocrx_word' id='word_1_116' title='bbox 1340 1875 1601 1937; x_wconf 89' lang='lat' dir='ltr'>secundi</span> <span class='ocrx_word' id='word_1_117' title='bbox 1642 1876 1960 1935; x_wconf 86' lang='lat' dir='ltr'>semestris</span> <span class='ocrx_word' id='word_1_118' title='bbox 1998 1874 2173 1950; x_wconf 88' lang='lat' dir='ltr'>obiit,</span> <span class='ocrx_word' id='word_1_119' title='bbox 2199 1891 2349 1933; x_wconf 92' lang='lat' dir='ltr'>non-</span> 
     </span>
     <span class='ocr_line' id='line_1_28' title="bbox 816 1965 2343 2047; baseline -0.005 -15"><span class='ocrx_word' id='word_1_120' title='bbox 816 1971 966 2032; x_wconf 90' lang='lat' dir='ltr'>dum</span> <span class='ocrx_word' id='word_1_121' title='bbox 1005 1969 1275 2047; x_wconf 87' lang='lat' dir='ltr'>receptis</span> <span class='ocrx_word' id='word_1_122' title='bbox 1328 1967 1635 2030; x_wconf 87' lang='lat' dir='ltr'>fructibus</span> <span class='ocrx_word' id='word_1_123' title='bbox 1691 1966 1950 2027; x_wconf 89' lang='lat' dir='ltr'>secundi</span> <span class='ocrx_word' id='word_1_124' title='bbox 2005 1965 2343 2026; x_wconf 88' lang='lat' dir='ltr'>semestris.</span> 
     </span>
     <span class='ocr_line' id='line_1_29' title="bbox 817 2058 2352 2138; baseline -0.004 -15"><span class='ocrx_word' id='word_1_125' title='bbox 817 2065 949 2135; x_wconf 89' lang='lat' dir='ltr'>Quo</span> <span class='ocrx_word' id='word_1_126' title='bbox 980 2080 1127 2122; x_wconf 90' lang='lat' dir='ltr'>casu</span> <span class='ocrx_word' id='word_1_127' title='bbox 1157 2060 1434 2121; x_wconf 83' lang='lat' dir='ltr'>officialis</span> <span class='ocrx_word' id='word_1_128' title='bbox 1451 2060 1885 2138; x_wconf 67' lang='lat' dir='ltr'>praetendebat</span> <span class='ocrx_word' id='word_1_129' title='bbox 1925 2078 1991 2119; x_wconf 87' lang='lat' dir='ltr'>se</span> <span class='ocrx_word' id='word_1_130' title='bbox 2037 2058 2228 2117; x_wconf 88' lang='lat' dir='ltr'>fuisse</span> <span class='ocrx_word' id='word_1_131' title='bbox 2254 2058 2352 2117; x_wconf 91' lang='lat' dir='ltr'>lu·-</span> 
     </span>
     <span class='ocr_line' id='line_1_30' title="bbox 817 2149 2349 2231; baseline -0.005 -15"><span class='ocrx_word' id='word_1_132' title='bbox 817 2160 1060 2217; x_wconf 83' lang='lat' dir='ltr'>cratum</span> <span class='ocrx_word' id='word_1_133' title='bbox 1100 2153 1387 2231; x_wconf 89' lang='lat' dir='ltr'>capitale,</span> <span class='ocrx_word' id='word_1_134' title='bbox 1450 2153 1596 2231; x_wconf 88' lang='lat' dir='ltr'>quia</span> <span class='ocrx_word' id='word_1_135' title='bbox 1638 2152 1916 2213; x_wconf 88' lang='lat' dir='ltr'>nondum</span> <span class='ocrx_word' id='word_1_136' title='bbox 1974 2150 2170 2227; x_wconf 89' lang='lat' dir='ltr'>elapsi</span> <span class='ocrx_word' id='word_1_137' title='bbox 2221 2149 2349 2209; x_wconf 87' lang='lat' dir='ltr'>fue-</span> 
     </span>
     <span class='ocr_line' id='line_1_31' title="bbox 815 2242 2352 2325; baseline -0.005 -17"><span class='ocrx_word' id='word_1_138' title='bbox 815 2253 959 2308; x_wconf 88' lang='lat' dir='ltr'>rant</span> <span class='ocrx_word' id='word_1_139' title='bbox 987 2245 1342 2325; x_wconf 89' lang='lat' dir='ltr'>quindecim</span> <span class='ocrx_word' id='word_1_140' title='bbox 1373 2244 1505 2304; x_wconf 80' lang='lat' dir='ltr'>dies</span> <span class='ocrx_word' id='word_1_141' title='bbox 1535 2243 1788 2305; x_wconf 88' lang='lat' dir='ltr'>secundi</span> <span class='ocrx_word' id='word_1_142' title='bbox 1838 2242 2175 2317; x_wconf 89' lang='lat' dir='ltr'>semestris,</span> <span class='ocrx_word' id='word_1_143' title='bbox 2237 2258 2352 2300; x_wconf 91' lang='lat' dir='ltr'>nec</span> 
     </span>
     <span class='ocr_line' id='line_1_32' title="bbox 815 2333 2351 2419; baseline -0.005 -19"><span class='ocrx_word' id='word_1_144' title='bbox 815 2341 1107 2419; x_wconf 89' lang='lat' dir='ltr'>poterant</span> <span class='ocrx_word' id='word_1_145' title='bbox 1132 2337 1483 2415; x_wconf 89' lang='lat' dir='ltr'>computari</span> <span class='ocrx_word' id='word_1_146' title='bbox 1512 2336 1643 2396; x_wconf 91' lang='lat' dir='ltr'>dies</span> <span class='ocrx_word' id='word_1_147' title='bbox 1661 2336 1883 2414; x_wconf 90' lang='lat' dir='ltr'>prioris</span> <span class='ocrx_word' id='word_1_148' title='bbox 1913 2334 2252 2409; x_wconf 90' lang='lat' dir='ltr'>semestris,</span> <span class='ocrx_word' id='word_1_149' title='bbox 2286 2333 2351 2392; x_wconf 90' lang='lat' dir='ltr'>in</span> 
     </span>
     <span class='ocr_line' id='line_1_33' title="bbox 817 2426 2353 2511; baseline -0.005 -18"><span class='ocrx_word' id='word_1_150' title='bbox 817 2450 940 2511; x_wconf 93' lang='lat' dir='ltr'>quo</span> <span class='ocrx_word' id='word_1_151' title='bbox 972 2430 1105 2510; x_wconf 89' lang='lat' dir='ltr'>jam</span> <span class='ocrx_word' id='word_1_152' title='bbox 1145 2430 1398 2489; x_wconf 85' lang='lat' dir='ltr'>fuerant</span> <span class='ocrx_word' id='word_1_153' title='bbox 1436 2429 1676 2489; x_wconf 87' lang='lat' dir='ltr'>fructus</span> <span class='ocrx_word' id='word_1_154' title='bbox 1716 2428 1973 2506; x_wconf 84' lang='lat' dir='ltr'>recepti.</span> <span class='ocrx_word' id='word_1_155' title='bbox 2036 2426 2162 2488; x_wconf 88' lang='lat' dir='ltr'>Sed</span> <span class='ocrx_word' id='word_1_156' title='bbox 2196 2429 2353 2486; x_wconf 87' lang='lat' dir='ltr'>Rota</span> 
     </span>
     <span class='ocr_line' id='line_1_34' title="bbox 815 2518 2352 2583; baseline -0.005 0"><span class='ocrx_word' id='word_1_157' title='bbox 815 2522 1158 2583; x_wconf 86' lang='lat' dir='ltr'>declaravit</span> <span class='ocrx_word' id='word_1_158' title='bbox 1227 2520 1700 2580; x_wconf 83' lang='lat' dir='ltr'>translationem</span> <span class='ocrx_word' id='word_1_159' title='bbox 1756 2519 1945 2578; x_wconf 87' lang='lat' dir='ltr'>fuisse</span> <span class='ocrx_word' id='word_1_160' title='bbox 1986 2518 2258 2578; x_wconf 89' lang='lat' dir='ltr'>validam</span> <span class='ocrx_word' id='word_1_161' title='bbox 2288 2518 2352 2576; x_wconf 93' lang='lat' dir='ltr'>in</span> 
     </span>
     <span class='ocr_line' id='line_1_35' title="bbox 812 2611 2335 2695; baseline -0.004 -19"><span class='ocrx_word' id='word_1_162' title='bbox 812 2615 1084 2695; x_wconf 88' lang='lat' dir='ltr'>quadam</span> <span class='ocrx_word' id='word_1_163' title='bbox 1114 2615 1395 2673; x_wconf 85' lang='lat' dir='ltr'>Romana</span> <span class='ocrx_word' id='word_1_164' title='bbox 1423 2612 1636 2672; x_wconf 89' lang='lat' dir='ltr'>societ.</span> <span class='ocrx_word' id='word_1_165' title='bbox 1672 2611 1770 2670; x_wconf 90' lang='lat' dir='ltr'>die</span> <span class='ocrx_word' id='word_1_166' title='bbox 1806 2614 1899 2671; x_wconf 89' lang='grc'>16.</span> <span class='ocrx_word' id='word_1_167' title='bbox 1936 2611 2120 2672; x_wconf 84' lang='lat' dir='ltr'>Febr.</span> <span class='ocrx_word' id='word_1_168' title='bbox 2156 2613 2335 2671; x_wconf 77' lang='grc'><strong>1596.</strong></span> 
     </span>
     <span class='ocr_line' id='line_1_36' title="bbox 816 2702 2354 2783; baseline -0.005 -14"><span class='ocrx_word' id='word_1_169' title='bbox 816 2725 1027 2769; x_wconf 88' lang='lat' dir='ltr'>coram</span> <span class='ocrx_word' id='word_1_170' title='bbox 1082 2708 1305 2767; x_wconf 87' lang='lat' dir='ltr'>Justo:</span> <span class='ocrx_word' id='word_1_171' title='bbox 1354 2704 1499 2783; x_wconf 89' lang='lat' dir='ltr'>quia</span> <span class='ocrx_word' id='word_1_172' title='bbox 1550 2704 1745 2763; x_wconf 89' lang='lat' dir='ltr'>verba</span> <span class='ocrx_word' id='word_1_173' title='bbox 1802 2706 2158 2763; x_wconf 89' lang='lat' dir='ltr'>contractus</span> <span class='ocrx_word' id='word_1_174' title='bbox 2219 2702 2354 2763; x_wconf 87' lang='lat' dir='ltr'>haec</span> 
     </span>
     <span class='ocr_line' id='line_1_37' title="bbox 816 2794 2358 2874; baseline -0.003 -15"><span class='ocrx_word' id='word_1_175' title='bbox 816 2802 1013 2874; x_wconf 89' lang='lat' dir='ltr'>erant,</span> <span class='ocrx_word' id='word_1_176' title='bbox 1033 2820 1061 2855; x_wconf 88' lang='lat'>«</span> <span class='ocrx_word' id='word_1_177' title='bbox 1085 2815 1227 2858; x_wconf 91' lang='lat' dir='ltr'>cum</span> <span class='ocrx_word' id='word_1_178' title='bbox 1245 2796 1562 2871; x_wconf 83' lang='lat' dir='ltr'>facultate,</span> <span class='ocrx_word' id='word_1_179' title='bbox 1589 2794 1799 2873; x_wconf 87' lang='lat' dir='ltr'>elapso</span> <span class='ocrx_word' id='word_1_180' title='bbox 1819 2795 2096 2873; x_wconf 82' lang='lat' dir='ltr'>quolibet</span> <span class='ocrx_word' id='word_1_181' title='bbox 2123 2806 2358 2855; x_wconf 83' lang='lat' dir='ltr'>semes-</span> 
     </span>
     <span class='ocr_line' id='line_1_38' title="bbox 813 2885 2351 2967; baseline -0.005 -14"><span class='ocrx_word' id='word_1_182' title='bbox 813 2890 915 2967; x_wconf 85' lang='lat' dir='ltr'>tri,</span> <span class='ocrx_word' id='word_1_183' title='bbox 948 2889 1292 2951; x_wconf 88' lang='lat' dir='ltr'>dummodo</span> <span class='ocrx_word' id='word_1_184' title='bbox 1342 2906 1467 2948; x_wconf 93' lang='lat' dir='ltr'>non</span> <span class='ocrx_word' id='word_1_185' title='bbox 1514 2887 1745 2947; x_wconf 88' lang='lat' dir='ltr'>fuerint</span> <span class='ocrx_word' id='word_1_186' title='bbox 1787 2885 2062 2965; x_wconf 88' lang='lat' dir='ltr'>percepti</span> <span class='ocrx_word' id='word_1_187' title='bbox 2112 2887 2351 2946; x_wconf 85' lang='lat' dir='ltr'>fructus</span> 
     </span>
     <span class='ocr_line' id='line_1_39' title="bbox 814 2977 2352 3057; baseline -0.003 -15"><span class='ocrx_word' id='word_1_188' title='bbox 814 2982 1154 3057; x_wconf 86' lang='lat' dir='ltr'>semestris,</span> <span class='ocrx_word' id='word_1_189' title='bbox 1186 2979 1603 3041; x_wconf 87' lang='lat' dir='ltr'>transferendi</span> <span class='ocrx_word' id='word_1_190' title='bbox 1628 2978 1988 3057; x_wconf 87' lang='lat' dir='ltr'>hujusmodi</span> <span class='ocrx_word' id='word_1_191' title='bbox 2002 2977 2352 3056; x_wconf 90' lang='lat' dir='ltr'>periculum</span> 
     </span>
     <span class='ocr_line' id='line_1_40' title="bbox 813 3070 2351 3149; baseline -0.004 -15"><span class='ocrx_word' id='word_1_192' title='bbox 813 3074 958 3134; x_wconf 85' lang='lat' dir='ltr'>vitae</span> <span class='ocrx_word' id='word_1_193' title='bbox 986 3073 1051 3133; x_wconf 92' lang='lat' dir='ltr'>in</span> <span class='ocrx_word' id='word_1_194' title='bbox 1089 3073 1300 3147; x_wconf 92' lang='lat' dir='ltr'>aliam,</span> <span class='ocrx_word' id='word_1_195' title='bbox 1349 3090 1460 3131; x_wconf 91' lang='lat' dir='ltr'>seu</span> <span class='ocrx_word' id='word_1_196' title='bbox 1491 3071 1664 3147; x_wconf 80' lang='lat' dir='ltr'>aliaS,</span> <span class='ocrx_word' id='word_1_197' title='bbox 1715 3070 2096 3149; x_wconf 67' lang='lat' dir='ltr'>praecedenti</span> <span class='ocrx_word' id='word_1_198' title='bbox 2139 3075 2351 3131; x_wconf 86' lang='lat' dir='ltr'>tamen</span> 
     </span>
     <span class='ocr_line' id='line_1_41' title="bbox 815 3161 2355 3244; baseline -0.002 -18"><span class='ocrx_word' id='word_1_199' title='bbox 815 3165 1207 3228; x_wconf 86' lang='lat' dir='ltr'>intimatione</span> <span class='ocrx_word' id='word_1_200' title='bbox 1257 3163 1615 3244; x_wconf 87' lang='lat' dir='ltr'>quindecim</span> <span class='ocrx_word' id='word_1_201' title='bbox 1653 3164 1920 3239; x_wconf 90' lang='lat' dir='ltr'>dierum,</span> <span class='ocrx_word' id='word_1_202' title='bbox 1976 3181 2117 3241; x_wconf 82' lang='lat' dir='ltr'>quae</span> <span class='ocrx_word' id='word_1_203' title='bbox 2159 3161 2355 3242; x_wconf 86' lang='lat' dir='ltr'>possit</span> 
     </span>
     <span class='ocr_line' id='line_1_42' title="bbox 816 3254 2353 3336; baseline -0.003 -19"><span class='ocrx_word' id='word_1_204' title='bbox 816 3258 981 3318; x_wconf 86' lang='lat' dir='ltr'>fierit</span> <span class='ocrx_word' id='word_1_205' title='bbox 1006 3262 1193 3336; x_wconf 90' lang='lat' dir='ltr'>prout</span> <span class='ocrx_word' id='word_1_206' title='bbox 1220 3256 1508 3332; x_wconf 82' lang='lat' dir='ltr'>disdicta,</span> <span class='ocrx_word' id='word_1_207' title='bbox 1544 3260 1662 3317; x_wconf 89' lang='lat' dir='ltr'>etc.</span> <span class='ocrx_word' id='word_1_208' title='bbox 1695 3279 1723 3313; x_wconf 89' lang='lat'>»</span> <span class='ocrx_word' id='word_1_209' title='bbox 1765 3256 1913 3329; x_wconf 84' lang='lat' dir='ltr'>Quae</span> <span class='ocrx_word' id='word_1_210' title='bbox 1946 3254 2156 3314; x_wconf 87' lang='lat' dir='ltr'>omnia</span> <span class='ocrx_word' id='word_1_211' title='bbox 2197 3254 2353 3314; x_wconf 89' lang='lat' dir='ltr'>veri-</span> 
     </span>
     <span class='ocr_line' id='line_1_43' title="bbox 817 3347 2350 3425; baseline -0.003 -14"><span class='ocrx_word' id='word_1_212' title='bbox 817 3352 1002 3411; x_wconf 82' lang='lat' dir='ltr'>ficata</span> <span class='ocrx_word' id='word_1_213' title='bbox 1029 3350 1279 3410; x_wconf 84' lang='lat' dir='ltr'>fuerant</span> <span class='ocrx_word' id='word_1_214' title='bbox 1305 3349 1368 3408; x_wconf 93' lang='lat' dir='ltr'>in</span> <span class='ocrx_word' id='word_1_215' title='bbox 1417 3348 1537 3409; x_wconf 93' lang='lat' dir='ltr'>hoc</span> <span class='ocrx_word' id='word_1_216' title='bbox 1584 3367 1756 3423; x_wconf 90' lang='lat' dir='ltr'>casu,</span> <span class='ocrx_word' id='word_1_217' title='bbox 1811 3347 1958 3425; x_wconf 87' lang='lat' dir='ltr'>quia</span> <span class='ocrx_word' id='word_1_218' title='bbox 2003 3347 2350 3421; x_wconf 84' lang='lat' dir='ltr'>translatiO,</span> 
     </span>
     <span class='ocr_line' id='line_1_44' title="bbox 814 3439 2348 3516; baseline -0.002 -16"><span class='ocrx_word' id='word_1_219' title='bbox 814 3441 959 3502; x_wconf 90' lang='lat' dir='ltr'>licet</span> <span class='ocrx_word' id='word_1_220' title='bbox 985 3441 1269 3501; x_wconf 88' lang='lat' dir='ltr'>intimata</span> <span class='ocrx_word' id='word_1_221' title='bbox 1297 3440 1485 3500; x_wconf 84' lang='lat' dir='ltr'>fuerit</span> <span class='ocrx_word' id='word_1_222' title='bbox 1512 3440 1677 3500; x_wconf 87' lang='lat' dir='ltr'>intra</span> <span class='ocrx_word' id='word_1_223' title='bbox 1707 3439 1981 3516; x_wconf 89' lang='lat' dir='ltr'>primum</span> <span class='ocrx_word' id='word_1_224' title='bbox 2024 3444 2348 3514; x_wconf 81' lang='lat' dir='ltr'>semestre,</span> 
     </span>
     <span class='ocr_line' id='line_1_45' title="bbox 816 3530 2353 3613; baseline -0.003 -19"><span class='ocrx_word' id='word_1_225' title='bbox 816 3534 996 3613; x_wconf 91' lang='lat' dir='ltr'>cujus</span> <span class='ocrx_word' id='word_1_226' title='bbox 1037 3533 1275 3593; x_wconf 84' lang='lat' dir='ltr'>fructus</span> <span class='ocrx_word' id='word_1_227' title='bbox 1322 3531 1601 3609; x_wconf 86' lang='lat' dir='ltr'>percepti</span> <span class='ocrx_word' id='word_1_228' title='bbox 1638 3530 1909 3606; x_wconf 84' lang='lat' dir='ltr'>fuerant,</span> <span class='ocrx_word' id='word_1_229' title='bbox 1963 3549 2085 3591; x_wconf 91' lang='lat' dir='ltr'>non</span> <span class='ocrx_word' id='word_1_230' title='bbox 2137 3534 2353 3591; x_wconf 89' lang='lat' dir='ltr'>tamen</span> 
     </span>
     <span class='ocr_line' id='line_1_46' title="bbox 815 3623 2357 3705; baseline -0.003 -19"><span class='ocrx_word' id='word_1_231' title='bbox 815 3625 1007 3705; x_wconf 88' lang='lat' dir='ltr'>coepit</span> <span class='ocrx_word' id='word_1_232' title='bbox 1024 3624 1257 3685; x_wconf 87' lang='lat' dir='ltr'>habere</span> <span class='ocrx_word' id='word_1_233' title='bbox 1280 3642 1460 3684; x_wconf 91' lang='lat' dir='ltr'>suum</span> <span class='ocrx_word' id='word_1_234' title='bbox 1490 3624 1783 3683; x_wconf 82' lang='lat' dir='ltr'>effectum</span> <span class='ocrx_word' id='word_1_235' title='bbox 1799 3641 1996 3701; x_wconf 89' lang='lat' dir='ltr'>usque</span> <span class='ocrx_word' id='word_1_236' title='bbox 2027 3623 2106 3682; x_wconf 89' lang='lat' dir='ltr'>ad</span> <span class='ocrx_word' id='word_1_237' title='bbox 2137 3633 2357 3682; x_wconf 84' lang='lat' dir='ltr'>secun-</span> 
     </span>
     <span class='ocr_line' id='line_1_47' title="bbox 817 3714 2358 3794; baseline -0.004 -14"><span class='ocrx_word' id='word_1_238' title='bbox 817 3719 967 3780; x_wconf 90' lang='lat' dir='ltr'>dum</span> <span class='ocrx_word' id='word_1_239' title='bbox 1010 3719 1333 3790; x_wconf 87' lang='lat' dir='ltr'>semestre,</span> <span class='ocrx_word' id='word_1_240' title='bbox 1394 3714 1569 3794; x_wconf 85' lang='lat' dir='ltr'>cujus</span> <span class='ocrx_word' id='word_1_241' title='bbox 1625 3715 1862 3775; x_wconf 87' lang='lat' dir='ltr'>fructus</span> <span class='ocrx_word' id='word_1_242' title='bbox 1929 3733 2053 3774; x_wconf 90' lang='lat' dir='ltr'>non</span> <span class='ocrx_word' id='word_1_243' title='bbox 2107 3715 2358 3774; x_wconf 82' lang='lat' dir='ltr'>fuerant</span> 
     </span>
     <span class='ocr_line' id='line_1_48' title="bbox 814 3807 2358 3890; baseline -0.005 -17"><span class='ocrx_word' id='word_1_244' title='bbox 814 3810 1092 3890; x_wconf 86' lang='lat' dir='ltr'>percepti</span> <span class='ocrx_word' id='word_1_245' title='bbox 1128 3830 1141 3870; x_wconf 88' lang='lat'><strong>:</strong></span> <span class='ocrx_word' id='word_1_246' title='bbox 1176 3808 1484 3870; x_wconf 90' lang='lat' dir='ltr'>intimatio</span> <span class='ocrx_word' id='word_1_247' title='bbox 1506 3825 1656 3886; x_wconf 88' lang='lat' dir='ltr'>ergo</span> <span class='ocrx_word' id='word_1_248' title='bbox 1685 3810 1889 3884; x_wconf 91' lang='lat' dir='ltr'>potest</span> <span class='ocrx_word' id='word_1_249' title='bbox 1931 3807 2070 3867; x_wconf 87' lang='lat' dir='ltr'>fieri</span> <span class='ocrx_word' id='word_1_250' title='bbox 2121 3825 2358 3867; x_wconf 90' lang='lat' dir='ltr'>semes-</span> 
     </span>
     <span class='ocr_line' id='line_1_49' title="bbox 814 3899 2361 3978; baseline -0.003 -14"><span class='ocrx_word' id='word_1_251' title='bbox 814 3904 895 3964; x_wconf 89' lang='lat' dir='ltr'>tri</span> <span class='ocrx_word' id='word_1_252' title='bbox 917 3904 1143 3978; x_wconf 91' lang='lat' dir='ltr'>solut0,</span> <span class='ocrx_word' id='word_1_253' title='bbox 1171 3902 1322 3961; x_wconf 91' lang='lat' dir='ltr'>dum</span> <span class='ocrx_word' id='word_1_254' title='bbox 1349 3905 1561 3961; x_wconf 84' lang='lat' dir='ltr'>tamen</span> <span class='ocrx_word' id='word_1_255' title='bbox 1608 3899 1930 3960; x_wconf 87' lang='lat' dir='ltr'>translatio</span> <span class='ocrx_word' id='word_1_256' title='bbox 1963 3917 2106 3960; x_wconf 91' lang='lat' dir='ltr'>cum</span> <span class='ocrx_word' id='word_1_257' title='bbox 2136 3901 2361 3960; x_wconf 89' lang='lat' dir='ltr'>eflectu</span> 
     </span>
     <span class='ocr_line' id='line_1_50' title="bbox 815 3991 2356 4072; baseline -0.003 -16"><span class='ocrx_word' id='word_1_258' title='bbox 815 4015 937 4056; x_wconf 90' lang='lat' dir='ltr'>non</span> <span class='ocrx_word' id='word_1_259' title='bbox 965 3997 1095 4072; x_wconf 87' lang='lat' dir='ltr'>fiat,</span> <span class='ocrx_word' id='word_1_260' title='bbox 1131 3994 1251 4054; x_wconf 90' lang='lat' dir='ltr'>nisi</span> <span class='ocrx_word' id='word_1_261' title='bbox 1298 3991 1582 4053; x_wconf 83' lang='lat' dir='ltr'>semestri</span> <span class='ocrx_word' id='word_1_262' title='bbox 1632 4010 1756 4052; x_wconf 90' lang='lat' dir='ltr'>non</span> <span class='ocrx_word' id='word_1_263' title='bbox 1801 3991 2003 4052; x_wconf 90' lang='lat' dir='ltr'>soluto</span> <span class='ocrx_word' id='word_1_264' title='bbox 2041 4008 2055 4054; x_wconf 74' lang='grc' dir='ltr'>ε</span> <span class='ocrx_word' id='word_1_265' title='bbox 2110 3996 2176 4052; x_wconf 91' lang='lat' dir='ltr'>et</span> <span class='ocrx_word' id='word_1_266' title='bbox 2219 3991 2356 4051; x_wconf 85' lang='lat' dir='ltr'>haee</span> 
     </span>
     <span class='ocr_line' id='line_1_51' title="bbox 816 4083 2357 4163; baseline -0.003 -14"><span class='ocrx_word' id='word_1_267' title='bbox 816 4088 1063 4152; x_wconf 88' lang='lat' dir='ltr'>videtur</span> <span class='ocrx_word' id='word_1_268' title='bbox 1109 4105 1243 4148; x_wconf 88' lang='lat' dir='ltr'>esse</span> <span class='ocrx_word' id='word_1_269' title='bbox 1309 4085 1570 4146; x_wconf 88' lang='lat' dir='ltr'>intentio</span> <span class='ocrx_word' id='word_1_270' title='bbox 1630 4084 2159 4160; x_wconf 80' lang='lat' dir='ltr'>contrahentium,</span> <span class='ocrx_word' id='word_1_271' title='bbox 2211 4083 2357 4163; x_wconf 89' lang='lat' dir='ltr'>quia</span> 
     </span>
     <span class='ocr_line' id='line_1_52' title="bbox 816 4176 2360 4259; baseline -0.003 -19"><span class='ocrx_word' id='word_1_272' title='bbox 816 4179 1093 4259; x_wconf 88' lang='lat' dir='ltr'>alioquin</span> <span class='ocrx_word' id='word_1_273' title='bbox 1125 4177 1507 4256; x_wconf 84' lang='lat' dir='ltr'>obligaretur</span> <span class='ocrx_word' id='word_1_274' title='bbox 1535 4194 1784 4254; x_wconf 89' lang='lat' dir='ltr'>semper</span> <span class='ocrx_word' id='word_1_275' title='bbox 1831 4176 2057 4251; x_wconf 81' lang='lat' dir='ltr'>socius,</span> <span class='ocrx_word' id='word_1_276' title='bbox 2091 4176 2155 4235; x_wconf 92' lang='lat' dir='ltr'>in</span> <span class='ocrx_word' id='word_1_277' title='bbox 2202 4193 2360 4254; x_wconf 84' lang='lat' dir='ltr'>quo·</span> 
     </span>
     <span class='ocr_line' id='line_1_53' title="bbox 814 4268 2357 4347; baseline -0.004 -15"><span class='ocrx_word' id='word_1_278' title='bbox 814 4271 969 4333; x_wconf 91' lang='lat' dir='ltr'>libet</span> <span class='ocrx_word' id='word_1_279' title='bbox 996 4270 1281 4331; x_wconf 86' lang='lat' dir='ltr'>semestri</span> <span class='ocrx_word' id='word_1_280' title='bbox 1307 4268 1602 4329; x_wconf 88' lang='lat' dir='ltr'>sustineri</span> <span class='ocrx_word' id='word_1_281' title='bbox 1632 4287 1744 4346; x_wconf 92' lang='lat' dir='ltr'>per</span> <span class='ocrx_word' id='word_1_282' title='bbox 1795 4268 2157 4347; x_wconf 85' lang='lat' dir='ltr'>quindecim</span> <span class='ocrx_word' id='word_1_283' title='bbox 2224 4268 2357 4327; x_wconf 90' lang='lat' dir='ltr'>dies</span> 
     </span>
     <span class='ocr_line' id='line_1_54' title="bbox 816 4361 2360 4444; baseline -0.002 -20"><span class='ocrx_word' id='word_1_284' title='bbox 816 4363 1166 4444; x_wconf 91' lang='lat' dir='ltr'>periculum</span> <span class='ocrx_word' id='word_1_285' title='bbox 1220 4379 1411 4437; x_wconf 86' lang='lat' dir='ltr'>supra</span> <span class='ocrx_word' id='word_1_286' title='bbox 1465 4378 1645 4421; x_wconf 90' lang='lat' dir='ltr'>suam</span> <span class='ocrx_word' id='word_1_287' title='bbox 1698 4361 1916 4422; x_wconf 86' lang='lat' dir='ltr'>vitam.</span> <span class='ocrx_word' id='word_1_288' title='bbox 1976 4362 2054 4421; x_wconf 86' lang='lat' dir='ltr'>Et</span> <span class='ocrx_word' id='word_1_289' title='bbox 2111 4364 2360 4421; x_wconf 86' lang='lat' dir='ltr'>constat</span> 
     </span>
     <span class='ocr_line' id='line_1_55' title="bbox 817 4451 2359 4533; baseline -0.003 -17"><span class='ocrx_word' id='word_1_290' title='bbox 817 4456 1008 4518; x_wconf 89' lang='lat' dir='ltr'>etiam</span> <span class='ocrx_word' id='word_1_291' title='bbox 1064 4473 1141 4515; x_wconf 81' lang='lat' dir='ltr'>ex</span> <span class='ocrx_word' id='word_1_292' title='bbox 1193 4453 1313 4513; x_wconf 90' lang='lat' dir='ltr'>illis</span> <span class='ocrx_word' id='word_1_293' title='bbox 1350 4452 1579 4529; x_wconf 80' lang='lat' dir='ltr'>verhiS,</span> <span class='ocrx_word' id='word_1_294' title='bbox 1639 4471 1771 4533; x_wconf 83' lang='lat' dir='ltr'>quoe</span> <span class='ocrx_word' id='word_1_295' title='bbox 1819 4451 1957 4533; x_wconf 79' lang='lat' dir='ltr'>fieri</span> <span class='ocrx_word' id='word_1_296' title='bbox 1974 4452 2159 4533; x_wconf 79' lang='lat' dir='ltr'>possit</span> <span class='ocrx_word' id='word_1_297' title='bbox 2175 4460 2359 4532; x_wconf 83' lang='lat' dir='ltr'>prout</span> 
     </span>
     <span class='ocr_line' id='line_1_56' title="bbox 816 4544 2356 4624; baseline -0.002 -15"><span class='ocrx_word' id='word_1_298' title='bbox 816 4547 1082 4623; x_wconf 64' lang='lat' dir='ltr'>dzlsdicta,</span> <span class='ocrx_word' id='word_1_299' title='bbox 1127 4564 1275 4605; x_wconf 86' lang='lat' dir='ltr'>nam</span> <span class='ocrx_word' id='word_1_300' title='bbox 1314 4544 1582 4606; x_wconf 89' lang='lat' dir='ltr'>disdicta</span> <span class='ocrx_word' id='word_1_301' title='bbox 1638 4549 1842 4624; x_wconf 89' lang='lat' dir='ltr'>potest</span> <span class='ocrx_word' id='word_1_302' title='bbox 1887 4544 2162 4606; x_wconf 89' lang='lat' dir='ltr'>intimari</span> <span class='ocrx_word' id='word_1_303' title='bbox 2212 4548 2356 4606; x_wconf 88' lang='lat' dir='ltr'>ante</span> 
     </span>
     <span class='ocr_line' id='line_1_57' title="bbox 812 4636 2359 4714; baseline -0.004 -12"><span class='ocrx_word' id='word_1_304' title='bbox 812 4642 1059 4706; x_wconf 85' lang='lat' dir='ltr'>finitum</span> <span class='ocrx_word' id='word_1_305' title='bbox 1089 4638 1278 4699; x_wconf 90' lang='lat' dir='ltr'>etiam</span> <span class='ocrx_word' id='word_1_306' title='bbox 1307 4637 1580 4714; x_wconf 91' lang='lat' dir='ltr'>primum</span> <span class='ocrx_word' id='word_1_307' title='bbox 1607 4641 1929 4713; x_wconf 87' lang='lat' dir='ltr'>semestre,</span> <span class='ocrx_word' id='word_1_308' title='bbox 1965 4636 2116 4696; x_wconf 90' lang='lat' dir='ltr'>dum</span> <span class='ocrx_word' id='word_1_309' title='bbox 2146 4640 2359 4696; x_wconf 90' lang='lat' dir='ltr'>tamen</span> 
     </span>
     <span class='ocr_line' id='line_1_58' title="bbox 814 4728 2358 4795; baseline -0.004 0"><span class='ocrx_word' id='word_1_310' title='bbox 814 4752 944 4795; x_wconf 90' lang='lat' dir='ltr'>non</span> <span class='ocrx_word' id='word_1_311' title='bbox 997 4730 1373 4792; x_wconf 85' lang='lat' dir='ltr'>dissolvatur</span> <span class='ocrx_word' id='word_1_312' title='bbox 1424 4728 1689 4789; x_wconf 89' lang='lat' dir='ltr'>societas</span> <span class='ocrx_word' id='word_1_313' title='bbox 1749 4746 1892 4789; x_wconf 90' lang='lat' dir='ltr'>cum</span> <span class='ocrx_word' id='word_1_314' title='bbox 1940 4730 2167 4790; x_wconf 85' lang='lat' dir='ltr'>effectu</span> <span class='ocrx_word' id='word_1_315' title='bbox 2214 4733 2358 4790; x_wconf 86' lang='lat' dir='ltr'>ante</span> 
     </span>
     <span class='ocr_line' id='line_1_59' title="bbox 815 4821 2360 4900; baseline -0.005 -12"><span class='ocrx_word' id='word_1_316' title='bbox 815 4823 1161 4888; x_wconf 87' lang='lat' dir='ltr'>secundum</span> <span class='ocrx_word' id='word_1_317' title='bbox 1201 4825 1498 4882; x_wconf 88' lang='lat' dir='ltr'>semestre</span> <span class='ocrx_word' id='word_1_318' title='bbox 1539 4841 1552 4881; x_wconf 76' lang='grc' dir='ltr'><strong><em>ε</em></strong></span> <span class='ocrx_word' id='word_1_319' title='bbox 1614 4838 1760 4880; x_wconf 88' lang='lat' dir='ltr'>nam</span> <span class='ocrx_word' id='word_1_320' title='bbox 1810 4821 2170 4900; x_wconf 87' lang='lat' dir='ltr'>quindecim</span> <span class='ocrx_word' id='word_1_321' title='bbox 2226 4822 2360 4881; x_wconf 91' lang='lat' dir='ltr'>dies</span> 
     </span>
     <span class='ocr_line' id='line_1_60' title="bbox 813 4913 2361 4999; baseline -0.003 -20"><span class='ocrx_word' id='word_1_322' title='bbox 813 4917 1242 4999; x_wconf 73' lang='lat' dir='ltr'>praecedentes</span> <span class='ocrx_word' id='word_1_323' title='bbox 1270 4914 1680 4993; x_wconf 90' lang='lat' dir='ltr'>requiruntur</span> <span class='ocrx_word' id='word_1_324' title='bbox 1703 4913 1765 4976; x_wconf 89' lang='lat' dir='ltr'>in</span> <span class='ocrx_word' id='word_1_325' title='bbox 1798 4913 2067 4974; x_wconf 89' lang='lat' dir='ltr'>disdicta</span> <span class='ocrx_word' id='word_1_326' title='bbox 2097 4914 2179 4974; x_wconf 89' lang='lat' dir='ltr'>ad</span> <span class='ocrx_word' id='word_1_327' title='bbox 2210 4914 2361 4974; x_wconf 89' lang='lat' dir='ltr'>deli-</span> 
     </span>
     <span class='ocr_line' id='line_1_61' title="bbox 813 5004 2365 5086; baseline -0.003 -13"><span class='ocrx_word' id='word_1_328' title='bbox 813 5010 1187 5085; x_wconf 89' lang='lat' dir='ltr'>berandum,</span> <span class='ocrx_word' id='word_1_329' title='bbox 1222 5007 1306 5068; x_wconf 89' lang='lat' dir='ltr'>ad</span> <span class='ocrx_word' id='word_1_330' title='bbox 1335 5006 1501 5085; x_wconf 93' lang='lat' dir='ltr'>quod</span> <span class='ocrx_word' id='word_1_331' title='bbox 1534 5004 1850 5066; x_wconf 88' lang='lat' dir='ltr'>deservire</span> <span class='ocrx_word' id='word_1_332' title='bbox 1882 5006 2071 5066; x_wconf 90' lang='lat' dir='ltr'>etiam</span> <span class='ocrx_word' id='word_1_333' title='bbox 2100 5011 2365 5086; x_wconf 87' lang='lat' dir='ltr'>possunt</span> 
     </span>
     <span class='ocr_line' id='line_1_62' title="bbox 817 5098 1529 5183; baseline -0.008 -17"><span class='ocrx_word' id='word_1_334' title='bbox 817 5104 950 5166; x_wconf 90' lang='lat' dir='ltr'>dies</span> <span class='ocrx_word' id='word_1_335' title='bbox 973 5101 1161 5183; x_wconf 90' lang='lat' dir='ltr'>primi</span> <span class='ocrx_word' id='word_1_336' title='bbox 1189 5098 1529 5161; x_wconf 77' lang='lat' dir='ltr'>semestris·</span> 
     </span>
    </p>

    <p class='ocr_par' dir='ltr' id='par_1_7' title="bbox 820 5189 2362 5364">
     <span class='ocr_line' id='line_1_63' title="bbox 898 5189 2362 5269; baseline -0.004 -12"><span class='ocrx_word' id='word_1_337' title='bbox 898 5195 1057 5257; x_wconf 89' lang='lat' dir='ltr'>Huic</span> <span class='ocrx_word' id='word_1_338' title='bbox 1086 5198 1298 5254; x_wconf 90' lang='lat' dir='ltr'>tamen</span> <span class='ocrx_word' id='word_1_339' title='bbox 1321 5189 1621 5252; x_wconf 87' lang='lat' dir='ltr'>decisioni</span> <span class='ocrx_word' id='word_1_340' title='bbox 1651 5192 1713 5250; x_wconf 89' lang='lat' dir='ltr'>et</span> <span class='ocrx_word' id='word_1_341' title='bbox 1740 5189 2040 5251; x_wconf 83' lang='lat' dir='ltr'>doctrinae</span> <span class='ocrx_word' id='word_1_342' title='bbox 2064 5209 2203 5269; x_wconf 83' lang='lat' dir='ltr'>quae</span> <span class='ocrx_word' id='word_1_343' title='bbox 2224 5209 2362 5269; x_wconf 92' lang='lat' dir='ltr'>pro-</span> 
     </span>
     <span class='ocr_line' id='line_1_64' title="bbox 820 5283 2362 5364; baseline -0.005 -12"><span class='ocrx_word' id='word_1_344' title='bbox 820 5290 920 5352; x_wconf 92' lang='lat' dir='ltr'>cul</span> <span class='ocrx_word' id='word_1_345' title='bbox 948 5287 1138 5352; x_wconf 84' lang='lat' dir='ltr'>dubio</span> <span class='ocrx_word' id='word_1_346' title='bbox 1166 5304 1318 5347; x_wconf 88' lang='lat' dir='ltr'>vera</span> <span class='ocrx_word' id='word_1_347' title='bbox 1337 5290 1398 5347; x_wconf 90' lang='lat' dir='ltr'>et</span> <span class='ocrx_word' id='word_1_348' title='bbox 1436 5283 1715 5364; x_wconf 87' lang='lat' dir='ltr'>juridica</span> <span class='ocrx_word' id='word_1_349' title='bbox 1769 5286 1883 5359; x_wconf 87' lang='lat' dir='ltr'>est,</span> <span class='ocrx_word' id='word_1_350' title='bbox 1930 5285 2164 5361; x_wconf 91' lang='lat' dir='ltr'>opponi</span> <span class='ocrx_word' id='word_1_351' title='bbox 2205 5285 2362 5346; x_wconf 88' lang='lat' dir='ltr'>solet</span> 
     </span>
    </p>
   </div>
   <div class='ocr_carea' id='block_1_6' title="bbox 472 5375 2361 5458">
    <p class='ocr_par' dir='ltr' id='par_1_8' title="bbox 472 5375 2361 5458">
     <span class='ocr_line' id='line_1_65' title="bbox 472 5375 2361 5458; baseline -0.004 -13"><span class='ocrx_word' id='word_1_352' title='bbox 472 5389 770 5452; x_wconf 64' lang='lat' dir='ltr'>deci⁸i⁰1³0302</span> <span class='ocrx_word' id='word_1_353' title='bbox 823 5381 1055 5445; x_wconf 89' lang='lat' dir='ltr'>decisio</span> <span class='ocrx_word' id='word_1_354' title='bbox 1109 5378 1230 5440; x_wconf 89' lang='lat' dir='ltr'>alia</span> <span class='ocrx_word' id='word_1_355' title='bbox 1270 5376 1555 5458; x_wconf 88' lang='lat' dir='ltr'>ejusdem</span> <span class='ocrx_word' id='word_1_356' title='bbox 1602 5377 1775 5440; x_wconf 82' lang='lat' dir='ltr'>Rotae</span> <span class='ocrx_word' id='word_1_357' title='bbox 1822 5375 1884 5434; x_wconf 90' lang='lat' dir='ltr'>in</span> <span class='ocrx_word' id='word_1_358' title='bbox 1921 5375 2198 5453; x_wconf 87' lang='lat' dir='ltr'>quadam</span> <span class='ocrx_word' id='word_1_359' title='bbox 2238 5379 2361 5437; x_wconf 84' lang='lat' dir='ltr'>Ro-</span> 
     </span>
    </p>
   </div>
   <div class='ocr_carea' id='block_1_7' title="bbox 513 5446 737 5542">
    <p class='ocr_par' dir='ltr' id='par_1_9' title="bbox 513 5446 737 5542">
     <span class='ocr_line' id='line_1_66' title="bbox 514 5446 737 5505; baseline -0.013 -19"><span class='ocrx_word' id='word_1_360' title='bbox 514 5450 561 5487; x_wconf 77' lang='lat' dir='ltr'>ut</span> <span class='ocrx_word' id='word_1_361' title='bbox 579 5454 662 5485; x_wconf 83' lang='lat' dir='ltr'>non</span> <span class='ocrx_word' id='word_1_362' title='bbox 678 5446 737 5505; x_wconf 41' lang='grc' dir='ltr'>,ιιι</span> 
     </span>
     <span class='ocr_line' id='line_1_67' title="bbox 513 5501 732 5542; baseline -0.014 0"><span class='ocrx_word' id='word_1_363' title='bbox 513 5501 732 5542; x_wconf 70' lang='lat' dir='ltr'>contram.</span> 
     </span>
    </p>
   </div>
   <div class='ocr_carea' id='block_1_8' title="bbox 822 5468 2357 5546">
    <p class='ocr_par' dir='ltr' id='par_1_10' title="bbox 822 5468 2357 5546">
     <span class='ocr_line' id='line_1_68' title="bbox 822 5468 2357 5546; baseline -0.008 -5"><span class='ocrx_word' id='word_1_364' title='bbox 822 5494 1014 5546; x_wconf 87' lang='lat' dir='ltr'>mana</span> <span class='ocrx_word' id='word_1_365' title='bbox 1042 5471 1358 5538; x_wconf 80' lang='lat' dir='ltr'>societatis</span> <span class='ocrx_word' id='word_1_366' title='bbox 1388 5469 1579 5532; x_wconf 85' lang='lat' dir='ltr'>officii</span> <span class='ocrx_word' id='word_1_367' title='bbox 1604 5473 1663 5531; x_wconf 90' lang='grc'>9.</span> <span class='ocrx_word' id='word_1_368' title='bbox 1697 5468 1903 5530; x_wconf 86' lang='lat' dir='ltr'>Martii</span> <span class='ocrx_word' id='word_1_369' title='bbox 1934 5471 2107 5531; x_wconf 77' lang='grc'><strong>1598.</strong></span> <span class='ocrx_word' id='word_1_370' title='bbox 2143 5488 2357 5540; x_wconf 80' lang='lat' dir='ltr'>coram</span> 
     </span>
    </p>
   </div>
   <div class='ocr_carea' id='block_1_9' title="bbox 1935 319 2825 398">
    <p class='ocr_par' dir='ltr' id='par_1_11' title="bbox 1935 319 2825 398">
     <span class='ocr_line' id='line_1_69' title="bbox 1935 319 2825 398; baseline 0.001 -17"><span class='ocrx_word' id='word_1_371' title='bbox 1935 321 2036 381; x_wconf 74' lang='lat' dir='ltr'>nn</span> <span class='ocrx_word' id='word_1_372' title='bbox 2080 319 2581 398; x_wconf 76' lang='lat' dir='ltr'><strong>JUSTITIAET</strong></span> <span class='ocrx_word' id='word_1_373' title='bbox 2622 322 2825 382; x_wconf 72' lang='lat' dir='ltr'>man</span> 
     </span>
    </p>
   </div>
   <div class='ocr_carea' id='block_1_10' title="bbox 2440 495 3992 5553">
    <p class='ocr_par' dir='ltr' id='par_1_12' title="bbox 2440 495 3988 3702">
     <span class='ocr_line' id='line_1_70' title="bbox 2440 495 3961 576; baseline 0.003 -23"><span class='ocrx_word' id='word_1_374' title='bbox 2440 495 2798 573; x_wconf 83' lang='lat' dir='ltr'>Peregrino,</span> <span class='ocrx_word' id='word_1_375' title='bbox 2834 514 3025 574; x_wconf 87' lang='lat' dir='ltr'>quam</span> <span class='ocrx_word' id='word_1_376' title='bbox 3055 495 3438 556; x_wconf 87' lang='lat' dir='ltr'>decisionem</span> <span class='ocrx_word' id='word_1_377' title='bbox 3469 497 3708 558; x_wconf 85' lang='lat' dir='ltr'>directe</span> <span class='ocrx_word' id='word_1_378' title='bbox 3744 499 3961 576; x_wconf 89' lang='lat' dir='ltr'>opponi</span> 
     </span>
     <span class='ocr_line' id='line_1_71' title="bbox 2440 587 3964 667; baseline 0.003 -22"><span class='ocrx_word' id='word_1_379' title='bbox 2440 587 2841 665; x_wconf 73' lang='lat' dir='ltr'>praecedenti,</span> <span class='ocrx_word' id='word_1_380' title='bbox 2892 588 3121 649; x_wconf 88' lang='lat' dir='ltr'>fatetur</span> <span class='ocrx_word' id='word_1_381' title='bbox 3174 590 3477 649; x_wconf 87' lang='lat' dir='ltr'>Zacchias</span> <span class='ocrx_word' id='word_1_382' title='bbox 3541 609 3603 649; x_wconf 89' lang='lat' dir='ltr'>n.</span> <span class='ocrx_word' id='word_1_383' title='bbox 3657 592 3798 651; x_wconf 74' lang='lat'>439.</span> <span class='ocrx_word' id='word_1_384' title='bbox 3849 592 3964 667; x_wconf 81' lang='lat' dir='ltr'>Ego</span> 
     </span>
     <span class='ocr_line' id='line_1_72' title="bbox 2440 682 3967 758; baseline 0.002 -20"><span class='ocrx_word' id='word_1_385' title='bbox 2440 684 2649 738; x_wconf 90' lang='lat' dir='ltr'>tamen</span> <span class='ocrx_word' id='word_1_386' title='bbox 2700 682 3029 758; x_wconf 87' lang='lat' dir='ltr'>utramque</span> <span class='ocrx_word' id='word_1_387' title='bbox 3076 698 3290 739; x_wconf 90' lang='lat' dir='ltr'>veram</span> <span class='ocrx_word' id='word_1_388' title='bbox 3345 682 3656 755; x_wconf 82' lang='lat' dir='ltr'>existimO,</span> <span class='ocrx_word' id='word_1_389' title='bbox 3709 686 3775 742; x_wconf 89' lang='lat' dir='ltr'>et</span> <span class='ocrx_word' id='word_1_390' title='bbox 3815 682 3967 741; x_wconf 89' lang='lat' dir='ltr'>nullo</span> 
     </span>
     <span class='ocr_line' id='line_1_73' title="bbox 2441 770 3968 851; baseline 0.001 -22"><span class='ocrx_word' id='word_1_391' title='bbox 2441 770 2629 830; x_wconf 90' lang='lat' dir='ltr'>modo</span> <span class='ocrx_word' id='word_1_392' title='bbox 2660 770 2778 830; x_wconf 89' lang='lat' dir='ltr'>sibi</span> <span class='ocrx_word' id='word_1_393' title='bbox 2806 771 3127 831; x_wconf 88' lang='lat' dir='ltr'>adversari</span> <span class='ocrx_word' id='word_1_394' title='bbox 3163 791 3178 836; x_wconf 76' lang='grc' dir='ltr'>ε</span> <span class='ocrx_word' id='word_1_395' title='bbox 3238 774 3386 851; x_wconf 90' lang='lat' dir='ltr'>quia</span> <span class='ocrx_word' id='word_1_396' title='bbox 3439 774 3502 832; x_wconf 90' lang='lat' dir='ltr'>in</span> <span class='ocrx_word' id='word_1_397' title='bbox 3544 773 3666 833; x_wconf 89' lang='lat' dir='ltr'>hac</span> <span class='ocrx_word' id='word_1_398' title='bbox 3705 774 3968 832; x_wconf 77' lang='lat' dir='ltr'>secunda</span> 
     </span>
     <span class='ocr_line' id='line_1_74' title="bbox 2443 862 3972 943; baseline 0.001 -22"><span class='ocrx_word' id='word_1_399' title='bbox 2443 862 2687 922; x_wconf 89' lang='lat' dir='ltr'>decisus</span> <span class='ocrx_word' id='word_1_400' title='bbox 2714 862 2830 924; x_wconf 85' lang='lat' dir='ltr'>fuit</span> <span class='ocrx_word' id='word_1_401' title='bbox 2850 880 3031 923; x_wconf 88' lang='lat' dir='ltr'>casus</span> <span class='ocrx_word' id='word_1_402' title='bbox 3059 863 3216 924; x_wconf 90' lang='lat' dir='ltr'>alius</span> <span class='ocrx_word' id='word_1_403' title='bbox 3243 864 3549 940; x_wconf 85' lang='lat' dir='ltr'>diversus,</span> <span class='ocrx_word' id='word_1_404' title='bbox 3580 884 3707 943; x_wconf 92' lang='lat' dir='ltr'>quo</span> <span class='ocrx_word' id='word_1_405' title='bbox 3735 864 3904 924; x_wconf 87' lang='lat' dir='ltr'>socia</span> <span class='ocrx_word' id='word_1_406' title='bbox 3919 865 3972 923; x_wconf 90' lang='lat' dir='ltr'>in</span> 
     </span>
     <span class='ocr_line' id='line_1_75' title="bbox 2442 954 3973 1034; baseline 0.002 -21"><span class='ocrx_word' id='word_1_407' title='bbox 2442 954 2716 1014; x_wconf 89' lang='lat' dir='ltr'>secundo</span> <span class='ocrx_word' id='word_1_408' title='bbox 2748 955 3054 1030; x_wconf 80' lang='lat' dir='ltr'>semestri,</span> <span class='ocrx_word' id='word_1_409' title='bbox 3087 960 3423 1034; x_wconf 82' lang='lat' dir='ltr'>postquam</span> <span class='ocrx_word' id='word_1_410' title='bbox 3453 957 3676 1017; x_wconf 89' lang='lat' dir='ltr'>datum</span> <span class='ocrx_word' id='word_1_411' title='bbox 3696 957 3900 1017; x_wconf 81' lang='lat' dir='ltr'>fuerat</span> <span class='ocrx_word' id='word_1_412' title='bbox 3923 959 3973 1016; x_wconf 88' lang='lat' dir='ltr'>ei</span> 
     </span>
     <span class='ocr_line' id='line_1_76' title="bbox 2445 1046 3975 1127; baseline 0.003 -23"><span class='ocrx_word' id='word_1_413' title='bbox 2445 1046 2523 1105; x_wconf 89' lang='lat' dir='ltr'>ab</span> <span class='ocrx_word' id='word_1_414' title='bbox 2605 1046 2855 1106; x_wconf 86' lang='lat' dir='ltr'>officiali</span> <span class='ocrx_word' id='word_1_415' title='bbox 2928 1046 3420 1127; x_wconf 80' lang='lat' dir='ltr'>chirographum</span> <span class='ocrx_word' id='word_1_416' title='bbox 3498 1067 3624 1127; x_wconf 90' lang='lat' dir='ltr'>quo</span> <span class='ocrx_word' id='word_1_417' title='bbox 3711 1050 3975 1127; x_wconf 75' lang='lat' dir='ltr'>exigeret</span> 
     </span>
     <span class='ocr_line' id='line_1_77' title="bbox 2443 1138 3975 1203; baseline 0.002 -6"><span class='ocrx_word' id='word_1_418' title='bbox 2443 1138 2680 1199; x_wconf 86' lang='lat' dir='ltr'>fructus</span> <span class='ocrx_word' id='word_1_419' title='bbox 2707 1139 2967 1198; x_wconf 90' lang='lat' dir='ltr'>secundi</span> <span class='ocrx_word' id='word_1_420' title='bbox 2994 1141 3308 1200; x_wconf 89' lang='lat' dir='ltr'>semestris</span> <span class='ocrx_word' id='word_1_421' title='bbox 3340 1160 3376 1199; x_wconf 92' lang='lat' dir='ltr'>a</span> <span class='ocrx_word' id='word_1_422' title='bbox 3402 1145 3758 1203; x_wconf 85' lang='lat' dir='ltr'>mercatore</span> <span class='ocrx_word' id='word_1_423' title='bbox 3808 1146 3871 1201; x_wconf 87' lang='lat' dir='ltr'>et</span> <span class='ocrx_word' id='word_1_424' title='bbox 3907 1141 3975 1200; x_wconf 79' lang='lat' dir='ltr'>ab</span> 
     </span>
     <span class='ocr_line' id='line_1_78' title="bbox 2446 1234 3975 1310; baseline 0.001 -19"><span class='ocrx_word' id='word_1_425' title='bbox 2446 1249 2518 1291; x_wconf 91' lang='lat' dir='ltr'>eo</span> <span class='ocrx_word' id='word_1_426' title='bbox 2552 1235 2968 1309; x_wconf 89' lang='lat' dir='ltr'>acceptatum,</span> <span class='ocrx_word' id='word_1_427' title='bbox 3013 1235 3353 1310; x_wconf 84' lang='lat' dir='ltr'>antequam</span> <span class='ocrx_word' id='word_1_428' title='bbox 3409 1252 3517 1293; x_wconf 86' lang='lat' dir='ltr'>eos</span> <span class='ocrx_word' id='word_1_429' title='bbox 3575 1253 3722 1293; x_wconf 89' lang='lat' dir='ltr'>cum</span> <span class='ocrx_word' id='word_1_430' title='bbox 3766 1234 3975 1293; x_wconf 81' lang='lat' dir='ltr'>effectu</span> 
     </span>
     <span class='ocr_line' id='line_1_79' title="bbox 2446 1323 3975 1402; baseline 0 -19"><span class='ocrx_word' id='word_1_431' title='bbox 2446 1323 2744 1400; x_wconf 80' lang='lat' dir='ltr'>exigeret,</span> <span class='ocrx_word' id='word_1_432' title='bbox 2775 1323 3092 1383; x_wconf 90' lang='lat' dir='ltr'>transtulit</span> <span class='ocrx_word' id='word_1_433' title='bbox 3122 1325 3470 1402; x_wconf 89' lang='lat' dir='ltr'>periculum</span> <span class='ocrx_word' id='word_1_434' title='bbox 3497 1325 3647 1386; x_wconf 70' lang='lat' dir='ltr'>vitre</span> <span class='ocrx_word' id='word_1_435' title='bbox 3683 1327 3745 1384; x_wconf 90' lang='lat' dir='ltr'>in</span> <span class='ocrx_word' id='word_1_436' title='bbox 3804 1326 3975 1384; x_wconf 84' lang='lat' dir='ltr'>aliam</span> 
     </span>
     <span class='ocr_line' id='line_1_80' title="bbox 2446 1415 3979 1493; baseline 0.002 -19"><span class='ocrx_word' id='word_1_437' title='bbox 2446 1432 2800 1493; x_wconf 89' lang='lat' dir='ltr'>personam,</span> <span class='ocrx_word' id='word_1_438' title='bbox 2824 1421 2888 1475; x_wconf 91' lang='lat' dir='ltr'>et</span> <span class='ocrx_word' id='word_1_439' title='bbox 2905 1415 3501 1492; x_wconf 85' lang='lat' dir='ltr'>intimavitofficiali,</span> <span class='ocrx_word' id='word_1_440' title='bbox 3516 1421 3585 1477; x_wconf 90' lang='lat' dir='ltr'>et</span> <span class='ocrx_word' id='word_1_441' title='bbox 3607 1419 3979 1477; x_wconf 79' lang='lat' dir='ltr'>transierunt</span> 
     </span>
     <span class='ocr_line' id='line_1_81' title="bbox 2448 1506 3977 1585; baseline 0 -18"><span class='ocrx_word' id='word_1_442' title='bbox 2448 1510 2664 1585; x_wconf 91' lang='lat' dir='ltr'>postea</span> <span class='ocrx_word' id='word_1_443' title='bbox 2713 1506 3072 1584; x_wconf 90' lang='lat' dir='ltr'>quindecim</span> <span class='ocrx_word' id='word_1_444' title='bbox 3115 1507 3289 1567; x_wconf 87' lang='lat' dir='ltr'>dies:</span> <span class='ocrx_word' id='word_1_445' title='bbox 3342 1526 3467 1585; x_wconf 94' lang='lat' dir='ltr'>quo</span> <span class='ocrx_word' id='word_1_446' title='bbox 3512 1526 3666 1567; x_wconf 88' lang='lat' dir='ltr'>casu</span> <span class='ocrx_word' id='word_1_447' title='bbox 3711 1508 3977 1568; x_wconf 81' lang='lat' dir='ltr'>officialis</span> 
     </span>
     <span class='ocr_line' id='line_1_82' title="bbox 2448 1598 3974 1673; baseline 0.001 -15"><span class='ocrx_word' id='word_1_448' title='bbox 2448 1598 2715 1671; x_wconf 90' lang='lat' dir='ltr'>dicebat,</span> <span class='ocrx_word' id='word_1_449' title='bbox 2748 1598 3222 1658; x_wconf 87' lang='lat' dir='ltr'>translationem</span> <span class='ocrx_word' id='word_1_450' title='bbox 3277 1618 3403 1658; x_wconf 89' lang='lat' dir='ltr'>non</span> <span class='ocrx_word' id='word_1_451' title='bbox 3449 1600 3646 1660; x_wconf 90' lang='lat' dir='ltr'>fuisse</span> <span class='ocrx_word' id='word_1_452' title='bbox 3690 1600 3974 1673; x_wconf 63' lang='lat' dir='ltr'>validam,</span> 
     </span>
     <span class='ocr_line' id='line_1_83' title="bbox 2448 1689 3977 1769; baseline 0 -20"><span class='ocrx_word' id='word_1_453' title='bbox 2448 1691 2593 1769; x_wconf 89' lang='lat' dir='ltr'>quia</span> <span class='ocrx_word' id='word_1_454' title='bbox 2636 1690 2860 1751; x_wconf 86' lang='lat' dir='ltr'>virtute</span> <span class='ocrx_word' id='word_1_455' title='bbox 2899 1689 3466 1768; x_wconf 86' lang='lat' dir='ltr'>chirographi,seu</span> <span class='ocrx_word' id='word_1_456' title='bbox 3519 1691 3846 1750; x_wconf 83' lang='lat' dir='ltr'>libranciae</span> <span class='ocrx_word' id='word_1_457' title='bbox 3886 1709 3977 1749; x_wconf 82' lang='lat' dir='ltr'>ac-</span> 
     </span>
     <span class='ocr_line' id='line_1_84' title="bbox 2446 1781 3979 1860; baseline 0 -19"><span class='ocrx_word' id='word_1_458' title='bbox 2446 1786 2663 1859; x_wconf 62' lang='lat' dir='ltr'>ceptae,</span> <span class='ocrx_word' id='word_1_459' title='bbox 2695 1781 2823 1860; x_wconf 76' lang='lat' dir='ltr'>iam</span> <span class='ocrx_word' id='word_1_460' title='bbox 2854 1787 3036 1841; x_wconf 89' lang='lat' dir='ltr'>erant</span> <span class='ocrx_word' id='word_1_461' title='bbox 3075 1782 3259 1842; x_wconf 92' lang='lat' dir='ltr'>soluti</span> <span class='ocrx_word' id='word_1_462' title='bbox 3304 1782 3547 1843; x_wconf 86' lang='lat' dir='ltr'>fructus</span> <span class='ocrx_word' id='word_1_463' title='bbox 3589 1783 3855 1843; x_wconf 87' lang='lat' dir='ltr'>secundi</span> <span class='ocrx_word' id='word_1_464' title='bbox 3895 1800 3979 1841; x_wconf 83' lang='lat' dir='ltr'>se-</span> 
     </span>
     <span class='ocr_line' id='line_1_85' title="bbox 2447 1874 3978 1953; baseline 0.001 -20"><span class='ocrx_word' id='word_1_465' title='bbox 2447 1874 2714 1948; x_wconf 79' lang='lat' dir='ltr'>mestriS‚</span> <span class='ocrx_word' id='word_1_466' title='bbox 2796 1891 2921 1951; x_wconf 88' lang='lat' dir='ltr'>qua</span> <span class='ocrx_word' id='word_1_467' title='bbox 3003 1874 3311 1934; x_wconf 90' lang='lat' dir='ltr'>solutione</span> <span class='ocrx_word' id='word_1_468' title='bbox 3385 1874 3814 1953; x_wconf 61' lang='lat' dir='ltr'>praecedente,</span> <span class='ocrx_word' id='word_1_469' title='bbox 3870 1893 3978 1934; x_wconf 88' lang='lat' dir='ltr'>non</span> 
     </span>
     <span class='ocr_line' id='line_1_86' title="bbox 2446 1966 3978 2046; baseline 0 -21"><span class='ocrx_word' id='word_1_470' title='bbox 2446 1970 2692 2046; x_wconf 85' lang='lat' dir='ltr'>poterat</span> <span class='ocrx_word' id='word_1_471' title='bbox 2720 1984 2794 2026; x_wconf 93' lang='lat' dir='ltr'>eo</span> <span class='ocrx_word' id='word_1_472' title='bbox 2815 1966 3101 2026; x_wconf 86' lang='lat' dir='ltr'>semestri</span> <span class='ocrx_word' id='word_1_473' title='bbox 3129 1967 3456 2028; x_wconf 84' lang='lat' dir='ltr'>translatio</span> <span class='ocrx_word' id='word_1_474' title='bbox 3486 1968 3652 2027; x_wconf 90' lang='lat' dir='ltr'>fieri.</span> <span class='ocrx_word' id='word_1_475' title='bbox 3687 1969 3843 2027; x_wconf 78' lang='lat' dir='ltr'>Rota</span> <span class='ocrx_word' id='word_1_476' title='bbox 3885 1985 3978 2026; x_wconf 86' lang='lat' dir='ltr'>au·</span> 
     </span>
     <span class='ocr_line' id='line_1_87' title="bbox 2446 2057 3978 2137; baseline -0.001 -18"><span class='ocrx_word' id='word_1_477' title='bbox 2446 2062 2573 2119; x_wconf 91' lang='lat' dir='ltr'>tem</span> <span class='ocrx_word' id='word_1_478' title='bbox 2591 2057 2766 2133; x_wconf 80' lang='lat' dir='ltr'>dixit,</span> <span class='ocrx_word' id='word_1_479' title='bbox 2793 2058 2926 2117; x_wconf 77' lang='lat' dir='ltr'>fieri</span> <span class='ocrx_word' id='word_1_480' title='bbox 2949 2058 3246 2135; x_wconf 88' lang='lat' dir='ltr'>potuisse,</span> <span class='ocrx_word' id='word_1_481' title='bbox 3272 2058 3419 2137; x_wconf 88' lang='lat' dir='ltr'>quia</span> <span class='ocrx_word' id='word_1_482' title='bbox 3443 2059 3600 2119; x_wconf 87' lang='lat' dir='ltr'>dare</span> <span class='ocrx_word' id='word_1_483' title='bbox 3631 2063 3696 2120; x_wconf 89' lang='lat' dir='ltr'>et</span> <span class='ocrx_word' id='word_1_484' title='bbox 3712 2060 3978 2137; x_wconf 76' lang='lat' dir='ltr'>accipere</span> 
     </span>
     <span class='ocr_line' id='line_1_88' title="bbox 2448 2150 3976 2228; baseline -0.001 -17"><span class='ocrx_word' id='word_1_485' title='bbox 2448 2150 2935 2228; x_wconf 88' lang='lat' dir='ltr'>chirographum</span> <span class='ocrx_word' id='word_1_486' title='bbox 2950 2150 3031 2209; x_wconf 87' lang='lat' dir='ltr'>ad</span> <span class='ocrx_word' id='word_1_487' title='bbox 3048 2151 3447 2228; x_wconf 82' lang='lat' dir='ltr'>exigendum,</span> <span class='ocrx_word' id='word_1_488' title='bbox 3465 2170 3592 2212; x_wconf 91' lang='lat' dir='ltr'>non</span> <span class='ocrx_word' id='word_1_489' title='bbox 3617 2156 3713 2212; x_wconf 90' lang='lat' dir='ltr'>est</span> <span class='ocrx_word' id='word_1_490' title='bbox 3728 2151 3976 2224; x_wconf 84' lang='lat' dir='ltr'>solvere,</span> 
     </span>
     <span class='ocr_line' id='line_1_89' title="bbox 2449 2242 3980 2319; baseline 0 -17"><span class='ocrx_word' id='word_1_491' title='bbox 2449 2243 2548 2302; x_wconf 92' lang='lat' dir='ltr'>vel</span> <span class='ocrx_word' id='word_1_492' title='bbox 2587 2243 2870 2319; x_wconf 88' lang='lat' dir='ltr'>accipere</span> <span class='ocrx_word' id='word_1_493' title='bbox 2912 2242 3173 2319; x_wconf 82' lang='lat' dir='ltr'>fructus,</span> <span class='ocrx_word' id='word_1_494' title='bbox 3206 2242 3318 2302; x_wconf 89' lang='lat' dir='ltr'>sed</span> <span class='ocrx_word' id='word_1_495' title='bbox 3365 2245 3571 2303; x_wconf 88' lang='lat' dir='ltr'>solum</span> <span class='ocrx_word' id='word_1_496' title='bbox 3625 2244 3980 2304; x_wconf 83' lang='lat' dir='ltr'>mandatum</span> 
     </span>
     <span class='ocr_line' id='line_1_90' title="bbox 2450 2334 3977 2412; baseline 0 -17"><span class='ocrx_word' id='word_1_497' title='bbox 2450 2335 2529 2395; x_wconf 89' lang='lat' dir='ltr'>ad</span> <span class='ocrx_word' id='word_1_498' title='bbox 2561 2334 2960 2412; x_wconf 86' lang='lat' dir='ltr'>exigendum.</span> <span class='ocrx_word' id='word_1_499' title='bbox 2997 2334 3190 2395; x_wconf 88' lang='lat' dir='ltr'>Addit</span> <span class='ocrx_word' id='word_1_500' title='bbox 3226 2343 3438 2396; x_wconf 88' lang='lat' dir='ltr'>autem</span> <span class='ocrx_word' id='word_1_501' title='bbox 3487 2338 3652 2396; x_wconf 85' lang='lat' dir='ltr'>Rota</span> <span class='ocrx_word' id='word_1_502' title='bbox 3686 2336 3775 2396; x_wconf 88' lang='lat' dir='ltr'>ibi</span> <span class='ocrx_word' id='word_1_503' title='bbox 3822 2355 3885 2395; x_wconf 90' lang='lat' dir='ltr'>n.</span> <span class='ocrx_word' id='word_1_504' title='bbox 3923 2338 3977 2395; x_wconf 87' lang='grc'>6.</span> 
     </span>
     <span class='ocr_line' id='line_1_91' title="bbox 2452 2426 3979 2507; baseline 0 -19"><span class='ocrx_word' id='word_1_505' title='bbox 2452 2427 2785 2488; x_wconf 86' lang='lat' dir='ltr'>officialem</span> <span class='ocrx_word' id='word_1_506' title='bbox 2815 2426 2932 2486; x_wconf 90' lang='lat' dir='ltr'>sibi</span> <span class='ocrx_word' id='word_1_507' title='bbox 2967 2426 3197 2486; x_wconf 91' lang='lat' dir='ltr'>debere</span> <span class='ocrx_word' id='word_1_508' title='bbox 3227 2428 3562 2504; x_wconf 90' lang='lat' dir='ltr'>imputare,</span> <span class='ocrx_word' id='word_1_509' title='bbox 3599 2429 3709 2507; x_wconf 92' lang='lat' dir='ltr'>qui</span> <span class='ocrx_word' id='word_1_510' title='bbox 3758 2428 3979 2506; x_wconf 79' lang='lat' dir='ltr'>potuis-</span> 
     </span>
     <span class='ocr_line' id='line_1_92' title="bbox 2450 2519 3981 2597; baseline -0.001 -17"><span class='ocrx_word' id='word_1_511' title='bbox 2450 2524 2545 2580; x_wconf 89' lang='lat' dir='ltr'>set</span> <span class='ocrx_word' id='word_1_512' title='bbox 2572 2519 2722 2578; x_wconf 91' lang='lat' dir='ltr'>reali</span> <span class='ocrx_word' id='word_1_513' title='bbox 2777 2519 3088 2579; x_wconf 91' lang='lat' dir='ltr'>solutione</span> <span class='ocrx_word' id='word_1_514' title='bbox 3143 2519 3530 2597; x_wconf 84' lang='lat' dir='ltr'>praecludere</span> <span class='ocrx_word' id='word_1_515' title='bbox 3583 2521 3757 2580; x_wconf 83' lang='lat' dir='ltr'>viam</span> <span class='ocrx_word' id='word_1_516' title='bbox 3813 2521 3981 2580; x_wconf 69' lang='lat' dir='ltr'>socie</span> 
     </span>
     <span class='ocr_line' id='line_1_93' title="bbox 2448 2610 3982 2690; baseline -0.001 -18"><span class='ocrx_word' id='word_1_517' title='bbox 2448 2610 2863 2673; x_wconf 88' lang='lat' dir='ltr'>transferendi</span> <span class='ocrx_word' id='word_1_518' title='bbox 2893 2610 2997 2671; x_wconf 91' lang='lat' dir='ltr'>illo</span> <span class='ocrx_word' id='word_1_519' title='bbox 3027 2611 3312 2672; x_wconf 89' lang='lat' dir='ltr'>semestri</span> <span class='ocrx_word' id='word_1_520' title='bbox 3330 2612 3682 2690; x_wconf 88' lang='lat' dir='ltr'>periculum</span> <span class='ocrx_word' id='word_1_521' title='bbox 3715 2613 3784 2672; x_wconf 89' lang='lat' dir='ltr'>in</span> <span class='ocrx_word' id='word_1_522' title='bbox 3811 2613 3982 2671; x_wconf 79' lang='lat' dir='ltr'>aliam</span> 
     </span>
     <span class='ocr_line' id='line_1_94' title="bbox 2450 2702 3981 2783; baseline 0.001 -20"><span class='ocrx_word' id='word_1_523' title='bbox 2450 2722 2806 2783; x_wconf 88' lang='lat' dir='ltr'>personam.</span> <span class='ocrx_word' id='word_1_524' title='bbox 2844 2702 3078 2776; x_wconf 90' lang='lat' dir='ltr'>Quibus</span> <span class='ocrx_word' id='word_1_525' title='bbox 3107 2703 3314 2762; x_wconf 90' lang='lat' dir='ltr'>verbis</span> <span class='ocrx_word' id='word_1_526' title='bbox 3347 2722 3472 2763; x_wconf 90' lang='lat' dir='ltr'>non</span> <span class='ocrx_word' id='word_1_527' title='bbox 3509 2705 3786 2765; x_wconf 86' lang='lat' dir='ltr'>intendit</span> <span class='ocrx_word' id='word_1_528' title='bbox 3816 2708 3981 2777; x_wconf 71' lang='lat' dir='ltr'>Rota,</span> 
     </span>
     <span class='ocr_line' id='line_1_95' title="bbox 2453 2794 3983 2873; baseline 0 -18"><span class='ocrx_word' id='word_1_529' title='bbox 2453 2799 2522 2855; x_wconf 88' lang='lat' dir='ltr'>ut</span> <span class='ocrx_word' id='word_1_530' title='bbox 2549 2795 2741 2873; x_wconf 89' lang='lat' dir='ltr'>aliqui</span> <span class='ocrx_word' id='word_1_531' title='bbox 2769 2794 3006 2871; x_wconf 84' lang='lat' dir='ltr'>volunt,</span> <span class='ocrx_word' id='word_1_532' title='bbox 3034 2796 3203 2872; x_wconf 91' lang='lat' dir='ltr'>quod</span> <span class='ocrx_word' id='word_1_533' title='bbox 3232 2796 3297 2854; x_wconf 91' lang='lat' dir='ltr'>in</span> <span class='ocrx_word' id='word_1_534' title='bbox 3323 2798 3609 2858; x_wconf 88' lang='lat' dir='ltr'>semestri</span> <span class='ocrx_word' id='word_1_535' title='bbox 3641 2798 3853 2858; x_wconf 81' lang='lat' dir='ltr'>soluto</span> <span class='ocrx_word' id='word_1_536' title='bbox 3872 2814 3983 2855; x_wconf 85' lang='lat' dir='ltr'>non</span> 
     </span>
     <span class='ocr_line' id='line_1_96' title="bbox 2451 2886 3986 2966; baseline 0.001 -19"><span class='ocrx_word' id='word_1_537' title='bbox 2451 2888 2651 2966; x_wconf 89' lang='lat' dir='ltr'>possit</span> <span class='ocrx_word' id='word_1_538' title='bbox 2687 2886 2819 2946; x_wconf 86' lang='lat' dir='ltr'>fieri</span> <span class='ocrx_word' id='word_1_539' title='bbox 2862 2887 3170 2948; x_wconf 88' lang='lat' dir='ltr'>intimatio</span> <span class='ocrx_word' id='word_1_540' title='bbox 3225 2889 3650 2949; x_wconf 89' lang='lat' dir='ltr'>translationis</span> <span class='ocrx_word' id='word_1_541' title='bbox 3709 2892 3986 2950; x_wconf 77' lang='lat' dir='ltr'>effectum</span> 
     </span>
     <span class='ocr_line' id='line_1_97' title="bbox 2451 2978 3986 3061; baseline 0.001 -24"><span class='ocrx_word' id='word_1_542' title='bbox 2451 2978 2755 3039; x_wconf 71' lang='lat' dir='ltr'>habiturae</span> <span class='ocrx_word' id='word_1_543' title='bbox 2777 2980 3060 3039; x_wconf 86' lang='lat' dir='ltr'>semestri</span> <span class='ocrx_word' id='word_1_544' title='bbox 3081 2981 3368 3059; x_wconf 88' lang='lat' dir='ltr'>sequenti</span> <span class='ocrx_word' id='word_1_545' title='bbox 3396 2987 3541 3044; x_wconf 88' lang='lat' dir='ltr'>ante</span> <span class='ocrx_word' id='word_1_546' title='bbox 3574 2982 3714 3061; x_wconf 87' lang='lat' dir='ltr'>ejus</span> <span class='ocrx_word' id='word_1_547' title='bbox 3743 2982 3986 3043; x_wconf 85' lang='lat' dir='ltr'>solutio-</span> 
     </span>
     <span class='ocr_line' id='line_1_98' title="bbox 2449 3071 3982 3152; baseline 0.001 -22"><span class='ocrx_word' id='word_1_548' title='bbox 2449 3090 2635 3143; x_wconf 86' lang='lat' dir='ltr'>nem;</span> <span class='ocrx_word' id='word_1_549' title='bbox 2694 3071 2806 3130; x_wconf 92' lang='lat' dir='ltr'>sed</span> <span class='ocrx_word' id='word_1_550' title='bbox 2853 3072 3080 3148; x_wconf 91' lang='lat' dir='ltr'>solum,</span> <span class='ocrx_word' id='word_1_551' title='bbox 3121 3073 3290 3150; x_wconf 90' lang='lat' dir='ltr'>quod</span> <span class='ocrx_word' id='word_1_552' title='bbox 3346 3073 3396 3132; x_wconf 92' lang='lat' dir='ltr'>si</span> <span class='ocrx_word' id='word_1_553' title='bbox 3445 3073 3581 3152; x_wconf 86' lang='lat' dir='ltr'>jam</span> <span class='ocrx_word' id='word_1_554' title='bbox 3633 3074 3982 3134; x_wconf 81' lang='lat' dir='ltr'>secundum</span> 
     </span>
     <span class='ocr_line' id='line_1_99' title="bbox 2452 3164 3987 3245; baseline 0.001 -21"><span class='ocrx_word' id='word_1_555' title='bbox 2452 3168 2750 3225; x_wconf 89' lang='lat' dir='ltr'>semestre</span> <span class='ocrx_word' id='word_1_556' title='bbox 2779 3164 3052 3225; x_wconf 87' lang='lat' dir='ltr'>solutum</span> <span class='ocrx_word' id='word_1_557' title='bbox 3082 3165 3318 3242; x_wconf 82' lang='lat' dir='ltr'>fuisset,</span> <span class='ocrx_word' id='word_1_558' title='bbox 3368 3184 3495 3227; x_wconf 90' lang='lat' dir='ltr'>non</span> <span class='ocrx_word' id='word_1_559' title='bbox 3541 3172 3760 3245; x_wconf 87' lang='lat' dir='ltr'>posset</span> <span class='ocrx_word' id='word_1_560' title='bbox 3800 3172 3987 3228; x_wconf 76' lang='lat' dir='ltr'>u-ans-</span> 
     </span>
     <span class='ocr_line' id='line_1_100' title="bbox 2451 3257 3984 3337; baseline 0.001 -20"><span class='ocrx_word' id='word_1_561' title='bbox 2451 3259 2600 3317; x_wconf 89' lang='lat' dir='ltr'>latio</span> <span class='ocrx_word' id='word_1_562' title='bbox 2631 3275 2743 3335; x_wconf 90' lang='lat' dir='ltr'>pro</span> <span class='ocrx_word' id='word_1_563' title='bbox 2774 3257 2878 3316; x_wconf 87' lang='lat' dir='ltr'>illo</span> <span class='ocrx_word' id='word_1_564' title='bbox 2910 3258 3196 3318; x_wconf 86' lang='lat' dir='ltr'>semestri</span> <span class='ocrx_word' id='word_1_565' title='bbox 3222 3258 3381 3332; x_wconf 89' lang='lat' dir='ltr'>fieri,</span> <span class='ocrx_word' id='word_1_566' title='bbox 3416 3260 3586 3337; x_wconf 82' lang='lat' dir='ltr'>quod</span> <span class='ocrx_word' id='word_1_567' title='bbox 3614 3278 3847 3319; x_wconf 84' lang='lat' dir='ltr'>verum</span> <span class='ocrx_word' id='word_1_568' title='bbox 3877 3263 3984 3332; x_wconf 55' lang='grc' dir='ltr'>δι,</span> 
     </span>
     <span class='ocr_line' id='line_1_101' title="bbox 2453 3348 3988 3427; baseline 0.002 -20"><span class='ocrx_word' id='word_1_569' title='bbox 2453 3366 2567 3408; x_wconf 90' lang='lat' dir='ltr'>nec</span> <span class='ocrx_word' id='word_1_570' title='bbox 2597 3348 2896 3409; x_wconf 61' lang='lat' dir='ltr'>doctrinae</span> <span class='ocrx_word' id='word_1_571' title='bbox 2926 3350 3339 3427; x_wconf 66' lang='lat' dir='ltr'>praecedentis</span> <span class='ocrx_word' id='word_1_572' title='bbox 3381 3351 3721 3412; x_wconf 80' lang='lat' dir='ltr'>decisionis</span> <span class='ocrx_word' id='word_1_573' title='bbox 3780 3352 3988 3411; x_wconf 71' lang='lat' dir='ltr'>adrer-</span> 
     </span>
     <span class='ocr_line' id='line_1_102' title="bbox 2449 3441 3986 3508; baseline 0.002 -9"><span class='ocrx_word' id='word_1_574' title='bbox 2449 3444 2642 3501; x_wconf 88' lang='lat' dir='ltr'>satur.</span> <span class='ocrx_word' id='word_1_575' title='bbox 2677 3442 2806 3499; x_wconf 88' lang='lat' dir='ltr'>Hoc</span> <span class='ocrx_word' id='word_1_576' title='bbox 2847 3445 3057 3501; x_wconf 91' lang='lat' dir='ltr'>autem</span> <span class='ocrx_word' id='word_1_577' title='bbox 3105 3441 3355 3502; x_wconf 86' lang='lat' dir='ltr'>idemin</span> <span class='ocrx_word' id='word_1_578' title='bbox 3405 3443 3690 3508; x_wconf 77' lang='lat' dir='ltr'>disdictae</span> <span class='ocrx_word' id='word_1_579' title='bbox 3743 3445 3986 3504; x_wconf 86' lang='lat' dir='ltr'>intima·</span> 
     </span>
     <span class='ocr_line' id='line_1_103' title="bbox 2452 3531 3986 3612; baseline 0.001 -20"><span class='ocrx_word' id='word_1_580' title='bbox 2452 3531 2618 3592; x_wconf 90' lang='lat' dir='ltr'>tione</span> <span class='ocrx_word' id='word_1_581' title='bbox 2679 3550 2822 3591; x_wconf 90' lang='lat' dir='ltr'>cum</span> <span class='ocrx_word' id='word_1_582' title='bbox 2885 3534 3290 3612; x_wconf 90' lang='lat' dir='ltr'>proportione</span> <span class='ocrx_word' id='word_1_583' title='bbox 3356 3534 3694 3596; x_wconf 88' lang='lat' dir='ltr'>dicendum</span> <span class='ocrx_word' id='word_1_584' title='bbox 3755 3541 3873 3611; x_wconf 80' lang='lat' dir='ltr'>est,</span> <span class='ocrx_word' id='word_1_585' title='bbox 3920 3552 3986 3594; x_wconf 85' lang='lat' dir='ltr'>ne</span> 
     </span>
     <span class='ocr_line' id='line_1_104' title="bbox 2452 3623 3333 3702; baseline 0.005 -20"><span class='ocrx_word' id='word_1_586' title='bbox 2452 3627 2674 3702; x_wconf 88' lang='lat' dir='ltr'>postea</span> <span class='ocrx_word' id='word_1_587' title='bbox 2701 3623 2923 3683; x_wconf 88' lang='lat' dir='ltr'>eadem</span> <span class='ocrx_word' id='word_1_588' title='bbox 2954 3631 3333 3702; x_wconf 89' lang='lat' dir='ltr'>repetamus.</span> 
     </span>
    </p>

    <p class='ocr_par' dir='ltr' id='par_1_13' title="bbox 2453 3716 3992 5553">
     <span class='ocr_line' id='line_1_105' title="bbox 2534 3716 3988 3795; baseline 0.001 -19"><span class='ocrx_word' id='word_1_589' title='bbox 2534 3718 2768 3776; x_wconf 87' lang='lat' dir='ltr'>Octava</span> <span class='ocrx_word' id='word_1_590' title='bbox 2798 3716 3068 3777; x_wconf 88' lang='lat' dir='ltr'>conditio</span> <span class='ocrx_word' id='word_1_591' title='bbox 3099 3722 3211 3792; x_wconf 89' lang='lat' dir='ltr'>est,</span> <span class='ocrx_word' id='word_1_592' title='bbox 3229 3722 3300 3778; x_wconf 89' lang='lat' dir='ltr'>ut</span> <span class='ocrx_word' id='word_1_593' title='bbox 3325 3726 3776 3795; x_wconf 75' lang='lat' dir='ltr'>perseverante</span> <span class='ocrx_word' id='word_1_594' title='bbox 3807 3720 3988 3780; x_wconf 80' lang='lat' dir='ltr'>socie-</span> 
     </span>
     <span class='ocr_line' id='line_1_106' title="bbox 2454 3808 3986 3890; baseline 0.001 -21"><span class='ocrx_word' id='word_1_595' title='bbox 2454 3811 2603 3881; x_wconf 88' lang='lat' dir='ltr'>tate,</span> <span class='ocrx_word' id='word_1_596' title='bbox 2665 3808 2949 3869; x_wconf 84' lang='lat' dir='ltr'>officialis</span> <span class='ocrx_word' id='word_1_597' title='bbox 2978 3809 3205 3869; x_wconf 84' lang='lat' dir='ltr'>debeat</span> <span class='ocrx_word' id='word_1_598' title='bbox 3233 3811 3474 3871; x_wconf 89' lang='lat' dir='ltr'>socium</span> <span class='ocrx_word' id='word_1_599' title='bbox 3502 3812 3880 3890; x_wconf 82' lang='lat' dir='ltr'>participem</span> <span class='ocrx_word' id='word_1_600' title='bbox 3907 3812 3986 3870; x_wconf 75' lang='lat' dir='ltr'>fa-</span> 
     </span>
     <span class='ocr_line' id='line_1_107' title="bbox 2455 3900 3983 3980; baseline 0.001 -20"><span class='ocrx_word' id='word_1_601' title='bbox 2455 3919 2596 3961; x_wconf 89' lang='lat' dir='ltr'>cere</span> <span class='ocrx_word' id='word_1_602' title='bbox 2627 3900 2964 3976; x_wconf 88' lang='lat' dir='ltr'>fructuum,</span> <span class='ocrx_word' id='word_1_603' title='bbox 3000 3901 3165 3980; x_wconf 90' lang='lat' dir='ltr'>quod</span> <span class='ocrx_word' id='word_1_604' title='bbox 3198 3901 3280 3961; x_wconf 88' lang='lat' dir='ltr'>ad</span> <span class='ocrx_word' id='word_1_605' title='bbox 3308 3902 3633 3963; x_wconf 81' lang='lat' dir='ltr'>vitandum</span> <span class='ocrx_word' id='word_1_606' title='bbox 3662 3905 3983 3964; x_wconf 77' lang='lat' dir='ltr'>fastidium</span> 
     </span>
     <span class='ocr_line' id='line_1_108' title="bbox 2455 3993 3986 4074; baseline 0.001 -20"><span class='ocrx_word' id='word_1_607' title='bbox 2455 3998 2517 4054; x_wconf 91' lang='lat' dir='ltr'>et</span> <span class='ocrx_word' id='word_1_608' title='bbox 2542 3993 2823 4052; x_wconf 88' lang='lat' dir='ltr'>laborem</span> <span class='ocrx_word' id='word_1_609' title='bbox 2861 4011 2938 4052; x_wconf 86' lang='lat' dir='ltr'>ac</span> <span class='ocrx_word' id='word_1_610' title='bbox 2978 3993 3410 4054; x_wconf 84' lang='lat' dir='ltr'>difficultatem</span> <span class='ocrx_word' id='word_1_611' title='bbox 3453 3997 3866 4074; x_wconf 87' lang='lat' dir='ltr'>computandi</span> <span class='ocrx_word' id='word_1_612' title='bbox 3904 4002 3986 4057; x_wconf 85' lang='lat' dir='ltr'>ta-</span> 
     </span>
     <span class='ocr_line' id='line_1_109' title="bbox 2453 4085 3986 4166; baseline 0.001 -22"><span class='ocrx_word' id='word_1_613' title='bbox 2453 4103 2601 4144; x_wconf 83' lang='lat' dir='ltr'>xare</span> <span class='ocrx_word' id='word_1_614' title='bbox 2631 4085 2834 4145; x_wconf 90' lang='lat' dir='ltr'>solent</span> <span class='ocrx_word' id='word_1_615' title='bbox 2863 4087 2958 4145; x_wconf 76' lang='lat'>12.</span> <span class='ocrx_word' id='word_1_616' title='bbox 2995 4103 3107 4164; x_wconf 90' lang='lat' dir='ltr'>pro</span> <span class='ocrx_word' id='word_1_617' title='bbox 3139 4090 3274 4148; x_wconf 93' lang='grc'><strong>100.</strong></span> <span class='ocrx_word' id='word_1_618' title='bbox 3308 4088 3570 4166; x_wconf 90' lang='lat' dir='ltr'>singulis</span> <span class='ocrx_word' id='word_1_619' title='bbox 3599 4091 3807 4150; x_wconf 87' lang='lat' dir='ltr'>annis.</span> <span class='ocrx_word' id='word_1_620' title='bbox 3849 4090 3986 4161; x_wconf 76' lang='lat' dir='ltr'>Quae</span> 
     </span>
     <span class='ocr_line' id='line_1_110' title="bbox 2455 4176 3992 4260; baseline 0.003 -23"><span class='ocrx_word' id='word_1_621' title='bbox 2455 4177 2730 4237; x_wconf 89' lang='lat' dir='ltr'>conditio</span> <span class='ocrx_word' id='word_1_622' title='bbox 2789 4176 3102 4238; x_wconf 86' lang='lat' dir='ltr'>difficilius</span> <span class='ocrx_word' id='word_1_623' title='bbox 3157 4183 3326 4239; x_wconf 89' lang='lat' dir='ltr'>certe</span> <span class='ocrx_word' id='word_1_624' title='bbox 3393 4181 3726 4258; x_wconf 87' lang='lat' dir='ltr'>justificari</span> <span class='ocrx_word' id='word_1_625' title='bbox 3801 4184 3992 4260; x_wconf 76' lang='lat' dir='ltr'>potest</span> 
     </span>
     <span class='ocr_line' id='line_1_111' title="bbox 2456 4271 3991 4352; baseline 0.005 -24"><span class='ocrx_word' id='word_1_626' title='bbox 2456 4287 2646 4349; x_wconf 85' lang='lat' dir='ltr'>quam</span> <span class='ocrx_word' id='word_1_627' title='bbox 2677 4287 2893 4329; x_wconf 92' lang='lat' dir='ltr'>omnes</span> <span class='ocrx_word' id='word_1_628' title='bbox 2922 4271 3058 4330; x_wconf 79' lang='lat' dir='ltr'>aliae</span> <span class='ocrx_word' id='word_1_629' title='bbox 3102 4291 3115 4331; x_wconf 95' lang='lat'>:</span> <span class='ocrx_word' id='word_1_630' title='bbox 3169 4273 3386 4349; x_wconf 84' lang='lat' dir='ltr'>negari</span> <span class='ocrx_word' id='word_1_631' title='bbox 3415 4274 3584 4333; x_wconf 87' lang='lat' dir='ltr'>enim</span> <span class='ocrx_word' id='word_1_632' title='bbox 3623 4293 3754 4334; x_wconf 90' lang='lat' dir='ltr'>non</span> <span class='ocrx_word' id='word_1_633' title='bbox 3805 4277 3991 4352; x_wconf 60' lang='lat' dir='ltr'>potest</span> 
     </span>
     <span class='ocr_line' id='line_1_112' title="bbox 2455 4362 3988 4443; baseline 0.001 -20"><span class='ocrx_word' id='word_1_634' title='bbox 2455 4362 2836 4423; x_wconf 84' lang='lat' dir='ltr'>taxationem</span> <span class='ocrx_word' id='word_1_635' title='bbox 2890 4362 3053 4424; x_wconf 88' lang='lat' dir='ltr'>hanc</span> <span class='ocrx_word' id='word_1_636' title='bbox 3082 4382 3218 4424; x_wconf 90' lang='lat' dir='ltr'>esse</span> <span class='ocrx_word' id='word_1_637' title='bbox 3247 4365 3507 4424; x_wconf 88' lang='lat' dir='ltr'>nimiam</span> <span class='ocrx_word' id='word_1_638' title='bbox 3533 4412 3548 4443; x_wconf 92' lang='lat'>‚</span> <span class='ocrx_word' id='word_1_639' title='bbox 3609 4373 3670 4428; x_wconf 84' lang='lat' dir='ltr'>et</span> <span class='ocrx_word' id='word_1_640' title='bbox 3700 4367 3988 4428; x_wconf 79' lang='lat' dir='ltr'>excedere</span> 
     </span>
     <span class='ocr_line' id='line_1_113' title="bbox 2455 4454 3989 4535; baseline 0.005 -22"><span class='ocrx_word' id='word_1_641' title='bbox 2455 4454 2927 4535; x_wconf 86' lang='lat' dir='ltr'>proportionem</span> <span class='ocrx_word' id='word_1_642' title='bbox 2963 4456 3281 4517; x_wconf 84' lang='lat' dir='ltr'>fructuum</span> <span class='ocrx_word' id='word_1_643' title='bbox 3327 4476 3406 4518; x_wconf 82' lang='lat' dir='ltr'>ex</span> <span class='ocrx_word' id='word_1_644' title='bbox 3455 4459 3758 4520; x_wconf 81' lang='lat' dir='ltr'>societate</span> <span class='ocrx_word' id='word_1_645' title='bbox 3800 4477 3989 4520; x_wconf 77' lang='lat' dir='ltr'>corre·</span> 
     </span>
     <span class='ocr_line' id='line_1_114' title="bbox 2456 4548 3988 4628; baseline 0.002 -21"><span class='ocrx_word' id='word_1_646' title='bbox 2456 4548 2918 4625; x_wconf 91' lang='lat' dir='ltr'>spondentium.</span> <span class='ocrx_word' id='word_1_647' title='bbox 2986 4550 3214 4625; x_wconf 81' lang='lat' dir='ltr'>PrimO,</span> <span class='ocrx_word' id='word_1_648' title='bbox 3277 4552 3426 4628; x_wconf 88' lang='lat' dir='ltr'>quia</span> <span class='ocrx_word' id='word_1_649' title='bbox 3454 4551 3602 4612; x_wconf 84' lang='lat' dir='ltr'>licet</span> <span class='ocrx_word' id='word_1_650' title='bbox 3630 4552 3838 4613; x_wconf 85' lang='lat' dir='ltr'>officia</span> <span class='ocrx_word' id='word_1_651' title='bbox 3867 4551 3988 4610; x_wconf 71' lang='lat' dir='ltr'>haec</span> 
     </span>
     <span class='ocr_line' id='line_1_115' title="bbox 2457 4640 3989 4722; baseline 0.002 -22"><span class='ocrx_word' id='word_1_652' title='bbox 2457 4641 2604 4700; x_wconf 90' lang='lat' dir='ltr'>olim</span> <span class='ocrx_word' id='word_1_653' title='bbox 2635 4640 2898 4700; x_wconf 88' lang='lat' dir='ltr'>reddere</span> <span class='ocrx_word' id='word_1_654' title='bbox 2945 4642 3221 4703; x_wconf 87' lang='lat' dir='ltr'>solerent</span> <span class='ocrx_word' id='word_1_655' title='bbox 3265 4646 3361 4704; x_wconf 77' lang='lat'>12.</span> <span class='ocrx_word' id='word_1_656' title='bbox 3398 4662 3514 4722; x_wconf 92' lang='lat' dir='ltr'>pro</span> <span class='ocrx_word' id='word_1_657' title='bbox 3563 4647 3696 4706; x_wconf 84' lang='lat'>100.</span> <span class='ocrx_word' id='word_1_658' title='bbox 3752 4649 3815 4706; x_wconf 89' lang='lat' dir='ltr'>et</span> <span class='ocrx_word' id='word_1_659' title='bbox 3843 4646 3989 4704; x_wconf 76' lang='lat' dir='ltr'>forte</span> 
     </span>
     <span class='ocr_line' id='line_1_116' title="bbox 2460 4731 3988 4816; baseline 0.001 -24"><span class='ocrx_word' id='word_1_660' title='bbox 2460 4732 2675 4810; x_wconf 77' lang='lat' dir='ltr'>plura3</span> <span class='ocrx_word' id='word_1_661' title='bbox 2733 4731 2919 4793; x_wconf 92' lang='lat' dir='ltr'>hodie</span> <span class='ocrx_word' id='word_1_662' title='bbox 2949 4738 3160 4794; x_wconf 84' lang='lat' dir='ltr'>tamen</span> <span class='ocrx_word' id='word_1_663' title='bbox 3189 4735 3292 4794; x_wconf 84' lang='lat' dir='ltr'>vix</span> <span class='ocrx_word' id='word_1_664' title='bbox 3321 4736 3520 4797; x_wconf 90' lang='lat' dir='ltr'>ullum</span> <span class='ocrx_word' id='word_1_665' title='bbox 3549 4743 3675 4812; x_wconf 87' lang='lat' dir='ltr'>est,</span> <span class='ocrx_word' id='word_1_666' title='bbox 3739 4736 3905 4816; x_wconf 86' lang='lat' dir='ltr'>quod</span> <span class='ocrx_word' id='word_1_667' title='bbox 3929 4734 3988 4794; x_wconf 88' lang='lat' dir='ltr'>id</span> 
     </span>
     <span class='ocr_line' id='line_1_117' title="bbox 2457 4823 3988 4906; baseline 0.002 -22"><span class='ocrx_word' id='word_1_668' title='bbox 2457 4823 2716 4901; x_wconf 91' lang='lat' dir='ltr'>reddat,</span> <span class='ocrx_word' id='word_1_669' title='bbox 2778 4829 2841 4885; x_wconf 92' lang='lat' dir='ltr'>et</span> <span class='ocrx_word' id='word_1_670' title='bbox 2867 4826 3066 4885; x_wconf 90' lang='lat' dir='ltr'>multa</span> <span class='ocrx_word' id='word_1_671' title='bbox 3093 4831 3272 4903; x_wconf 89' lang='lat' dir='ltr'>sunt,</span> <span class='ocrx_word' id='word_1_672' title='bbox 3323 4847 3464 4906; x_wconf 81' lang='lat' dir='ltr'>quae</span> <span class='ocrx_word' id='word_1_673' title='bbox 3494 4830 3696 4888; x_wconf 90' lang='lat' dir='ltr'>solum</span> <span class='ocrx_word' id='word_1_674' title='bbox 3729 4829 3988 4889; x_wconf 84' lang='lat' dir='ltr'>reddunt</span> 
     </span>
     <span class='ocr_line' id='line_1_118' title="bbox 2459 4915 3986 4998; baseline 0.004 -24"><span class='ocrx_word' id='word_1_675' title='bbox 2459 4915 2733 4995; x_wconf 88' lang='lat' dir='ltr'>quinque</span> <span class='ocrx_word' id='word_1_676' title='bbox 2763 4934 2877 4994; x_wconf 90' lang='lat' dir='ltr'>pro</span> <span class='ocrx_word' id='word_1_677' title='bbox 2908 4922 3181 4994; x_wconf 90' lang='lat' dir='ltr'>centum,</span> <span class='ocrx_word' id='word_1_678' title='bbox 3210 4937 3406 4996; x_wconf 88' lang='lat' dir='ltr'>quare</span> <span class='ocrx_word' id='word_1_679' title='bbox 3451 4939 3576 4980; x_wconf 91' lang='lat' dir='ltr'>non</span> <span class='ocrx_word' id='word_1_680' title='bbox 3608 4925 3811 4998; x_wconf 83' lang='lat' dir='ltr'>potest</span> <span class='ocrx_word' id='word_1_681' title='bbox 3831 4919 3986 4997; x_wconf 83' lang='lat' dir='ltr'>juste</span> 
     </span>
     <span class='ocr_line' id='line_1_119' title="bbox 2457 5008 3982 5091; baseline 0.001 -23"><span class='ocrx_word' id='word_1_682' title='bbox 2457 5008 2657 5068; x_wconf 86' lang='lat' dir='ltr'>taxari</span> <span class='ocrx_word' id='word_1_683' title='bbox 2687 5026 2830 5086; x_wconf 88' lang='lat' dir='ltr'>pars</span> <span class='ocrx_word' id='word_1_684' title='bbox 2860 5008 3173 5071; x_wconf 85' lang='lat' dir='ltr'>fructuum</span> <span class='ocrx_word' id='word_1_685' title='bbox 3203 5011 3358 5071; x_wconf 88' lang='lat' dir='ltr'>socii</span> <span class='ocrx_word' id='word_1_686' title='bbox 3388 5013 3450 5072; x_wconf 90' lang='lat' dir='ltr'>in</span> <span class='ocrx_word' id='word_1_687' title='bbox 3472 5031 3553 5073; x_wconf 86' lang='lat' dir='ltr'>ea</span> <span class='ocrx_word' id='word_1_688' title='bbox 3565 5014 3982 5091; x_wconf 85' lang='lat' dir='ltr'>proportione.</span> 
     </span>
     <span class='ocr_line' id='line_1_120' title="bbox 2461 5100 3984 5179; baseline 0.001 -18"><span class='ocrx_word' id='word_1_689' title='bbox 2461 5100 2771 5176; x_wconf 88' lang='lat' dir='ltr'>Secund0‚</span> <span class='ocrx_word' id='word_1_690' title='bbox 2809 5101 2955 5179; x_wconf 89' lang='lat' dir='ltr'>quia</span> <span class='ocrx_word' id='word_1_691' title='bbox 2982 5102 3128 5164; x_wconf 88' lang='lat' dir='ltr'>licet</span> <span class='ocrx_word' id='word_1_692' title='bbox 3154 5122 3277 5164; x_wconf 90' lang='lat' dir='ltr'>uno</span> <span class='ocrx_word' id='word_1_693' title='bbox 3303 5150 3319 5179; x_wconf 95' lang='lat'>,</span> <span class='ocrx_word' id='word_1_694' title='bbox 3371 5105 3471 5163; x_wconf 92' lang='lat' dir='ltr'>vel</span> <span class='ocrx_word' id='word_1_695' title='bbox 3513 5106 3710 5166; x_wconf 83' lang='lat' dir='ltr'>altero</span> <span class='ocrx_word' id='word_1_696' title='bbox 3742 5123 3898 5165; x_wconf 86' lang='lat' dir='ltr'>anuo</span> <span class='ocrx_word' id='word_1_697' title='bbox 3927 5103 3984 5163; x_wconf 84' lang='lat' dir='ltr'>id</span> 
     </span>
     <span class='ocr_line' id='line_1_121' title="bbox 2460 5193 3988 5276; baseline 0.003 -24"><span class='ocrx_word' id='word_1_698' title='bbox 2460 5193 2825 5265; x_wconf 88' lang='lat' dir='ltr'>redderent;</span> <span class='ocrx_word' id='word_1_699' title='bbox 2874 5213 3016 5272; x_wconf 91' lang='lat' dir='ltr'>spes</span> <span class='ocrx_word' id='word_1_700' title='bbox 3049 5200 3257 5255; x_wconf 87' lang='lat' dir='ltr'>tamen</span> <span class='ocrx_word' id='word_1_701' title='bbox 3293 5216 3622 5276; x_wconf 87' lang='lat' dir='ltr'>nunquam</span> <span class='ocrx_word' id='word_1_702' title='bbox 3650 5199 3804 5259; x_wconf 85' lang='lat' dir='ltr'>tanti</span> <span class='ocrx_word' id='word_1_703' title='bbox 3833 5197 3988 5257; x_wconf 77' lang='lat' dir='ltr'>aesti-</span> 
     </span>
     <span class='ocr_line' id='line_1_122' title="bbox 2458 5287 3984 5368; baseline 0.002 -23"><span class='ocrx_word' id='word_1_704' title='bbox 2458 5290 2666 5346; x_wconf 87' lang='lat' dir='ltr'>matur</span> <span class='ocrx_word' id='word_1_705' title='bbox 2694 5290 2951 5365; x_wconf 90' lang='lat' dir='ltr'>propter</span> <span class='ocrx_word' id='word_1_706' title='bbox 2979 5287 3508 5350; x_wconf 88' lang='lat' dir='ltr'>incertitudinem.</span> <span class='ocrx_word' id='word_1_707' title='bbox 3570 5291 3781 5351; x_wconf 87' lang='lat' dir='ltr'>Tertio</span> <span class='ocrx_word' id='word_1_708' title='bbox 3803 5337 3819 5366; x_wconf 89' lang='lat'>,</span> <span class='ocrx_word' id='word_1_709' title='bbox 3849 5289 3984 5368; x_wconf 76' lang='lat' dir='ltr'>quia</span> 
     </span>
     <span class='ocr_line' id='line_1_123' title="bbox 2459 5379 3980 5457; baseline 0.001 -19"><span class='ocrx_word' id='word_1_710' title='bbox 2459 5379 2595 5441; x_wconf 80' lang='lat' dir='ltr'>haec</span> <span class='ocrx_word' id='word_1_711' title='bbox 2624 5397 2769 5457; x_wconf 89' lang='lat' dir='ltr'>pars</span> <span class='ocrx_word' id='word_1_712' title='bbox 2807 5380 3194 5456; x_wconf 88' lang='lat' dir='ltr'>promittitur</span> <span class='ocrx_word' id='word_1_713' title='bbox 3235 5382 3406 5442; x_wconf 86' lang='lat' dir='ltr'>socio</span> <span class='ocrx_word' id='word_1_714' title='bbox 3456 5383 3659 5444; x_wconf 88' lang='lat' dir='ltr'>libera</span> <span class='ocrx_word' id='word_1_715' title='bbox 3705 5384 3786 5443; x_wconf 89' lang='lat' dir='ltr'>ab</span> <span class='ocrx_word' id='word_1_716' title='bbox 3826 5379 3980 5442; x_wconf 82' lang='lat' dir='ltr'>omni</span> 
     </span>
     <span class='ocr_line' id='line_1_124' title="bbox 2460 5470 3982 5553; baseline 0.001 -21"><span class='ocrx_word' id='word_1_717' title='bbox 2460 5489 2671 5549; x_wconf 91' lang='lat' dir='ltr'>onere,</span> <span class='ocrx_word' id='word_1_718' title='bbox 2706 5470 2972 5548; x_wconf 89' lang='lat' dir='ltr'>decima,</span> <span class='ocrx_word' id='word_1_719' title='bbox 3005 5472 3309 5550; x_wconf 88' lang='lat' dir='ltr'>subsidio,</span> <span class='ocrx_word' id='word_1_720' title='bbox 3329 5472 3758 5553; x_wconf 80' lang='lat' dir='ltr'>impositione,</span> <span class='ocrx_word' id='word_1_721' title='bbox 3787 5481 3896 5537; x_wconf 79' lang='lat' dir='ltr'>etc.</span> <span class='ocrx_word' id='word_1_722' title='bbox 3920 5477 3982 5534; x_wconf 75' lang='lat' dir='ltr'>ut</span> 
     </span>
    </p>
   </div>
   <div class='ocr_carea' id='block_1_11' title="bbox 4021 3729 4112 4054">
    <p class='ocr_par' dir='ltr' id='par_1_14' title="bbox 4087 3729 4112 3784">
     <span class='ocr_line' id='line_1_125' title="bbox 4087 3729 4112 3784; baseline 0 -6"><span class='ocrx_word' id='word_1_723' title='bbox 4087 3729 4112 3784; x_wconf 66' lang='lat' dir='ltr'>S</span> 
     </span>
    </p>

    <p class='ocr_par' dir='ltr' id='par_1_15' title="bbox 4031 3855 4112 3912">
     <span class='ocr_line' id='line_1_126' title="bbox 4031 3855 4112 3912; baseline 0 -22"><span class='ocrx_word' id='word_1_724' title='bbox 4031 3855 4112 3912; x_wconf 65' lang='lat' dir='ltr'>Dru</span> 
     </span>
    </p>

    <p class='ocr_par' dir='ltr' id='par_1_16' title="bbox 4021 3912 4112 4054">
     <span class='ocr_line' id='line_1_127' title="bbox 4043 3912 4112 3945; baseline 0 0"><span class='ocrx_word' id='word_1_725' title='bbox 4043 3912 4112 3945; x_wconf 60' lang='lat' dir='ltr'>U!</span> 
     </span>
     <span class='ocr_line' id='line_1_128' title="bbox 4021 3969 4090 3999; baseline 0 -5"><span class='ocrx_word' id='word_1_726' title='bbox 4021 3969 4090 3999; x_wconf 60' lang='lat' dir='ltr'>ee.</span> 
     </span>
     <span class='ocr_line' id='line_1_129' title="bbox 4037 4011 4086 4054; baseline 0 -3"><span class='ocrx_word' id='word_1_727' title='bbox 4037 4011 4086 4054; x_wconf 64' lang='lat' dir='ltr'>te:</span> 
     </span>
    </p>
   </div>
   <div class='ocr_carea' id='block_1_12' title="bbox 4079 4066 4112 4102">
    <p class='ocr_par' dir='ltr' id='par_1_17' title="bbox 4079 4066 4112 4102">
     <span class='ocr_line' id='line_1_130' title="bbox 4079 4066 4112 4102; baseline 0 -2"><span class='ocrx_word' id='word_1_728' title='bbox 4079 4066 4112 4102; x_wconf 76' lang='lat' dir='ltr'>{it</span> 
     </span>
    </p>
   </div>
  </div>
 </body>
</html>
