4263 6376
627 552 818 608 aalma

616 621 693 651 eon
668 609 832 652 nimus

618 675 805 756 nomm

616 767 657 809 di
660 769 826 812 midi-m

619 876 820 928 capitalis.

669 3521 741 3580 51

629 3645 696 3687 An
714 3644 765 3688 ab

565 3702 827 3742 nuent-ante

574 3752 706 3814 possit
733 3752 816 3806 peti

610 3817 774 3859 9¹3¹„ss-

914 364 1033 425 484

913 557 1099 620 posse
1128 539 1512 616 societatem,
1563 539 1626 600 in
1673 559 1800 620 qua
1828 541 2159 602 conferens
2188 559 2447 621 operam

919 633 1229 712 obligetur
1271 634 1353 694 ad
1400 632 1732 693 dimidium
1774 633 1990 694 damni
2034 634 2342 713 capitalis,
2393 634 2449 695 si

919 729 1138 804 pereat
1168 746 1181 787 :
1217 725 1272 786 si
1297 728 1508 788 autem
1536 726 1782 787 salvum
1809 731 2084 804 maneat,
2111 728 2319 787 eidem
2341 727 2445 790 de-

914 821 1018 879 tur
1052 818 1255 878 solum
1299 822 1523 898 quarta
1569 819 1666 879 vel
1697 819 1914 898 quinta
1944 838 2093 898 pars
2134 819 2441 898 capitalis.

918 908 1094 981 Quod
1135 909 1448 972 immerito
1488 915 1802 990 negarunt
1827 914 2013 988 Azor,
2049 917 2113 974 et
2139 912 2245 971 alii
2276 911 2445 991 apud

915 1001 1154 1062 Filliuc.
1185 1020 1357 1063 num.
1382 1004 1481 1064 60.
1516 1007 1579 1064 et
1605 1002 1916 1065 immerito
1953 1004 2144 1064 etiam
2174 1004 2305 1083 ipse
2327 1004 2445 1064 Fil-

913 1092 1059 1154 liuc.
1106 1093 1298 1172 exigit
1350 1095 1431 1155 ad
1476 1096 1784 1174 justitiam
1831 1095 2018 1175 hujus
2059 1100 2439 1172 contractus,

914 1185 1080 1264 quod
1120 1187 1330 1265 aliqua
1371 1187 1592 1248 saltem
1634 1207 1780 1266 pars
1819 1188 2101 1266 capitalis
2145 1189 2299 1250 salvi
2338 1190 2442 1250 de-

913 1277 1062 1340 beat
1089 1298 1223 1340 esse
1253 1297 1363 1357 pro
1394 1280 1755 1342 conferente
1782 1299 2061 1361 operam.
2096 1284 2251 1342 Cum
2274 1282 2442 1343 enim

909 1371 1043 1450 ipse
1089 1371 1432 1449 admiserit,
1467 1391 1648 1453 posse
1677 1393 1800 1434 non
1836 1374 2038 1434 solum
2080 1374 2435 1453 dimidium,

911 1463 1024 1524 sed
1051 1467 1252 1525 totum
1284 1464 1586 1526 damnum
1616 1467 1901 1545 capitalis
1928 1467 2105 1547 rejici
2137 1467 2201 1527 in
2232 1469 2441 1530 confe-

910 1559 1154 1617 rentem
1186 1575 1463 1635 operam,
1497 1558 1664 1618 facta
1689 1561 1899 1618 tamen
1931 1558 2347 1621 diminutione
2377 1561 2440 1620 in

910 1653 1087 1725 parte
1128 1649 1287 1709 lucri
1328 1648 1649 1725 solvenda,
1684 1669 1721 1709 a
1748 1651 1966 1711 fortori
1996 1652 2226 1728 poterit
2255 1653 2441 1713 dimi-

910 1740 1085 1801 dium
1141 1741 1344 1802 solum
1382 1741 1597 1801 damni
1626 1743 1908 1821 capitalis
1939 1743 2001 1803 in
2030 1743 2207 1804 illum
2237 1745 2434 1823 rejici,

909 1833 1154 1894 etiamsi
1176 1833 1347 1894 nulla
1375 1852 1518 1912 pars
1547 1834 1831 1912 capitalis
1860 1835 1978 1914 ipsi
2009 1835 2222 1897 danda
2251 1837 2351 1915 sit,
2386 1838 2438 1899 si

906 1930 1119 1988 tamen
1173 1930 1377 1988 totum
1431 1926 1552 1987 hoc
1604 1945 1761 1988 onus
1815 1927 2228 1990 diminutione
2282 1930 2437 1991 lucri

905 2019 1215 2092 reddendi
1234 2020 1403 2098 juste
1421 2025 1883 2098 compensetur.
1918 2021 2097 2082 Unde
2120 2040 2245 2082 non
2264 2023 2439 2084 vide-

904 2113 1008 2171 tur
1037 2110 1319 2171 absolute
1351 2109 1748 2172 damnandus
1784 2116 2140 2174 contractus
2170 2115 2440 2178 societa-

902 2202 1004 2278 tis,
1055 2220 1180 2281 quo
1210 2202 1323 2263 das
1362 2205 1542 2264 Petro
1573 2210 1826 2265 centum
1865 2223 2012 2265 oves
2041 2224 2185 2266 cum
2224 2212 2431 2287 pact0,

904 2298 973 2355 ut
1000 2293 1051 2354 si
1080 2298 1361 2372 pereant,
1400 2295 1647 2374 utrique
1677 2297 2003 2375 aequaliter
2037 2304 2301 2378 pereant
2335 2321 2347 2361 :
2383 2300 2436 2361 si

903 2404 1053 2448 vero
1107 2386 1618 2465 multiplicentur,
1676 2389 1904 2450 dentur
1953 2390 2126 2467 prius
2183 2396 2433 2454 centum

900 2477 1037 2554 tibi,
1083 2483 1145 2540 et
1173 2478 1429 2557 reliquas
1459 2479 1820 2541 dividantur
1847 2482 2173 2560 aequaliter
2202 2502 2216 2542 ε
2265 2471 2433 2562 quod

900 2570 1092 2650 aliqui
1138 2570 1355 2632 dicunt
1399 2590 1533 2633 esse
1564 2572 1872 2649 illicitum,
1920 2573 2068 2651 quia
2097 2593 2224 2635 non
2253 2594 2431 2655 aeque

899 2663 1233 2742 participat
1282 2667 1501 2726 Petrus
1550 2664 1628 2725 de
1675 2669 1842 2726 sorte
1878 2671 2309 2745 permanente,
2359 2688 2433 2731 ac

898 2755 976 2815 de
1007 2756 1142 2834 ejus
1172 2757 1472 2835 pericu10.
1509 2760 1718 2820 Potest
1743 2762 1953 2818 tamen
1983 2777 2057 2819 ex
2088 2760 2269 2823 dictis
2297 2761 2432 2823 lici-

896 2852 958 2909 te
985 2848 1142 2924 fieri,
1177 2849 1228 2909 si
1258 2868 1399 2927 spes
1426 2849 1585 2910 lucri
1615 2868 1690 2910 ex
1718 2849 1978 2912 dimidio
2009 2852 2347 2931 fructuum,
2370 2860 2432 2917 et

896 2941 1084 3001 foetus
1129 2941 1588 3019 multiplicandi
1629 2942 2003 3021 aequivaleat
2044 2945 2322 3022 periculo
2370 2952 2433 3009 et

895 3034 1090 3108 oneri,
1152 3033 1322 3112 quod
1375 3035 1595 3094 Petrus
1651 3034 1930 3113 suscipit,
2005 3041 2194 3115 prout
2263 3058 2428 3118 saepe

896 3125 1271 3205 aequivalere
1295 3130 1521 3206 potest,
1552 3126 1699 3205 quia
1725 3128 1922 3190 multo
1944 3127 2150 3209 major
2174 3136 2268 3194 est
2286 3150 2428 3211 spes

894 3218 1448 3299 multiplicationiS,
1501 3239 1690 3300 quam
1736 3220 1924 3283 timor
1971 3223 2139 3301 quod
2187 3230 2423 3302 pereat,

895 3316 1082 3391 atque
1130 3312 1215 3373 ita
1266 3313 1562 3373 usitatum
1605 3332 1740 3373 esse
1788 3313 1850 3373 in
1879 3315 2173 3377 Hetruria
2212 3317 2429 3379 dicunt

896 3403 1063 3465 hunc
1094 3409 1505 3481 contractum,
1525 3410 1596 3466 ut
1622 3406 1812 3467 refert
1841 3406 2157 3468 Filliucius
2187 3429 2248 3470 n.
2285 3413 2420 3472 102.

977 3496 1263 3558 Secundo
1293 3498 1565 3559 dubitari
1593 3502 1817 3576 potest,
1852 3517 1930 3559 an
1953 3501 2158 3562 socius
2181 3503 2285 3582 qui
2316 3502 2427 3565 dat

895 3588 1181 3667 capitale,
1231 3590 1428 3667 possit
1471 3608 1584 3668 pro
1630 3589 1764 3669 ejus
1807 3592 2143 3653 securitate
2197 3595 2423 3672 pignus

893 3682 974 3742 ab
1024 3681 1216 3743 altero
1260 3681 1429 3742 socio
1474 3682 1763 3759 exigere?
1805 3685 1989 3761 Resp.
2023 3684 2235 3763 licere,
2268 3691 2337 3749 ut
2370 3687 2421 3749 si

890 3774 1049 3835 forte
1093 3792 1167 3833 ex
1211 3774 1394 3851 culpa
1439 3774 1590 3834 socii
1623 3779 1857 3852 pereat,
1901 3777 1997 3836 vel
2043 3777 2191 3856 quia
2230 3798 2424 3858 pecu-

892 3867 1060 3926 niam
1087 3870 1305 3928 contra
1350 3870 1603 3944 pactum
1645 3867 1824 3927 alteri
1876 3869 2287 3947 negotiationi
2316 3891 2422 3932 ex·-

888 3958 1117 4038 posuit,
1150 3958 1394 4019 solvere
1424 3964 1708 4037 cogatur.
1744 3961 1834 4021 Ita
1875 3962 2250 4041 Antoninus,
2296 3967 2421 4025 Na-

888 4068 1054 4110 varr.
1090 4053 1153 4111 et
1181 4050 1305 4127 alii,
1341 4069 1497 4131 quos
1526 4054 1728 4129 affert,
1764 4057 1825 4113 et
1864 4054 2148 4133 sequitur
2176 4056 2415 4120 Rebell.

2076 364 2180 425 DE
2220 364 2576 427 JUSTITIA
2620 365 2720 425 ΕΤ
2760 365 2959 426 JURE

3034 881 3440 968 sncw)
3518 883 3598 970 V.

2622 1186 2710 1248 De
2735 1187 3002 1248 sometate
3045 1206 3203 1248 circa
3231 1186 3454 1268 Officiaea
3487 1206 3585 1264 an,
3617 1197 3674 1248 et
3708 1187 4004 1269 quomodo

3166 1291 3327 1353 licita
3350 1292 3447 1354 stt.

2618 1557 2765 1616 Haec
2794 1555 3058 1616 societas
3103 1554 3166 1614 in
3196 1557 3480 1616 Romana
3505 1555 3709 1617 solum
3756 1557 3959 1634 curia,
4018 1563 4073 1620 et
4185 1570 4226 1628 55

2537 1647 2850 1727 aliquibus
2883 1647 3019 1707 aliis
3048 1647 3240 1708 Italiae
3266 1648 3419 1708 locis
3446 1649 3582 1708 fieri
3612 1649 3792 1726 solet,
3831 1654 3898 1711 et
3922 1650 4069 1711 ideo
4109 1694 4226 1737 M

2537 1746 2824 1801 auctores
2851 1740 3114 1819 antiqui,
3147 1739 3245 1800 vel
3276 1740 3468 1802 exteri
3499 1742 3629 1802 fere
3658 1742 3813 1802 nihil
3843 1741 3923 1802 de
3967 1743 4069 1802 illa
4112 1751 4226 1855 ⁸⁸33·

2538 1832 2772 1894 dicunt.
2811 1832 3023 1892 Praxis
3053 1836 3264 1893 autem
3293 1832 3430 1893 haec
3464 1837 3579 1910 est,
3614 1834 3777 1895 sicut
3799 1834 4070 1896 societas

2535 1924 2670 1986 fleri
2724 1925 2882 1986 solet
2935 1924 3103 1985 circa
3158 1925 3665 2004 negotiationem,
3726 1927 3824 1986 vel
3883 1931 4070 1988 terrae

2537 2017 2881 2094 culturam,
2930 2018 3016 2079 ita
3061 2018 3131 2078 fit
3175 2017 3364 2078 etiam
3406 2018 3573 2078 circa
3609 2018 3822 2098 aliqua
3852 2020 4069 2080 vendi·

2534 2110 2685 2171 bilia
2708 2114 2770 2171 et
2796 2111 3105 2171 vacabilia
3134 2110 3323 2171 curiae
3344 2111 3664 2187 Romanae,
3699 2130 3843 2191 quae
3865 2117 4069 2174 morte

2535 2201 2905 2279 possessoris
2935 2207 3182 2278 vacant,
3216 2207 3279 2264 et
3315 2203 3546 2263 iterum
3566 2203 3762 2265 libere
3784 2205 4066 2266 vendun-

2534 2299 2702 2356 tura
2753 2296 3037 2372 Camera,
3084 2295 3296 2374 qualia
3336 2299 3484 2358 sunt
3540 2297 3747 2357 officia
3801 2299 4057 2374 notarii,

2535 2387 2966 2465 protonotarii,
3000 2386 3533 2463 abbreviatorum,
3559 2389 3843 2468 equitum
3861 2391 3927 2451 S.
3950 2393 4064 2451 Pe-

2531 2478 2633 2555 tri,
2669 2482 2731 2540 et
2758 2478 2882 2539 alia
2908 2479 3158 2555 similia,
3193 2498 3333 2558 quae
3354 2498 3499 2540 suos
3528 2480 3767 2543 reditus
3796 2487 3863 2543 et
3890 2501 4064 2544 emo-

2532 2570 2810 2631 lumenta
2866 2571 3121 2633 habent.
3180 2571 3499 2651 Contingit
3551 2576 3784 2651 autem,
3841 2580 3912 2636 ut
3961 2577 4063 2655 qui

2532 2663 2809 2724 officium
2831 2664 2951 2725 hoc
2981 2683 3190 2725 emere
3218 2665 3373 2742 vult,
3399 2684 3525 2726 uon
3553 2665 3786 2729 habeat
3811 2670 4063 2728 tantum

2531 2755 2814 2833 pecuniae
2860 2755 2924 2814 in
2970 2760 3287 2834 promptu,
3332 2763 3638 2836 quantum
3679 2777 3939 2820 necesse
3973 2765 4063 2821 est

2531 2848 2609 2908 ad
2657 2847 3033 2921 emendum;
3094 2847 3233 2910 ideo
3277 2849 3385 2910 alii
3430 2868 3802 2912 concurrere
3859 2854 4067 2915 solent

2530 2959 2672 3002 cum
2711 2944 2889 3019 parte
2932 2940 3215 3018 pecuniae
3255 2943 3645 3020 necessariae,
3701 2948 3773 3005 ut
3810 2951 4062 3023 partem

2529 3034 2718 3094 etiam
2763 3033 3040 3094 habeant
3084 3033 3147 3093 in
3175 3034 3350 3094 lucro
3390 3035 3600 3112 officii,
3635 3039 3697 3096 et
3726 3036 3849 3097 hoc
3875 3045 4059 3117 pacto

2527 3125 2820 3186 dicuntur
2873 3124 3245 3186 contrahere
3302 3127 3665 3190 societatem
3729 3129 3793 3190 in
3853 3131 4059 3193 officio

2524 3219 2652 3280 illo.
2688 3219 2915 3295 Quare,
2956 3219 3006 3279 si
3036 3218 3247 3281 debito
3296 3220 3483 3281 modo
3525 3222 3653 3295 fiat,
3688 3227 3751 3284 et
3792 3226 4060 3287 servatis

2525 3311 2986 3372 conditionibus
3038 3311 3121 3372 ad
3171 3313 3591 3391 aequalitatem
3646 3320 3710 3376 et
3746 3315 4061 3393 justitiam

2524 3403 2858 3482 requisitis,
2909 3403 3124 3482 negari
3169 3423 3295 3465 non
3334 3410 3560 3483 potest,
3609 3407 3775 3485 quod
3805 3416 4060 3471 contra-

2525 3501 2660 3557 ctus
2689 3495 3037 3555 secundum
3061 3515 3127 3557 se
3147 3495 3352 3557 licitus
3381 3498 3480 3559 sit.
3513 3500 3671 3560 Tota
3696 3505 3911 3561 autem
3943 3503 4059 3563 dis-

2523 3588 2764 3649 ficultas
2794 3592 2908 3663 est,
2941 3607 3020 3648 an
3058 3588 3124 3648 iu
3167 3589 3344 3666 praxi
3370 3595 3701 3652 serventur
3746 3595 4059 3657 conditio-

2524 3699 2634 3742 nes
2673 3680 3019 3760 requisitae;
3056 3699 3249 3760 quare
3278 3686 3525 3760 oportet
3552 3683 3711 3743 scire
3743 3687 3947 3764 qualis
3978 3690 4061 3749 sit

2522 3773 2753 3852 praxis,
2801 3777 2864 3834 et
2899 3792 3038 3852 quae
3080 3774 3270 3835 etiam
3311 3774 3436 3835 siut
3481 3776 3874 3840 conditiones
3910 3798 4056 3860 quae

2522 3864 2840 3925 observari
2869 3864 3193 3926 deberent.
3215 3867 3293 3927 Et
3311 3865 3564 3944 quidem
3591 3868 3658 3927 in
3688 3870 4057 3933 universum

2520 3975 2741 4017 cavere
2762 3975 3160 4035 summopere
3181 3962 3428 4036 oportet
3445 3959 3507 4019 in
3528 3959 3626 4021 his
3645 3962 4057 4025 societatibus

2519 4049 2808 4127 scopulos
2836 4050 3016 4126 duoS,
3049 4050 3113 4110 in
3144 4050 3372 4129 quibus
3401 4052 3800 4130 potissimum
3829 4074 4058 4117 earum

885 4142 996 4204 lib.
1028 4160 1131 4204 xv.
1167 4162 1228 4223 q.
1264 4161 1324 4205 v.
1359 4162 1422 4205 n.
1459 4147 1515 4205 1.
1549 4145 1716 4205 unde
1737 4146 1920 4225 juxta
1944 4151 2158 4208 nostra
2187 4148 2419 4227 princi-
2508 4140 2754 4222 justitia
2808 4142 3146 4221 periclitari
3202 4147 3427 4221 potest.
3486 4145 3768 4206 Primum
3806 4154 3920 4225 est,
3973 4169 4055 4210 ne

886 4235 991 4315 pia
1018 4235 1187 4297 idem
1214 4236 1550 4297 dicendum
1578 4237 1847 4314 videtur,
1881 4239 2133 4318 quando
2163 4245 2416 4317 pactum
2516 4237 2822 4313 praetextu
2870 4234 3186 4296 societatis
3223 4237 3383 4297 ssctae
3429 4240 3491 4296 et
3535 4242 3896 4317 apparentis
3936 4240 4060 4303 fiat

885 4329 1002 4390 fuit
1030 4329 1107 4389 de
1134 4329 1466 4391 securitate
1495 4330 1778 4409 capitalis
1815 4331 2041 4410 integri
2081 4332 2408 4411 reddendi,
2514 4325 2671 4386 alius
2717 4330 3097 4403 contractus,
3143 4345 3287 4389 cum
3343 4346 3567 4390 revera
3624 4332 3888 4393 societas
3930 4353 4056 4395 nec

886 4421 1131 4483 etiamsi
1164 4426 1379 4500 pereat
1420 4441 1568 4484 casu
1610 4423 1886 4499 fortuito,
1936 4425 2035 4484 vel
2080 4425 2269 4485 etiam
2300 4445 2410 4505 pro
2512 4418 2592 4480 sit
2620 4437 2735 4479 neo
2764 4437 2899 4479 088ss
2928 4418 3143 4497 possit,
3175 4423 3363 4498 atque
3383 4419 3525 4482 ideo
3547 4440 3672 4483 non
3695 4425 3887 4502 possit
3907 4431 4056 4487 tan·

884 4515 1216 4579 securitate
1269 4515 1429 4576 lucri
1486 4515 1640 4577 certi
1681 4515 1993 4594 promissi,
2053 4517 2306 4595 quando
2347 4518 2410 4579 id
2508 4514 2643 4572 tum
2687 4512 2932 4572 lucrum
2979 4511 3163 4590 exigi,
3208 4515 3510 4590 quantum
3558 4533 3634 4574 ex
3664 4535 3813 4577 vera
3841 4521 4057 4581 socie-

881 4610 1134 4684 pactum
1184 4607 1350 4668 licite
1388 4608 1458 4668 fit
1489 4626 1502 4668 ε
1536 4625 1785 4685 semper
1827 4607 1994 4667 enim
2047 4608 2265 4686 petitio
2316 4609 2411 4688 pi-
2506 4606 2634 4664 tate
2658 4596 2901 4682 'sperari
2934 4608 3040 4665 aut
3070 4604 3230 4682 exigi
3277 4610 3506 4682 posset.
3556 4608 3883 4671 Secundus
3917 4618 4050 4689 aet,

879 4700 1095 4777 gnoris
1124 4699 1469 4760 secundum
1514 4718 1580 4760 se
1610 4718 1735 4760 non
1765 4699 1972 4761 reddit
2007 4706 2262 4777 pactum
2290 4701 2410 4762 illi-
2506 4714 2584 4754 ne
2615 4696 2802 4758 etiam
2832 4696 3081 4775 quando
3100 4696 3286 4758 datur
3304 4716 3455 4758 vera
3472 4699 3761 4776 societas,
3793 4702 4053 4767 lucrum

877 4792 1095 4869 citum,
1130 4791 1280 4853 dum
1309 4796 1520 4853 tamen
1551 4791 1600 4851 si
1630 4792 1857 4871 pignus
1883 4792 2274 4853 fructiferum
2302 4794 2401 4867 sit,
2507 4788 2902 4868 designatum
2952 4790 3033 4851 sit
3082 4790 3488 4866 excessivum‚
3536 4797 3774 4854 attenta
3819 4798 4054 4858 condi-

875 4884 1114 4946 sructus
1159 4885 1275 4963 ipsi
1313 4885 1375 4945 in
1419 4889 1664 4964 partem
1704 4883 1899 4944 debiti
1930 4890 2400 4963 computentur.
2504 4882 2674 4943 tione
2718 4883 3052 4959 societatis,
3095 4882 3408 4961 periculiS,
3439 4885 3757 4964 onerihuS,
3803 4895 3865 4949 et
3895 4891 4053 4954 aliis

2504 4973 2983 5036 circumstantiis
3009 4996 3022 5036 :
3056 4994 3132 5035 ex
3159 4975 3279 5035 hoc
3309 4976 3475 5036 enim
3500 4978 3702 5055 capite
3734 4999 3855 5040 nou
3886 5000 4049 5045 raro

2503 5067 2690 5129 etiam
2720 5068 2928 5130 timeri
2969 5072 3173 5146 potest
3211 5068 3288 5130 de
3340 5068 3647 5149 injustitia
3678 5071 3907 5135 harum
3938 5096 4051 5138 so-

2502 5160 2823 5223 cietatum.

2584 5253 2815 5330 PraxiS,
2858 5274 2982 5334 qua
3012 5253 3372 5334 hujusmodi
3416 5256 3685 5319 societas
3725 5261 4045 5325 celebrari

2498 5348 2675 5422 solet,
2727 5351 2789 5408 et
2833 5347 3100 5408 formula
3140 5348 3527 5426 intrumenti,
3562 5353 3827 5415 refertur
3851 5359 4045 5436 apud
4148 5396 4201 5440 ς,

2497 5442 2679 5500 Azor.
2738 5455 2833 5503 111.
2885 5459 2949 5518 p.
2993 5440 3102 5501 lib.
3154 5457 3238 5502 lx.
3285 5459 3339 5502 c.
3389 5445 3449 5504 8.
3495 5443 3561 5503 in
3591 5446 3922 5527 principit),
3975 5458 4043 5513 et
4114 5453 4202 5493 im

2497 5531 2794 5610 quoniam
2841 5533 3051 5593 omnia
3103 5532 3294 5595 dubia
3340 5533 3401 5594 in
3446 5534 3567 5597 hac
3608 5541 3860 5601 materia
3924 5544 4041 5605 de·
4093 5518 4200 5559 ‘¹⁸⁰
