4263 6376
1203 305 1673 367 DISPUTATIO
1717 306 1905 382 XXV,
1956 306 2229 368 SECTIO
2273 308 2375 367 vl.

229 500 330 562 pro
355 484 564 542 mutuo
595 481 742 541 nihil
773 482 970 561 possit
995 482 1179 560 exigi,
1213 500 1465 561 possum
1495 486 1727 558 tamen,

232 577 463 653 quando
492 575 554 634 in
583 575 676 636 tui
702 575 970 652 gratiam
1000 580 1241 650 mutu0,
1279 581 1347 636 ut
1370 593 1472 633 me
1503 574 1737 634 indem-

230 685 362 726 nem
387 685 649 741 servem‚
692 674 904 746 petere
940 688 978 728 a
1032 673 1092 728 te
1122 686 1426 747 expensas
1473 686 1626 745 quas
1657 666 1735 725 ad

229 760 623 819 mutuandum
654 760 857 820 facere
889 760 1072 835 deb0,
1106 779 1167 820 v.
1200 779 1262 837 g.
1298 760 1350 818 si
1379 777 1502 819 non
1535 758 1734 819 habeo

232 852 505 930 pecunias
534 858 604 913 ut
645 853 760 913 tibi
813 858 1115 929 mutuem,
1175 852 1290 912 nisi
1337 871 1477 912 eam
1518 852 1737 913 itinere

230 944 477 1006 duorum
506 946 751 1006 dierum
799 946 877 1005 ad
924 963 1030 1007 eas
1077 945 1437 1005 referendas
1481 962 1554 1003 ex
1602 945 1737 1005 loco

230 1039 326 1101 ubi
354 1038 572 1113 habeo,
606 1056 860 1116 possum
889 1038 1099 1098 dicere
1132 1056 1145 1095 ε
1179 1038 1505 1098 Conducas
1533 1056 1634 1096 me
1659 1037 1740 1097 ad

233 1135 402 1195 talem
447 1131 677 1206 locum,
737 1131 842 1191 ubi
872 1130 1073 1190 habeo
1121 1130 1417 1209 pecunias
1461 1135 1522 1191 et
1549 1131 1740 1189 reduc

229 1243 320 1285 me
348 1224 484 1297 huc,
519 1228 581 1283 et
607 1229 759 1283 tunc
787 1228 1002 1302 potero
1025 1222 1136 1283 tibi
1158 1228 1445 1283 mutuare
1479 1241 1492 1280 :
1528 1240 1603 1281 ex
1623 1221 1742 1282 hoc

232 1318 381 1377 enim
408 1334 524 1393 ego
555 1315 711 1374 nihil
740 1316 970 1390 lucror,
1003 1314 1115 1374 sed
1144 1318 1209 1375 tu
1240 1314 1376 1392 agis
1410 1331 1539 1373 rem
1567 1319 1742 1374 tuam

232 1408 622 1470 conducendo
650 1426 784 1482 me,
834 1410 897 1468 et
922 1406 1280 1466 reducendo
1310 1406 1433 1467 tuis
1458 1406 1745 1484 expensis

232 1508 293 1564 ut
317 1507 594 1561 mutuare
623 1499 879 1577 possim.
941 1501 1072 1559 Hoc
1099 1504 1309 1559 autem
1355 1498 1559 1577 ipsum
1597 1516 1746 1559 con-

234 1593 399 1672 tingit
423 1593 485 1651 in
515 1592 690 1652 omni
721 1591 949 1651 damno
979 1590 1322 1669 emergenti
1371 1609 1444 1649 ex
1473 1595 1692 1651 mutuo
1726 1610 1739 1650 :

232 1688 368 1767 quia
395 1704 516 1745 uon
561 1702 819 1764 possum
848 1683 960 1744 tibi
1006 1687 1316 1757 mutuare,
1377 1682 1492 1742 nisi
1525 1700 1749 1760 expen-

233 1780 366 1839 dam
377 1798 447 1838 ex
464 1777 625 1837 meis
643 1777 805 1837 ultra
826 1782 1056 1837 sortem
1074 1776 1194 1835 alia
1207 1775 1424 1835 decem
1439 1795 1501 1837 v.
1516 1794 1577 1854 g.
1595 1793 1752 1854 quo-

231 1890 356 1932 rum
383 1870 691 1949 jacturam
722 1870 853 1947 pati
881 1869 1078 1928 debeo
1113 1872 1179 1928 ut
1208 1871 1511 1927 mutuem.
1566 1867 1746 1926 Ratio

233 1982 368 2041 ergo
397 1961 700 2022 naturalis
729 1962 950 2036 dictat,
1009 1960 1177 2039 quod
1225 1960 1458 2039 possim
1489 1978 1525 2017 a
1552 1965 1614 2020 te
1644 1977 1749 2036 pe—

230 2062 349 2118 tere
378 2056 488 2114 has
517 2073 848 2133 expensaS,
906 2072 983 2113 ne
1030 2052 1185 2112 meis
1234 2052 1521 2130 expensis
1568 2070 1748 2129 supe-

232 2148 476 2209 radditis
505 2148 618 2207 tibi
638 2146 1049 2206 benefaciam.
1085 2144 1502 2206 Confirmatur
1521 2144 1744 2224 prime,

232 2242 366 2321 quia
392 2240 837 2320 quodcumque
893 2239 1193 2298 damnum
1255 2255 1465 2297 meum
1496 2254 1750 2315 possum

231 2335 335 2395 tibi
362 2334 655 2408 vendere,
709 2333 762 2392 si
790 2336 855 2393 tu
887 2332 979 2391 vis
1009 2331 1178 2409 quod
1226 2349 1339 2408 pro
1370 2334 1429 2390 te
1457 2330 1609 2390 illud
1639 2348 1753 2408 pa-

232 2427 358 2498 tiar,
410 2431 475 2486 ut
502 2426 555 2486 si
585 2425 744 2485 velis
774 2424 939 2502 quod
977 2442 1090 2502 pro
1135 2427 1198 2482 te
1228 2422 1530 2497 laborem,
1582 2420 1751 2500 quod

231 2520 445 2580 famem
476 2523 539 2579 et
566 2517 735 2578 sitim
764 2517 987 2596 patiar,
1023 2521 1085 2576 et
1111 2515 1231 2574 alia
1251 2515 1579 2593 ejusmodi,
1612 2532 1753 2592 pos-

232 2630 359 2673 sum
386 2630 496 2691 pro
528 2611 628 2670 his
656 2610 965 2688 patientiis
995 2609 1264 2688 pretium
1296 2612 1540 2685 petere;
1602 2623 1751 2683 ergo

234 2705 279 2765 si
303 2705 391 2765 vis
418 2704 589 2784 quod
619 2721 735 2781 pro
767 2707 827 2763 te
858 2701 1020 2762 ultra
1065 2701 1406 2762 carentiam
1437 2700 1618 2760 sortis
1647 2717 1753 2777 pa-

234 2797 343 2859 tiar
387 2798 692 2857 damnum
723 2794 888 2854 aliud
932 2794 996 2852 in
1043 2794 1231 2853 rebus
1259 2792 1436 2867 meiS,
1495 2809 1750 2870 possum

233 2892 384 2951 licite
411 2890 687 2969 pretium
708 2892 920 2967 petere
942 2905 1053 2964 pro
1076 2904 1149 2946 eo
1173 2885 1401 2945 damno
1432 2884 1749 2964 patiendO.

235 2985 644 3046 Confirmatur
672 2978 971 3055 secundo,
1026 2979 1173 3057 quia
1202 2976 1469 3055 pecunia
1513 2995 1655 3036 mea
1691 2976 1754 3035 in

236 3077 322 3136 his
348 3073 856 3148 circumstantiiS,
887 3072 950 3131 in
982 3071 1209 3150 quibus
1232 3069 1584 3131 necessaria
1602 3067 1752 3127 mihi

235 3174 321 3231 est
345 3169 422 3229 ad
450 3167 626 3229 aliud
683 3166 984 3226 damnum
1012 3163 1358 3240 vitandum,
1419 3162 1558 3240 plus
1602 3160 1758 3221 mihi

236 3264 405 3337 valet,
465 3279 660 3341 quam
691 3259 741 3317 si
796 3257 1146 3318 necessaria
1192 3275 1316 3316 non
1359 3260 1541 3317 esset.
1600 3255 1758 3314 Hinc

236 3355 391 3415 enim
419 3361 533 3426 est,
592 3351 766 3431 quod
794 3351 846 3410 si
894 3350 1117 3410 fureris
1157 3348 1488 3427 pecuniam
1539 3347 1621 3407 illi
1650 3346 1756 3425 qui

238 3466 304 3507 ea
328 3447 654 3525 indigebat
682 3445 763 3503 ad
811 3443 1144 3503 emendam
1172 3441 1573 3516 medicinam,
1634 3458 1758 3518 qua

238 3546 552 3600 sanaretur
609 3557 647 3598 a
675 3536 954 3612 vulnere,
1015 3535 1115 3594 vel
1167 3533 1388 3594 morbo
1437 3533 1753 3612 praesenti,

238 3633 415 3693 debes
444 3633 499 3692 ei
549 3629 858 3691 resarcire
889 3628 1120 3687 damna
1147 3627 1292 3702 alia,
1346 3645 1486 3705 quae
1516 3626 1758 3686 ratione

236 3725 495 3784 vulneris
525 3724 627 3785 vel
655 3721 860 3782 morbi
890 3719 1176 3791 incurrit3
1210 3719 1260 3779 si
1292 3737 1440 3795 ergo
1472 3718 1564 3777 vis
1594 3736 1630 3776 a
1658 3735 1759 3776 me

238 3818 555 3896 pecuniam
583 3816 778 3891 illam,
813 3831 1067 3892 possum
1097 3811 1253 3890 juste
1284 3810 1531 3889 exigere
1568 3828 1762 3890 quan-

239 3918 362 3971 tum
390 3911 544 3970 mibi
571 3927 742 3969 nunc
771 3905 1034 3986 pecunia
1065 3906 1168 3964 illa
1196 3906 1384 3966 valet.

310 4005 616 4065 Probatur
644 3999 921 4061 secundo
952 3997 1236 4076 exemplo
1264 3995 1662 4072 venditionis,
1697 3995 1760 4055 in

242 4116 355 4177 qua
382 4096 674 4156 venditor
701 4096 906 4172 potest
925 4108 1158 4168 augere
1187 4089 1350 4149 licite
1371 4089 1640 4167 pretium
1671 4087 1761 4147 rei

242 4195 483 4269 propter
510 4189 817 4247 damnum
846 4184 1014 4262 quod
1044 4182 1456 4242 incurriteam
1485 4180 1764 4240 venden-

243 4283 314 4344 do
369 4303 382 4342 :
442 4300 596 4359 ergo
628 4285 693 4338 et
740 4278 801 4337 in
832 4281 1049 4337 mutuo
1096 4278 1301 4354 potest
1337 4275 1464 4353 peti
1493 4274 1762 4351 pretium

242 4394 345 4453 pro
373 4376 606 4435 damno
638 4370 806 4451 quod
835 4388 909 4428 ex
940 4370 1044 4429 illo
1074 4367 1432 4428 incurritur.
1494 4369 1763 4426 Antece-

243 4469 387 4528 dens
411 4468 582 4527 enim
612 4462 920 4525 concessit
940 4463 1181 4536 ScotuS,
1215 4469 1278 4520 et
1294 4467 1502 4520 tamen
1524 4459 1762 4518 nullum

244 4560 555 4639 probabile
611 4556 949 4617 discrimen
1004 4554 1212 4613 afferri
1259 4555 1498 4631 potest,
1561 4568 1763 4630 neque

245 4654 367 4732 ipse
395 4653 560 4713 aliud
594 4652 796 4724 affert,
843 4648 960 4707 nisi
989 4646 1157 4725 quod
1187 4646 1248 4704 in
1280 4649 1496 4705 mutuo
1527 4644 1591 4704 id
1621 4646 1765 4721 Iege

247 4747 449 4807 divina
476 4743 884 4824 prohibetur3
946 4738 1115 4819 quod
1144 4743 1353 4800 tamen
1408 4755 1533 4797 nou
1564 4741 1658 4797 est
1685 4736 1762 4796 ad

248 4857 392 4915 rem,
450 4855 597 4897 cum
640 4839 769 4895 tota
822 4850 1025 4892 usurae
1080 4830 1320 4890 malitia
1364 4829 1664 4907 procedat
1692 4847 1765 4888 ex

242 4932 372 5010 jure
401 4936 642 4990 naturae
675 4931 742 4986 ut
770 4942 959 5003 supra
986 4924 1277 4984 vidimus,
1324 4921 1762 4997 Confirmatur,

250 5026 386 5102 quia
413 5024 717 5082 damnum
748 5022 947 5079 totum
968 5015 1135 5096 quod
1165 5015 1494 5093 fidejussor
1513 5014 1765 5093 patitur,

252 5134 319 5176 eo
347 5115 511 5195 quod
542 5132 656 5192 pro
686 5111 966 5171 debitore
997 5107 1268 5178 solverit,
1312 5107 1501 5168 debet
1529 5126 1565 5165 a
1595 5106 1772 5165 debi-

252 5214 377 5268 tore
402 5204 713 5280 resarciri,
747 5208 816 5264 ut
844 5206 1086 5263 constat
1113 5219 1189 5259 ex
1218 5218 1355 5277 cap.
1384 5216 1452 5260 11.
1488 5204 1550 5259 et
1578 5216 1672 5260 111.
1706 5198 1774 5258 de

251 5298 715 5380 fidejussoribus;
769 5314 917 5373 ergo
966 5299 1030 5355 et
1082 5292 1382 5352 damnum
1430 5291 1596 5371 quod
1639 5309 1773 5351 mu-

254 5400 425 5454 tuans
453 5391 689 5470 patitur
743 5406 933 5449 causa
979 5385 1203 5461 mutui,
1264 5389 1468 5463 potest
1521 5384 1601 5443 ab
1639 5384 1771 5462 ipso

256 5487 411 5565 exigi
436 5490 621 5565 pacto
651 5479 1065 5543 antecedenti.

566 5580 726 5639 Tou.
758 5575 890 5637 vu.

3247 309 3361 368 193

1916 482 2277 562 Requiritur
2302 486 2534 559 tamen,
2587 481 2751 561 quod
2801 485 3091 542 mutuans
3118 487 3362 543 mutua-

1832 575 2060 635 tarium
2088 579 2475 653 praemoneat
2530 574 2607 634 de
2638 575 2865 634 damno
2921 575 3167 646 futuro;
3228 575 3360 635 for-

1834 672 1996 727 tasse
2029 668 2195 726 enim
2250 686 2390 727 cum
2422 668 2525 727 illo
2585 685 2771 727 onere
2828 667 3022 727 nollet
3072 672 3360 728 mutuum

1835 759 2140 838 accipere.
2202 760 2561 838 Requiritur
2616 760 2806 820 etiam
2861 759 3030 838 quod
3075 765 3365 821 mutuum

3529 485 3604 543 73

3435 609 3502 652 An
3532 607 3681 652 debeat

3422 662 3692 705 mutuatarius

3465 715 3656 770 explicito

3411 770 3585 819 moneri,
3619 767 3714 831 pri·

3325 853 3337 866 .
3412 836 3481 866 ma
3493 827 3696 865 scincum
3708 849 3722 865 .

1835 871 1983 912 vere
2013 853 2092 913 sit
2118 870 2309 912 causa
2337 853 2499 913 illius
2529 852 2762 912 damni.
2811 854 2900 913 Ex
2929 852 3131 931 primo
3163 871 3368 933 requi-

1839 945 1953 1005 sito
1986 946 2205 1005 oritur.

1921 1038 2210 1098 Secunda
2252 1038 2535 1116 quaestiO,
2587 1057 2667 1097 an
2714 1037 3070 1116 requiratur
3113 1056 3370 1099 monere

1839 1130 2122 1207 explicite
2153 1129 2230 1189 de
2260 1130 2489 1190 damno
2522 1135 2880 1208 emergente
2913 1149 2927 1188 ε
2963 1148 3041 1189 an
3074 1148 3221 1190 vero
3245 1132 3374 1190 suf-

1840 1222 2009 1283 ficiat
2035 1222 2267 1300 pacisci
2295 1223 2372 1282 de
2422 1221 2652 1282 damno
2684 1222 2847 1283 ultra
2893 1227 3127 1283 sortem
3158 1223 3374 1302 aliqua

1842 1333 2107 1390 summa,
2143 1334 2266 1376 non
2297 1315 2716 1389 admonend0‚
2752 1315 2921 1374 illam
2951 1333 3088 1375 esse
3119 1321 3377 1395 propter

1843 1408 2142 1467 damnum
2191 1425 2540 1485 emergenS,
2601 1410 2882 1468 Navarra
2919 1408 3020 1467 111.
3074 1405 3143 1466 de
3184 1407 3370 1468 restit.

1845 1519 1898 1560 c.
1934 1516 2002 1559 11.
2037 1519 2099 1578 p.
2133 1503 2191 1559 2.
2227 1499 2376 1559 dub.
2412 1516 2495 1559 1x.
2534 1519 2638 1559 nu.
2680 1503 2817 1560 313.
2855 1505 2918 1560 et
2944 1499 3191 1560 Lessius
3222 1500 3371 1561 dub.

1844 1609 1904 1652 x.
1940 1612 2000 1651 n.
2035 1595 2134 1652 74.
2186 1591 2404 1652 dicunt
2430 1592 2717 1651 sufficere
2747 1592 2978 1671 pacisci
3009 1591 3088 1651 de
3119 1610 3378 1652 excessu

1845 1684 2008 1744 ultra
2037 1689 2293 1759 sortem,
2355 1684 2505 1763 quin
2563 1684 2908 1762 explicetur
2954 1703 3090 1745 esse
3120 1690 3380 1763 propter

1846 1777 2145 1837 damnum
2176 1795 2503 1854 emergens
2537 1794 2550 1840 :
2602 1776 2752 1855 quia
2781 1777 2926 1837 licet
2948 1778 3199 1855 ignoret
3227 1796 3382 1837 cau-

1847 1888 1980 1930 sam
2008 1869 2445 1944 mutuatariuS,
2504 1872 2799 1928 mutuans
2852 1873 3062 1929 tamen
3117 1887 3246 1929 non
3286 1869 3382 1928 in·-

1838 1961 2006 2041 juste
2035 1962 2281 2039 accipit,
2307 1979 2457 2021 cum
2486 1960 2687 2021 subsit
2713 1979 2862 2021 vera
2893 1980 3105 2038 causa,
3139 1966 3202 2022 et
3230 1962 3381 2022 alio-

1848 2055 1997 2134 quin
2020 2053 2155 2132 jam
2199 2053 2616 2114 mutuatarius
2661 2058 2949 2133 acceptat
2993 2057 3383 2115 contractum

1848 2165 1991 2207 cum
2019 2146 2122 2207 illo
2154 2165 2363 2223 onere,
2400 2146 2577 2207 Salas
2606 2147 2757 2207 dub.
2793 2163 2974 2207 xvnl.
3012 2165 3073 2207 n.
3109 2149 3169 2206 ὃ.
3206 2146 3379 2222 dicit,

1849 2240 2077 2300 debere
2099 2239 2421 2299 admoneri
2444 2239 2521 2298 de
2543 2239 2772 2300 damno
2798 2247 3160 2318 emergente
3188 2260 3200 2300 :
3228 2239 3386 2300 alio-

1850 2333 2000 2413 quin
2031 2332 2196 2391 enim
2228 2351 2350 2392 non
2381 2336 2638 2411 praestat
2683 2350 3059 2394 consensum
3103 2331 3382 2392 validum

1852 2425 1931 2485 ad
1963 2442 2318 2495 excessum;
2382 2424 2487 2502 qui
2519 2425 2686 2483 enim
2732 2425 3043 2485 consentit
3070 2425 3132 2484 in
3163 2443 3385 2484 usuras

1851 2516 2204 2592 solvendas,
2239 2535 2362 2576 non
2393 2521 2652 2595 praestat
2670 2535 3045 2578 consensum
3073 2517 3386 2577 sufficien-

1850 2615 1999 2685 tem,
2031 2609 2143 2669 sed
2173 2613 2458 2669 coactum
2489 2613 2552 2669 et
2580 2609 3070 2670 involuntarium
3103 2629 3116 2668 ε
3152 2609 3202 2669 si
3235 2627 3385 2687 ergo

1851 2722 1975 2764 nou
2004 2701 2379 2762 admonetur
2409 2701 2485 2761 de
2508 2701 2681 2779 justa
2709 2721 2899 2763 causa
2929 2721 3222 2763 excessus
3253 2703 3381 2761 exi-

1852 2795 2062 2874 gendi,
2122 2812 2246 2859 nou
2277 2794 2587 2854 consentit
2627 2794 2689 2853 in
2721 2795 2896 2854 illum
2942 2813 3251 2855 consensu
3281 2811 3387 2855 vo-

1852 2886 2144 2949 luntari0.
2205 2886 2372 2946 Addi
2400 2891 2632 2964 posset,
2693 2887 2862 2966 quod
2911 2887 3227 2947 difficilius
3255 2887 3384 2947 for-

1852 2985 2017 3042 tasse
2048 2978 2431 3040 consentiret
2481 2980 2900 3041 mutuatarius
2953 2981 3017 3052 in
3062 2997 3386 3041 excessum

1846 3075 2013 3153 juste
2044 3071 2347 3147 debitum,
2406 3089 2595 3150 quam
2624 3072 2688 3131 in
2719 3090 2938 3132 usuras
3000 3093 3013 3134 :
3075 3073 3189 3132 has
3219 3072 3387 3132 enim

1855 3170 2059 3246 potest
2087 3164 2254 3226 licite
2283 3182 2537 3243 negare,
2598 3169 2661 3226 et
2689 3165 2945 3244 negabit
2987 3165 3035 3226 si
3069 3166 3239 3226 salvo
3271 3165 3383 3225 ho-

1856 3278 2005 3319 nore
2057 3257 2254 3337 possit
2282 3258 2380 3317 vel
2409 3258 2457 3316 si
2516 3264 2889 3335 moreretur,
2953 3263 3063 3319 aut
3087 3259 3141 3318 si
3169 3256 3385 3318 oblivi-

1857 3357 2136 3413 sceretur
2161 3350 2434 3410 creditor
2467 3370 2480 3410 ε
2515 3355 2721 3428 potest
2749 3351 2938 3412 etiam
2961 3369 3236 3428 sperare,
3272 3349 3385 3409 ali·

1858 3443 2110 3525 quando
2141 3442 2363 3502 saltem
2410 3442 2472 3501 in
2503 3447 2704 3503 morte
2749 3445 3106 3504 usurarium
3138 3443 3389 3505 restitu-

1857 3543 2067 3599 turum
2094 3539 2318 3610 totum,
2353 3534 2450 3593 vel
2481 3539 2723 3611 partem
2775 3555 2788 3595 :
2843 3555 2982 3615 quae
3021 3536 3232 3596 omnia
3260 3554 3388 3595 ces-

1858 3634 1999 3691 sant
2026 3627 2277 3707 quando
2308 3645 2597 3687 excessus
2648 3627 2815 3706 juste
2874 3628 3107 3706 petitur
3134 3633 3390 3707 propter

1859 3723 2160 3783 damnum
2190 3738 2518 3797 emergens
2550 3737 2563 3781 ε
2600 3739 2725 3780 non
2757 3728 2851 3782 est
2870 3741 3018 3801 ergo
3045 3722 3211 3781 idem
3243 3739 3389 3781 con-

1859 3815 2088 3877 sentire
2118 3812 2180 3871 in
2213 3830 2455 3888 usuraS,
2490 3818 2554 3873 et
2590 3815 2941 3875 consentire
2972 3814 3034 3873 in
3064 3831 3386 3873 excessum

1852 3908 2113 3988 justum,
2144 3910 2397 3983 propter
2425 3905 2726 3964 damnum
2756 3925 3104 3985 emergens,

1939 3999 2168 4077 Negari
2197 4015 2320 4056 non
2342 4001 2567 4074 potest,
2602 3998 2803 4076 magis
2826 4003 3029 4059 tutum
3056 4017 3189 4059 esse
3218 3998 3386 4077 quod

1859 4109 2049 4153 causa
2077 4088 2368 4167 exigendi
2396 4089 2759 4166 explicetur,
2816 4109 3040 4170 nempe
3085 4092 3387 4152 damnum

1860 4202 2189 4261 emergens
2249 4202 2262 4241 ε
2323 4187 2457 4242 tum
2487 4182 2567 4241 ad
2611 4183 2937 4243 vitandum
2984 4184 3382 4257 scandalum;

1860 4282 1995 4339 tum
2023 4276 2103 4336 ad
2142 4274 2593 4335 consulendum
2622 4275 2844 4336 houori
2874 4276 3067 4355 ipsius
3095 4282 3389 4337 mutuan-

1859 4372 1939 4432 tis
1969 4373 2032 4430 et
2057 4368 2381 4429 vitandum
2415 4367 2781 4444 periculum,
2836 4388 2912 4429 ne
2942 4370 3279 4448 aliquando
3312 4370 3388 4430 de

1862 4479 2053 4524 usura
2081 4463 2438 4531 accusetur;
2473 4465 2606 4521 tum
2630 4460 2901 4540 denique
2927 4463 3005 4522 ad
3027 4481 3392 4522 assecuran-

1863 4555 2014 4615 dum
2036 4553 2339 4626 debitum,
2376 4552 2564 4630 quod,
2600 4554 2973 4630 utdixi1nuS‚
3009 4555 3251 4615 facilius
3267 4575 3390 4616 non

1863 4648 2177 4719 solvetur,
2247 4645 2498 4722 quando
2555 4647 2972 4708 mutuatarius
3025 4652 3204 4726 putat
3258 4666 3393 4708 esse

1866 4738 2221 4800 usurarium
2283 4756 2296 4796 z
2359 4738 2730 4815 regulariter
2784 4745 2997 4801 tamen
3051 4760 3173 4801 non
3205 4741 3393 4801 credo

1867 4830 2273 4909 obligandum
2329 4835 2720 4891 mutuantem
2778 4833 2855 4891 ad
2912 4833 3390 4910 restitutionem,

1868 4923 2116 5004 quando
2152 4928 2402 5000 pactum
2459 4923 2591 4982 sine
2622 4926 2931 5002 ejusmodi
2985 4926 3396 5004 explicatione

1866 5017 2014 5077 fecit
2061 5035 2074 5075 ε
2137 5015 2284 5093 quia
2307 5014 2676 5093 regulariter
2703 5020 3119 5080 mutuatarius
3150 5036 3274 5078 non
3303 5038 3396 5079 re-

1864 5109 2222 5171 tardaretur
2265 5126 2304 5167 a
2333 5113 2656 5170 contractu
2689 5129 2762 5169 ex
2807 5130 2904 5187 eo,
2958 5114 3125 5189 quod
3158 5116 3392 5188 nosset,

1862 5202 2031 5282 justo
2061 5199 2238 5261 titulo
2270 5217 2593 5259 excessum
2621 5202 2786 5281 exigi
2816 5208 2885 5264 ut
2911 5209 3154 5266 constat
3185 5224 3200 5264 ε
3233 5206 3398 5266 acci-

1872 5294 1962 5372 pit
1990 5310 2140 5369 crgo
2164 5292 2580 5353 mutuatarius
2603 5311 2924 5355 excessum
2947 5296 3116 5356 illum
3147 5316 3222 5356 ex
3242 5318 3399 5377 pras-

1873 5390 2123 5463 sumpta
2152 5383 2372 5445 saltem
2426 5386 2747 5449 voluntate
2792 5388 2997 5449 dantis
3045 5390 3296 5452 omnino
3327 5392 3402 5451 li-

1872 5478 2044 5552 bera,
2105 5482 2166 5538 et
2194 5477 2444 5537 aliunde
2468 5476 2639 5556 justo
2697 5480 2874 5541 titulo
2920 5500 2995 5541 ex
3051 5487 3228 5561 parte
3258 5503 3393 5563 sua,

3006 5578 3080 5635 13

3535 4031 3611 4087 74

3491 4154 3680 4198 Secunda

3485 4213 3688 4250 sentenn-

3452 4260 3719 4317 probabilior.
