4263 6376
110 3220 164 3331 ,ἔτι

111 3335 163 3470 em

1187 303 1654 384 mspn'rA'rlo
1699 322 1918 400 xxlx,
1967 323 2243 387 suerio
2287 324 2391 386 111.

197 493 361 553 bouis
384 539 400 568 ,
430 511 577 554 cum
606 497 810 556 totum
838 495 902 555 id
934 495 1171 557 oriatur
1192 543 1208 573 ,
1242 516 1316 557 ex
1346 516 1470 559 non
1502 499 1717 560 obser-

196 591 324 645 vato
353 589 703 662 contractu,
738 606 925 666 quem
955 607 1026 647 ex
1049 589 1292 667 justitia
1312 590 1580 651 famulus
1610 590 1716 651 ob-

198 696 430 737 servare
452 678 762 739 debebat:
797 680 1037 741 secluso
1066 686 1278 742 autem
1300 685 1470 743 omni
1486 684 1714 744 damno

198 770 440 843 domini,
476 789 602 830 non
633 771 882 831 videtur
910 773 1176 833 famulus
1195 775 1536 852 privandus
1557 794 1717 836 mer-

197 862 329 923 cede
357 863 667 941 temporis
709 864 1047 942 praeteriti,
1109 867 1397 945 quamvis
1444 871 1608 928 Azor
1635 869 1711 930 ll.

198 961 341 1032 part.
373 955 484 1015 lib.
521 973 592 1016 11.
647 974 786 1036 cap.
819 973 1026 1018 xxxlx.
1080 977 1185 1039 qu.
1237 963 1297 1020 6.
1352 978 1494 1020 cum
1524 960 1716 1021 Silve—

198 1054 308 1107 stre
328 1046 614 1126 judicet,
666 1067 847 1126 posse
893 1049 1131 1128 aliquid
1180 1051 1425 1113 detrahi
1462 1052 1717 1113 arbitrio

199 1139 323 1200 boni
353 1140 499 1215 viri,
533 1158 658 1201 non
691 1146 902 1202 tamen
932 1142 1119 1204 video
1150 1144 1464 1204 sufficiens
1494 1145 1719 1205 funda-

199 1237 482 1307 mentum,
519 1233 638 1291 nisi
659 1234 995 1294 famulatus
1013 1236 1313 1314 temporis
1333 1237 1517 1297 subse
1531 1256 1718 1316 quen-

199 1325 261 1384 tis
286 1325 480 1402 pluris
501 1324 639 1403 jam
670 1326 1117 1403 aestimaretur,
1152 1347 1342 1407 quam
1372 1330 1452 1390 sit
1477 1348 1717 1390 merces

201 1435 316 1496 quae
345 1435 460 1495 pro
492 1421 780 1496 tempore
822 1421 1106 1498 sequenti
1151 1421 1458 1499 promissa
1489 1421 1711 1498 fuerat,

200 1528 369 1588 quare
415 1513 621 1570 totam
665 1516 1129 1589 praecedentem
1174 1513 1530 1574 mercedem
1570 1513 1720 1575 reti-

200 1601 310 1661 neri
338 1620 525 1680 posse
557 1620 594 1661 a
621 1603 854 1663 famulo
885 1604 1117 1665 fatetur
1139 1605 1374 1666 Rebell.
1409 1606 1517 1666 lib.
1552 1608 1711 1667 XIV.

200 1698 395 1773 quaest.
429 1711 574 1754 xm.
628 1714 798 1757 num.
831 1699 929 1757 20.
984 1700 1048 1758 et
1092 1698 1299 1759 minus
1339 1698 1498 1758 bene
1527 1701 1711 1760 Azor.

201 1791 396 1865 postea
444 1788 553 1847 111.
590 1792 754 1865 part.
804 1788 912 1849 lib.
947 1807 1087 1850 vm.
1135 1809 1273 1869 cap.
1309 1793 1405 1851 13.
1452 1789 1521 1850 de
1563 1790 1718 1851 loca-

200 1888 328 1939 tione
354 1898 463 1959 qu.
500 1883 560 1940 6.
608 1880 761 1941 dixit
791 1881 1095 1942 famulum
1126 1888 1320 1944 totam
1359 1882 1716 1943 mercedem

201 1972 489 2032 amittere.
524 1973 805 2051 Denique
836 1973 1102 2035 observa
1130 1993 1274 2034 cum
1302 1975 1515 2036 Molin.
1550 1975 1709 2053 disp.

199 2066 309 2125 493.
344 2064 407 2123 in
440 2065 591 2139 fine,
627 2065 678 2124 si
708 2065 980 2125 famulus
1002 2067 1099 2126 vel
1122 2068 1445 2145 operarius
1477 2085 1600 2127 non
1629 2067 1716 2126 in-

200 2155 468 2231 servivit,
502 2156 598 2215 vel
643 2156 954 2218 laboravit
982 2163 1259 2237 tempore
1308 2160 1410 2221 illo
1449 2159 1717 2220 fideliter

199 2247 338 2308 intra
366 2248 604 2308 limites
633 2248 950 2327 obsequii,
998 2249 1226 2310 laboris
1257 2255 1318 2313 et
1345 2269 1510 2311 curae
1540 2251 1716 2312 debi-

200 2347 281 2418 tae,
311 2343 397 2401 ila
425 2343 498 2401 ut
524 2340 745 2401 saltem
786 2342 1064 2402 laborem
1111 2341 1394 2403 infimum
1433 2343 1713 2405 debitum
1744 2379 1748 2383 >

200 2434 506 2513 prudentis
537 2433 798 2495 arbitrio
830 2453 952 2494 non
983 2435 1294 2513 attigerit,
1348 2435 1575 2496 debere
1616 2455 1716 2495 re-

200 2528 432 2587 stituere
466 2525 722 2586 domino
753 2526 830 2585 de
861 2527 1168 2605 stipendio
1198 2546 1310 2606 pro
1328 2534 1466 2589 rata
1481 2527 1708 2607 operiS,

201 2619 344 2699 quod
401 2620 703 2697 praestare
751 2619 1081 2680 tenebatur
1117 2623 1178 2681 et
1225 2638 1347 2679 non
1403 2620 1709 2698 praestitit,

201 2712 305 2771 imo
335 2715 396 2771 et
424 2729 539 2788 pro
573 2710 803 2771 damno
834 2716 897 2771 et
922 2710 1096 2771 lucro
1127 2715 1409 2772 cessante
1432 2711 1707 2786 domine,

202 2809 256 2864 nt
279 2803 327 2862 si
356 2801 766 2880 piscationem
800 2802 879 2862 ad
909 2821 1100 2882 quam
1120 2804 1464 2864 conductus
1485 2804 1707 2879 fuerat,

201 2895 485 2974 neglexit,
537 2914 612 2955 ex
644 2913 768 2974 qua
797 2895 1177 2975 negligentia
1205 2897 1447 2957 lucrum
1477 2895 1710 2958 domini

201 2988 553 3067 impeditum
584 2988 720 3049 fuit.

266 3081 419 3141 Hinc
447 3081 653 3142 obiter
679 3082 878 3141 infero
904 3127 919 3157 ,
972 3081 1122 3162 quid
1163 3081 1499 3142 dicendum
1528 3081 1607 3141 sit
1634 3080 1711 3140 de

201 3173 632 3236 consuetudine
654 3222 669 3251 ,
706 3194 830 3255 qua
859 3175 919 3234 in
957 3175 1183 3255 Apulia
1213 3174 1414 3237 solent
1443 3172 1709 3253 operarii

201 3268 448 3328 conduci
476 3268 650 3328 initio
681 3267 904 3328 hiemis
933 3270 1013 3329 ad
1041 3273 1241 3330 totum
1283 3285 1514 3327 annum
1540 3313 1555 3342 ,
1607 3266 1713 3326 ubi

201 3360 330 3439 quia
359 3360 562 3421 hieme
600 3361 871 3439 operarii
916 3361 1329 3422 conductores
1370 3379 1493 3420 non
1540 3361 1715 3420 inve-

200 3453 395 3527 nient,
428 3453 644 3513 aestivo
675 3457 884 3514 autem
912 3459 1197 3531 tempore
1227 3453 1552 3513 inveniunt
1581 3452 1712 3530 plu-

198 3564 284 3604 res
307 3551 370 3605 et
393 3544 620 3623 majori
647 3545 959 3621 mercede,
993 3545 1327 3624 paciscitur
1346 3545 1708 3620 conductor,

198 3641 255 3697 ut
279 3638 472 3715 operii
499 3641 770 3716 utroque
799 3642 1081 3716 tempore
1111 3656 1366 3697 manere
1398 3637 1707 3709 debeant;

198 3733 250 3789 et
274 3731 417 3808 quia
444 3729 564 3807 ipsi
611 3729 813 3790 solent
858 3730 1196 3809 aliquando
1247 3733 1460 3791 aestate
1490 3748 1712 3809 appro-

196 3821 517 3901 pinquante
545 3822 763 3900 fugere
788 3868 804 3898 ,
855 3826 923 3883 ut
949 3823 1095 3884 alibi
1126 3822 1351 3902 majori
1393 3823 1592 3901 pretio
1622 3823 1713 3882 la-

196 3913 400 3976 borent
421 3961 438 3990 ,
497 3915 730 3977 retinet
783 3916 902 3975 sibi
959 3920 1214 3994 propter
1248 3915 1425 3995 quasi
1454 3915 1590 3975 loco
1618 3914 1712 3995 pi-

194 4007 389 4083 gnoris
415 4007 775 4067 mercedem
805 4007 1049 4084 hiemiS,
1085 4007 1202 4067 hoc
1232 4011 1414 4085 pacto
1445 4011 1514 4067 ut
1540 4025 1713 4067 rece-

197 4098 365 4159 dente
393 4105 613 4179 postea
643 4100 969 4179 operari0,
1019 4103 1214 4161 totam
1251 4100 1709 4179 praeteritorum

196 4192 485 4252 mensium
516 4193 874 4253 mercedem
915 4193 1197 4265 amittat,
1249 4191 1416 4272 quod
1458 4195 1710 4271 pactum

197 4288 259 4344 nt
274 4285 508 4362 justum
540 4284 621 4345 sit
642 4330 658 4360 ‚
710 4284 920 4364 aliqua
951 4284 1184 4345 debent
1210 4302 1581 4345 concurrere
1601 4329 1616 4359 ,
1650 4288 1712 4345 et

196 4375 265 4435 de
294 4377 453 4438 facto
483 4378 747 4437 fortasse
778 4376 987 4437 omnia
1034 4381 1143 4436 aut
1167 4378 1296 4437 fere
1326 4377 1534 4438 omnia
1564 4393 1713 4436 con-

195 4475 466 4541 currunt:
507 4469 658 4548 quia
679 4468 985 4546 imprimis
1008 4468 1352 4529 conductor
1371 4468 1712 4529 discessum

195 4562 632 4639 operariorum,
667 4566 727 4621 et
757 4561 1067 4621 defectum
1100 4562 1161 4620 in
1184 4561 1572 4621 observando
1604 4579 1715 4639 pa-

194 4660 308 4730 cto,
340 4659 647 4733 coguntur
675 4655 781 4734 qui
813 4673 919 4714 eos
962 4653 1392 4714 conduxerant
1413 4700 1428 4730 ,
1480 4653 1711 4732 impor-

196 4753 340 4807 tuno
368 4753 647 4826 tempore
679 4746 1030 4807 conducere
1073 4747 1227 4807 alios
1256 4747 1333 4806 de
1366 4764 1527 4806 novo
1559 4764 1714 4825 quos

197 4839 434 4900 difficile
464 4839 830 4916 inveniunt,
880 4844 941 4900 et
970 4858 1090 4899 non
1123 4838 1241 4898 nisi
1269 4838 1488 4918 maj0ri
1519 4839 1716 4899 multo

198 4932 411 5009 pretio,
444 4951 636 5012 quare
668 4931 836 4991 hunc
867 4931 1046 5011 pretii
1096 4949 1416 4991 excessum
1460 4936 1719 5008 possunt

198 5023 307 5083 sibi
340 5043 745 5103 compensare
775 5043 846 5083 ex
876 5024 1191 5098 mercede,
1227 5041 1419 5102 quam
1449 5022 1719 5083 debeant

197 5114 483 5193 fugitivis,
517 5115 756 5178 Deinde
803 5116 1090 5176 eamdem
1137 5115 1216 5175 ob
1246 5133 1501 5175 causam
1529 5132 1718 5192 expo-

195 5212 347 5267 nunt
375 5227 436 5268 se
464 5208 739 5288 periculo
771 5226 895 5268 non
924 5206 1286 5267 inveniendi
1315 5207 1468 5267 alios
1498 5225 1719 5285 opera-

193 5299 314 5359 rios
368 5305 427 5360 et
475 5300 751 5380 patiendi
790 5299 1256 5375 detrimentum,
1308 5317 1381 5359 eo
1430 5300 1598 5378 quod
1638 5297 1716 5358 ob

194 5393 561 5470 paucitatem
592 5393 1019 5472 operariorem
1048 5397 1292 5470 segetes
1322 5410 1446 5452 non
1477 5391 1717 5471 possint

194 5485 400 5547 debito
428 5492 703 5565 tempore
750 5487 900 5547 meti
947 5490 1008 5546 et
1053 5485 1281 5564 colligi,
1333 5490 1522 5564 atque
1575 5484 1715 5544 ideo

3228 330 3346 389 455

1813 498 2165 578 periculum
2193 501 2383 562 etiam
2415 501 2517 578 sit,
2551 501 2719 581 quod
2750 501 3124 564 adveniente
3155 502 3353 564 imbre

1818 592 1912 651 vel
1942 591 2250 671 grandine
2275 639 2291 669 ,
2346 612 2577 672 magna
2617 613 2691 655 ex
2740 599 2917 674 parte
2950 595 3010 654 in
3040 614 3222 673 area,
3256 595 3354 656 vel

1817 684 2005 745 etiam
2034 685 2097 744 in
2127 704 2281 763 agro
2311 690 2634 747 vastentur
2657 733 2672 763 ,
2724 688 2822 748 vel
2870 689 3241 766 putrefiant,
3293 691 3357 749 et

1816 776 1940 835 alia
1966 777 2193 836 similia
2226 796 2241 841 ε
2274 778 2443 858 quod
2473 779 2921 840 detrimentum
2949 780 3002 840 si
3022 780 3229 858 reipsa
3258 799 3355 841 se-

1817 873 2065 948 quatur,
2126 871 2519 948 compensari
2574 871 2833 934 deberet
2887 872 2968 933 ab
3025 873 3347 950 operariiS‚

1818 978 2085 1040 quorum
2143 961 2441 1023 absentiae
2496 963 2859 1042 imputatur.
2907 964 3109 1037 Quare
3153 964 3354 1042 potuit

1818 1052 2006 1113 etiam
2063 1053 2142 1114 ab
2198 1053 2371 1114 initio
2420 1055 2614 1115 timor
2659 1054 2845 1134 hujus
2894 1056 3084 1117 totius
3140 1055 3353 1115 damni

1817 1145 2160 1224 prudenter
2188 1146 2406 1222 taxari,
2442 1146 2546 1224 qui
2578 1147 2733 1208 forte
2754 1147 2910 1209 tanti
2933 1147 3231 1209 aestimari
3250 1166 3353 1226 po·

1817 1238 1956 1313 tuit,
1991 1241 2053 1297 et
2082 1237 2344 1298 fortasse
2376 1238 2569 1315 pluris
2591 1284 2606 1314 ,
2660 1257 2849 1318 quam
2878 1239 3088 1299 valeat
3124 1239 3353 1318 stipen-

1819 1329 1991 1389 dium
2023 1329 2327 1404 debitum,
2363 1329 2529 1408 quod
2559 1331 2883 1391 retinetur.
2906 1331 3188 1410 Denique
3210 1350 3352 1392 cum

1818 1421 2086 1501 operarii
2114 1427 2438 1483 contractu
2467 1423 2793 1484 locationis
2821 1443 2886 1483 se
2905 1424 3181 1502 obligent
3210 1443 3355 1503 pre-

1816 1514 1902 1576 tio
1925 1515 2094 1592 justo
2126 1514 2208 1574 ad
2238 1514 2690 1590 laborandum,
2741 1519 2947 1593 potest
2991 1515 3109 1575 illis
3150 1515 3353 1594 poenis

1817 1605 2029 1684 aliqua
2067 1605 2566 1685 proportionata,
2621 1610 2682 1666 et
2732 1625 2858 1666 non
2907 1626 3211 1684 superans
3260 1607 3348 1684 id,

1819 1697 1986 1776 quod
2014 1697 2308 1769 interest,
2361 1701 2422 1757 et
2468 1698 2813 1759 aestimatur
2842 1699 3063 1778 culpa,
3110 1701 3353 1780 imponi

1821 1794 2005 1868 pacto
2037 1790 2454 1867 praecedente,
2487 1789 2540 1849 si
2571 1794 2961 1852 contractum
2990 1809 3113 1851 non
3147 1792 3356 1853 obser-

1815 1885 1983 1957 vent,
2018 1884 2084 1943 ut
2113 1880 2383 1941 diximus
2428 1899 2619 1959 supra
2666 1881 2826 1960 disp.
2861 1886 2959 1943 22.
2995 1883 3072 1942 de
3104 1888 3355 1944 contra-

1815 1973 2016 2034 ctibus
2044 1973 2108 2033 in
2139 1974 2496 2048 communi,
2540 1977 2691 2034 sect.
2729 1977 2826 2035 15.
2862 1993 3001 2053 quae
3032 1994 3219 2054 poena
3246 1992 3355 2054 po-

1812 2065 1933 2126 tuit
1961 2065 2148 2125 etiam
2179 2084 2252 2125 eo
2282 2070 2466 2144 pacto
2498 2066 2775 2145 imponi,
2829 2071 2897 2127 ut
2936 2072 3081 2130 ante
3122 2068 3355 2147 judicis

1815 2158 2188 2219 sententiam
2236 2163 2448 2238 posset
2499 2159 2847 2220 conductor
2905 2178 3045 2220 eam
3102 2162 3350 2239 exequi,

1814 2250 2139 2311 retinendo
2196 2250 2313 2309 sibi
2359 2251 2719 2310 mercedem
2766 2252 3065 2330 temporis
3122 2272 3354 2331 proece—

1815 2343 2037 2419 dentiS,
2070 2342 2120 2402 si
2153 2361 2225 2402 ea
2255 2360 2444 2421 poena
2472 2343 2827 2405 exorbitans
2849 2363 2974 2404 non
2995 2345 3095 2420 sit,
3127 2349 3195 2406 ut
3216 2345 3351 2407 loco

1813 2435 1917 2495 illo
1947 2435 2371 2514 probavimus
2408 2436 2622 2496 Solum
2653 2436 2926 2497 dubitari
2948 2442 3178 2515 posset,
3206 2438 3354 2518 quia

1813 2531 1884 2588 ut
1911 2531 2267 2588 contractus
2295 2530 2458 2586 esset
2487 2528 2763 2606 aequalis,
2808 2528 3066 2590 deberet
3105 2529 3351 2609 utrique

1813 2619 1972 2699 parti
2004 2637 2192 2698 poena
2221 2619 2403 2680 statui
2430 2665 2446 2694 ,
2479 2619 2533 2678 si
2560 2624 2954 2680 contractum
2984 2639 3106 2680 non
3141 2621 3351 2682 obser-

1811 2716 1937 2788 vet,
1969 2710 2066 2771 vel
2097 2715 2287 2787 certe,
2320 2711 2369 2771 si
2400 2712 2514 2772 soli
2552 2712 2809 2773 locatori
2839 2712 3206 2790 imponitur,
3240 2713 3351 2773 de-

1810 2805 1988 2866 beret
2016 2809 2269 2882 propter
2294 2803 2410 2864 hoc
2442 2822 2599 2864 onus
2621 2850 2637 2880 ,
2685 2804 2851 2884 quod
2883 2805 2941 2865 ei
2989 2805 3104 2865 soli
3149 2805 3351 2885 impo-

1814 2897 2003 2972 nitur,
2036 2896 2255 2973 augeri
2283 2914 2523 2955 merces
2550 2941 2565 2971 ,
2618 2900 2686 2957 ut
2713 2900 2996 2958 servetur
3024 2898 3350 2977 aequalitas

1814 2989 2045 3049 debita.
2079 2989 2158 3048 Et
2202 2987 2455 3067 quidem
2484 2988 2536 3047 si
2565 2993 2729 3050 esset
2752 3008 2928 3049 mera
2975 3008 3163 3068 poena
3209 3009 3348 3068 pro-

1814 3087 1954 3160 pter
1980 3080 2252 3159 culpam,
2286 3080 2372 3141 ita
2401 3079 2738 3140 dicendum
2768 3081 3088 3143 videretur
3113 3102 3126 3142 :
3154 3100 3348 3161 quan-

1815 3174 1895 3235 do
1926 3179 2135 3235 tamen
2173 3176 2268 3234 est
2295 3192 2483 3252 poena
2512 3171 2796 3235 ordinata
2830 3172 2910 3233 ad
2940 3193 3347 3254 compensan—

1815 3267 1965 3327 dum
1996 3284 2107 3346 pro
2142 3265 2370 3325 damno
2396 3312 2411 3341 ,
2447 3265 2616 3345 quod
2654 3265 3023 3328 conductori
3054 3272 3350 3347 sequetur

1814 3378 1888 3420 ex
1916 3359 2039 3418 fide
2068 3358 2322 3434 violata,
2356 3357 2455 3418 vel
2486 3357 2654 3437 quod
2693 3359 2973 3421 futurum
2995 3360 3267 3435 timetur,
3288 3363 3352 3421 et

1813 3450 1991 3530 cujus
2022 3451 2209 3512 timor
2236 3450 2394 3511 tanti
2421 3450 2762 3528 prudenter
2791 3452 3087 3512 aestimari
3118 3455 3342 3531 potest,

1813 3561 1937 3604 non
1967 3542 2216 3603 videtur
2262 3543 2585 3602 continere
2634 3528 3166 3622 in⁸aequalitatem3
3201 3544 3349 3624 quia

1813 3655 1886 3696 ex
1917 3639 2093 3714 parte
2124 3634 2523 3696 conductoris
2569 3654 2694 3697 non
2739 3636 2995 3697 timetur
3021 3636 3145 3696 tale
3174 3636 3347 3696 dam-

1811 3747 1963 3789 num
1993 3727 2318 3806 operarii8‚
2369 3745 2513 3787 cum
2555 3727 2674 3806 ipsi
2713 3746 3036 3806 nunquam
3079 3728 3346 3789 durante

1812 3839 1975 3881 anno
2003 3839 2039 3880 a
2068 3819 2449 3880 conductore
2480 3819 2889 3898 expellantur,
2909 3820 3009 3880 vel
3037 3825 3203 3882 certe
3221 3838 3343 3879 non

1809 3914 1942 3975 sine
1968 3931 2131 3973 nova
2160 3912 2438 3990 ipsorum
2468 3911 2650 3989 culpa
2684 3931 2697 3973 :
2732 3930 2925 3992 quare
2955 3916 3209 3987 nonest,
3234 3930 3347 3972 cur

1811 4004 2174 4068 conductori
2208 4003 2347 4065 talis
2390 4021 2578 4081 poena
2609 4006 2940 4080 statuatur,
2992 4004 3100 4064 sed
3132 4022 3347 4083 opera-

1808 4097 1938 4173 riis,
1974 4097 2051 4157 de
2081 4114 2347 4175 quorum
2376 4095 2500 4155 fide
2531 4095 2611 4156 ob
2641 4096 3089 4174 experientiam
3115 4143 3131 4173 ,
3174 4100 3237 4157 et
3263 4096 3343 4157 ob

1811 4208 2028 4251 eorum
2059 4187 2514 4264 conditionem,
2575 4192 2638 4250 et
2664 4206 2873 4249 mores
2902 4189 3245 4269 prudenter
3271 4188 3342 4250 ti-

1809 4283 1965 4342 meri
1996 4286 2221 4361 potest.

1889 4375 2222 4436 Dubitatur
2249 4373 2547 4449 secundo,
2581 4393 2662 4435 an
2689 4374 2742 4436 si
2757 4375 3049 4451 famulu8‚
3074 4375 3340 4436 durante

1809 4472 2091 4546 tempore
2121 4467 2184 4526 in
2207 4469 2531 4527 contractu
2559 4471 2788 4529 statuto
2818 4472 3080 4546 aegrotet
3101 4514 3116 4543 ,
3149 4466 3344 4546 possit

1814 4565 1876 4621 et
1902 4559 2130 4620 debeat
2159 4558 2536 4638 stipendium
2582 4560 2868 4636 accipere
2914 4579 3025 4639 pro
3074 4578 3147 4619 eo
3190 4564 3342 4621 tem-

1812 4670 1965 4730 pore
2022 4670 2144 4730 quo
2202 4654 2484 4728 aegromt,
2521 4654 2580 4710 et
2610 4650 2899 4711 famulari
2941 4670 3064 4712 non
3095 4652 3345 4729 potest?

1815 4744 2148 4805 Affirmare
2194 4743 2485 4804 videntur
2526 4745 2827 4803 Innocent
2852 4743 3212 4804 Dominicus
3236 4790 3252 4820 ,
3284 4746 3346 4804 et

1817 4836 2048 4899 Salicet
2084 4834 2253 4913 apud
2282 4839 2466 4896 Azor.
2517 4839 2679 4915 part.
2713 4836 2815 4896 111.
2857 4835 2964 4896 lib.
3008 4853 3077 4895 11.
3113 4853 3206 4896 ca.
3241 4839 3339 4897 39.

1818 4947 1923 5008 qu.
1955 4932 2016 4989 5.
2037 4930 2173 4995 ‚Pro
2202 4947 2326 5007 qua
2355 4927 2544 4988 etiam
2598 4932 2775 5005 parte
2817 4927 3164 4989 afferuntur
3193 4929 3347 5006 Spe-

1817 5021 2058 5082 culator
2081 5066 2097 5096 ,
2184 5020 2417 5081 Marius
2470 5020 2855 5096 AntoninuS,
2916 5020 3342 5095 HomobonuS,

1819 5112 2102 5174 Grassius
2127 5159 2144 5189 ,
2176 5115 2458 5173 Navarra
2482 5158 2497 5188 ‚
2550 5115 2614 5173 et
2641 5112 2982 5173 Genuensis
3010 5110 3178 5191 apud
3206 5112 3348 5173 Dia-

1817 5225 1966 5267 nam
1994 5222 2038 5267 1.
2074 5209 2229 5267 tom.
2262 5209 2442 5266 tract.
2475 5204 2546 5265 de
2574 5204 2993 5282 contractibus,
3024 5205 3207 5266 resol.
3240 5208 3340 5266 86.

1819 5298 2181 5361 Communis
2227 5301 2439 5358 tamen
2488 5298 2795 5360 sententia
2825 5302 2886 5359 et
2913 5298 3119 5358 verior
3144 5297 3210 5357 id
3241 5315 3350 5357 ne-

1815 5394 1961 5470 gat,
2000 5393 2256 5452 Covarr.
2301 5390 2409 5451 lib.
2445 5392 2547 5451 111.
2598 5390 2907 5451 Variarum
2947 5390 3118 5452 resol.
3154 5409 3208 5451 c.
3244 5393 3339 5451 13.

1817 5502 1925 5545 nu.
1957 5487 2015 5545 8.
2048 5485 2234 5545 Joan.
2269 5483 2464 5544 Andr.
2498 5483 2726 5559 lmola,
2760 5483 2972 5546 Abbas
2994 5530 3010 5560 ,
3043 5483 3340 5563 AngeluS,

3488 4396 3569 4456 58

3406 4520 3471 4563 An
3494 4520 3672 4562 lucretur

3419 4573 3662 4628 stipendium

3446 4627 3637 4734 {mit

3577 4746 3601 4775 a
3624 4764 3635 4775 .
