4263 6376
502 2646 617 2705 124

428 2771 477 2815 ln
495 2771 678 2835 qualibet

735 330 853 388 214

736 504 1091 566 trahentem
1133 526 1147 566 :
1197 524 1341 566 nam
1368 512 1665 569 mutuans
1692 506 1888 566 libere
1921 507 2175 566 omnino
2207 513 2268 567 et

736 602 1078 679 spontanee
1107 599 1437 675 contrahit,
1473 618 1598 679 qua
1626 618 1693 658 re
1723 600 1892 659 nulla
1923 600 1976 658 ei
2011 601 2081 660 tit
2110 598 2267 678 inju-

736 690 852 765 ria,
887 691 996 750 sed
1028 691 1160 769 ejus
1187 692 1527 752 liberalitas
1556 697 1919 771 acceptatur
1951 713 1963 752 ε
2006 710 2086 752 an
2116 710 2266 751 vero

737 784 1151 843 mutuatarius
1204 784 1432 845 invitus
1451 831 1466 859 ,
1529 791 1591 844 et
1635 785 2049 845 involuntarie
2105 784 2271 844 subit

738 893 895 946 onus
925 876 1364 955 quodcumque
1384 877 1500 937 sibi
1523 877 1901 955 appositum,
1930 895 2043 936 nec
2071 877 2134 936 in
2156 877 2270 936 du-

735 967 839 1028 bio
872 969 1270 1045 praesumitur
1297 969 1655 1030 condonare
1690 990 1703 1030 :
1740 989 1933 1048 quare
1962 971 2011 1029 si
2043 971 2122 1030 ad
2157 970 2273 1029 sol-

736 1060 1008 1131 vendam
1034 1062 1319 1121 eamdem
1336 1080 1695 1123 mensuram
1712 1082 1777 1123 se
1797 1064 2050 1141 obliget,
2075 1081 2270 1141 quan-

738 1152 818 1212 do
850 1153 1001 1212 alias
1030 1171 1102 1212 ex
1133 1159 1350 1216 mutuo
1374 1155 1536 1233 exigi
1559 1174 1683 1216 non
1705 1158 1934 1233 posset,
1961 1174 2083 1216 non
2115 1172 2269 1233 prae-

737 1246 1005 1306 sumitur
1032 1246 1488 1307 incrementum
1519 1248 1671 1307 illud
1700 1248 2006 1309 mutuanti
2037 1246 2260 1308 condo*

739 1357 889 1398 nare
937 1359 950 1399 :
1003 1339 1279 1418 alioquin
1327 1344 1390 1401 et
1431 1341 1534 1420 qui
1565 1360 1784 1401 usuras
1814 1341 2098 1419 explicite
2130 1358 2269 1418 pro-

737 1430 948 1506 mittit,
982 1433 1341 1492 condonare
1371 1436 1754 1509 censeretur,
1794 1433 1962 1512 quod
1990 1452 2102 1511 pro
2130 1450 2271 1491 mu-

737 1528 846 1585 tuo
880 1524 1218 1585 obtinendo
1247 1526 1408 1586 ultra
1439 1531 1673 1586 sortem
1705 1527 2051 1604 pollicetur.

1361 1901 1417 1976 ἓ.
1452 1899 1631 1961 Unic.

741 2169 823 2224 De
840 2161 1115 2245 pecunia
1141 2170 1364 2226 mulceo
1385 2164 1558 2238 dala,
1589 2183 1676 2227 an
1694 2164 1896 2247 possi-c
1921 2184 1991 2228 m
2019 2172 2277 2229 moneta

823 2268 1092 2352 ejusdem
1123 2269 1365 2352 speciei,
1400 2282 1458 2330 ει
1483 2288 1620 2333 «non
1642 2269 1852 2333 solum
1881 2269 2149 2351 ejusdem
2178 2292 2279 2335 υα-

827 2372 984 2437 loris
1013 2374 1204 2458 exigi.

826 2628 1003 2686 Nunc
1025 2626 1157 2706 jam
1213 2626 1537 2687 videamus
1586 2628 1665 2688 de
1711 2633 1929 2689 mutuo
1974 2629 2279 2707 pecuniae,

749 2738 829 2780 an
860 2719 922 2778 in
950 2738 1021 2780 eo
1066 2720 1261 2797 possit
1300 2725 1556 2798 pactum
1599 2720 1735 2780 fieri
1765 2720 1842 2780 de
1892 2722 2192 2783 solvendo
2222 2722 2285 2782 in

405 2838 545 2881 speetu
563 2837 705 2867 mone·
753 2812 973 2872 eadem
1003 2817 1277 2888 moneta,
1313 2818 1473 2873 etan
1502 2814 1634 2873 sine
1655 2814 1764 2874 tali
1782 2819 1964 2892 pacto
1987 2816 2283 2893 sufficiat,

451 2884 505 2922 ιω
523 2878 638 2921 reddi

478 2937 630 2987 potest.

751 2904 852 2966 vel
881 2905 1107 2964 debeat
1137 2904 1312 2964 reddi
1343 2910 1596 2966 moneta
1625 2904 1906 2985 ejusdem
1938 2907 2187 2985 valoris,
2219 2908 2288 2968 li-

756 3002 855 3058 cet
883 2997 1057 3056 valor
1112 3002 1380 3058 monetae
1436 3002 1708 3075 acceptae
1765 3000 2031 3060 creverit
2058 3001 2156 3059 vel
2183 3001 2292 3060 de-

758 3090 1026 3150 creverit
1054 3090 1115 3149 in
1149 3109 1260 3149 suo
1289 3091 1521 3150 valore.
1583 3092 1650 3151 In
1688 3110 1809 3169 quo
1839 3098 2068 3170 puncto
2098 3093 2292 3172 aliqui

761 3183 979 3244 dicunt
1025 3188 1343 3244 monetam
1373 3190 1590 3245 mutuo
1634 3192 1958 3263 acceptam
2006 3187 2295 3247 eamdem

760 3276 1151 3336 reddendam
1182 3295 1339 3352 esse,
1393 3277 1519 3337 sive
1549 3282 1789 3337 crescat
1816 3279 1945 3338 sive
1975 3279 2298 3340 decrescat

762 3368 825 3428 in
859 3388 971 3430 suo
1002 3370 1236 3442 valore,
1270 3368 1540 3428 maxime
1571 3388 1646 3429 ex
1669 3369 2075 3449 jurisperitis;
2139 3391 2295 3450 quos

760 3463 954 3523 refert
981 3463 1155 3523 Salas
1183 3462 1331 3523 dub.
1365 3479 1510 3523 xxv.
1546 3482 1717 3523 num.
1754 3466 1810 3522 1.
1871 3463 2173 3542 Theologi
2202 3469 2296 3525 ta-

760 3575 906 3616 men
936 3556 1351 3616 communiter
1396 3556 1634 3632 dicunt,
1694 3560 1982 3615 mutuum
2035 3575 2161 3616 non
2192 3557 2295 3616 de-

763 3648 991 3708 debere
1022 3647 1199 3708 reddi
1228 3647 1292 3706 in
1321 3647 1543 3707 eadem
1590 3648 1797 3726 specie
1844 3653 2136 3724 monetae,
2184 3648 2295 3709 sed

760 3741 823 3801 in
857 3747 1108 3802 moneta
1146 3759 1540 3820 quacumque
1590 3740 1870 3819 ejusdem
1915 3741 2144 3803 valoris
2174 3761 2295 3820 quo

764 3839 1021 3912 accepta
1089 3834 1238 3910 fuit,
1314 3834 1443 3894 sive
1513 3838 1731 3911 postea
1808 3835 2075 3895 creverit
2168 3834 2298 3894 sive

766 3927 1114 3989 decreverit
1151 3931 1420 3988 moneta}
1465 3932 1739 4005 acceptae
1779 3927 1975 3987 valor.
2027 3928 2119 3987 lta
2167 3929 2300 3988 Mo-

764 4021 892 4080 lina
922 4020 1218 4098 disputat.
1252 4024 1390 4081 332.
1428 4022 1635 4095 SotuS,
1670 4019 1939 4095 Medina,
1993 4022 2293 4095 Navarra,

767 4112 1084 4187 silvester,
1125 4095 1398 4187 Toletns⁸‚
1452 4110 1645 4172 etalii
1695 4112 1905 4188 multi,
1942 4131 2096 4189 quos
2155 4131 2298 4172 con—

765 4205 927 4283 gerit
955 4210 1019 4265 et
1044 4205 1324 4282 sequitur
1354 4203 1529 4278 Salas
1557 4203 1694 4264 loco
1726 4205 1829 4264 cit.
1856 4205 2102 4265 Lessius
2131 4205 2299 4265 dicta

767 4298 894 4358 dub
924 4313 1086 4357 xvii.
1120 4315 1291 4356 num.
1329 4300 1466 4357 151.
1489 4301 1551 4357 et
1580 4296 1955 4375 aliipassim,
1990 4316 2128 4375 quae
2160 4317 2299 4357 sen-

764 4390 980 4465 tentia,
1016 4390 1432 4451 communiter
1456 4390 1794 4468 loquendo,
1831 4409 1980 4450 vera
2019 4395 2133 4451 est.

845 4483 1153 4544 Probatur
1193 4483 1394 4562 primo
1444 4502 1519 4543 ex
1566 4502 1680 4543 usu
1734 4488 1795 4543 et
1850 4483 2300 4544 consuetudine

768 4576 1047 4636 omnium
1075 4576 1561 4655 provinciarum,
1610 4576 1672 4635 in
1703 4577 1948 4655 quibuS,
1986 4575 2100 4635 nisi
2129 4575 2300 4636 aliud

763 4669 828 4729 in
861 4673 1113 4747 pactum
1156 4668 1496 4729 deductum
1548 4668 1734 4729 fuerit
1788 4668 1996 4729 debita
2056 4669 2297 4745 omnia,

763 4762 896 4821 sive
927 4780 1002 4820 ex
1030 4760 1278 4836 delicto,
1312 4761 1442 4821 sive
1486 4779 1560 4820 ex
1607 4765 1847 4837 mutuo,
1883 4760 2013 4821 sive
2043 4779 2116 4820 ex
2150 4779 2298 4840 quo-

761 4854 914 4916 libet
939 4854 1060 4914 alio
1083 4858 1428 4929 contractu,
1481 4854 1544 4913 in
1577 4872 1974 4932 quacumque
2016 4853 2298 4931 legitima

764 4951 1017 5008 moneta
1045 4947 1251 5008 valide
1282 4948 1621 5008 solventur.
1686 4947 1864 5008 Ratio
1908 4951 2119 5007 autem
2177 4952 2291 5022 est,

765 5040 1082 5119 quialicet
1108 5045 1396 5101 mutuum
1428 5041 1648 5099 afferat
1698 5038 2141 5117 obligationem
2183 5039 2300 5100 sol-

762 5133 950 5192 vendi
979 5135 1041 5193 in
1099 5135 1321 5194 eadem
1376 5133 1606 5211 specie,
1643 5133 1753 5192 sed
1801 5137 2009 5193 tamen
2059 5133 2298 5210 species

763 5226 1086 5304 potissima
1113 5233 1380 5287 monetae
1404 5244 1525 5286 non
1549 5225 1897 5286 desumitur
1919 5244 1992 5284 ex
2008 5225 2293 5301 materia,

762 5319 873 5379 sed
904 5339 978 5378 ex
1018 5320 1230 5379 valore
1261 5339 1298 5379 a
1327 5338 1450 5398 quo
1499 5319 1847 5378 formaliter
1902 5319 2299 5379 constituitur

762 5411 826 5470 in
853 5412 1092 5471 ratione
1123 5418 1390 5472 monetae
1427 5432 1440 5472 :
1475 5410 1727 5491 quando
1761 5429 1910 5489 ergo
1942 5410 2204 5471 solvitur
2232 5412 2295 5470 in

762 5509 1016 5565 moneta
1042 5504 1312 5566 habente
1334 5505 1632 5567 eumdem
1650 5505 1932 5565 valorem
1960 5504 2294 5566 formalem

1896 333 1997 390 DE
2038 331 2396 392 JUSTITIA
2439 330 2538 388 ET
2581 329 2781 390 JURE

2365 509 2657 579 monetae,
2692 504 2952 565 solvitur
2974 505 3037 563 in
3085 504 3305 563 eadem
3335 505 3545 581 specie
3574 506 3892 573 mutuum;

2366 598 2472 658 illa
2499 598 2665 657 enim
2693 597 2816 657 alia
2844 597 3091 657 videtur
3119 598 3318 674 magis
3347 596 3707 656 differentia
3740 593 3896 652 indi-

2366 691 2631 751 vidualis
2661 694 2723 750 et
2748 689 3088 749 materialis
3120 708 3308 768 quam
3330 688 3648 767 specifica.

2447 782 2755 843 Probatur
2780 782 3077 856 secundo,
3114 783 3256 860 quia
3290 781 3341 840 si
3362 780 3662 860 accepisti
3686 784 3897 839 mutuo

2369 877 2526 937 duos
2554 875 2820 949 modiOS,
2846 875 3058 949 tritici,
3095 881 3155 935 et
3200 880 3420 953 postea
3469 875 3610 951 lege
3656 871 3905 951 publica

2369 973 2552 1029 aucta
2584 972 2747 1027 esset
2773 985 3068 1026 mensura
3090 967 3304 1039 modii,
3335 985 3455 1026 non
3476 966 3743 1025 deberes
3763 965 3906 1024 red-

2370 1062 2518 1121 dere
2567 1060 2725 1120 duos
2771 1060 3017 1120 modios
3073 1060 3371 1137 integros,
3433 1059 3541 1118 sed
3600 1064 3903 1137 quantum

2369 1151 2887 1228 corresponderet
2933 1151 3178 1210 duobus
3223 1150 3451 1210 modiis
3492 1149 3905 1229 praecedenti-

2368 1244 2485 1304 bus
2518 1263 2531 1302 :
2568 1242 2853 1304 similiter
2881 1261 3055 1320 ergo,
3088 1243 3138 1301 si
3168 1242 3462 1319 accepisti
3499 1248 3722 1302 mutuo
3750 1241 3906 1301 duos

2369 1354 2615 1412 aure03,
2676 1341 2738 1395 et
2783 1341 3000 1413 postea
3034 1335 3170 1394 auri
3217 1335 3394 1394 valor
3448 1334 3588 1411 lege
3654 1333 3907 1412 publica

2369 1428 2589 1503 crevit,
2626 1445 2749 1487 non
2798 1426 2990 1486 debes
3021 1426 3170 1486 dare
3210 1426 3343 1505 jam
3373 1427 3532 1486 duos
3560 1444 3790 1487 aureos
3816 1426 3910 1484 in-

2369 1524 2602 1598 tegi-oe,
2628 1519 2738 1579 sed
2758 1519 3036 1578 valorem
3066 1520 3335 1579 duorum
3365 1537 3735 1595 aureorum,
3762 1537 3908 1597 qua—

2369 1613 2492 1672 lem
2552 1615 2769 1672 mutuo
2828 1629 3182 1690 acceperas,
3251 1612 3703 1688 Confirmatur,
3767 1611 3906 1691 quia

2372 1705 2421 1764 si
2450 1705 2627 1765 valor
2655 1705 2832 1764 aurei
2860 1704 2970 1765 tibi
3019 1710 3237 1765 mutuo
3268 1704 3395 1765 dati
3446 1710 3673 1782 postea
3701 1703 3912 1764 decre-

2370 1798 2578 1869 visset,
2614 1796 2822 1856 adhuc
2840 1795 3031 1856 debes
3062 1797 3210 1856 dare
3226 1797 3505 1857 valorem
3522 1797 3702 1856 aurei
3721 1813 3911 1875 quan-

2372 1895 2503 1951 tum
2549 1907 2913 1967 acceperas;
2973 1889 3121 1967 quia
3163 1889 3339 1950 valor
3391 1890 3493 1948 ille
3545 1908 3672 1950 non
3736 1888 3915 1967 periit

2372 1982 2749 2042 mutuatario
2798 1981 2904 2041 sed
2952 1982 3087 2058 tibi,
3145 1983 3322 2060 cujus
3356 1982 3491 2061 jam
3518 2000 3753 2042 aureus
3786 1985 3917 2041 erat

2374 2075 2661 2154 proprius
2683 2080 2746 2135 et
2774 2092 2897 2135 non
2926 2075 3307 2146 mutuantis;
3343 2093 3492 2152 ergo
3526 2075 3756 2135 eodem
3786 2092 3918 2135 mo-

2377 2168 2455 2227 do
2474 2167 2526 2226 si
2543 2168 2677 2245 ejus
2705 2167 2883 2226 valor
2909 2168 3157 2242 crescit,
3193 2167 3305 2227 tibi
3329 2167 3554 2229 crescit
3582 2167 3692 2246 qui
3722 2166 3919 2227 domi—

2376 2278 2494 2319 nus
2514 2278 2580 2317 es
2610 2259 2807 2334 aurei,
2857 2277 2978 2319 non
3023 2259 3335 2320 mutuanti
3364 2259 3463 2319 cui
3492 2259 3698 2319 solum
3728 2260 3921 2318 debes

2378 2351 2643 2411 reddere
2673 2355 2912 2412 tantum
2944 2356 3247 2429 quantum
3293 2352 3608 2429 accepisti.
3682 2352 3920 2424 Quibus

2379 2444 2548 2503 favet
2568 2443 2892 2521 responsio
2923 2443 3153 2520 duplex
3176 2444 3545 2504 Pontificum
3573 2444 3637 2502 in
3657 2463 3711 2504 c.
3744 2443 3918 2515 Olim,

2383 2542 2445 2597 et
2472 2536 2534 2595 in
2564 2554 2620 2597 c.
2658 2535 2806 2597 Cum
2835 2535 3143 2612 canonicis,
3176 2535 3245 2596 de
3272 2536 3549 2612 censibus,
3596 2537 3660 2595 in
3694 2538 3924 2616 quibus

2384 2628 2636 2705 dicitur,
2658 2632 2915 2708 propter
2930 2628 3342 2689 variationem
3363 2633 3765 2688 monetarum
3803 2648 3925 2689 non

2383 2722 2589 2781 minus
2621 2720 2990 2780 solvendum
3021 2740 3178 2795 esse,
3199 2721 3345 2782 licet
3364 2728 3633 2781 monetae
3661 2722 3925 2782 deterio-

2385 2832 2485 2873 res
2514 2814 2656 2890 sint,
2691 2813 2802 2873 sed
2824 2820 2897 2872 ex
2928 2813 3078 2890 ipsis
3125 2814 3334 2893 plures
3364 2813 3604 2873 dandas
3644 2815 3724 2875 ad
3760 2815 3925 2874 valo-

2386 2926 2521 2967 rem
2548 2907 3010 2985 adaequandum
3039 2912 3304 2967 monetoe
3336 2907 3610 2985 antiquae
3657 2927 3804 2985 quae
3830 2927 3925 2967 so-

2388 2999 2517 3059 lum
2549 2998 2916 3059 debebatur.
2977 2999 3257 3077 Denique
3305 2999 3693 3077 experientia
3722 3000 3925 3059 mani-

2392 3092 2548 3152 festa
2577 3092 2641 3151 id
2670 3090 2940 3170 probant
2968 3091 3029 3149 in
3046 3091 3365 3170 Hispania,
3398 3092 3460 3150 in
3484 3111 3607 3170 qua
3630 3112 3930 3152 nummus

2394 3204 2619 3245 aureus
2647 3183 2793 3244 olim
2826 3182 3112 3244 undecim
3134 3184 3352 3260 Julius,
3387 3205 3495 3245 seu
3528 3187 3803 3263 Regales
3824 3206 3931 3246 va-

2391 3279 2561 3339 lebat
2587 3283 2649 3338 et
2674 3276 2945 3337 ducatum
2976 3277 3349 3350 vocabatur;
3385 3297 3551 3337 nunc
3581 3285 3799 3340 autem
3823 3299 3931 3338 au-

2391 3390 2537 3431 reus
2565 3370 2865 3431 tredecim
2912 3370 3009 3430 vel
3060 3370 3268 3448 plures
3298 3371 3544 3448 regales
3590 3378 3931 3449 argenteos

2392 3463 2580 3538 valet,
2616 3467 2678 3523 et
2706 3466 2916 3522 tamen
2946 3460 3149 3522 ducati
3174 3480 3403 3522 nomen
3448 3470 3770 3525 retentum
3814 3471 3926 3539 est,

2392 3555 2473 3616 ad
2528 3554 2828 3615 solvenda
2857 3554 3069 3615 debita
3098 3560 3162 3615 et
3188 3574 3411 3615 census
3442 3556 3505 3615 in
3535 3557 3771 3636 quibus
3814 3559 3929 3618 du·

2394 3653 2533 3709 cata
2553 3648 2899 3722 solvuntur,
2935 3647 3227 3707 undecim
3259 3649 3540 3726 argentei
3570 3669 3684 3727 pro
3717 3652 3934 3728 singu-

2394 3743 2469 3803 lis
2492 3741 2669 3819 juxta
2712 3740 2989 3800 valorem
3030 3759 3216 3819 quem
3247 3748 3431 3801 antea
3476 3742 3824 3817 habebant,
3875 3749 3934 3803 et

2397 3834 2682 3914 quamvis
2711 3834 2878 3893 nulla
2908 3833 2987 3893 sit
3016 3834 3201 3893 hodie
3243 3838 3516 3911 moneta,
3553 3854 3695 3914 quae
3726 3837 3935 3896 valeat

2395 3927 2686 3989 undecim
2718 3931 3075 4005 argenteos;
3108 3930 3421 3988 retentum
3453 3932 3546 3988 est
3575 3933 3791 3988 tamen
3824 3948 3935 3989 no-

2395 4040 2538 4081 men
2569 4020 2786 4091 ducati,
2848 4020 2925 4078 ad
2978 4018 3416 4097 explicandum
3446 4021 3726 4080 valorem
3759 4023 3932 4082 illum

2398 4114 2725 4191 antiquum
2754 4130 2940 4190 quem
2973 4130 3198 4171 aureus
3228 4111 3522 4187 habebat,
3560 4117 3627 4174 u't
3649 4115 3835 4193 juxta
3864 4116 3935 4175 il-

2394 4207 2524 4266 lum
2570 4206 2892 4265 solvantur
2936 4204 3145 4264 debita
3192 4208 3513 4265 contracta
3542 4224 3614 4265 eo
3649 4210 3933 4285 tempore

2397 4317 2518 4377 quo
2551 4315 2778 4356 aureus
2808 4295 3077 4356 ducatum
3107 4300 3259 4368 erat,
3283 4301 3344 4357 et
3372 4297 3933 4360 valebatun‘decim

2399 4393 2753 4468 argenteos
2781 4389 3070 4451 Procedit
3088 4395 3298 4450 autem
3317 4390 3451 4450 haec
3472 4392 3782 4468 doctrina,
3806 4395 3933 4453 sive

2395 4488 2689 4542 mutuans
2733 4486 3091 4542 servaturus
3137 4483 3354 4543 fuisset
3399 4483 3755 4562 pecuniam,
3803 4487 3932 4546 sive

2399 4594 2522 4635 non
2560 4573 2776 4634 fuisset
2808 4593 2821 4633 ε
2859 4592 3004 4633 nam
3052 4575 3294 4635 lucrum
3324 4593 3596 4652 cessans,
3644 4582 3933 4659 utsupra

2398 4668 2631 4728 dictum
2664 4670 2777 4742 est,
2812 4666 2928 4726 nisi
2977 4666 3324 4729 deducatur
3368 4668 3426 4728 in
3477 4674 3754 4748 pactum,
3809 4690 3931 4732 non

2398 4760 2585 4821 debet
2613 4778 2649 4818 a
2686 4760 3067 4821 mutuatario
3123 4761 3276 4821 solvi
3323 4762 3546 4822 saltem
3589 4768 3933 4843 antequam

2393 4854 2473 4915 sit
2500 4853 2561 4912 in
2592 4869 2790 4912 mora.
2855 4852 2916 4913 Si
2967 4856 3172 4912 autem
3226 4872 3300 4911 ex
3347 4871 3522 4914 mora
3567 4857 3932 4917 mutuatarii

2395 4945 2695 5005 damnum
2726 4945 2877 5005 illud
2910 4946 3267 5022 proveniret
3286 4946 3618 5022 mutuanti,
3645 4948 3932 5026 quianon

2397 5038 2791 5116 recuperavit
2831 5042 3117 5099 mutuum
3166 5058 3348 5098 suum
3379 5039 3588 5100 debito
3618 5047 3927 5120 tempore,

2396 5137 2459 5192 et
2487 5137 2703 5209 postea
2750 5131 2926 5191 valor
2955 5136 3222 5192 monetae
3261 5131 3539 5192 variatus
3582 5132 3721 5212 tuit,
3758 5134 3931 5193 dam-

2397 5244 2545 5285 num
2575 5224 2727 5283 illud
2756 5242 2864 5284 seu
2894 5224 3138 5284 lucrum
3160 5242 3410 5284 cessans
3440 5224 3629 5286 debet
3659 5227 3932 5306 utiquea

2395 5317 2772 5378 mutuatario
2801 5316 3110 5392 resarciri,
3145 5320 3215 5377 ut
3242 5335 3385 5376 cum
3415 5318 3759 5380 Panormit.
3788 5322 3929 5380 Bar·

2395 5411 2543 5486 tolo,
2577 5415 2641 5471 et
2665 5409 2803 5470 aliis
2832 5408 3303 5469 docentMolina
3334 5408 3502 5470 dicta
3532 5409 3767 5488 disput.
3787 5415 3924 5473 312.

2395 5503 2455 5563 in
2485 5505 2631 5579 fine,
2666 5507 2728 5563 et
2757 5503 2934 5563 Salas
2963 5522 3068 5563 nu.
3102 5505 3161 5564 3.
3215 5501 3376 5575 Quid
3406 5521 3553 5563 vero
3585 5503 3925 5565 dicendum
