4263 6376
558 2181 635 2239 65

507 2306 652 2357 Casus,
675 2306 717 2348 in

460 2359 606 2412 quibus
640 2364 758 2401 tene·

461 2413 759 2457 tux-conductor

806 332 929 393 458

807 506 1232 569 contractibus
1251 506 1672 585 obligantibus
1688 506 1887 566 solnm
1903 506 1965 565 in
1983 505 2167 585 culpa
2186 506 2335 582 lata,

797 600 1234 679 judicarentur
1260 599 1450 660 leveS.
1485 600 1686 670 Quare
1717 599 1959 659 seclusa
1985 598 2340 677 ignorantia

804 692 904 751 vel
954 691 1410 752 inadvertentia
1456 690 1798 751 invincibili
1825 737 1840 768 ,
1900 690 2338 751 contrahentes

804 786 1069 862 peccant
1114 782 1459 844 mortaliter
1503 801 1628 842 non
1673 783 2032 843 adhibendo
2073 783 2339 861 diligen-

804 875 958 937 tiam
986 875 1262 936 debitam
1294 875 1372 934 ad
1402 875 1691 936 vitandas
1721 894 1828 935 eas
1858 876 2104 954 culpaS,
2138 881 2200 936 ct
2226 894 2340 953 per

804 986 1193 1046 consequens
1216 966 1348 1045 jam
1378 967 1738 1045 obligantur
1769 966 1848 1026 ad
1879 967 2336 1028 restitutionem

805 1059 993 1120 etiam
1040 1060 1103 1118 in
1146 1060 1281 1120 foro
1339 1059 1735 1120 conscientiae
1781 1064 2036 1139 propter
2086 1060 2336 1137 culpam

804 1152 1010 1212 levem
1033 1150 1395 1230 juridicam,
1430 1170 1570 1230 quae
1600 1151 1954 1229 theologice
1983 1152 2098 1212 fuit
2126 1151 2336 1229 gravis

805 1248 867 1304 et
893 1243 1196 1305 mortalis,
1230 1246 1419 1306 Juxta
1439 1262 1627 1323 quam
1649 1244 1997 1305 doctrinam
2020 1244 2335 1304 deservire

802 1340 1067 1415 possunt
1095 1337 1379 1416 exempla
1398 1336 1501 1395 illa
1532 1337 1610 1396 ad
1637 1336 1996 1413 videndum,
2032 1340 2335 1415 quantum

804 1427 1146 1506 diligentiae
1203 1429 1478 1490 debeant
1520 1448 1594 1488 ex
1643 1433 1964 1490 contractu
2012 1428 2337 1489 locationis

804 1523 868 1580 et
910 1519 1341 1581 conductionis
1385 1520 1685 1581 adhibere
1733 1520 2173 1581 contrahentes
2221 1521 2336 1580 sub

802 1616 1060 1689 peccato
1089 1612 1267 1690 gravi
1297 1613 1377 1672 ad
1406 1613 1731 1673 vitandum
1752 1613 2051 1672 damnum
2081 1613 2337 1673 alterius

803 1704 1259 1777 contrahentis;
1295 1723 1483 1783 quam
1513 1706 1898 1784 diligentiam
1926 1707 1978 1765 si
2008 1724 2133 1767 non
2164 1704 2337 1765 adhi-

801 1797 994 1858 beant
1019 1801 1282 1876 peccant
1309 1799 1678 1874 mortaliter,
1712 1798 1954 1858 seclusa
1984 1796 2338 1875 ignorantia

804 1894 867 1951 et
904 1890 1364 1951 inadvertentia
1411 1891 1795 1967 invincibili,
1857 1897 1920 1952 et
1963 1909 2074 1969 per
2119 1907 2340 1950 conse-

806 2000 1006 2061 quens
1033 1987 1326 2045 tenentur
1355 1983 1544 2043 etiam
1574 1984 1636 2043 in
1667 1984 1800 2044 foro
1831 1982 2228 2044 conscientiae
2257 1982 2339 2042 ad

806 2075 1262 2135 restitutionem
1293 2094 1405 2155 pro
1438 2076 1691 2137 damno.

886 2169 963 2228 Et
992 2167 1053 2226 in
1082 2168 1302 2246 primis
1340 2188 1461 2229 non
1504 2173 1798 2230 tenentur
1839 2168 1919 2229 ad
1949 2187 2129 2230 casus
2165 2186 2338 2228 mere

806 2259 1095 2320 fortuitos
1143 2261 1248 2339 qui
1290 2280 1363 2321 ex
1405 2280 1518 2322 sua
1559 2261 1742 2341 culpa
1785 2280 1906 2322 non
1939 2261 2336 2340 proveniunt,

809 2353 926 2412 nisi
974 2351 1039 2413 id
1078 2353 1263 2414 etiam
1308 2354 1370 2413 in
1417 2358 1668 2432 pactum
1698 2354 2101 2430 deduxerint,
2157 2358 2343 2433 prout

808 2444 1120 2506 deducere
1144 2450 1425 2524 possunt,
1458 2447 1511 2506 si
1541 2451 1749 2508 tamen
1782 2447 1903 2508 tale
1933 2451 2186 2527 pactum
2217 2463 2339 2506 non

807 2536 1035 2597 reddat
1089 2541 1480 2599 contractum
1526 2540 1825 2617 injustum
1869 2543 1932 2599 et
1969 2538 2343 2617 inaequalem

807 2634 1065 2709 propter
1092 2630 1296 2710 majus
1326 2649 1484 2691 onus
1513 2631 1873 2710 impositum
1893 2632 2074 2692 alteri
2104 2650 2179 2691 ex
2201 2649 2343 2690 con-

807 2722 1224 2799 trahentibus,
1259 2727 1328 2784 ut
1355 2723 1524 2785 dicto
1553 2724 1691 2784 loco
1725 2723 2162 2802 explicuimuS.
2211 2726 2344 2783 Hoc

808 2819 1019 2875 autem
1051 2819 1234 2894 pacto
1265 2816 1529 2892 secluso,
1560 2816 1763 2876 solum
1793 2821 2083 2877 tenentur
2109 2816 2189 2875 de
2219 2815 2343 2876 cul-

808 2925 892 2986 pa
915 2907 1045 2968 lata
1074 2912 1137 2968 et
1161 2907 1281 2967 levi
1316 2928 1329 2968 :
1381 2912 1671 2969 censetur
1701 2912 1913 2969 autem
1963 2909 2147 2986 culpa
2173 2907 2337 2983 talis,

810 2999 861 3058 si
891 2999 1117 3059 domus
1164 2999 1472 3060 conducta
1510 3005 1727 3079 pereat
1760 3021 1772 3062 :
1827 3020 1885 3061 v.
1918 3020 2013 3079 gr.
2048 3001 2236 3061 etiam
2263 2999 2341 3059 ob

810 3091 1060 3169 culpam
1091 3091 1599 3167 domesticorum,
1637 3093 1735 3153 vel
1767 3111 1984 3153 eorum
2014 3111 2170 3173 quos
2199 3110 2341 3152 con·

811 3183 1035 3245 ductor
1083 3184 1148 3244 in
1196 3203 1336 3245 eam
1390 3184 1736 3247 introduxit
1757 3233 1773 3263 ,
1827 3187 1869 3248 1.
1920 3184 2242 3254 Videamus,
2279 3186 2341 3246 in

811 3276 1078 3355 princip.
1107 3276 1326 3356 juncta
1354 3278 1528 3356 lege,
1583 3277 1698 3353 Qui
1721 3279 1988 3357 insulam,
2033 3281 2089 3358 ἓ.
2124 3280 2236 3339 ult.
2272 3281 2335 3340 ff.

810 3368 1003 3430 locati.
1039 3371 1194 3430 Item
1225 3369 1327 3449 qui
1361 3370 1705 3432 conductus
1735 3376 1829 3432 est
1855 3372 1935 3432 ad
1966 3372 2342 3451 portandam

812 3461 1171 3522 columnam
1193 3508 1207 3536 ,
1268 3462 1365 3522 vel
1420 3463 1856 3525 transferenda
1908 3483 2059 3525 vasa
2113 3465 2336 3541 vitrea,

813 3555 1059 3614 tenetur
1086 3554 1165 3613 de
1193 3555 1572 3634 negligentia
1591 3555 1925 3633 levissima,
1946 3557 1987 3617 l.
2016 3557 2338 3636 SimerceS,

809 3646 868 3724 §-
908 3645 1024 3720 Oui
1048 3646 1394 3721 columnam,
1430 3650 1493 3707 ff.
1526 3648 1719 3725 locati,
1755 3650 1902 3729 quia
1933 3650 2226 3712 nimirum
2255 3656 2343 3713 ta-

809 3737 887 3798 lis
916 3739 1293 3818 negligentia
1315 3739 1376 3800 in
1400 3741 1706 3820 ejusmodi
1729 3744 1988 3803 materia
2019 3762 2141 3805 non
2163 3763 2343 3822 repu-

811 3835 981 3892 tatur
1007 3832 1353 3910 levissima,
1383 3834 1493 3893 sed
1522 3833 1724 3914 maj0r
1752 3839 2008 3913 propter
2031 3855 2342 3896 summam

814 3922 1227 4002 diligentiam,
1264 3943 1404 4006 quae
1433 3930 1583 3987 tunc
1613 3926 1996 4006 exigebatur.
2047 3929 2344 3990 Similiter

815 4014 867 4074 si
895 4015 1197 4076 damnum
1222 4018 1422 4079 oritur
1450 4038 1522 4079 ex
1543 4023 1727 4098 pacto
1753 4019 1960 4099 aliquo
1984 4039 2105 4081 non
2131 4021 2344 4081 obser-

814 4109 982 4182 vat0,
1016 4125 1075 4168 v.
1111 4127 1173 4187 g.
1208 4109 1254 4168 si
1286 4110 1528 4171 locator
1556 4112 2041 4190 praescripserat,
2074 4131 2153 4172 ne
2183 4113 2345 4192 ignis

814 4197 878 4259 in
908 4217 976 4258 re
1003 4198 1209 4261 locata
1237 4203 1723 4281 accenderetur,
1772 4209 1835 4266 et
1880 4205 2022 4284 igne
2052 4224 2339 4283 accensO,

700 4355 707 4363 ,
816 4292 1141 4353 combusta
1184 4293 1301 4354 fuit
1347 4295 1478 4355 sine
1509 4314 1672 4357 nova
1712 4298 1894 4377 culpa
1920 4298 2340 4376 conductoris,

816 4383 1047 4445 sufficit
1074 4390 1283 4446 tamen
1314 4389 1497 4467 culpa
1519 4390 1878 4466 praecedens
1894 4390 2055 4468 pacti
2090 4408 2212 4451 non
2235 4392 2347 4451 ob-

815 4477 1065 4552 servati,
1101 4477 1265 4539 dicta
1293 4479 1335 4540 l.
1377 4479 1698 4556 Videamus,
1730 4483 1785 4560 §.
1812 4481 2028 4559 Sz‘hoc,
2063 4487 2125 4543 et
2148 4484 2203 4563 ἓ.
2229 4484 2343 4544 ult.

808 4567 1029 4648 juncta
1056 4571 1194 4649 lege
1225 4573 1644 4651 praecedenti,
1680 4575 1745 4635 ff.
1781 4574 1972 4636 locati.
2023 4577 2194 4637 Idem
2226 4582 2340 4653 est,

815 4663 866 4723 si
914 4681 988 4722 ex
1018 4682 1196 4726 mora
1240 4667 1542 4727 reddendi
1585 4686 1718 4727 rem
1758 4668 2019 4729 locatori
2062 4674 2346 4749 tempore

815 4757 1180 4836 praescripto
1209 4777 1310 4818 res
1334 4763 1553 4838 postea
1582 4760 1767 4840 periit
1800 4781 1812 4821 :
1847 4761 1999 4822 item
2028 4763 2080 4822 si
2107 4763 2346 4824 locatus

815 4848 933 4909 fuit
961 4867 1159 4929 equus
1187 4870 1260 4912 eo
1292 4859 1475 4930 pacto
1499 4899 1514 4929 ,
1548 4859 1618 4914 ut
1646 4854 1892 4914 nonnisi
1922 4857 2020 4916 20.
2057 4855 2347 4916 milliaria

815 4940 880 5000 in
910 4941 1010 5002 die
1039 4949 1391 5021 perageret,
1426 4949 1488 5006 et
1516 4947 1785 5023 peractis
1814 4951 1911 5007 24.
1946 4967 2019 5008 ea
2051 4948 2127 5007 de
2157 4966 2349 5008 causa

815 5037 1101 5095 mortuus
1130 5041 1243 5097 est.
1296 5039 1450 5097 Item
1495 5037 1546 5097 si
1587 5038 1931 5100 conductor
1957 5040 2196 5116 vineae,
2250 5040 2349 5100 vel

818 5127 1039 5205 praedii
1091 5128 1170 5188 ob
1217 5129 1666 5208 negligentiam
1697 5132 1956 5191 culturae
1984 5132 2193 5191 minus
2221 5132 2347 5193 uti-

816 5219 941 5277 lem
970 5219 1317 5281 reddiderit
1362 5221 1441 5282 ad
1487 5222 1726 5283 fructus
1768 5228 1983 5302 postea
2029 5224 2343 5301 ferendoS,

820 5314 889 5371 ut
915 5310 964 5371 si
996 5312 1188 5371 nimia
1214 5314 1535 5392 putatione
1566 5314 1721 5375 vites
1749 5315 2115 5376 infecundas
2142 5315 2348 5376 reddi-

820 5402 912 5465 dit
941 5404 1020 5464 ad
1050 5423 1285 5465 annum
1315 5411 1680 5485 sequentem
1701 5453 1716 5482 ,
1751 5408 1847 5467 vel
1877 5408 1929 5467 si
1959 5408 2352 5487 negligenter

819 5513 1040 5575 passus
1081 5501 1176 5559 est
1212 5498 1575 5560 servitutem
1614 5505 1830 5561 contra
1859 5501 2166 5580 praedium
2194 5519 2351 5581 prae-

1965 331 2067 391 DE
2108 330 2468 391 JUSTITIA
2512 330 2613 391 ΕΤ
2654 331 2854 391 JURE

2441 504 2659 581 scribi,
2709 507 2808 566 vel
2837 505 3123 585 proxima
3167 506 3356 568 domo
3385 506 3640 567 ruinam
3670 505 3946 584 minante,

2442 616 2567 658 non
2596 598 2742 659 fecit
2769 599 2979 659 caveri
3007 599 3086 659 de
3116 599 3348 660 damno
3379 599 3613 659 infecto
3633 645 3650 673 ,
3681 598 3778 656 vel
3804 597 3954 657 loca-

2439 693 2642 751 torem
2673 709 2795 751 non
2826 691 3173 767 admonuit,
3206 696 3275 752 ut
3302 692 3393 751 rei
3415 708 3545 751 suae
3567 690 3949 769 prospiceret,

2441 799 2516 841 ex
2546 781 2713 843 dicta
2741 783 2780 842 l.
2832 778 3155 859 Vz'deamziS,
3199 785 3256 861 g.
3292 800 3336 844 1.
3372 802 3537 843 vers,
3587 783 3734 843 Item
3756 783 3955 862 prosei-

2437 892 2583 934 cere.
2621 874 2687 936 Si
2718 873 3018 934 damnum
3048 875 3401 953 praevidens
3427 875 3507 935 ab
3542 874 3798 935 inimico
3822 875 3954 935 inse-

2436 965 2704 1025 rendum
2735 985 2857 1027 non
2887 966 3249 1045 impedivit,
3302 967 3401 1028 vel
3448 967 3792 1027 inimicitiae
3826 984 3957 1026 can-

2436 1075 2571 1118 sam
2600 1058 2795 1119 dedit.
3227 1105 3242 1113 -

2514 1151 2783 1212 Locator
2823 1151 3012 1212 etiam
3059 1155 3303 1212 tenetur
3350 1151 3426 1211 de
3456 1152 3680 1231 culpa,
3747 1151 3798 1210 si
3824 1171 3956 1211 vasa

2435 1240 2661 1303 vitiosa
2689 1244 2770 1303 ad
2799 1243 3015 1303 vinum
3045 1245 3142 1304 vel
3173 1245 3363 1304 alium
3380 1245 3694 1324 liquorem
3724 1262 3956 1304 servan·

2437 1332 2586 1393 dum
2616 1334 2864 1412 locavit,
2899 1354 3022 1395 non
3052 1336 3288 1397 monito
3309 1334 3693 1396 conductore
3724 1335 3802 1395 de
3824 1335 3954 1397 vitio

2435 1425 2477 1487 1.
2511 1425 2635 1486 Sed
2659 1426 2852 1501 addes,
2884 1428 2942 1506 ἓ.
2968 1444 3010 1488 1.
3041 1430 3103 1489 ff.
3132 1428 3327 1502 locati,
3362 1429 3506 1507 quia
3527 1428 3831 1487 nimirum
3849 1447 3956 1487 non

2435 1521 2836 1598 praesumitur
2860 1520 3103 1581 locator
3141 1520 3609 1599 inculpabiliter
3650 1520 3956 1599 ignorasse

2436 1612 2656 1671 vitium
2695 1613 2787 1672 rei
2816 1613 3036 1673 locatae
3060 1659 3075 1689 ,
3128 1632 3271 1673 cum
3321 1612 3642 1674 debuisset
3682 1613 3856 1691 prius
3895 1632 3958 1673 ea

2435 1703 2855 1765 considerare.
2892 1707 3040 1777 Quae
3069 1705 3423 1784 ignorantia
3453 1704 3851 1784 inculpabilis
3877 1706 3956 1765 sa·

2436 1796 2613 1856 cilius
2640 1796 2918 1857 creditur
2955 1797 3019 1856 in
3058 1798 3303 1858 locante
3334 1797 3415 1857 ad
3445 1803 3699 1876 pastum
3730 1817 3954 1875 agrum,

2436 1887 2500 1947 in
2530 1905 2653 1967 quo
2683 1893 2865 1949 erant
2900 1888 3111 1950 herbae
3142 1891 3417 1962 nocivae3
3474 1908 3673 1969 quare
3700 1937 3718 1965 ,
3773 1894 3957 1950 stante

2435 1980 2814 2058 ignorantia,
2847 1981 3050 2041 solum
3080 1982 3367 2059 privatur
3393 1981 3691 2042 mercede
3722 1982 3959 2043 locatio—

2435 2073 2565 2147 niS,
2601 2073 2748 2151 quia
2777 2091 2899 2133 non
2932 2078 3179 2152 poterat
3207 2074 3339 2153 ipse
3370 2074 3592 2136 vitium
3622 2074 3768 2153 agri
3796 2079 3958 2135 antea

2437 2165 2724 2244 experiri.
2761 2166 2822 2227 Si
2852 2169 3062 2226 tamen
3090 2185 3240 2227 vasa
3262 2186 3373 2246 pro
3396 2186 3521 2227 non
3548 2168 3793 2227 vitiosis
3815 2168 3960 2227 loca-

2436 2262 2553 2333 ret,
2586 2261 2948 2319 censeretur
2976 2258 3322 2338 periculum
3355 2263 3554 2321 totum
3585 2258 3648 2318 in
3682 2279 3753 2320 se
3783 2259 3956 2318 susci-

2438 2368 2609 2428 pere,
2644 2356 2706 2411 ct
2737 2351 2907 2411 nulla
2936 2352 3291 2430 ignorantia
3311 2357 3745 2428 excusaretur,
3769 2354 3809 2413 1.
3827 2362 3962 2412 tene-

2439 2452 2539 2502 tur
2561 2489 2576 2520 ,
2608 2445 2664 2522 ἓ.
2718 2442 2843 2504 Sed
2865 2445 2921 2504 si
2949 2463 3070 2521 vas,
3124 2447 3186 2506 ff.
3220 2444 3291 2505 de
3324 2454 3439 2507 act.
3475 2454 3652 2516 empt.
3719 2449 3891 2517 Item,
3917 2445 3962 2505 si

2438 2536 2613 2611 fullo,
2646 2543 2883 2613 sartor,
2918 2540 2979 2597 et
3006 2538 3112 2598 alii
3141 2538 3376 2598 similes
3406 2543 3809 2598 commutent
3833 2557 3958 2617 pos-

2439 2632 2540 2689 tea
2568 2646 2832 2708 pannOS,
2867 2634 2975 2689 aut
3002 2635 3227 2705 vesteS,
3261 2629 3470 2690 dando
3502 2631 3609 2689 uni
3641 2630 3816 2709 quod
3845 2635 3963 2689 erat

2441 2720 2695 2782 alterius
2714 2767 2730 2797 ,
2766 2722 2863 2781 vel
2894 2722 3162 2783 reddant
3187 2741 3287 2782 res
3315 2723 3453 2783 illas
3482 2741 3776 2783 corrosas
3798 2769 3815 2799 ,
3868 2727 3963 2783 aut

2439 2814 2607 2891 apud
2636 2831 2701 2873 se
2731 2814 3164 2890 deteriorataS,
3197 2815 3240 2874 l.
3273 2815 3422 2875 Item
3452 2816 3774 2895 φαεν-ἔων,
3822 2816 3876 2893 ἓ.
3902 2816 3967 2875 Si

2435 2905 2616 2985 fullo,
2647 2905 2689 2966 l.
2747 2905 2975 2986 Siquis
3001 2905 3242 2986 fundus,
3293 2908 3350 2986 ξ.
3388 2906 3612 2984 Celsus,
3665 2909 3736 2968 ff.
3770 2908 3963 2980 locati}

2437 2997 2537 3056 vel
2567 2998 2715 3076 quia
2764 2999 2948 3077 culpa
2976 3000 3379 3077 praesumitur
3400 3046 3416 3075 ,
3466 3000 3568 3060 vel
3616 3001 3772 3079 quia
3799 3004 3960 3079 pacto

2438 3090 2738 3168 implicito
2769 3091 3020 3152 videtur
3046 3093 3110 3150 in
3140 3110 3206 3151 se
3227 3093 3579 3170 periculum
3603 3094 3957 3172 suscepisse.

2439 3183 2593 3244 Item
2624 3183 2676 3243 si
2705 3182 2995 3244 dominus
3025 3185 3202 3245 navis
3222 3231 3237 3261 ,
3282 3185 3600 3246 mercibus
3631 3186 3852 3247 alienis
3878 3205 3964 3245 as-

2438 3275 2762 3353 portandis
2784 3277 3077 3355 acceptiS,
3111 3295 3254 3337 cum
3274 3278 3607 3356 imperitus
3629 3284 3818 3354 esset,
3848 3279 3963 3339 sine

2437 3368 2738 3447 magistro
2775 3369 3134 3448 navigavit,
3185 3369 3284 3429 vel
3333 3371 3622 3448 magistri
3652 3372 3963 3432 consilium

2437 3460 2611 3540 sequi
2645 3461 2863 3536 noluit,
2899 3462 3225 3540 naufragio
3257 3468 3472 3523 secuto
3502 3469 3763 3525 tenetur
3789 3463 3964 3524 domi·

2440 3571 2519 3612 no
2551 3553 2877 3630 mercium,
2911 3554 3008 3614 vel
3039 3554 3088 3615 si
3118 3554 3323 3617 locata
3354 3574 3480 3615 una
3509 3558 3695 3633 navi,
3739 3575 3964 3617 merces

2439 3646 2571 3705 sine
2618 3664 2925 3707 consensu
2969 3647 3207 3707 domini
3253 3648 3318 3706 in
3363 3647 3554 3708 aliam
3606 3648 3965 3710 deteriorem

2438 3739 2792 3815 transtulit,
2839 3739 2938 3799 vel
2969 3758 3040 3801 eo
3070 3739 3456 3800 reclamante
3487 3741 3550 3800 in
3583 3742 3778 3803 aliam
3806 3760 3964 3820 aeqne

2439 3830 2672 3891 bonam
2700 3831 2798 3891 vel
2829 3832 3152 3892 meliorem
3183 3850 3323 3911 quae
3352 3833 3574 3911 periit,
3607 3836 3718 3895 illa
3746 3835 3863 3894 alia
3890 3835 3966 3894 in·

2440 3923 2672 3983 columi
2717 3928 3008 3985 manente
3028 3971 3043 3999 ,
3097 3924 3263 3985 dicta
3293 3924 3336 3985 1.
3403 3925 3537 3985 item
3568 3927 3882 4006 qma-itur,
3909 3927 3959 4003 ἓ.

2441 4032 2486 4077 1.
2522 4024 2586 4076 et
2614 4033 2683 4077 11.
2720 4021 2780 4078 et
2805 4017 2846 4077 1.
2883 4016 2995 4078 ult.
3029 4019 3086 4096 ἓ.
3123 4017 3199 4078 Si
3222 4036 3289 4077 ea
3319 4016 3669 4095 conditione,
3703 4022 3769 4079 ff.
3794 4017 3871 4078 ad
3894 4018 3964 4078 Ie-

2440 4127 2573 4193 gem
2599 4108 2910 4187 Rhodiam,
2944 4113 3007 4171 et
3027 4110 3194 4171 dicta
3220 4111 3262 4172 l.
3303 4109 3634 4188 Videamus,
3663 4113 3720 4192 ς.
3748 4113 3824 4173 Si
3836 4111 3961 4185 lure,

2444 4206 2507 4261 et
2531 4203 2587 4279 ἓ.
2623 4201 2863 4278 ultimo,
2900 4204 2962 4263 ff.
2995 4201 3189 4264 locati.
3225 4205 3380 4264 Item
3411 4204 3464 4263 si
3494 4204 3734 4265 locavit
3761 4221 3966 4282 operas

2444 4294 2523 4354 ad
2554 4294 2892 4355 aedificium
2930 4296 3059 4355 suis
3098 4296 3427 4375 expensis,
3481 4297 3584 4357 vel
3625 4304 3800 4359 certo
3827 4303 3968 4358 tem-

2445 4406 2595 4466 pore
2640 4388 3130 4465 absolvendum,
3191 4394 3254 4450 et
3297 4394 3515 4469 postea
3559 4390 3969 4469 comperiatur

2444 4480 2740 4541 vitiosum
2768 4481 2848 4541 ob
2878 4480 3194 4542 defectum
3223 4483 3507 4542 materiae
3528 4529 3543 4557 ,
3580 4483 3681 4543 vel
3711 4483 3858 4562 quia
3887 4482 3968 4540 ni-

2444 4572 2564 4632 mis
2592 4572 2961 4634 festinanter
2987 4574 3224 4634 factum
3251 4574 3351 4635 sit.
3406 4576 3472 4636 Si
3503 4581 3718 4635 tamen
3751 4575 3970 4655 promi-

2446 4665 2526 4726 sit
2551 4665 2884 4726 aediticium
2914 4666 3036 4726 tale
3066 4671 3133 4727 ut
3162 4667 3530 4728 conductori
3562 4669 3866 4746 placeret,
3891 4669 3967 4726 in-

2445 4758 2769 4836 telligitur,
2803 4759 2902 4819 vel
2931 4760 3152 4819 saltem
3181 4760 3442 4821 arbitrio
3473 4761 3826 4839 peritorum
3855 4760 3969 4839 pla-

2448 4869 2588 4911 cere
2620 4851 2906 4912 debuerit
2934 4866 2949 4912 1
2980 4851 3150 4930 quod
3177 4853 3228 4911 si
3258 4856 3403 4913 ante
3433 4853 3963 4931 approbationem,

2447 4961 2548 5002 res
2580 4962 2725 5003 casu
2757 4944 3012 5004 fortuito
3041 4943 3350 5022 perierit,
3393 4945 3770 5006 conductori
3799 4945 3963 5024 pen‘t,

2447 5036 2489 5097 1.
2523 5037 2596 5097 In
2624 5036 2766 5114 leae,
2812 5036 2873 5095 in
2905 5036 3234 5115 pri.icipi0,
3284 5037 3326 5098 1.
3364 5037 3545 5118 Opus,
3575 5039 3620 5098 l.
3673 5039 3754 5098 Si
3783 5038 3968 5118 prius·

2448 5149 2647 5210 qua-m,
2680 5130 2721 5190 l.
2758 5128 2858 5188 1τά
2890 5128 3031 5209 leye,
3063 5130 3118 5208 ἓ.
3152 5129 3390 5206 Locavi,
3425 5136 3488 5191 et
3517 5131 3558 5191 l.
3605 5131 3882 5204 Mar-ltus,
3911 5130 3964 5192 ff.

2447 5222 2640 5282 locati.
2700 5222 2979 5301 Denique
3009 5221 3286 5298 adverte,
3335 5227 3619 5302 pastores
3648 5229 3712 5284 et
3739 5242 3848 5283 eos
3875 5220 3966 5301 qui

2450 5314 2529 5375 ad
2558 5334 2692 5375 rem
2735 5315 3008 5393 aliquam
3044 5315 3522 5376 custodiendam
3567 5334 3716 5376 suas
3760 5331 3966 5394 operas

2448 5409 2768 5483 locarunt,
2829 5425 2951 5467 non
3000 5408 3357 5468 satisfacere
3404 5409 3466 5467 in
3513 5408 3650 5468 foro
3696 5415 3961 5480 extemO,

2450 5501 2567 5560 nisi
2597 5500 2864 5580 probent
2902 5518 3034 5560 rem
3066 5500 3304 5580 absque
3339 5518 3455 5561 sua
3483 5501 3668 5579 culpa
3695 5499 3959 5581 periisse.

3991 1289 4104 1435 {35
4056 1168 4102 1224 aa
