4263 6376
614 1121 730 1179 305

516 1246 713 1297 Legatum
740 1258 813 1298 pro

559 1300 779 1342 liberandis

533 1353 810 1404 incarceratis,

518 1419 568 1448 an
591 1407 718 1461 possit
735 1407 813 1447 da·

517 1473 554 1501 ri
580 1473 653 1512 pro
674 1460 811 1513 impe-

546 1514 692 1556 dienda
718 1514 786 1555 iu-

520 1567 813 1610 carcer-atione.

862 382 977 442 152

863 574 979 633 pus
1009 558 1071 616 et
1097 557 1379 616 canonici
1407 560 1516 618 aut
1559 556 1941 617 beneficiarii
1986 556 2339 634 percipiunt
2372 575 2384 614 τ

865 667 1056 728 quare
1088 650 1150 707 in
1179 649 1383 726 legato
1416 650 1646 727 poterit
1674 649 1961 709 eamdem
1991 649 2393 727 significatio-

865 760 1007 800 nem
1037 741 1343 815 retinere;
1378 742 1439 801 in
1471 760 1593 821 quo
1625 742 2041 802 consulendus
2060 747 2148 801 est
2172 741 2394 800 modus

863 834 1139 913 vulgaris
1173 835 1473 914 loquendi
1506 835 1667 895 illius
1697 834 2035 914 provinciae
2058 881 2073 906 ‚
2113 834 2260 913 quid
2294 851 2395 892 so-

865 927 1034 988 leant
1096 928 1347 986 nomine
1399 928 1651 988 fabricae
1706 928 2051 1006 intelligere
2100 948 2112 988 :
2168 926 2394 986 alicubi

867 1020 1029 1079 enim
1062 1020 1263 1080 solum
1294 1020 1626 1081 {edificium
1656 1020 2030 1098 intelligunt.

945 1113 1276 1173 Dubitatur
1305 1113 1512 1190 tertie,
1553 1132 1633 1173 an
1661 1115 1937 1190 legatum
1969 1114 2250 1173 relictum
2283 1131 2394 1190 pro

864 1206 1203 1265 liberandis
1233 1205 1621 1266 debitoribus
1650 1205 2049 1266 incarceratis
2078 1205 2272 1283 possit
2293 1225 2396 1284 ap·

865 1299 1079 1377 plicari
1110 1299 1191 1359 ad
1219 1299 1615 1359 liberandum
1632 1299 1926 1379 aliquem,
1954 1303 2014 1360 et
2029 1299 2396 1359 solvendum

865 1411 976 1471 pro
1008 1411 1080 1452 eo
1103 1439 1117 1467 ,
1154 1411 1229 1450 ne
1260 1392 1320 1451 in
1354 1411 1671 1452 carcerem
1719 1392 2127 1471 conjiciatur?
2158 1395 2234 1453 Et
2263 1392 2399 1470 qui-

867 1485 1011 1545 dem
1043 1485 1324 1546 Sanchez
1352 1485 1440 1544 ibi
1487 1485 1727 1545 erudite
1775 1486 1998 1564 probat
2035 1490 2273 1564 partem
2309 1486 2398 1544 uf·-

865 1578 1243 1653 firmantem,
1281 1578 1532 1657 quando
1566 1581 1805 1638 certum
1836 1583 1969 1639 erat
2009 1579 2085 1638 de
2115 1578 2398 1657 proxima

866 1671 1379 1746 incarceratione,
1407 1670 1518 1730 nisi
1550 1671 1757 1750 legato
1788 1672 1895 1733 tali
1928 1672 2391 1732 subveniretur:

867 1764 1253 1844 quodetiam
1295 1767 1467 1824 tenet
1511 1764 1928 1841 Hieronymus
1959 1765 2209 1840 Paulus,
2252 1784 2393 1844 pra-

865 1856 1012 1917 ctica
1041 1855 1405 1917 cancellarioe
1451 1855 1511 1914 in
1559 1874 1698 1933 cap.
1750 1856 2166 1917 declaratoria
2212 1875 2398 1935 super

866 1953 1250 2028 proponente
1277 1995 1291 2025 ,
1326 1968 1435 2008 seu
1465 1954 1731 2008 vovente
1763 1949 2042 2026 ingredi,
2094 1954 2157 2010 et
2199 1955 2288 2010 est
2320 1949 2396 2008 de

864 2047 1072 2102 mente
1098 2040 1433 2120 Tiraquelli
1475 2041 1683 2119 plures
1723 2041 2048 2119 allegantis
2095 2046 2237 2120 post
2263 2059 2391 2103 xvt.

864 2135 985 2214 leg.
1021 2133 1414 2193 connubialem
1441 2133 1629 2212 gloss
1664 2150 1731 2195 11.
1766 2153 1805 2194 a
1835 2153 2005 2194 num.
2033 2138 2090 2194 2.
2126 2134 2396 2213 proban-

867 2228 944 2290 tis
968 2228 1089 2288 late
1122 2228 1400 2305 proxime
1431 2227 1946 2287 incarcerandum
1977 2246 2089 2305 pro
2121 2228 2398 2287 incarce-

863 2325 1001 2381 rato
1033 2319 1331 2397 reputari,
1369 2322 1501 2391 Oua
1544 2319 1828 2380 doctrina
1859 2324 2118 2380 utuntur
2150 2320 2253 2398 qui
2285 2320 2399 2379 im-

864 2413 1232 2474 munitatem
1285 2412 1659 2473 beatissimae
1713 2412 1987 2490 Virginis
2042 2432 2078 2472 a
2143 2419 2395 2491 peccato

865 2507 1228 2582 defendunt,
1262 2510 1333 2566 ut
1358 2505 1541 2564 simul
1570 2505 1903 2566 ostendant
1933 2524 2069 2565 eam
2089 2524 2125 2564 a
2156 2506 2397 2568 Christo

862 2620 1009 2661 vere
1038 2600 1427 2678 redempt-am
1457 2598 1667 2673 fuisse,
1698 2603 2004 2678 quatenus
2026 2599 2397 2660 Christ-ime-

864 2694 996 2755 ritis
1027 2697 1405 2772 praeservata
1451 2692 1566 2753 luit
1597 2710 1673 2751 ne
1714 2692 1902 2751 ullam
1949 2693 2261 2752 maculam
2290 2698 2400 2753 aut

862 2791 1190 2867 peecatum
1221 2785 1639 2850 contraheret„
1672 2785 1837 2863 quod
1871 2785 2152 2863 proxime
2174 2786 2394 2846 certis-

864 2881 1018 2941 sime
1047 2883 1443 2939 coutractura
1471 2878 1705 2952 suisset,
1727 2877 1844 2937 nisi
1861 2878 2057 2956 pretio
2074 2879 2396 2957 sanguinis

864 2973 1087 3035 Christi
1116 2972 1377 3032 liberata
1409 2976 1469 3030 et
1508 2975 1886 3050 praeservata
1933 2971 2150 3032 fuisset
2184 2992 2196 3033 :
2232 2973 2395 3032 unde

866 3066 1197 3144 Caietanus
1227 3068 1281 3125 1.
1325 3068 1383 3124 2.
1439 3069 1659 3143 quaest.
1710 3080 1910 3124 Lxxxr.
1948 3070 2064 3126 art.
2116 3069 2175 3125 3.
2222 3065 2392 3140 dicit,

863 3179 986 3221 non
1042 3159 1243 3219 solum
1298 3157 1579 3235 indigere
1625 3157 2055 3236 redemptione
2100 3176 2242 3218 eum
2291 3160 2396 3238 qui

863 3258 1005 3315 actu
1037 3251 1317 3329 captivus
1349 3256 1462 3325 est,
1497 3250 1603 3309 sed
1638 3252 1823 3310 etiam
1850 3251 1953 3330 qui
1978 3251 2282 3311 obnoxius
2305 3257 2399 3313 est

863 3344 1227 3424 captivitati,
1263 3346 1324 3403 et
1355 3360 1448 3402 111.
1481 3348 1639 3420 part.
1686 3349 1906 3421 quaest.
1941 3360 2135 3404 xxvn.
2183 3348 2299 3405 art.
2334 3349 2391 3405 2.

864 3438 1045 3512 dicit,
1082 3436 1362 3512 indigere
1408 3436 1636 3495 salvari
1684 3439 1746 3497 et
1789 3436 2040 3496 liberari
2071 3457 2109 3498 a
2137 3443 2394 3517 peccato

863 3531 1031 3610 quod
1062 3529 1252 3589 habet
1278 3529 1376 3588 vel
1409 3528 1671 3589 haberet
1694 3575 1708 3603 ,
1745 3529 1824 3588 ad
1857 3530 2022 3607 quod
2054 3530 2400 3610 requiritur

860 3622 1029 3703 quod
1060 3621 1289 3681 habeat
1319 3625 1644 3698 peccatum
1669 3668 1684 3698 ,
1739 3622 1836 3681 vel
1866 3623 1944 3683 sit
1974 3623 2036 3681 in
2069 3625 2394 3701 procinctu

861 3722 925 3777 et
958 3715 1233 3795 periculo
1264 3713 1573 3789 habendi,
1622 3714 1900 3793 quisquis
1930 3720 2073 3793 eget
2101 3716 2328 3776 salvari
2361 3736 2395 3775 a

857 3814 1137 3891 peccate,
1173 3813 1235 3868 et
1264 3810 1326 3869 S.
1361 3807 1634 3869 Thomas
1664 3809 1766 3868 111.
1802 3813 1961 3885 part.
2000 3828 2105 3888 qu.
2160 3827 2263 3870 ιιι.
2301 3828 2391 3871 ar.

859 3909 918 3965 2.
953 3902 1031 3962 ad
1061 3901 1446 3975 secundum,
1481 3900 1586 3960 illa
1614 3900 1808 3961 verba
1839 3902 1977 3962 Act.
2015 3919 2083 3962 ιι.
2125 3900 2397 3963 Christus

859 3996 1031 4057 solvit
1059 3993 1284 4054 dolores
1301 4002 1633 4053 sanctorum
1650 3992 1900 4053 Petrum
1932 3994 1989 4052 in
2021 3994 2269 4074 inferne,
2298 4014 2395 4055 ex-

859 4088 1050 4168 plicat
1077 4089 1154 4147 de
1184 4087 1502 4147 doloribus
1540 4104 1868 4165 poenarum
1895 4134 1909 4163 ,
1963 4106 2085 4147 non
2118 4107 2273 4167 quas
2302 4089 2396 4148 in-

858 4187 1205 4255 currerunt,
1239 4180 1349 4240 sed
1380 4198 1537 4259 quas
1574 4180 1979 4240 incurrissent
2010 4180 2123 4239 nisi
2151 4199 2390 4258 praeve-

860 4275 1054 4335 nisset
1080 4272 1518 4351 praeservntido
1551 4272 1629 4331 ab
1660 4273 1749 4331 eis
1784 4293 1795 4333 :
1831 4272 1993 4333 sicut
2021 4278 2082 4335 et
2109 4274 2392 4334 medicus

860 4367 1086 4427 dicitur
1114 4367 1352 4427 solvere
1383 4365 1694 4441 morbum,
1718 4384 1754 4425 a
1778 4385 1899 4444 quo
1923 4372 2265 4445 praeservat
2284 4386 2393 4445 per

858 4460 1257 4521 medicinam.
1313 4460 1390 4519 Et
1431 4458 1511 4517 ad
1556 4477 1687 4517 rem
1739 4466 2014 4518 nostram
2073 4459 2390 4519 Medinam

861 4558 916 4616 1.
946 4557 1004 4614 2.
1040 4557 1257 4632 quoest.
1289 4568 1488 4612 Lxxxl.
1520 4550 1650 4631 tart.
1684 4555 1739 4613 3.
1779 4552 1928 4613 dicit
1967 4571 1979 4610 :
2032 4570 2160 4612 non
2191 4554 2391 4613 solum

857 4647 1108 4708 redimit
1138 4646 1244 4725 qui
1289 4645 1451 4705 datis
1494 4644 1772 4723 pecuniis
1815 4645 1998 4723 eripit
2040 4645 2315 4725 aliquem
2356 4666 2389 4706 a

854 4740 1140 4816 vinculiS,
1175 4738 1283 4799 sed
1316 4738 1505 4798 etiam
1533 4737 1637 4817 qui
1670 4738 1757 4797 eis
1789 4738 1968 4813 datis,
1995 4739 2168 4800 estin
2203 4757 2394 4799 causa

856 4854 934 4895 ne
966 4835 1023 4893 in
1057 4849 1373 4893 carcerem
1403 4831 1779 4905 intrudatur,
1804 4831 1882 4890 de
1914 4850 2037 4910 quo
2071 4831 2393 4909 videripo-

856 4931 977 4989 test
1006 4927 1193 4988 etiam
1224 4924 1514 4985 Corduba
1543 4924 1648 4984 lib.
1686 4925 1731 4984 1.
1769 4944 1873 5004 qu.
1894 4941 2015 4985 Liv.
2052 4925 2110 4983 in
2143 4926 2416 5011 solutio--

855 5041 932 5083 nc
962 5021 1041 5081 ad
1071 5018 1441 5079 secundum.

935 5113 1177 5175 Omissa
1233 5130 1383 5188 ergo
1442 5109 1955 5188 interpretatione
2010 5110 2384 5188 legatorum,

855 5206 1167 5285 agendum
1201 5223 1364 5264 nunc
1411 5208 1503 5264 est
1551 5204 1628 5262 de
1672 5203 2197 5278 commutatione,
2251 5222 2388 5282 quae

852 5305 1001 5361 tunc
1030 5300 1229 5360 solum
1280 5298 1466 5358 datur
1495 5297 1749 5377 quando
1797 5296 2077 5374 legatum
2117 5314 2240 5356 non
2271 5297 2388 5355 im-

852 5393 1057 5472 pletur
1086 5392 1146 5450 in
1194 5392 1393 5451 forma
1425 5390 1683 5469 propria
1713 5407 1902 5468 quam
1935 5392 2197 5449 testator
2225 5407 2390 5466 prte-

853 5485 1023 5563 cipit.
1058 5487 1188 5545 Hoc
1220 5488 1428 5544 autem
1461 5482 1792 5561 dupliciter
1838 5486 2039 5561 potest
2069 5482 2386 5561 continge·

851 5599 940 5655 re,
976 5577 1216 5658 primo,
1252 5576 1502 5656 quando
1534 5576 1595 5635 id
1650 5575 1813 5657 quod
1867 5573 2052 5653 jussit
2094 5575 2228 5635 fieri
2261 5593 2382 5638 non

2006 380 2108 440 DE
2151 380 2501 441 JUSTlTIA
2552 379 2650 439 ΕΤ
2692 378 2891 439 JURE

2487 557 2712 633 potest.
2747 555 3036 616 Secundo
3068 557 3320 635 quando
3347 606 3361 635 ,
3408 559 3552 621 licet
3603 559 3737 619 fieri
3785 559 4022 635 posset,

2489 647 2711 707 melius
2747 652 2955 708 tamen
2987 649 3221 728 aliquid
3251 651 3421 711 aliud
3444 651 3786 731 judicatur.
3815 652 3888 710 In
3911 646 4026 726 pri·

2490 758 2592 800 mo
2616 758 2762 800 casu
2791 741 2999 816 logata
3027 743 3289 819 profana
3317 745 3551 805 caduca
3585 746 3743 805 fiunt
3768 790 3786 820 ,
3836 746 3900 801 et
3935 758 4022 798 ce·

2492 833 2649 892 dunt
2676 833 3033 893 haeredibus
3061 834 3302 912 :legata
3332 855 3481 897 vero
3511 838 3613 915 pia
3637 856 3762 898 non
3793 834 4029 896 cedunt

2493 925 2881 999 literedibuS,
2933 926 3044 987 sed
3093 929 3517 989 convertenda
3560 929 3796 991 suntin
3841 926 4029 986 alium

2495 1037 2672 1077 usum
2705 1018 2874 1096 pium
2902 1019 3170 1079 similem
3200 1020 3287 1079 illi
3317 1040 3500 1100 quem
3533 1027 3798 1083 testator
3826 1021 4030 1080 inten-

2495 1110 2685 1170 debat
2717 1131 2730 1171 :
2766 1112 2912 1190 quia
2935 1111 3068 1190 jam
3089 1117 3350 1174 testator
3377 1114 3577 1176 voluit
3593 1115 3919 1176 haeredem
3941 1132 4033 1172 ca·

2494 1221 2634 1263 rere
2663 1203 2766 1264 illo
2796 1205 3024 1282 legato,
3061 1210 3123 1265 et
3151 1225 3462 1268 summam
3489 1207 3659 1268 illam
3682 1206 4030 1287 expendiin

2495 1296 2729 1356 bonum
2759 1297 2985 1357 animae
3015 1317 3142 1358 sua}
3178 1319 3191 1360 :
3227 1299 3289 1358 id
3321 1318 3469 1379 ergo
3517 1301 3884 1362 faciendum
3921 1304 4029 1372 est,

2496 1391 2564 1449 ut
2592 1394 2835 1451 constat
2862 1409 2936 1450 ex
2965 1409 3102 1469 cap.
3139 1408 3233 1453 111.
3268 1392 3337 1452 de
3387 1395 3774 1471 testamentis,
3821 1399 3889 1453 et
3917 1393 4034 1452 col·

2495 1482 2708 1559 ligitur
2737 1502 2812 1542 ex
2841 1483 3206 1546 Tridentino
3256 1486 3362 1545 ubi
3405 1505 3624 1565 supra,
3670 1487 3844 1547 dicto
3896 1504 4030 1563 cap.

2495 1592 2632 1635 vm.
2659 1575 2708 1635 si
2737 1579 2946 1636 tamen
2977 1576 3250 1654 testatorJ
3276 1598 3566 1658 expresse
3596 1578 3826 1655 voluit,
3868 1578 4034 1657 quod

2496 1668 2547 1727 si
2576 1668 2639 1726 in
2669 1668 2772 1727 tali
2805 1668 3008 1728 forma
3038 1669 3316 1747 legatum
3363 1689 3486 1731 non
3515 1677 3729 1750 posset
3759 1671 4032 1749 impleri,

2496 1760 2747 1821 cederet
2776 1761 3010 1821 haeredi
3036 1807 3051 1836 ,
3107 1780 3229 1822 non
3278 1768 3485 1842 potest
3530 1765 3591 1824 in
3623 1765 3822 1824 alium
3858 1782 4035 1823 usum

2494 1854 2793 1929 converti,
2828 1859 2898 1914 ut
2925 1872 3068 1914 cum
3098 1855 3234 1915 aliis
3277 1857 3506 1917 fatetur
3545 1858 3838 1918 Sanchez
3871 1856 4035 1917 dicto

2494 1965 2631 2023 cap.
2669 1948 2740 2007 11.
2777 1947 2924 2008 dub.
2960 1963 3047 2012 lv.
3081 1968 3253 2010 num.
3287 1953 3346 2010 6.

2576 2040 2908 2101 Dubitatur
2934 2041 3160 2120 prime,
3195 2043 3372 2122 cujus
3393 2044 3770 2106 auctoritate
3801 2045 4035 2105 sacien-

2496 2133 2577 2193 da
2607 2137 2754 2193 tunc
2782 2134 2862 2194 sit
2890 2153 2965 2194 ea
2993 2137 3397 2197 commutatio
3417 2137 3447 2197 ⁴?
3471 2138 4038 2216 Respondeturau-

2494 2227 2776 2287 ctoritate
2807 2227 3101 2307 episcopi,
3136 2230 3473 2292 accedente
3495 2247 3808 2292 consensu
3844 2233 4039 2292 haere·
4117 2297 4144 2320 t

2496 2320 2647 2379 dum
2678 2325 2740 2380 et
2767 2320 3074 2396 legatarii.
3111 2323 3202 2381 lta
3231 2321 3513 2382 Sanchez
3535 2323 3641 2382 ubi
3670 2342 3874 2401 supra
3891 2325 4034 2383 dub.
4080 2317 4087 2323 ’

2499 2430 2557 2472 v.
2594 2413 2713 2471 Alii
2745 2417 2954 2472 tamen
2997 2431 3122 2472 non
3156 2415 3414 2492 exigunt
3443 2434 3823 2476 consensum
3878 2419 4038 2494 lega-
4125 2401 4132 2422 ³

2495 2505 2659 2580 tarii,
2693 2505 2803 2565 sed
2835 2505 3112 2584 episcopi
3141 2511 3204 2567 et
3231 2513 3633 2569 executorum
3656 2556 3673 2584 ,
3712 2515 3778 2570 ut
3811 2511 4038 2571 Melina

2498 2599 2657 2676 disp.
2693 2615 2887 2658 cmx.
2931 2617 3044 2658 nec
3073 2598 3278 2676 video,
3314 2600 3392 2659 ad
3424 2602 3570 2679 quid
3595 2603 4038 2662 consensusle-

2496 2690 2719 2769 gamrii
2749 2691 3123 2770 requiratur.
3164 2691 3353 2752 Addit
3379 2697 3591 2753 tamen
3631 2695 3962 2769 Sanchez,
3994 2696 4039 2753 si

2497 2789 2704 2861 partes
2734 2801 2857 2843 non
2880 2784 3264 2843 concordant
3294 2785 3356 2843 in
3379 2785 3497 2846 hac
3514 2789 4033 2856 commutatione,

2497 2875 2752 2936 arbitrio
2775 2874 3006 2951 judicis
3038 2877 3513 2938 concordandas
3541 2897 3698 2955 esse,
3736 2898 3818 2938 ex
3849 2880 3891 2940 l.
3913 2897 3954 2940 ι.
3979 2879 4038 2939 de

2494 2969 2733 3049 nuptiis

2579 3062 2911 3124 Dubitatur
2940 3062 3239 3136 secundm
3273 3081 3353 3122 an
3386 3062 3716 3141 episcopus
3743 3067 3954 3143 possit
3979 3067 4037 3125 in

2498 3156 2840 3235 quemlibet
2869 3156 3058 3216 alium
3089 3174 3269 3216 usum
3302 3155 3474 3235 pium
3505 3165 3926 3235 commutare,
3947 3159 4036 3219 vel

2496 3251 2699 3309 solum
2731 3250 2792 3308 in
2834 3268 3019 3309 usum
3063 3249 3331 3309 similem
3388 3251 3443 3309 ei
3503 3250 3606 3329 qui
3657 3270 3693 3309 a
3735 3256 4036 3313 testatore

2497 3342 2896 3422 praescriptus
2925 3342 3060 3417 fuit,
3097 3346 3159 3402 et
3188 3342 3435 3421 impleri
3475 3362 3599 3401 non
3631 3345 3890 3421 potest?
3918 3346 4039 3406 Ali-

2498 3437 2602 3515 qui
2634 3435 2800 3495 enim
2829 3435 3207 3513 generaliter
3233 3435 3596 3514 loquuntur,
3630 3441 3691 3496 et
3711 3437 3924 3497 solum
3956 3438 4038 3497 di·

2497 3532 2646 3589 cunt
2674 3527 3188 3587 commutandum
3220 3546 3355 3587 esse
3386 3528 3448 3587 in
3471 3528 3638 3587 aliud
3658 3546 3820 3607 opus
3844 3531 4033 3608 pium.

2495 3621 2842 3683 Dicendum
2873 3625 3081 3681 tamen
3130 3625 3224 3680 est
3269 3620 3500 3679 debere
3549 3625 3934 3683 commutari
3981 3625 4036 3682 in

2499 3733 2654 3793 opus
2684 3714 2857 3793 pium
2905 3714 3189 3791 proxime
3237 3712 3545 3773 accedens
3587 3714 3903 3777 voluntati
3952 3722 4033 3777 tse-

2497 3807 2745 3887 statoris
2771 3853 2785 3881 ,
2822 3812 2889 3866 ut
2918 3824 3061 3865 cum
3092 3805 3404 3865 communi
3437 3806 3766 3866 doctorum
3811 3808 4039 3869 docent

2496 3900 2729 3961 Melina
2753 3900 2890 3958 loco
2940 3898 3188 3973 eitat0,·
3220 3903 3282 3959 et
3329 3899 3612 3958 Sanchez
3661 3900 3816 3960 dub.
3859 3919 3948 3962 vi.
3983 3908 4035 3961 et

2497 3993 2807 4070 colligitur
2836 4010 2909 4050 ex
2956 3991 3318 4051 'l‘ridentino
3366 3991 3532 4053 dicto
3580 4010 3718 4071 cap.
3753 4010 3900 4055 vm.
3938 3995 4037 4054 ubi

2497 4085 2827 4163 hospitalia
2877 4104 2910 4144 a
2956 4085 3362 4145 testatoribus
3401 4084 3725 4160 instituta,
3778 4088 4035 4166 quando

2495 4180 2736 4240 inutilia
2764 4181 2943 4253 sunt,
2978 4178 3403 4239 convertenda
3430 4178 3725 4239 dicuntur
3750 4181 3814 4240 in
3849 4182 4035 4242 alium

2495 4290 2676 4334 usum
2707 4272 2879 4350 pium
2910 4271 3225 4332 utiliorem
3256 4277 3316 4332 et
3344 4272 3819 4349 proximiorem.
3860 4276 4034 4336 Ratio

2489 4371 2699 4427 autem
2730 4370 2842 4441 est,
2875 4365 3022 4442 quia
3044 4364 3120 4423 de
3142 4364 3286 4441 jure
3318 4368 3555 4426 naturae
3590 4372 3686 4425 est
3713 4372 3783 4427 ut
3822 4369 4036 4428 voiun-

2491 4465 2585 4521 tas
2619 4458 2930 4519 testatoris
2962 4475 3035 4516 eo
3066 4456 3256 4517 modo
3289 4476 3410 4536 quo
3462 4463 3700 4536 potest,
3738 4460 4034 4520 observe-

2489 4557 2611 4613 tur.
2648 4552 2713 4611 Si
2742 4569 2891 4628 ergo
2923 4568 3048 4610 non
3079 4554 3281 4627 potest
3324 4550 3671 4629 in-propria
3707 4554 3923 4631 specie
3950 4555 4027 4614 in-

2491 4647 2677 4719 fima;
2737 4643 3186 4704 discedendum
3234 4647 3443 4703 tamen
3491 4650 3584 4704 est
3615 4664 3807 4723 quam
3860 4648 4008 4707 mini

2492 4757 2663 4798 mum
2693 4737 2889 4817 possit
2915 4755 2953 4797 a
2974 4737 3292 4796 voluntate
3311 4737 3643 4798 testatoris,
3673 4738 3855 4811 Quod
3880 4740 4024 4799 mul·

2490 4836 2554 4893 to
2611 4831 2810 4908 magis
2870 4829 3154 4907 procedit
3185 4875 3199 4897 ,
3261 4829 3511 4907 quando
3564 4831 4031 4909 impossibilitas

2491 4925 2704 4993 solum,
2751 4927 2844 4983 est
2874 4922 3082 5001 quoad
3125 4922 3683 4997 circumstantiam,
3745 4929 3816 4984 ut
3870 4927 3923 4985 si
3971 4926 4026 4983 in

2489 5017 2595 5077 tali
2629 5017 2762 5077 loco
2795 5034 2918 5075 non
2968 5018 3173 5092 potest
3217 5015 3666 5074 monasterium
3708 5017 4024 5091 aedificari,

2491 5110 2838 5170 curandum
2870 5112 2964 5168 est
2992 5113 3059 5168 ut
3087 5108 3147 5166 in
3179 5108 3300 5168 alio
3333 5108 3453 5168 situ
3484 5109 3853 5169 aedificetur.

2571 5202 2899 5264 Dubitatur
2927 5200 3132 5276 tertie,
3168 5201 3318 5278 quid
3348 5200 3715 5277 dicendum,
3763 5203 3812 5261 si
3843 5207 4022 5263 testa-

2487 5301 2587 5359 tor
2617 5314 2727 5373 pro
2759 5294 3161 5354 exoneranda
3191 5293 3594 5368 conscientia,
3630 5299 3692 5352 et
3721 5312 3836 5371 pro
3868 5295 4024 5354 male

2490 5389 2714 5449 ablatis
2760 5388 3012 5465 reliquit
3055 5387 3221 5446 mille
3261 5386 3692 5447 distribuenda
3743 5388 4024 5465 pauperi-

2485 5483 2632 5556 buS,
2696 5486 2758 5542 et
2808 5484 3024 5558 postea
3077 5480 3543 5558 comperiantur
3599 5480 3763 5539 male
3820 5482 4021 5541 ablata

2487 5574 2673 5635 fuisse
2703 5574 2903 5634 solum
2934 5572 3292 5656 quingenta.
3331 5573 3788 5656 Respondetur,
3819 5574 4017 5634 adhuc

4138 5092 4201 5283 t
