4263 6376
521 2348 626 2407 101

442 2474 509 2516 An
540 2471 685 2515 deduci

441 2527 584 2569 debeat
606 2526 694 2567 aii-

414 2582 508 2636 quid
535 2593 609 2635 pro
629 2592 712 2633 pe·
1020 2615 1032 2627 ,
1341 2608 1353 2620 .
1542 2606 1554 2617 .

415 2636 545 2678 riculo
571 2633 708 2685 sorus.
761 2637 872 2699 pro
902 2612 1177 2696 periculo
1232 2606 1557 2670 amittendi
1610 2623 1733 2665 non
1765 2606 1966 2665 solum
2018 2606 2284 2685 lucrum,

413 2688 708 2787 iucrqdliiinaoxn-

548 2805 681 2894 5532?

442 2800 524 2839 tum

456 2849 545 2892 stab

775 310 892 370 206

775 483 1108 545 detrahere
1138 482 1343 553 debet,
1390 497 1533 540 cum
1562 496 1674 556 per
1701 495 1768 537 se
1797 476 2002 554 ipsum
2031 474 2184 534 nihil
2214 474 2302 533 la-

775 578 1000 637 borare
1031 575 1367 636 debuisset.

849 671 1073 743 Quinto
1102 668 1308 745 arguit
1332 685 1407 725 ex
1434 665 1474 727 l.
1502 681 1543 724 1.
1572 664 1633 725 ff.
1668 674 1737 723 ae
1759 660 2000 742 [ηις-ἰῶ.
2036 659 2300 720 etlilium

772 782 975 843 eoepen.
1012 761 1142 822 etl.
1175 759 1449 833 chtus‘,
1484 757 1546 816 ff.
1570 754 1757 814 soluto
1778 754 2036 815 matrim.
2070 756 2138 814 In
2162 752 2301 831 qui-

770 856 887 916 hus
917 854 1164 928 dicitur,
1212 852 1449 912 fructus
1499 866 1607 908 eos
1652 866 1808 922 esse,
1862 847 1965 926 qui
2015 846 2299 906 deductis

770 947 1055 1025 expensis
1084 950 1147 1005 et
1189 943 1539 1020 sumptibus
1580 944 1943 1018 supersunt;
1991 956 2141 1016 ergo
2173 956 2298 998 non

769 1044 913 1101 sunt
941 1035 1291 1099 deducendi
1318 1035 1587 1110 laboreS‚
1643 1032 1754 1092 sed
1801 1032 1950 1092 solae
1982 1048 2293 1109 expensae.

769 1132 1205 1211 Respondetur
1226 1176 1241 1205 ,
1302 1144 1716 1205 expensarum
1773 1125 2026 1185 nomine
2086 1122 2298 1183 venire

769 1228 957 1288 etiam
1001 1224 1305 1296 laborem,
1362 1220 1489 1280 imo
1528 1221 1927 1296 retorquetur
1967 1234 2298 1295 argumen-

765 1323 921 1392 tum,
956 1318 1102 1396 quia
1123 1330 1442 1393 possessor
1466 1311 1648 1371 bonae
1677 1310 1800 1368 imo
1825 1313 1888 1368 et
1913 1308 2092 1367 mala}
2123 1307 2291 1382 fidei,

767 1410 1017 1491 quando
1047 1408 1234 1468 debet
1262 1404 1514 1465 domino
1561 1402 1890 1462 restituere
1919 1401 2157 1460 fructus
2187 1400 2298 1460 de-

766 1503 968 1564 ductis
997 1499 1304 1579 expensis,
1337 1499 1544 1576 potest
1570 1494 1756 1555 etiam
1787 1494 2099 1554 deducere
2126 1492 2296 1553 labo·

766 1615 900 1657 rem
930 1601 991 1655 et
1019 1610 1274 1672 operam
1304 1607 1504 1663 suam,
1548 1605 1737 1666 quam
1767 1586 1975 1665 posuit
2003 1585 2064 1644 in
2095 1584 2299 1664 perci-

768 1688 1010 1768 piendis
1038 1684 1360 1756 fructibus,
1420 1686 1489 1740 ut
1533 1697 1676 1738 cum
1724 1678 2041 1738 communi
2084 1678 2296 1738 docto-

767 1800 907 1842 rum
936 1780 1120 1840 docet
1138 1775 1366 1838 Sanch.
1393 1773 1500 1833 lib.
1532 1773 1606 1832 11.
1634 1772 1691 1829 in
1708 1770 1986 1849 Decaloq.
2021 1789 2074 1830 c.
2111 1786 2290 1831 xxiii.

765 1892 937 1935 num.
973 1873 1109 1932 146.
1145 1872 1206 1929 et
1234 1885 1346 1927 nos
1376 1865 1646 1925 diximus
1682 1881 1874 1941 supra
1902 1862 2063 1940 disp.
2099 1865 2288 1923 XVII.

763 1969 833 2027 de
860 1963 1207 2044 obligatione
1232 1955 1574 2020 restituendi
1609 1975 1684 2015 ex
1719 1974 1785 2014 re
1827 1964 2083 2035 accepta,
2137 1962 2288 2017 sect.

765 2076 859 2120 111.
894 2076 1041 2136 ergo
1094 2054 1209 2115 sub
1252 2051 1504 2112 nomine
1554 2066 1971 2127 expensarum
2015 2067 2153 2126 quae
2186 2049 2296 2108 de-

766 2152 910 2214 duci
938 2150 1189 2222 debent,
1239 2144 1503 2223 intelligi
1548 2142 1735 2204 etiam
1783 2141 1970 2201 debet
2011 2141 2191 2201 labor
2232 2145 2296 2202 et

766 2263 958 2325 opera
987 2238 1382 2321 apponenda.

840 2339 1016 2400 Circa
1046 2332 1330 2394 eamdem
1359 2327 1701 2389 secundam
1722 2326 2147 2386 conditionem
2177 2327 2294 2388 du-

763 2430 949 2493 bitari
977 2430 1182 2507 potest
1208 2421 1505 2497 secundo,
1558 2439 1637 2480 an
1666 2438 1742 2479 ex
1784 2419 1957 2480 lucro
2005 2427 2291 2482 cessante

764 2522 1059 2587 solvendo
1082 2538 1117 2578 a
1139 2515 1514 2578 mutuatario
1537 2513 1764 2573 debeat
1786 2512 2023 2573 extrahi
2054 2514 2289 2593 aliquid

761 2712 868 2773 sed
915 2708 1104 2770 etiam
1158 2707 1390 2764 sortem
1435 2699 1658 2778 ipsam,
1719 2696 1815 2755 vel
1855 2702 2095 2775 partem
2126 2700 2290 2760 illius

761 2803 929 2885 quod
958 2799 1211 2862 subesse
1243 2798 1488 2873 poterat
1506 2792 1556 2852 si
1581 2789 1990 2867 negotiationi
2020 2810 2288 2870 expone-

758 2903 952 2971 retur,
986 2891 1213 2954 Molina
1235 2887 1395 2965 disp.
1420 2887 1555 2946 316.
1589 2884 1644 2961 ἓ.
1669 2882 1794 2942 Pro
1823 2882 1984 2942 lucro
2012 2894 2284 2962 cessante,

760 2997 822 3052 et
848 2991 903 3068 ἓ.
936 2984 1170 3066 penult.
1223 2979 1375 3039 dicit
1421 2975 1858 3037 deducendum
1887 2977 2119 3055 aliquid
2152 2997 2286 3039 esse

758 3101 870 3163 pro
901 3077 1175 3160 periculo
1207 3072 1423 3144 sortis;
1473 3071 1555 3131 ita
1585 3074 1655 3129 ut
1683 3068 1732 3127 si
1761 3069 2005 3129 lucrum
2035 3089 2286 3132 cessans

757 3175 1105 3238 deducatur
1131 3169 1194 3229 in
1240 3169 1489 3246 pactum
1539 3180 1663 3223 non
1711 3162 2194 3224 determinatum
2225 3168 2287 3227 et

753 3272 1034 3332 taxatum
1062 3262 1172 3323 sed
1201 3255 1747 3319 determinandum
1796 3274 1870 3314 ex
1918 3264 2167 3333 eventu,
2218 3277 2277 3319 v.

753 3383 816 3442 g.
851 3362 899 3422 si
930 3361 1146 3418 mutuo
1177 3354 1288 3414 das
1317 3350 1471 3410 mihi
1499 3349 1667 3409 mille
1700 3367 1942 3422 aureos,
1980 3369 2137 3428 quos
2167 3370 2280 3412 vo..

752 3455 926 3516 lebas
968 3444 1378 3528 negotiationi
1423 3460 1756 3521 exponere,
1809 3441 2022 3503 addito
2069 3448 2275 3522 pacto,

756 3552 824 3610 ut
848 3544 1089 3607 solvere
1137 3540 1402 3599 debeam
1450 3536 1614 3596 ultra
1660 3538 1915 3609 sortem,
1974 3541 2281 3613 quantum

753 3644 1013 3703 eventus
1041 3630 1401 3714 probaverit
1446 3628 1598 3687 alios
1636 3627 1696 3687 in
1743 3626 1840 3686 his
1869 3627 2281 3690 circuziistan-

748 3733 852 3796 tiis
880 3750 956 3792 ex
983 3725 1169 3790 simili
1199 3720 1620 3802 negotiatione
1649 3719 1921 3779 lucratos
1951 3740 2086 3780 esse
2112 3743 2126 3794 ;
2175 3723 2279 3783 de-

749 3825 898 3887 beat
922 3821 1110 3884 etiam
1140 3817 1201 3876 in
1232 3815 1451 3876 eodem
1503 3817 1684 3891 pacto
1715 3811 1979 3890 intelligi
2026 3815 2196 3892 quod
2226 3815 2280 3875 si

751 3922 1010 3978 eventus
1037 3906 1502 3978 monstraverit,
1565 3922 1688 3964 non
1731 3903 1933 3963 solum
1982 3911 2044 3966 te
2076 3906 2278 3967 lucra-

749 4016 956 4074 turum
989 4024 1115 4066 non
1161 4002 1349 4062 fuisse
1379 4017 1456 4057 ex
1502 3997 1608 4058 tali
1662 3997 2103 4074 negotiatione,
2166 4000 2278 4060 sed

747 4110 991 4185 partem
1022 4098 1208 4159 etiam
1239 4091 1520 4170 capitalis
1549 4089 1947 4166 amissurum,
2001 4096 2277 4153 tantum..

750 4197 893 4256 dem
922 4210 1034 4273 pro
1065 4194 1200 4250 rata
1230 4186 1495 4246 debeam
1542 4183 1656 4243 tibi
1695 4181 1901 4241 minus
1930 4184 2169 4245 solvere
2201 4205 2274 4246 ex

748 4289 885 4367 ipsa
908 4288 1073 4346 sorte
1102 4297 1289 4360 quain
1320 4274 1637 4349 mutuasti,
1671 4278 1740 4333 ut
1758 4281 2042 4336 servetur
2070 4295 2276 4356 aequa-

745 4382 908 4442 litas.
944 4376 1006 4439 Si
1037 4378 1248 4435 autem
1275 4375 1521 4431 taxetur
1547 4368 1791 4427 lucrum
1822 4386 2071 4430 cessans
2094 4370 2276 4450 juxta

685 4523 690 4528 .
744 4473 1023 4535 valorem
1051 4484 1239 4547 quem
1266 4481 1408 4542 spes
1427 4462 1590 4521 illius
1607 4479 1770 4520 nunc
1793 4460 2025 4522 habere
2045 4468 2269 4541 potest,

748 4565 975 4628 debeat
1005 4560 1085 4621 ad
1113 4558 1281 4618 hunc
1325 4555 1602 4614 valorem
1643 4554 1986 4614 taxandum
2035 4556 2276 4616 attendi

745 4677 871 4721 non
915 4655 1115 4717 solum
1169 4649 1250 4711 ad
1297 4644 1803 4707 incertitudinem
1850 4647 2042 4724 ipsius
2089 4649 2268 4725 lucri,

745 4750 856 4813 sed
886 4749 1073 4809 etiam
1102 4743 1181 4803 ad
1230 4738 1574 4821 periculum
1605 4739 1914 4815 capitaliS,
1968 4739 2054 4800 ita
2083 4746 2150 4801 ut
2180 4759 2273 4800 ra-

742 4845 913 4906 tione
944 4839 1131 4901 etiam
1149 4833 1403 4914 periculi
1436 4831 1619 4892 sortis
1636 4830 1869 4909 aliquid
1900 4832 1977 4891 de
2007 4833 2274 4893 aestima-

744 4938 911 4999 tione
938 4931 1098 4994 lucri
1123 4928 1460 5001 auferatur,
1496 4929 1558 4984 et
1585 4942 1657 4984 eo
1679 4925 1885 4983 minus
1904 4943 2017 5003 pro
2044 4944 2153 5004 spe
2182 4926 2274 4986 lu-

742 5031 834 5092 cri
871 5025 1032 5106 exigi
1063 5022 1277 5103 possit.

821 5117 1213 5184 Contrariam
1267 5110 1643 5173 sententiam
1690 5109 1918 5172 docent
1945 5113 2151 5187 SotuS,
2212 5115 2276 5172 et

741 5213 1052 5286 SaloniuS,
1105 5226 1262 5288 quos
1311 5206 1511 5278 affert,
1563 5206 1625 5262 et
1666 5203 1948 5282 sequitur
1977 5204 2155 5264 Salas
2204 5205 2267 5266 d.

741 5308 890 5372 dub.
924 5321 1025 5368 xx.
1058 5322 1121 5363 n.
1153 5304 1212 5362 8.
1259 5297 1409 5359 Mihi
1440 5301 1649 5356 tamen
1681 5296 1875 5357 multo
1905 5298 2105 5375 magis
2136 5297 2269 5376 pla-

740 5406 842 5464 cet
883 5394 1192 5462 sententia
1220 5388 1466 5453 Molinae
1515 5387 1724 5468 quoad
1770 5393 2103 5468 utramque
2135 5409 2273 5468 par-

740 5500 890 5572 tem,
915 5506 1104 5572 quem
1127 5484 1292 5546 male
1316 5482 1492 5545 Salas
1511 5500 1624 5560 pro
1645 5481 1848 5560 prima
1869 5483 2069 5543 solum
2095 5489 2271 5561 parte

1849 310 1850 313 ’
1933 298 2032 358 DE
2073 296 2429 359 JUsTl'rlA
2473 296 2574 356 ΕΤ
2615 297 2814 358 JURE

2402 473 2715 552 allegavit,
2763 492 2905 535 cum
2951 478 3282 553 utramque
3330 491 3618 552 expresse
3648 472 3950 533 docuerit

2400 566 2552 627 locis
2577 567 2680 627 cit.
2739 564 2818 628 Et
2846 567 3100 645 quidem
3148 567 3357 645 quoad
3390 567 3656 644 primam
3684 570 3949 645 partem

2402 660 2652 736 probari
2685 664 2887 737 potest
2911 660 3096 733 clare,
3144 660 3291 737 quia
3320 660 3400 718 ad
3430 659 3586 737 juste
3616 658 3944 719 aestiman-

2402 751 2547 810 dam
2577 771 2750 831 spem
2781 758 3152 830 praesentem
3199 753 3353 812 lucri
3399 753 3608 826 futuri,
3662 770 3798 811 uon
3841 768 3951 810 so-

2400 844 2527 903 lum
2566 845 2754 905 debet
2781 845 3019 905 attendi
3067 845 3413 923 periculum
3455 851 3515 905 et
3550 842 3949 903 incertitudo

2398 936 2590 1014 ipsius
2618 937 2795 1013 lucri,
2848 938 2955 998 sed
3000 938 3186 997 etiam
3216 938 3555 1016 periculum
3601 935 3950 997 amittendi

2398 1029 2684 1107 capitale,
2720 1031 2858 1108 plus
2888 1031 3053 1090 enim
3082 1031 3249 1091 valet
3275 1050 3419 1108 spes
3449 1035 3515 1092 ut
3543 1037 3820 1109 quatuor
3851 1029 3949 1088 lu-

2398 1122 2618 1182 crandi
2636 1125 2772 1183 100.
2809 1122 2940 1183 sine
2962 1123 3086 1185 ullo
3108 1124 3383 1201 periculo
3402 1124 3700 1202 capitaliS,
3740 1141 3947 1201 quam

2398 1214 2619 1275 eadem
2650 1234 2790 1292 spes
2819 1215 3096 1275 lucrandi
3126 1218 3220 1275 10.
3248 1234 3389 1276 cum
3412 1216 3679 1294 periculo
3716 1222 3948 1276 tamen

2396 1298 2721 1367 amittendi
2752 1308 2958 1386 ipsum
2989 1308 3253 1386 capitale
3285 1326 3299 1369 :
3335 1309 3502 1386 quod
3531 1327 3568 1368 a
3598 1308 3949 1386 posteriori

2396 1404 2659 1475 constat,
2693 1418 2837 1460 curn
2861 1419 2972 1478 pro
2994 1400 3453 1460 assecuratione
3476 1401 3759 1480 capitalis
3790 1420 3949 1478 pos-

2396 1492 2479 1553 sis
2510 1493 2850 1570 prudenter
2874 1494 3025 1553 dare
3053 1497 3151 1554 20.
3204 1494 3303 1553 vel
3335 1499 3432 1553 30.
3476 1495 3528 1553 ei
3558 1495 3660 1574 qui
3690 1495 3946 1574 capita-

2394 1585 2470 1645 lis
2497 1586 2842 1664 periculum
2872 1586 2935 1644 in
2980 1604 3045 1645 se
3092 1585 3454 1664 susciperet.
3517 1588 3581 1647 Si
3627 1606 3782 1663 ergo
3814 1606 3945 1665 pro

2397 1698 2505 1757 spe
2533 1678 2690 1739 lucri
2719 1698 2842 1739 non
2874 1679 3067 1757 possit
3095 1697 3259 1738 nunc
3283 1678 3688 1740 determinate
3721 1687 3791 1740 et
3818 1680 3947 1739 ab-

2396 1772 2594 1833 solute
2616 1773 2802 1850 exigi,
2833 1771 2947 1831 nisi
2969 1776 3273 1850 quantum
3293 1790 3437 1849 spes
3456 1773 3559 1831 illa
3584 1774 3948 1851 prudenter

2394 1865 2578 1941 valet,
2620 1883 3009 1944 consequens
3031 1869 3144 1940 est,
3177 1869 3246 1923 ut
3265 1883 3339 1924 eo
3361 1865 3486 1923 min
3499 1884 3567 1925 us
3594 1866 3762 1944 exigi
3783 1885 3947 1943 pos-

2395 1955 2494 2031 sit,
2553 1975 2674 2035 quo
2706 1957 2910 2015 minus
2942 1961 3036 2017 est
3060 1955 3403 2035 periculum
3436 1959 3714 2035 capitalis
3744 1960 3946 2020 amit-

2394 2050 2567 2110 tendi
2601 2070 2613 2110 ε
2648 2054 2835 2128 atque
2865 2050 3005 2110 ideo
3036 2050 3112 2109 ad
3146 2050 3489 2110 taxandum
3519 2052 3790 2129 pretium
3821 2053 3945 2113 cie-

2393 2144 2795 2203 terminatum
2823 2161 2934 2221 pro
2955 2161 3064 2221 spe
3085 2143 3236 2203 lucri
3270 2143 3458 2205 debet
3477 2145 3711 2205 attendi
3734 2146 3943 2206 etiam

2393 2236 2472 2295 ad
2502 2236 2849 2314 periculum
2906 2235 3073 2314 quod
3121 2235 3335 2296 subest
3389 2237 3583 2314 ipsius
3639 2239 3944 2319 capitalis

2392 2329 2743 2389 amittendi.

2473 2422 2706 2481 Rursus
2762 2421 2965 2500 quoad
3022 2421 3288 2499 primam
3346 2427 3607 2500 partem,
3668 2425 3938 2503 quando

2392 2513 2543 2572 nihil
2573 2513 3055 2574 determinatum
3109 2514 3395 2592 exigitur,
3455 2516 3565 2574 sed
3613 2518 3815 2578 solum
3862 2520 3935 2579 id
3987 2555 4094 2605 ω,

4005 2610 4102 2649 sm

2391 2607 2558 2684 quod
2582 2611 2840 2666 eventus
2859 2607 3302 2667 monstraverit
3320 2608 3690 2668 lucrandum
3705 2612 3930 2687 fuisse,

2389 2800 2571 2874 pacto
2598 2792 2820 2871 posito,
2864 2809 2983 2851 non
3019 2792 3248 2851 debere
3280 2796 3592 2855 mutuanti
3624 2797 3802 2856 reddi
3832 2803 3935 2858 to·

2386 2894 2515 2950 tam
2545 2892 2800 2960 sortem,
2860 2886 2970 2944 sed
3017 2886 3269 2963 dempta
3300 2905 3374 2944 ea
3420 2891 3600 2965 parte
3644 2908 3784 2968 quae
3813 2911 3936 2970 per

2387 2979 2875 3059 negotiationem
2907 2977 3248 3039 amittenda
3277 2979 3513 3041 fuisset.

2471 3075 2696 3146 Primo,
2749 3071 2896 3150 quia
2925 3076 2995 3131 ut
3038 3078 3321 3132 servetur
3351 3074 3679 3152 {equalitas
3708 3076 3771 3135 in
3804 3077 3933 3138 hoc

2385 3171 2591 3248 pact0,
2640 3163 3057 3226 mutuatarius
3085 3164 3287 3225 solum
3318 3165 3507 3228 debet
3533 3168 3802 3230 reddere
3832 3171 3927 3230 in-

2384 3261 2673 3320 demnem
2705 3261 3114 3333 mutuantem,
3146 3276 3255 3317 seu
3287 3259 3564 3337 obligare
3589 3279 3650 3321 se
3673 3263 3752 3322 ad
3774 3282 3928 3324 con—

2384 3353 2763 3412 servandum
2811 3368 2954 3409 eum
2986 3351 3048 3409 in
3100 3350 3204 3410 illo
3234 3357 3397 3412 statu
3440 3354 3502 3411 in
3535 3372 3660 3432 quo
3700 3355 3926 3418 fuisset

2382 3447 2583 3506 sinon
2615 3447 2982 3518 mutuasset,
3035 3462 3224 3521 quam
3273 3444 3751 3508 indemnitatem
3782 3469 3922 3510 mu-

2379 3542 2564 3599 tuans
2592 3537 2701 3597 tali
2729 3540 2911 3614 pacto
2931 3536 3180 3596 videtur
3200 3536 3448 3614 exigere
3483 3559 3496 3598 :
3530 3541 3583 3599 si
3602 3559 3753 3619 ergo
3781 3561 3922 3602 mu-

2379 3636 2684 3692 tuatarius
2714 3628 2941 3706 accipit
2968 3647 3157 3706 supra
3197 3647 3262 3688 se
3292 3629 3466 3689 illum
3496 3638 3753 3710 statum,
3803 3636 3921 3694 de-

2381 3724 2488 3785 bet
2514 3723 2714 3784 solum
2744 3721 2915 3781 illum
2948 3721 3285 3799 suscipere,
3339 3730 3649 3800 quatenus
3692 3747 3917 3788 revera

2378 3816 2595 3875 fuisset
2622 3815 2674 3874 si
2706 3832 2825 3873 non
2858 3814 3274 3891 praecessisset
3315 3823 3624 3894 mutuum,
3686 3839 3918 3899 nempe

2380 3927 2521 3968 cuin
2569 3906 2849 3987 ejusdem
2905 3907 3306 3967 incrementis
3357 3915 3419 3970 et
3465 3911 3913 3992 decrementi3‚

2379 4001 2662 4079 obligans
2691 4018 2756 4058 se
2785 3999 2865 4059 ad
2915 3998 3034 4059 hoc
3063 4004 3130 4059 ut
3168 4004 3584 4064 mutuatarius
3627 4026 3743 4067 nec
3774 4010 3915 4086 plus

2376 4095 2472 4155 vel
2504 4094 2709 4153 minus
2754 4093 3004 4166 habeat,
3057 4112 3245 4170 quam
3277 4095 3323 4154 si
3374 4114 3495 4156 non
3536 4106 3911 4178 mutuasset,

2376 4187 2483 4250 sed
2515 4187 2575 4246 in
2593 4186 2811 4246 eodem
2835 4189 2998 4246 statu
3019 4187 3388 4265 reperiatur,
3424 4190 3483 4249 in
3508 4209 3655 4270 que,
3690 4201 3914 4257 mutuo

2375 4300 2498 4341 non
2530 4279 2943 4358 praecedente,
2978 4278 3196 4340 fuisset
3228 4301 3241 4340 :
3289 4300 3412 4341 non
3444 4302 3592 4362 ergo
3622 4296 3917 4350 servatur

2377 4373 2718 4451 aequalitas,
2754 4372 2800 4430 si
2834 4370 2913 4429 ab
2944 4389 3016 4430 eo
3048 4372 3251 4432 solum
3280 4375 3565 4451 exigatur
3582 4378 3752 4439 idem
3784 4387 3915 4442 sta-

2375 4471 2474 4526 tus
2505 4465 2713 4542 quoad
2769 4481 2959 4522 unam
2992 4469 3255 4540 partem,
3317 4484 3443 4526 non
3499 4489 3649 4531 vero
3697 4475 3910 4551 quoad

2375 4558 2635 4618 alteram
2692 4575 2831 4635 quae
2878 4558 3256 4618 mutuatario
3315 4560 3522 4620 utilior
3577 4582 3713 4623 csse
3762 4586 3910 4645 pos·

2373 4655 2486 4711 set.

2457 4743 2709 4804 Probari
2729 4747 2934 4821 potest
2961 4743 3260 4819 secunde,
3285 4746 3430 4824 quia
3463 4766 3493 4805 a
3521 4757 3909 4816 mutuatario

2372 4837 2575 4897 solum
2604 4840 2806 4915 potest
2838 4835 3001 4912 exigi
3031 4834 3093 4893 id
3123 4837 3288 4913 quod
3322 4841 3519 4900 mutui
3551 4860 3743 4904 causa
3774 4867 3907 4907 mu-

2372 4934 2556 4990 tuans
2584 4929 2789 4987 minus
2819 4928 3028 5002 habet,
3063 4929 3112 4987 si
3143 4936 3353 4990 autem
3387 4933 3465 4991 ab
3515 4955 3589 4996 eo
3620 4940 3911 5016 exigatur

2371 5027 2573 5082 totum
2617 5021 2861 5091 lucrum
2892 5026 3299 5096 cessaturum,
3357 5030 3603 5088 retenta
3658 5050 3912 5111 semper

2374 5113 2751 5191 obligatione
2781 5113 3083 5172 reddendi
3115 5114 3178 5173 in
3221 5134 3620 5199 quocumque
3678 5131 3903 5186 eventu

2373 5211 2572 5267 totum
2627 5206 2892 5283 capitale
2946 5206 3211 5282 salvum,
3263 5209 3531 5286 exigitur
3573 5216 3905 5297 plusquam

2373 5305 2668 5360 mutuans
2699 5297 2834 5377 ejus
2863 5316 3053 5358 causa
3098 5299 3304 5361 minus
3334 5301 3605 5369 habeat:
3637 5311 3906 5392 exigitur

2373 5391 2539 5451 enim
2558 5391 2640 5451 ab
2669 5408 2743 5451 eo
2776 5395 2973 5452 totum
3002 5392 3245 5452 lucrum
3275 5411 3415 5454 cum
3439 5403 3777 5467 securitate
3807 5427 3901 5467 ca-

2372 5483 2613 5563 pitalis3
2649 5483 2817 5563 quod
2848 5484 3103 5563 quidem
3122 5491 3284 5548 esset
3299 5487 3580 5569 obligare
3620 5498 3794 5562 ilium
3821 5505 3900 5564 ad

2390 2700 2643 2777 probari
2672 2704 2875 2777 potest
2894 2699 3113 2758 eadem
3134 2701 3465 2775 sententia,
3491 2703 3811 2777 nimirum,
3846 2724 3932 2765 eo
3999 2663 4101 2756 ἓν(

4020 2781 4102 2863 ..Z
4194 2852 4197 2863 .
