4263 6376
608 698 685 755 22

508 822 593 918 ἕξ

597 837 623 920 ..5

623 824 676 920 es

680 826 763 923 5222.

523 4812 695 4867 Pignus,

539 4867 767 4920 hypotheca

494 4921 590 4976 quid
626 4920 723 4971 sint,
751 4924 794 4963 et

536 4986 746 5070 lam:

854 320 976 382 538

858 499 1112 562 omisit:
1163 519 1343 564 secus
1387 504 1437 564 si
1481 524 1607 566 non
1644 506 1972 586 requisivit
2009 505 2387 568 creditorem

856 596 1002 654 ante
1031 593 1329 658 debitoris
1358 597 1811 678 impotentiam.

938 687 1181 749 Finitur
1203 689 1547 769 fidejussi0‚
1580 693 1784 754 soluto
1806 693 2017 755 debito
2045 712 2085 755 a
2105 693 2387 756 debitore

765 840 808 869 a·
856 778 1216 859 principali,
1253 801 1376 843 non
1405 788 1615 846 tamen
1647 786 1699 846 si
1726 786 1791 846 id
1821 786 1990 867 quod
2020 787 2084 847 in
2112 786 2388 848 solutum

765 882 805 924 io
855 870 1072 932 datum
1102 876 1234 949 est,
1268 879 1487 955 postea
1516 878 1859 940 evincatur.
1911 878 2153 941 Finitur
2199 879 2385 941 etiam

852 964 1218 1027 remissione
1240 969 1591 1046 creditoris,
1624 972 1723 1031 vel
1752 972 1803 1032 si
1818 971 2152 1052 fidejussor
2177 990 2385 1033 succe·

853 1055 962 1117 dat
982 1057 1250 1120 debitori
1272 1060 1333 1120 in
1355 1061 1560 1140 bonis,
1593 1067 1662 1125 ut
1682 1063 1816 1143 ejus
1838 1064 2068 1138 haeres3
2103 1065 2156 1126 si
2175 1070 2385 1127 tamen

853 1148 1150 1229 obligatio
1178 1153 1570 1232 fidejussoria
1617 1161 1752 1217 erat
1806 1157 2016 1218 utilior
2063 1157 2388 1219 creditori·-

851 1241 969 1303 bus
998 1262 1191 1322 quam
1221 1245 1520 1325 obligatio
1549 1249 1887 1327 debitoris,
1935 1255 2007 1312 ut
2054 1252 2106 1311 si
2153 1251 2385 1315 arctius

853 1334 1164 1414 obligatus
1193 1344 1358 1401 esset
1386 1345 1448 1401 et
1473 1342 1733 1403 firmiori
1760 1343 2143 1422 obligatione
2168 1389 2183 1420 ,
2239 1362 2381 1423 per·

851 1433 1100 1490 severat
1127 1430 1262 1492 haec
1283 1431 1582 1512 obligatio
1605 1436 1814 1514 quoad
1842 1436 2016 1496 illum
2037 1454 2382 1501 excessum.

855 1519 1030 1580 Sicut
1059 1540 1093 1582 e
1122 1528 1375 1600 contra,
1437 1526 1487 1585 si
1534 1526 1784 1589 debitor
1811 1529 2109 1590 succedat
2136 1529 2384 1609 fidejus-

851 1611 1000 1688 sori,
1030 1621 1248 1676 manet
1273 1617 1585 1696 obligatus
1614 1624 1884 1699 utroque
1914 1622 2117 1698 titulo,
2151 1623 2202 1682 si
2232 1622 2384 1682 obli-

852 1703 1020 1782 gatio
1050 1706 1441 1786 fidejussoria
1484 1712 1651 1774 utilis
1697 1713 1778 1774 sit
1805 1713 1884 1773 ad
1913 1714 2148 1794 aliquid
2175 1715 2381 1774 credi-

851 1797 1129 1876 toribus,
1162 1802 1246 1861 ad
1279 1804 1448 1880 quod
1477 1823 1602 1866 non
1632 1811 1844 1884 posset
1871 1807 2190 1868 deservire
2221 1807 2381 1868 obli-

850 1890 1019 1968 gatio
1050 1891 1370 1971 debitoris,
1406 1902 1475 1958 ut
1503 1897 1770 1959 habetur
1797 1899 1860 1958 in
1889 1900 1930 1961 l.
1963 1900 2173 1961 Hoeres
2213 1921 2249 1960 a
2285 1899 2385 1961 de-

851 1981 1065 2059 bitore,
1114 1984 1171 2061 ἓ.
1206 1984 1379 2060 Quod
1401 1989 1457 2048 si
1478 1989 1611 2066 hic,
1668 1991 1734 2052 ff.
1782 1990 1853 2050 de
1879 1991 2146 2073 fidqy‘uss.
2203 1994 2383 2055 Unde

849 2074 996 2137 licet
1022 2080 1091 2138 ut
1121 2077 1320 2140 haeres
1347 2097 1470 2141 non
1503 2088 1789 2146 teneatur
1818 2085 1981 2146 ultra
2000 2086 2165 2146 vires
2184 2086 2382 2147 haere·

851 2167 1083 2244 ditatis,
1118 2170 1281 2232 facto
1310 2173 1696 2249 inventario;
1730 2177 1971 2239 ratione
1993 2183 2205 2240 tamen
2235 2180 2385 2241 alte-

849 2259 980 2320 rius
1008 2261 1406 2341 obligationis
1446 2269 1715 2347 propriae
1758 2271 1987 2348 poterit
2029 2272 2231 2332 teneri
2272 2272 2384 2332 ad-

852 2352 976 2413 huc
1004 2355 1415 2418 creditoribus
1448 2405 1461 2420 .
1497 2363 1630 2421 Non
1662 2367 1873 2423 tamen
1903 2363 2204 2425 liberatur
2227 2364 2384 2424 fide-

843 2444 1055 2524 jussor
1083 2465 1157 2508 ex
1185 2468 1261 2510 eo
1292 2453 1459 2530 quod
1489 2453 1762 2516 creditor
1797 2457 2136 2517 terminum
2166 2475 2384 2536 proro-

847 2540 1094 2617 gaverit
1123 2541 1410 2620 debitori,
1446 2547 1594 2624 quia
1613 2549 1971 2627 prorogatio
2002 2568 2127 2610 non
2159 2553 2253 2612 cst
2276 2568 2381 2610 no-

853 2631 1016 2692 vatio
1038 2633 1454 2713 obligationiS,
1490 2637 1608 2698 nisi
1636 2638 1697 2699 id
1716 2642 2120 2719 exprimatur,
2154 2648 2222 2704 ut
2237 2662 2381 2704 con·

847 2727 943 2785 tra
974 2724 1215 2803 aliquos
1244 2727 1430 2790 docet
1470 2747 1613 2791 cum
1650 2735 1969 2794 communi
1996 2735 2227 2796 Molina
2258 2735 2383 2796 dis-

850 2820 981 2894 put.
1013 2821 1152 2879 546.
1184 2820 1242 2898 §-
1311 2821 1523 2883 Utrum
1551 2832 1764 2901 autem,
1816 2827 1912 2887 cui
1941 2827 2105 2888 addo
2129 2874 2147 2903 ,
2197 2847 2379 2908 posse

847 2912 996 2970 tunc
1049 2911 1387 2991 aliquando
1435 2934 1548 2994 per
1603 2919 1891 2979 accidens
1945 2920 2380 3000 fidejussorem

845 3001 1120 3080 liberari,
1154 3007 1407 3084 quando
1437 3008 1673 3071 scilicet
1692 3010 1872 3090 juxta
1895 3013 2254 3091 supradicta
2275 3013 2378 3074 de·-

844 3093 1011 3156 bitor
1038 3101 1187 3158 tuno
1213 3104 1424 3177 posset
1450 3101 1729 3177 solvere,
1788 3104 1840 3164 si
1869 3105 1969 3165 vel
2010 3106 2127 3167 fuit
2177 3107 2378 3167 solum

847 3187 1188 3267 fidejussor
1215 3191 1663 3272 indemnitatis,
1696 3198 1796 3258 vel
1824 3198 1876 3258 si
1904 3199 2022 3261 fuit
2046 3200 2380 3280 fidejussor

845 3283 1196 3344 communis
1219 3330 1235 3362 ,
1287 3285 1564 3349 habebat
1588 3289 1961 3352 beneficium
1993 3293 2243 3371 praeviae
2273 3308 2379 3353 ex-

844 3375 1148 3437 cussionis
1172 3425 1186 3449 ‚
1240 3382 1303 3440 et
1345 3385 1725 3459 protestatus
1766 3384 1883 3445 suit
1922 3385 2239 3462 creditori,
2298 3405 2376 3446 ne

843 3468 1181 3529 terminum
1209 3477 1615 3551 prorogaret,
1667 3476 1777 3537 sed
1824 3476 2107 3539 debitum
2149 3482 2297 3540 tunc
2339 3497 2377 3538 a

844 3560 1126 3715 detbitore
1154 3563 1468 3643 exigeret,
1512 3572 1581 3628 ut
1606 3568 1791 3648 paulo
1822 3575 1968 3632 ante
1996 3570 2375 3649 explicatum

843 3672 909 3713 es
943 3700 958 3716 .

1326 4097 1899 4188 Ssscrlolt

1186 4401 1274 4463 De
1288 4402 1561 4484 piynore,
1594 4413 1649 4465 et
1679 4403 2023 4487 hypotheca.

925 4672 1013 4731 De
1046 4669 1142 4730 his
1171 4671 1368 4732 multa
1399 4670 1566 4732 dicta
1603 4678 1750 4734 sunt
1779 4672 1940 4751 disp.
1976 4689 2077 4733 xx.
2124 4679 2275 4734 sect.
2310 4678 2367 4733 4.

841 4763 1091 4843 agendo
1119 4764 1197 4824 de
1228 4764 1446 4825 ordine
1475 4766 1918 4842 restitutioniS‚
1951 4770 2015 4827 et
2041 4766 2120 4827 de
2150 4768 2372 4846 praela-

843 4858 1013 4919 tione
1033 4859 1275 4920 ratione.
1295 4858 1665 4937 hypothecae
1685 4859 2012 4936 tacitae,vcl
2029 4878 2337 4939 expressae
2357 4881 2373 4934 ·,

842 4956 1032 5033 atque
1061 4952 1255 5014 etiam
1301 4952 1533 5031 disput.
1566 4968 1711 5014 xxv.
1766 4951 1837 5014 de
1861 4962 2060 5013 mutuo
2090 4961 2145 5013 et
2172 4973 2371 5031 usura,

841 5051 993 5109 sect.
1018 5050 1078 5109 8.
1101 5046 1210 5108 ubi
1240 5046 1494 5125 quando
1525 5047 1761 5106 fructus
1781 5046 2058 5125 pignoris
2079 5047 2371 5123 debeant,

840 5140 940 5201 vel
969 5158 1094 5202 non
1125 5186 1143 5216 ,
1201 5139 1266 5199 in
1296 5145 1529 5201 sortem
1586 5139 1960 5218 computari.
2015 5142 2191 5200 Nunc
2238 5140 2376 5201 bre-

838 5234 1001 5296 viter
1028 5234 1318 5311 dicimuS,
1354 5232 1583 5313 pignus
1612 5233 1949 5312 aliquando
1973 5233 2157 5293 latius
2186 5235 2371 5311 sumi,

837 5332 1030 5409 prout
1058 5327 1542 5407 comprehendit
1576 5327 1766 5388 ctiam
1800 5325 2245 5404 hypothecam,
2280 5335 2374 5389 at-

839 5442 963 5503 que
992 5422 1077 5483 ita
1100 5421 1407 5500 accipitur
1433 5421 1496 5481 in
1519 5420 1966 5481 favorabilibus
1992 5439 2005 5480 ε
2042 5420 2379 5499 aliquando

838 5516 1076 5593 stricte,
1108 5516 1297 5595 prout
1317 5514 1528 5577 differt
1556 5513 1634 5574 ab
1656 5513 2037 5593 hypotheca,
2070 5518 2135 5575 et
2164 5513 2250 5577 ita
2280 5530 2381 5577 ac-

1976 331 2078 391 DE
2118 330 2476 393 JUSTITIA
2518 329 2620 390 ET
2663 328 2862 392 JURE

2486 502 2722 582 cipitur
2761 503 2824 563 in
2856 502 3110 564 odiosiS.
3171 502 3394 565 Differ-t
3433 503 3646 562 autem
3687 500 3894 580 pignus
3917 504 3979 564 ab

2487 596 2846 676 hypotheca
2874 596 3269 675 frequenter,
3321 594 3496 674 quod
3547 593 3768 673 pignus
3809 593 3981 656 sitres

2486 689 2756 765 mobilis,
2793 689 3152 767 hypotheca
3180 687 3560 762 immobilis,
3607 691 3674 747 ut
3699 687 3909 748 dicitur
3932 689 3981 748 in

2485 781 2529 843 l.
2562 781 2740 843 Plebs
2764 782 2820 860 §-
2854 781 3103 861 Piqnus,
3148 782 3211 842 ff.
3243 779 3319 841 de
3339 780 3503 842 verb.
3535 779 3737 859 siquis.
3772 779 3867 840 ubi
3894 781 3984 840 ad-

2486 874 2675 951 ditur,
2709 875 2947 937 dictum
2977 891 3115 935 esse
3139 874 3376 955 pimus,
3408 893 3449 935 a
3465 891 3692 954 puqno,
3725 873 3982 951 quiares,

2487 983 2627 1046 quae
2657 967 2905 1046 pignori
2934 968 3186 1042 dantur,
3217 985 3410 1027 manu
3437 966 3792 1029 traduntur.
3814 987 3840 1020 n
3867 967 3985 1026 Hac

2484 1064 2696 1121 tamen
2726 1059 3077 1121 differentia
3122 1077 3249 1120 non
3288 1065 3386 1121 est
3410 1059 3811 1133 universalis,
3865 1060 3986 1138 quia

2483 1152 2741 1214 mobilia
2760 1153 2948 1214 etiam
2968 1157 3231 1231 possunt
3245 1152 3683 1231 hypothecari,
3714 1157 3778 1212 et
3799 1152 3988 1212 immo-

2483 1244 2635 1305 bilia
2665 1245 3096 1324 oppignorari.
3131 1244 3498 1306 Differentia
3524 1263 3679 1322 ergo
3707 1244 3989 1304 universa·

2483 1335 2558 1397 lis
2587 1340 2704 1413 est,
2736 1337 2906 1416 quod
2935 1338 3164 1417 pignus
3184 1337 3454 1398 traditur
3469 1337 3790 1409 creditori,
3821 1336 3988 1416 hype—

2484 1429 2670 1491 theca
2698 1448 2821 1490 non
2843 1429 3135 1505 traditur,
3171 1434 3240 1491 ut
3260 1429 3531 1490 habetur
3555 1430 3622 1489 in
3633 1430 3693 1507 §-
3717 1428 3857 1489 uem
3874 1429 3989 1489 Sa·-

2482 1521 2678 1599 viana,
2715 1522 2933 1583 versic.
2969 1522 3120 1582 inter
3140 1522 3388 1603 piqnus,
3434 1525 3585 1584 Inst.
3615 1520 3693 1582 de
3715 1521 3911 1582 aetion.
3940 1529 3990 1583 et

2483 1612 2547 1672 in
2579 1614 2618 1675 l.
2654 1614 2731 1674 Si
2751 1632 2874 1674 rem
2896 1613 3145 1674 alienam
3168 1615 3432 1694 proprie.
3466 1616 3533 1675 ff.
3567 1613 3990 1695 &pigmen-tie-

2480 1719 2572 1784 ne,
2607 1711 2944 1787 utrumque
2986 1711 3199 1768 autem
3237 1719 3468 1767 nomen
3496 1709 3662 1768 solet
3687 1707 3990 1786 aliquando

2482 1799 2562 1859 ad
2593 1805 2927 1878 utrumque
2957 1800 3280 1879 usurpari,
3314 1800 3464 1879 quia
3484 1846 3502 1876 ,
3536 1804 3607 1861 ut
3631 1800 3857 1860 dicitur
3879 1801 3987 1861 inl.

2484 1891 2617 1968 Bes,
2648 1893 2705 1971 §-
2739 1892 2850 1953 ult.
2886 1893 2947 1953 ff.
2968 1890 3419 1972 depiqnoribm,
3461 1893 3991 1972 ‹cinterpignuffiet

2483 1983 2905 2064 hypothecam
2937 1989 3180 2046 tantum
3209 1986 3483 2046 nominis
3510 2003 3709 2047 sonus
3736 1986 3982 2060 differt„

2482 2081 2819 2156 utrumque
2875 2081 3089 2138 autem
3135 2079 3432 2139 convenit
3470 2079 3538 2138 in
3565 2078 3737 2140 hoo:
3780 2100 3808 2133 a
3837 2079 3990 2152 Quod

2482 2170 2564 2229 sit
2591 2189 2690 2229 res
2720 2169 3040 2248 subjecta,
3073 2187 3184 2231 seu
3214 2172 3496 2249 obligata
3522 2189 3640 2250 pro
3670 2171 3874 2232 debito
3895 2218 3911 2247 ,
3941 2179 3996 2232 ut

2482 2262 2599 2322 nisi
2629 2262 2996 2341 impleatur,
3031 2262 3178 2322 inde
3207 2263 3493 2325 satisfiat.
3525 2286 3556 2319 υ
3610 2264 3790 2326 Unde
3815 2264 3996 2324 eredi-

2481 2359 2577 2415 tor
2604 2355 2875 2433 acquirit
2892 2354 2996 2434 jus
3024 2355 3192 2415 reale
3223 2357 3284 2416 in
3319 2361 3591 2436 utroque
3622 2373 3798 2431 casu,
3829 2363 3891 2418 et
3910 2376 3992 2417 res

2481 2447 2622 2508 talis
2647 2494 2662 2522 ‚
2722 2447 2802 2507 ad
2843 2463 3307 2528 quemcumque
3349 2453 3671 2526 transeat,
3729 2468 3872 2510 cum
3907 2451 3989 2510 illo

2479 2541 2634 2600 reali
2664 2558 2853 2600 onere
2882 2541 3125 2602 transit.
3162 2542 3437 2620 Ideoque
3466 2541 3832 2623 hypotheca,
3861 2543 3990 2603 dici·

2478 2637 2599 2708 tur,
2634 2633 2811 2712 quasi
2837 2634 3134 2714 supposita
3160 2652 3283 2708 reS,
3316 2649 3429 2694 seu
3459 2636 3770 2714 subjecta.

2559 2725 2886 2786 Perficitur
2924 2725 3027 2786 hio
3056 2731 3421 2788 contractus
3466 2727 3682 2806 quoad
3725 2728 3990 2789 substan-
4087 2729 4101 2786 i

2478 2817 2648 2877 tialia
2677 2818 2809 2878 solo
2838 2833 3148 2879 consensu
3188 2820 3467 2880 exterius
3495 2839 3800 2898 expresso
3827 2822 3990 2881 eum
4049 2857 4100 2904 ᾗ...

2479 2910 2641 2972 circa
2674 2928 2774 2969 res
2801 2911 3115 2986 absentes,
3147 2912 3189 2973 l.
3226 2910 3277 2972 C
3280 2911 3622 2972 onerabitur
3642 2959 3659 2988 ,
3702 2918 3769 2974 et
3795 2914 3837 2974 l.
3869 2912 3990 2975 Cre·
4041 2913 4100 2960 μ’]

2477 3002 2663 3079 ditor,
2716 3004 2779 3065 ff.
2813 3002 2883 3063 de
2909 3004 3204 3083 pzqnort‘b.
3254 3009 3319 3066 et
3357 3005 3399 3065 1.
3437 3022 3481 3066 1.
3517 3005 3578 3065 in
3611 3007 3815 3084 princ.
3847 3008 3907 3067 ff.
3931 3006 3990 3065 de
4043 3025 4100 3054 a*

2464 3096 2769 3178 piynorat.
2795 3097 3037 3158 actione.
3074 3097 3252 3159 Unde
3282 3098 3347 3157 in
3378 3097 3551 3159 dicta
3576 3098 3621 3160 1.
3651 3116 3696 3160 ι.
3729 3100 3985 3172 infertur,

2475 3190 2525 3250 si
2556 3190 2615 3249 in
2649 3194 2971 3251 contractu
3003 3196 3323 3252 ostensum
3372 3192 3496 3253 fuit
3537 3208 3771 3254 aurum
3817 3196 3878 3254 in
3913 3194 3989 3273 pi·

2474 3301 2636 3362 gnus
2658 3329 2674 3360 ,
2723 3288 2786 3345 et
2811 3288 3030 3362 postea
3058 3283 3360 3345 traditum
3407 3284 3528 3346 ruit
3556 3286 3989 3359 aurichalcum,

2475 3392 2698 3437 aurum
2729 3376 2904 3455 prius
2948 3382 3271 3439 ostensum
3302 3392 3442 3438 esse
3471 3379 3734 3457 pignus.
3784 3380 3876 3442 Ad
3900 3380 3992 3441 de-

2476 3470 2963 3530 nominationem
2990 3474 3199 3531 tamen
3219 3470 3526 3549 pignoris,
3555 3486 3707 3550 qum
3735 3472 3991 3533 acciden-

2475 3562 2615 3623 talis
2646 3567 2761 3638 ost,
2795 3562 3158 3641 requiritur,
3191 3567 3263 3623 ut
3290 3562 3596 3647 diximus,
3626 3566 3902 3626 traditio.

2556 3655 2788 3733 Pignus
2817 3668 3068 3733 semper
3095 3660 3189 3717 est
3216 3675 3317 3716 res
3345 3656 3778 3720 determinata
3802 3702 3820 3735 ,
3867 3658 3990 3739 quia
4086 3678 4101 3735 ε

2472 3747 2635 3809 tradi
2685 3766 2809 3808 non
2837 3752 3045 3827 potest
3090 3766 3190 3808 res
3235 3748 3756 3813 indeterminata.
3809 3755 3992 3832 Hypo·
4051 3800 4103 3843 ,-

2475 3839 2658 3901 theca
2698 3859 2845 3901 vero
2891 3841 3231 3919 aliquando
3279 3845 3375 3903 est
3414 3842 3509 3902 rei
3550 3842 3989 3917 determinate,
4029 3838 4103 3913 ,ἡ

2475 3933 2810 4012 aliquando
2835 3951 3044 3993 rerum
3074 3933 3136 3993 in
3157 3934 3440 4009 confuse,
3475 3939 3547 3997 ut
3573 3936 3642 3996 in
3665 3936 3995 4017 hypotheca
4045 3914 4102 3963 ξ’

2473 4026 2754 4105 generali
2794 4026 3075 4086 omnium
3104 4026 3420 4087 bonorum
3442 4072 3460 4102 ,
3522 4028 3588 4087 in
3619 4046 3753 4109 qua
3797 4030 3996 4091 inu-lli-

2473 4125 2709 4196 guntur
2736 4118 2925 4180 etiam
2953 4119 3164 4181 futura
3187 4165 3203 4194 ,
3263 4119 3410 4181 licet
3436 4138 3569 4182 non
3601 4123 3990 4201 explicentur.

2474 4212 2828 4291 Aliquando
2860 4216 2954 4273 est
2982 4211 3339 4291 hypotheca
3366 4213 3575 4292 magis
3596 4215 3992 4293 particularis,

2476 4304 2584 4365 sed
2614 4305 3134 4380 indeterminata,
3186 4310 3255 4366 ut
3283 4306 3600 4366 bonorum
3638 4322 3787 4387 qua
3827 4308 3994 4368 haba

2473 4398 2537 4458 in
2568 4397 2745 4458 urbe.
2793 4400 3072 4476 Utraque
3113 4397 3417 4458 dividitur
3454 4397 3522 4457 in
3567 4404 3996 4479 express-met

2471 4491 2752 4552 tacitam.
2803 4491 3110 4568 Expressa
3159 4491 3556 4551 contrahitur
3601 4494 3995 4554 conventione

2474 4584 2769 4664 partium,
2794 4602 2933 4662 quae
2956 4583 3181 4644 dicitur
3199 4584 3678 4661 conventionalnk,
3715 4588 3817 4647 vel
3835 4586 3996 4646 etiam

2476 4678 2730 4737 decreto
2751 4676 2984 4756 judicis
3017 4697 3031 4736 :
3084 4676 3252 4755 quod
3282 4678 3473 4737 etiam
3503 4678 3769 4756 pig-nori
3796 4692 3998 4740 oonte-

2477 4771 2588 4846 nit,
2621 4774 2683 4831 et
2710 4769 3060 4848 appellatur
3080 4769 3307 4848 pignus
3323 4771 3716 4850 pretor-ima,
3751 4772 3832 4832 ad
3853 4768 3996 4851 quod

2477 4863 2816 4943 requiritur
2846 4862 3015 4941 quod
3048 4862 3318 4924 creditor
3343 4862 3638 4924 mittatur
3683 4866 3752 4926 in
3783 4878 4000 4945 posses-

2479 4956 2742 5032 sionem,
2777 4974 2888 5015 seu
2915 4955 3344 5016 detentionem
3370 4957 3762 5020 auctoritate
3768 4957 3996 5038 judicis.

2478 5048 2520 5109 l.
2553 5048 2688 5109 Non
2719 5056 2800 5108 est
2826 5048 3062 5125 mirum,
3100 5050 3162 5108 ff.
3197 5047 3269 5109 de
3285 5049 3533 5130 piqnor.
3560 5052 3796 5112 octabae
3821 5054 3998 5128 Hypo-

2479 5143 2694 5217 theca,
2739 5160 2850 5201 seu
2879 5141 3108 5221 pignus
3149 5142 3410 5202 tacitum
3440 5144 3848 5205 contrahitur
3871 5142 3999 5222 legis

2481 5233 2909 5315 dispositione,
2945 5253 3084 5312 quoe
3112 5234 3175 5294 in
3205 5236 3392 5295 certis
3421 5236 3681 5297 casibus
3711 5237 3777 5298 id
3807 5238 3998 5298 onusti-

2481 5328 2619 5404 tuit,
2655 5346 2812 5407 quos
2856 5327 2980 5387 late
3009 5328 3294 5406 congerit
3325 5328 3560 5390 Melina
3587 5328 3760 5409 disp.
3791 5334 3922 5392 336.
3948 5338 3996 5388 et

2478 5422 2727 5485 Lessius
2779 5436 2917 5499 cap.
2952 5438 3171 5482 xxviii.
3207 5421 3359 5484 dub.
3398 5426 3459 5483 6.
3511 5429 3579 5485 et
3613 5443 3736 5485 uos
3767 5424 3996 5485 adduxi-

2480 5534 2620 5577 mus
2674 5514 2841 5577 dictu
2885 5513 3115 5593 disput.
3149 5531 3251 5577 xx.
3312 5513 3385 5574 de
3409 5514 3617 5577 ordine
3644 5516 3992 5579 mimenni
