4263 6376
808 345 925 406 454

810 516 946 576 aliis
975 515 1183 575 locare
1208 519 1270 576 et
1299 515 1529 590 noluit,
1575 514 1674 574 vel
1716 514 1768 573 si
1797 513 2043 574 etiamsi
2071 532 2111 572 a
2138 512 2341 591 primo

809 608 1157 670 conductus
1197 626 1321 669 non
1362 607 1620 683 fuisset,
1666 624 1790 667 non
1833 606 2139 683 potuisset
2178 604 2345 664 inve-

809 702 946 762 nire
973 700 1164 760 alium
1193 700 1690 761 conductorem:
1737 699 1884 778 quia
1930 699 1991 758 in
2041 697 2140 758 bis
2188 696 2348 758 casi-

808 794 930 855 bus
959 791 1304 853 conductor
1332 811 1462 853 non
1487 795 1581 852 est
1605 810 1794 852 causa
1824 791 1993 870 quod
2022 789 2347 869 operarius

810 883 1168 946 mercedem
1196 883 1479 955 amittat;
1530 884 1638 944 sed
1685 883 1784 943 vel
1822 883 1955 962 ipse
1996 882 2341 962 operarius,

812 977 922 1057 qui
951 994 1076 1036 non
1096 976 1229 1036 vult
1256 995 1321 1035 se
1351 975 1487 1036 aliis
1517 976 1747 1052 locare,
1779 966 1879 1035 ve‘l
1901 975 2179 1036 defectus
2204 992 2348 1035 con·

812 1069 1146 1129 ductorum
1174 1069 1282 1148 qui
1313 1087 1439 1128 non
1470 1067 1905 1144 inveniuntur,
1940 1087 2054 1128 nec
2082 1065 2350 1127 inveniri

810 1164 1086 1240 possent,
1113 1160 1300 1221 etiam
1321 1179 1444 1221 non
1465 1161 1667 1239 posita
1682 1161 1886 1238 prima
1905 1159 2343 1221 conductione.

811 1255 931 1315 Pro
964 1271 1086 1331 quo
1118 1254 1300 1314 affert
1329 1252 1652 1312 Rebellum
1682 1254 1789 1313 lib.
1824 1254 1928 1314 IV.
1966 1256 2189 1332 quaest.
2215 1267 2344 1312 xlv.

813 1363 988 1405 num.
1021 1347 1117 1405 15.
1153 1344 1276 1405 Sed
1308 1362 1423 1404 nec
1453 1344 1541 1404 ibi
1569 1343 1761 1405 habet
1790 1344 2081 1405 Rebellus
2111 1363 2218 1404 nu.
2247 1347 2345 1405 15.

812 1455 931 1498 nec
960 1455 1100 1497 eam
1128 1436 1502 1497 sententiam
1542 1436 1762 1513 docet,
1809 1436 1933 1497 imo
1966 1437 2351 1498 contrarium

814 1548 989 1591 num.
1030 1533 1089 1591 9.
1138 1528 1235 1589 his
1264 1529 1473 1589 verbis
1509 1549 1522 1589 ε
1582 1550 1611 1585 «
1660 1531 1925 1590 Locator
1970 1533 2181 1589 tamen
2224 1545 2349 1588 non

813 1622 1023 1682 minus
1076 1620 1387 1681 mercedis
1429 1620 1660 1681 habere
1719 1619 1977 1681 deberet
2017 1621 2096 1680 de
2142 1620 2350 1699 rigore

813 1713 1097 1794 justitiae,
1131 1713 1186 1772 si
1227 1712 1385 1773 forte
1416 1731 1529 1791 per
1558 1712 1860 1773 malitiam
1890 1712 2192 1773 noluisset
2216 1731 2351 1773 rem

817 1804 1092 1865 secundo
1135 1805 1505 1865 conductori
1548 1804 1798 1880 locare,
1859 1804 1974 1865 etsi
2021 1804 2351 1866 commode

817 1901 1065 1977 posset,
1127 1914 1202 1957 eo
1251 1895 1420 1975 quod
1468 1897 1635 1957 nullo
1677 1897 1821 1975 jure
1859 1895 2118 1976 justitiae
2168 1915 2233 1957 se
2269 1897 2349 1957 ad

819 1988 1136 2068 agendum
1192 1988 1415 2066 prioris
1467 1987 1865 2049 conductoris
1913 1989 2234 2066 negotium
2288 1989 2352 2048 in

820 2081 1160 2161 quaerendo
1244 2081 1364 2141 alio
1461 2080 1844 2141 conductore
1930 2080 2302 2158 obligaverit
2334 2101 2347 2142 :

821 2173 1108 2252 quamvis
1138 2173 1397 2252 aequitas
1426 2172 1729 2248 suadeat,
1780 2177 1849 2233 ut
1874 2173 2111 2252 aliquid
2140 2174 2355 2235 remit-

819 2269 948 2340 tat,
981 2283 1056 2325 ac
1085 2269 1302 2326 contra
1331 2264 1701 2325 charitatem
1732 2263 2082 2343 delinquat,
2129 2266 2183 2325 si
2210 2284 2355 2326 cum

821 2359 1035 2438 posset
1062 2356 1194 2416 sine
1238 2374 1349 2416 suo
1395 2355 1793 2417 incommodo
1834 2356 2193 2417 indemnem
2222 2376 2357 2417 ma·-

822 2466 950 2528 gna
976 2466 1049 2508 ex
1079 2454 1255 2526 parte
1290 2448 1555 2508 reddere
1578 2449 1849 2527 primum
1880 2449 2351 2525 conductorem,

822 2540 1102 2601 locando·
1138 2558 1272 2601 rem
1301 2541 1575 2601 secundo
1598 2586 1614 2616 ,
1665 2558 1792 2600 non
1825 2544 2034 2601 tamen
2063 2541 2278 2603 faciat.
2318 2565 2347 2601 »

825 2635 904 2696 Et
930 2634 1218 2714 quamvis
1267 2652 1438 2695 num.
1471 2637 1532 2694 5.
1569 2633 1833 2694 obscure
1880 2635 2126 2695 locutus
2171 2635 2359 2696 fuerit

827 2726 1214 2787 confundens
1243 2744 1456 2786 casum
1479 2744 1601 2805 quo
1623 2725 1855 2787 locavit
1884 2739 2105 2805 operas
2137 2745 2359 2787 secun-

829 2818 910 2879 do
940 2818 1306 2880 conductori
1336 2865 1350 2895 ,
1401 2823 1463 2880 et
1499 2837 1712 2879 casum
1744 2837 1867 2898 quo
1896 2819 2103 2879 locare
2134 2819 2354 2898 potuit,

829 2914 892 2972 et
918 2910 1206 2971 videatur
1252 2911 1318 2971 in
1343 2914 1610 2990 utroque
1650 2928 1948 2971 excusare
1990 2911 2080 2994 ab⁷
2116 2912 2359 2991 integra

828 3003 1121 3063 mercede
1152 3002 1480 3076 solvenda;
1514 3021 1761 3082 semper
1789 3007 2000 3064 tamen
2029 3004 2092 3064 id
2113 3005 2357 3082 probat,

832 3095 981 3175 quia
1034 3095 1322 3174 iniquum
1370 3098 1533 3155 esset
1581 3094 1895 3174 duplicem
1941 3097 2363 3157 mercedema

833 3186 1096 3247 diversis
1138 3192 1458 3265 reportare
1482 3234 1497 3265 ‚
1533 3208 1673 3268 quae
1720 3188 1879 3250 ratio
1907 3188 2112 3251 solum
2142 3208 2363 3269 proce-

834 3279 946 3354 dit,
982 3279 1233 3358 quando
1265 3279 1342 3339 de
1370 3280 1533 3340 sacto
1562 3280 1793 3341 locavit
1817 3299 1884 3341 se
1914 3283 2189 3343 secundo
2218 3300 2362 3343 con-

835 3371 1104 3448 ductori,
1140 3376 1202 3433 et
1229 3372 1487 3433 tandem
1516 3392 1689 3435 num.
1724 3378 1783 3435 9.
1827 3373 2055 3435 clarius
2095 3375 2364 3454 explicat

834 3482 1012 3524 suam
1041 3468 1339 3540 mentem,
1373 3468 1442 3525 ut
1467 3465 1759 3543 vidimuS,
1794 3468 1858 3527 et
1882 3466 2113 3529 latetur
2141 3487 2217 3528 ex
2228 3469 2364 3547 jus-

834 3555 971 3617 titia
1017 3555 1233 3616 deberi
1279 3557 1591 3636 integram
1649 3558 2048 3635 mercedem,
2109 3560 2362 3639 quando

837 3648 1027 3709 etiam
1056 3665 1200 3708 cum
1227 3654 1440 3727 posset
1463 3667 1590 3710 non
1622 3668 1687 3709 se
1717 3651 1898 3711 alteri
1925 3651 2189 3728 locavit,
2220 3652 2366 3713 licet

837 3739 1176 3819 aliquando
1205 3744 1385 3820 putet
1427 3759 1561 3801 esse
1598 3747 1928 3820 peccatum
1967 3747 2186 3806 contra
2216 3744 2366 3804 cha-

837 3832 1086 3893 ritatem
1116 3834 1283 3913 quod
1314 3834 1569 3912 quidem
1611 3839 1935 3913 peccatam
1964 3836 2028 3896 in
2054 3836 2364 3898 locatione

838 3925 1062 3987 domus
1105 3930 1314 4005 posset
1352 3926 1595 3988 facilius
1624 3929 2021 4007 contingere,
2082 3949 2273 4009 quam
2303 3930 2364 3989 in

834 4019 1146 4080 locatione
1175 4037 1459 4097 personae
1483 4065 1499 4095 ,
1552 4037 1691 4100 quae
1722 4021 1977 4099 quidem
2005 4040 2130 4083 non
2160 4025 2366 4101 potest

838 4111 971 4171 sine
1001 4110 1398 4171 incommodo
1438 4111 1671 4171 laboris
1714 4112 1888 4175 alteri
1918 4113 2134 4175 locari.
2187 4114 2367 4174 Deni-

840 4221 961 4284 que
985 4249 1001 4279 ,
1051 4204 1338 4282 quamvis
1392 4222 1563 4265 num.
1598 4208 1658 4265 5.
1694 4205 1862 4267 dicat
1887 4252 1902 4282 ,
1959 4207 2193 4269 nullam
2232 4226 2367 4268 esse

839 4295 1146 4357 rationem
1178 4341 1194 4371 ,
1238 4316 1266 4351 «
1308 4314 1501 4375 quare
1548 4298 1790 4357 ratione
1829 4297 2062 4359 laboris
2092 4305 2156 4361 et
2183 4318 2370 4361 occu-

839 4387 1108 4468 pationis
1127 4433 1143 4464 ,
1193 4406 1381 4467 quem
1410 4394 1685 4466 excusat,
1721 4408 1844 4451 non
1864 4395 2152 4454 teneatur
2180 4393 2366 4455 etiam

840 4480 1296 4560 aliquantulum
1323 4481 1640 4559 pensionis
1670 4482 1985 4543 remittere
2017 4485 2199 4564 juxta
2229 4504 2370 4563 pru·

841 4572 1043 4634 dentis
1072 4573 1399 4634 arbitrium
1445 4593 1557 4652 pro
1589 4575 1936 4654 quantitate
1975 4576 2206 4637 laboris
2229 4623 2245 4653 ,
2298 4596 2370 4638 ac

840 4665 1160 4742 temporis,
1184 4688 1212 4722 n
1251 4670 1467 4743 postea
1494 4670 1705 4727 tamen
1733 4685 1904 4728 num.
1930 4672 1989 4729 7.
2015 4668 2135 4730 hoc
2164 4669 2370 4748 ipsum

842 4757 1138 4835 explicat,
1184 4762 1247 4818 et
1286 4759 1511 4819 limitat
1554 4758 1648 4818 his
1677 4758 1884 4820 verbis
1928 4779 1942 4820 ε
2004 4761 2124 4823 «Si
2158 4767 2368 4824 tamen

837 4850 1077 4910 locator
1104 4848 1238 4928 ejus
1265 4851 1425 4911 foret
1452 4850 1708 4929 ingenii,
1743 4854 1811 4911 ut
1829 4852 2163 4930 optabilius
2192 4855 2246 4913 ei
2279 4874 2370 4915 es·

838 4946 935 5004 set
959 4943 1048 5003 ita
1075 4943 1363 5003 laborare
1394 4961 1582 5022 quam
1611 4944 1811 5020 etiari,
1846 4945 1998 5006 nihil
2028 4947 2105 5006 de
2137 4965 2371 5008 merce-

839 5035 917 5096 de
944 5036 1356 5096 minuendum
1385 5040 1588 5112 esset,
1654 5037 1772 5096 nisi
1812 5037 1933 5098 alia
1980 5039 2370 5101 diminuendi

837 5147 1028 5191 causa
1072 5129 1373 5190 subesset.
1415 5151 1443 5187 n
1501 5129 1699 5202 Quam
1744 5130 2206 5193 distinctionem
2256 5152 2370 5195 nos

835 5222 1024 5283 etiam
1072 5241 1217 5282 cum
1270 5222 1501 5283 Molina
1549 5240 1622 5281 ex
1669 5228 1843 5302 parte
1878 5225 2367 5302 approbavimus

835 5335 1026 5394 supra
1052 5316 1211 5393 disp.
1246 5318 1350 5376 XI.
1395 5315 1464 5376 de
1507 5315 1867 5375 restitutione
1905 5315 1975 5376 ob
2018 5317 2268 5397 injurias
2307 5320 2366 5379 in

836 5407 984 5468 bona
1010 5409 1291 5488 corporis,
1324 5413 1475 5469 sect.
1509 5426 1577 5468 11.
1612 5427 1738 5469 non
1767 5413 1862 5470 est
1890 5427 2039 5487 ergo
2068 5412 2362 5471 receden-

836 5501 986 5562 dum
1016 5520 1054 5561 a
1081 5501 1398 5562 communi
1427 5500 1665 5579 regula,
1699 5500 1867 5583 quod
1897 5503 2240 5566 conductor
2269 5509 2362 5567 te-
2402 5494 2405 5501 ’

1965 339 2068 399 ΠΕ
2108 338 2464 399 JUSTITIA
2508 338 2609 398 ET
2651 281 2852 399 JlJRE

2446 516 2670 572 neatur
2708 529 2821 590 per
2848 530 2914 570 se
2943 509 3256 589 loquendo
3287 510 3368 570 ad
3397 509 3708 588 integram
3735 524 3988 568 merce-

2446 604 2591 664 dem
2619 602 2984 664 solvendam
3009 649 3023 678 ,
3061 602 3312 682 quando
3342 621 3456 681 per
3481 601 3823 663 locatorem
3852 617 3987 659 non

2445 700 2569 757 stat
2596 695 2764 774 quod
2794 695 2929 774 ejus
2958 712 3151 774 opera
3180 698 3389 754 utatur
3422 714 3436 755 ε
3489 712 3629 774 quae
3668 693 3894 771 regula
3924 691 3989 751 in

2444 789 2689 849 locante
2720 806 2976 865 operam
3006 804 3184 847 suam
3212 787 3421 847 locum
3451 785 3842 864 potissimum
3878 783 3989 842 ha-

2444 880 2572 957 bet,
2606 884 2677 942 ut
2702 884 2947 940 constat
2982 897 3057 939 ex
3099 879 3140 939 l.
3176 877 3301 938 Sed
3323 876 3531 954 addes,
3580 878 3636 955 ἓ.
3677 875 3827 938 Cum
3857 874 3991 956 qui·

2445 972 2601 1049 dam,
2655 974 2718 1033 ss'.
2751 973 2961 1049 locati,
3014 971 3110 1032 his
3138 971 3346 1031 verbis
3380 987 3395 1035 ε
3468 972 3680 1032 «Cum
3724 968 3990 1048 quidam

2448 1069 2742 1143 exceptor
2771 1082 2995 1143 operas
3021 1082 3166 1124 suas
3184 1063 3473 1138 locasset,
3509 1061 3734 1122 deinde
3764 1061 3839 1136 is,
3877 1059 3990 1139 qui

2448 1176 2555 1218 eas
2583 1156 2988 1232 conduxerat,
3024 1156 3447 1227 discessisset;
3480 1156 3828 1232 Imperator
3857 1155 3994 1213 An-

2447 1250 2656 1312 tonius
2704 1249 3024 1326 rescripsit
3069 1248 3149 1307 ad
3196 1248 3477 1308 libellum
3524 1246 3878 1323 exceptoris
3928 1244 3994 1304 in

2448 1342 2584 1403 haec
2612 1341 2806 1402 verba
2839 1361 2852 1401 :
2890 1340 3040 1401 Cum
3056 1359 3172 1421 per
3205 1348 3261 1400 te
3284 1359 3399 1399 non
3424 1339 3642 1399 stetisse
3657 1356 3989 1418 proponas,

2449 1434 2754 1515 quominus
2779 1433 2997 1495 locatas
3025 1451 3229 1514 operas
3261 1432 3515 1493 Antonio
3536 1429 3783 1512 Aquilio
3807 1429 3994 1489 solve·

2449 1546 2540 1587 res
2551 1546 2576 1602 ,·
2613 1527 2669 1587 si
2690 1525 2884 1587 eodem
2921 1545 3073 1585 anno
3103 1524 3388 1585 mercedes
3427 1524 3501 1585 ab
3540 1522 3654 1584 alio
3682 1542 3797 1582 non
3824 1540 3995 1582 acce-

2438 1619 2617 1700 pisti,
2667 1618 2845 1699 fidem
2887 1626 3215 1678 contractus
3262 1617 3499 1698 impleri
3537 1634 3770 1697 oequum
3811 1624 3922 1678 est.
3957 1637 3985 1670 ι)

2450 1711 2572 1774 Ubi
2599 1712 2854 1773 adverte
2896 1728 3021 1770 non
3051 1710 3280 1770 dixisse
3305 1756 3320 1786 ,
3365 1709 3422 1770 si
3444 1707 3727 1769 mercedes
3773 1707 3845 1766 ab
3876 1706 3995 1767 alio

2449 1804 2711 1884 accipere
2747 1823 2861 1863 non
2879 1803 3145 1883 potuisti,
3189 1802 3300 1862 sed
3330 1802 3566 1864 solum:
3611 1801 3667 1861 si
3701 1798 3995 1860 mercedes

2449 1915 2564 1955 non
2591 1895 2882 1977 accepisti,
2943 1896 3112 1975 quod
3168 1896 3338 1956 idem
3366 1894 3635 1956 habetur
3679 1913 3756 1954 ex
3795 1893 3839 1957 l.
3878 1892 4000 1968 Qui

2450 2006 2677 2069 operas,
2710 1991 2773 2049 ff.
2809 1988 3003 2064 locati,
3037 1991 3098 2050 et
3125 1988 3284 2049 aliis.
3317 1990 3447 2049 Hoc
3476 1987 3821 2065 supposito,

2532 2081 2863 2142 Dubitatur
2888 2080 3124 2159 primo,
3161 2099 3241 2139 an
3272 2080 3524 2159 quando
3554 2084 3697 2139 ante
3737 2077 3993 2138 finitum

2451 2176 2699 2251 tempus
2717 2173 2988 2232 famulus
2999 2172 3285 2248 discedit,
3320 2171 3548 2233 debeat
3567 2172 3623 2231 ei
3644 2170 3800 2231 solvi
3816 2188 3992 2229 mer-

2453 2284 2558 2326 ces
2585 2265 2829 2343 integra
2855 2265 3156 2343 temporis
3185 2264 3490 2344 praeteriti
3535 2284 3548 2325 ε
3599 2262 3768 2343 quod
3819 2262 3996 2322 idem

2455 2358 2653 2438 quaeri
2672 2361 2898 2435 potest,
2924 2357 3177 2437 quando
3200 2357 3490 2417 dominus
3512 2375 3653 2416 eum
3675 2359 3820 2415 ante
3847 2355 3996 2415 fini-

2454 2454 2588 2512 tum
2603 2455 2850 2528 tempus
2866 2450 3138 2529 expellit,
3161 2468 3237 2508 an
3257 2448 3484 2510 debeat
3499 2449 3738 2509 solvere
3753 2465 3996 2507 merce-

2457 2543 2601 2603 dem
2617 2542 2858 2620 integra
2880 2562 2921 2599 n
2938 2542 3239 2620 temporis
3255 2540 3421 2621 quod
3438 2539 3751 2601 restabat?
3765 2539 3997 2619 Loqui·

2455 2654 2596 2695 mur
2610 2640 2821 2695 autem
2840 2635 2916 2694 de
2939 2634 3319 2711 obligatione
3332 2633 3494 2712 juris
3512 2637 3776 2708 natur-ee,
3810 2637 3874 2693 et
3896 2651 4001 2692 se·

2456 2728 2642 2789 clusis
2657 2727 2897 2805 legibus
2912 2724 3307 2804 specialibu3‚
3329 2743 3469 2804 quae
3490 2724 3720 2785 alicubi
3734 2743 3870 2785 esse
3894 2743 4001 2784 so·

2456 2820 2607 2895 lent,
2639 2838 2795 2899 quas
2825 2819 2948 2879 late
2978 2819 3172 2879 refert
3199 2817 3277 2877 dc
3300 2817 3444 2896 jure
3474 2817 3758 2878 Castellae
3787 2821 3848 2876 et
3877 2819 4002 2877 Lu·

2458 2913 2683 2989 sitano,
2717 2912 2928 2974 Molin.
2982 2911 3142 2991 disp.
3176 2914 3316 2973 505.
3352 2914 3413 2971 et
3438 2913 3577 2972 506.
3613 2928 3752 2989 quae
3780 2914 4003 2971 tamen

2457 3005 2630 3084 leges
2660 3023 2781 3066 non
2812 3004 3126 3083 obligant,
3160 3022 3305 3065 cum
3333 3003 3617 3083 poenales
3646 3002 3803 3076 sint,
3848 3007 4004 3063 ante

2460 3098 2855 3173 sententiam,
2889 3101 2956 3157 ut
2984 3097 3223 3158 notavit
3252 3096 3417 3156 idem
3446 3096 3591 3158 Mol.
3656 3095 3817 3174 disp.
3849 3098 4000 3156 506.

2460 3209 2634 3251 num.
2667 3195 2725 3250 4.
2778 3191 3075 3267 Suppono
3125 3190 3314 3251 etiam
3360 3208 3435 3249 ex
3464 3188 3746 3267 proxime
3788 3187 4000 3263 dictis,

2462 3282 2713 3362 quando
2744 3282 3033 3344 dominus
3079 3282 3210 3342 sine
3245 3281 3418 3361 justa
3460 3300 3651 3342 causa
3690 3281 4007 3342 famulum

2463 3380 2607 3437 ante
2634 3375 2879 3437 finitum
2908 3379 3155 3454 tempus
3183 3379 3541 3436 contractus
3569 3373 3838 3452 expulit,
3892 3374 4007 3433 de-

2459 3469 2610 3530 bere
2637 3470 2832 3528 totam
2861 3466 3218 3527 mercedem
3247 3467 3493 3527 solvere
3514 3513 3530 3541 ,
3576 3465 3691 3526 nisi
3724 3466 4008 3526 famulus

2463 3560 2754 3640 expulsus
2783 3578 2859 3620 ea
2887 3559 3211 3621 occasione
3236 3606 3251 3637 ,
3284 3577 3539 3639 operam
3594 3576 3776 3619 suam
3819 3558 4009 3620 alteri

2466 3672 2643 3733 aeque
2686 3653 2925 3714 utiliter
2958 3652 3223 3728 locavit,
3282 3652 3379 3712 vel
3419 3651 3543 3711 alia
3589 3651 4006 3730 occupatione

2464 3746 2896 3825 compensavit
2940 3745 3056 3806 sibi
3102 3749 3304 3806 totum
3341 3744 3495 3805 illud
3523 3744 3804 3816 lucrum;
3855 3763 4008 3805 cum

2464 3857 2579 3918 per
2605 3838 2907 3899 famulum
2937 3856 3062 3899 non
3090 3838 3331 3898 steterit
3354 3837 3524 3916 quod
3542 3836 3838 3897 dominus
3866 3837 4010 3915 ejus

2467 3949 2657 4010 opera
2686 3932 2776 3991 uti
2803 3931 3095 4010 potuerit.
3126 3931 3217 3990 Ex
3245 3948 3436 3991 causa
3462 3933 3672 3991 tamen
3702 3946 3867 3989 nova
3895 3948 4009 4008 po·

2465 4024 2614 4087 terit
2640 4024 2932 4085 dominus
2961 4042 3105 4085 eum
3137 4024 3447 4102 expellere
3471 4068 3486 4099 ‚
3532 4025 3602 4083 ut
3628 4026 3806 4082 notat
3833 4022 4012 4082 idem

2464 4118 2695 4180 Molina
2723 4116 2844 4193 ibi,
2897 4116 3044 4196 quia
3095 4116 3356 4176 intentio
3390 4113 3898 4176 contrahentium
3930 4132 4013 4175 ea

2467 4229 2602 4271 esse
2634 4210 2897 4270 videtur.
2931 4211 3018 4269 De
3041 4208 3183 4288 jure
3215 4212 3424 4269 autem
3458 4212 3699 4267 naturae
3727 4206 4013 4267 famulus

2467 4303 2602 4365 sine
2635 4303 2819 4381 culpa
2848 4301 3086 4362 domini
3132 4301 3432 4362 recedens
3481 4318 3606 4360 non
3650 4304 3858 4377 potest
3885 4299 4016 4359 im-

2465 4396 2683 4474 primis
2710 4393 3066 4454 mercedem
3096 4393 3394 4472 temporis
3426 4392 3865 4471 subsequentis
3901 4410 4011 4452 ac-

2467 4488 2698 4566 cipere,
2732 4487 2842 4547 sed
2870 4487 2921 4546 si
2951 4505 3089 4548 eam
3112 4487 3248 4565 jam
3277 4489 3640 4563 acceperat,
3673 4483 4015 4545 restituere

2470 4579 2658 4641 debet
2687 4599 2702 4640 ι
2735 4583 2982 4640 tenetur
3009 4577 3197 4639 etiam
3217 4577 3423 4637 redire
3453 4576 3532 4635 ad
3553 4575 3908 4652 dominum,
3943 4580 4020 4638 ut

2469 4676 2598 4734 toto
2630 4672 2839 4732 debito
2867 4676 3149 4751 tempore
3194 4670 3494 4731 inserviat
3521 4674 3583 4730 et
3610 4672 4017 4730 contractum

2470 4765 2793 4839 observet3
2846 4782 2972 4825 non
3010 4767 3221 4826 tamen
3251 4763 3500 4825 videtur
3527 4761 3820 4822 dominus
3846 4761 4019 4822 ohli-

2470 4858 2716 4937 gandus
2763 4856 2844 4918 ad
2872 4875 3016 4917 eum
3045 4857 3270 4916 iterum
3301 4855 3734 4934 recipiendum
3757 4901 3773 4930 ‚
3822 4853 3873 4914 si
3909 4873 4018 4914 re-

2472 4969 2683 5011 cessus
2709 4950 2811 5009 ille
2831 4949 3052 5009 saltem
3081 4948 3468 5009 existimetur
3480 4947 3801 5008 moraliter
3818 4947 4018 5025 culpa

2469 5043 2611 5104 talis
2639 5043 2701 5101 in
2732 5042 3057 5102 dominum
3080 5087 3096 5116 ‚
3145 5046 3214 5102 ut
3248 5046 3507 5120 propter
3535 5040 3785 5117 culpam
3810 5038 4015 5098 aliam

2470 5152 2647 5215 aeque
2690 5152 2949 5213 gravem
3001 5133 3306 5212 potuisset
3352 5131 3645 5192 dominus
3692 5131 4015 5209 expellere

2469 5227 2654 5288 domo
2704 5227 3003 5286 famulum
3057 5230 3339 5306 tempore
3391 5224 3672 5286 nondum
3727 5222 4008 5301 expleto.

2466 5322 2741 5381 Tenetur
2769 5320 2958 5380 etiam
3003 5320 3275 5379 famulus
3304 5335 3713 5397 compensare
3744 5316 4014 5377 domino

2466 5431 2577 5490 pro
2607 5417 2735 5473 toto
2767 5412 2886 5472 alio
2917 5411 3170 5487 damno,
3205 5411 3372 5491 quod
3394 5429 3584 5471 causa
3603 5410 3766 5470 illius
3785 5408 4015 5487 injusti

2464 5505 2772 5566 discessus
2801 5504 3062 5565 incurrit
3089 5504 3378 5565 dominus
3405 5503 3470 5563 in
3500 5522 3566 5564 se
3585 5549 3602 5580 ,
3647 5504 3744 5563 vel
3774 5502 3830 5562 in
3862 5503 4013 5565 suis
