4263 6376
674 5010 753 5069 4ss

993 354 1111 411 404

993 532 1055 589 et
1085 528 1260 589 Salas
1281 526 1430 587 dub.
1489 542 1549 586 x.
1584 544 1757 587 num.
1815 528 1875 586 4.
1935 524 2180 598 saltem,
2232 524 2346 584 nisi
2393 525 2532 603 lege

2155 348 2256 407 DE
2298 347 2652 408 JUS'rlTIA
2699 348 2798 408 ΕΤ
2841 348 3043 409 JURE

2636 523 2927 602 habehat,
2959 526 3008 586 si
3037 530 3258 606 postea
3283 528 3608 591 solutionis
3636 535 3890 607 tempore
3912 549 4051 610 perce

992 621 1418 699 prohibeatur.
1450 621 1613 697 Ergo
1659 619 1805 679 licet
1845 618 1911 677 in
1941 617 2164 678 eodem
2192 617 2330 678 loco
2363 617 2533 677 idem
2632 617 2904 696 ptibilis,
2945 624 3006 679 et
3035 620 3326 680 notabilis
3355 622 3619 682 variatio
3661 622 3726 681 in
3754 623 3927 683 valore
3947 625 4051 686 facta

991 732 1236 792 semper
1262 713 1342 773 sit
1369 712 1547 773 valor
1572 711 1792 790 legalis
1824 712 2142 789 pecuniae3
2178 710 2411 788 poterit
2439 714 2530 770 ta-

988 824 1133 866 men
1176 806 1419 866 lucrum
1450 807 1577 883 peti
1620 809 1876 883 propter
1906 804 2220 864 diversam
2262 803 2527 863 {estima-

988 899 1225 959 tionem
1254 898 1502 958 diverso
1548 901 1830 975 tempore
1860 898 2156 958 futuram.
2205 897 2385 958 Ratio
2417 914 2528 955 au-

985 995 1114 1051 tem
1143 996 1274 1067 est,
1336 991 1485 1070 quia
1532 990 1630 1050 lex
1676 996 1900 1051 taxans
1930 990 2213 1051 valorem
2243 989 2525 1068 pecuniae

984 1083 1287 1161 legalem,
1350 1087 1418 1143 ut
1462 1102 1629 1161 saepe
1678 1083 1947 1143 diximus
1981 1130 1996 1160 ,
2056 1082 2258 1143 solum
2290 1081 2527 1160 obligat

984 1176 1364 1251 creditoreS,
1400 1179 1469 1237 ut
1499 1195 1638 1235 eam
1670 1180 2000 1253 acceptent
2044 1194 2157 1253 pro
2206 1178 2378 1236 tanto
2410 1193 2520 1235 va-

981 1269 1134 1345 lore,
1171 1273 1232 1330 ct
1251 1268 1567 1330 debitores
1596 1287 1673 1328 ne
1702 1268 1874 1328 illam
1903 1267 2112 1328 invitis
2143 1268 2388 1329 solvant
2407 1285 2518 1346 pro

980 1361 1211 1440 majori
1242 1362 1455 1422 valore
1490 1381 1503 1421 ε
1546 1380 1671 1421 non
1713 1365 1926 1422 tamen
1970 1361 2209 1439 obligat
2238 1379 2521 1421 commu-

981 1454 1163 1531 niter,
1184 1473 1260 1514 ne
1279 1454 1517 1532 possint
1533 1454 1973 1515 contrahentes
1993 1458 2213 1532 sponte
2236 1453 2518 1532 accipere

979 1564 1094 1625 pro
1125 1546 1349 1626 majori
1379 1547 1591 1607 valore
1613 1592 1628 1622 ,
1666 1548 1916 1608 attentis
1947 1546 2082 1606 aliis
2111 1547 2520 1607 circumstan-

977 1639 1079 1700 tiis
1108 1639 1364 1719 majoris
1396 1640 1893 1717 commoditatiS,
1929 1639 2201 1701 raritatis
2224 1686 2239 1716 ,
2273 1640 2517 1719 ponde-

975 1732 1082 1808 riS,
1118 1733 1214 1793 vel
1245 1732 1556 1792 similibus
1584 1752 1596 1793 :
1634 1751 1750 1811 ego
1772 1751 2020 1810 semper
2040 1737 2324 1792 remanet
2346 1732 2518 1792 valor

975 1825 1275 1885 naturalis
1331 1829 1393 1887 et
1418 1826 1696 1904 vulgaris
1716 1872 1731 1902 ,
1794 1824 1971 1904 cujus
2014 1824 2514 1885 consideratione

973 1917 1169 1996 possit
1213 1918 1438 1996 aliquis
1468 1917 1735 1995 pecunia
1790 1917 2012 1978 eadem
2069 1917 2263 1994 pluris
2308 1917 2373 1976 in
2417 1916 2513 1976 his

974 2029 1165 2089 quam
1205 2010 1266 2069 in
1319 2010 1438 2069 illis
1469 2009 1952 2072 circumstantiis
1984 2010 2310 2086 aestimari,
2368 2010 2515 2071 licet

973 2121 1222 2180 semper
1288 2102 1557 2163 retineat
1626 2102 1921 2162 eumdem
1989 2102 2270 2162 valorem
2337 2102 2512 2181 lega·

970 2194 1120 2256 lem.

1054 2287 1204 2349 Ideo
1258 2287 1442 2348 tertio
1498 2287 1836 2365 respondet
1875 2287 2054 2348 aliter
2103 2290 2170 2347 P.
2222 2286 2397 2348 Salas
2439 2287 2500 2348 d.

971 2380 1122 2442 dub.
1160 2397 1271 2442 ΧΠ.
1309 2380 1369 2439 in
1401 2381 1509 2443 fin.
1561 2380 1851 2459 negando
1900 2380 2091 2441 etiam
2134 2380 2452 2459 sequelam
2485 2401 2499 2442 ε

968 2474 1114 2552 quia
1144 2492 1288 2534 cum
1310 2474 1549 2533 nullum
1571 2473 1650 2534 sit
1670 2478 1914 2551 tempus
1937 2478 2178 2534 certum
2200 2473 2504 2533 reddendi

966 2572 1253 2628 mutuum
1277 2614 1293 2644 ,
1345 2567 1452 2626 sed
1506 2567 1568 2626 id
1599 2567 1870 2645 pendeat
1913 2586 1989 2627 ex
2016 2568 2337 2627 voluntate
2366 2586 2504 2627 mu-

964 2660 1197 2720 tuantis
1222 2707 1236 2736 ,
1274 2660 1381 2739 qui
1408 2664 1617 2737 potest
1645 2659 1897 2737 quando
1931 2658 2079 2720 velit
2106 2659 2355 2738 exigere
2380 2706 2395 2734 ,
2449 2659 2502 2719 si

962 2752 1202 2813 nullum
1233 2752 1589 2831 designavit
1608 2752 1968 2828 terminum,
2004 2755 2067 2812 et
2086 2771 2160 2811 ex
2180 2754 2499 2814 voluntate

959 2846 1321 2906 mutuatarii
1348 2893 1362 2921 ,
1398 2845 1502 2924 qui
1534 2849 1741 2924 potest
1768 2846 2021 2924 quando
2052 2845 2203 2906 velit
2230 2846 2493 2923 solvens,

959 2942 1029 2998 ut
1059 2942 1416 2999 contractus
1447 2938 1526 2998 sit
1554 2937 1845 3016 aequalis,
1881 2956 2003 2998 non
2034 2938 2224 2999 debet
2249 2943 2499 2998 mutua-

955 3031 1153 3090 tarius
1194 3032 1329 3109 plus
1368 3030 1634 3090 reddere
1679 3031 1825 3092 licet
1870 3031 2048 3091 valor
2075 3032 2167 3091 rei
2195 3036 2495 3093 mutuatae

957 3123 1246 3199 creverit,
1282 3123 1443 3183 sicut
1473 3141 1594 3182 non
1627 3123 1815 3183 debet
1843 3116 2047 3184 minus
2069 3124 2333 3184 reddere
2354 3125 2498 3186 licet

957 3216 1327 3277 decreverit.
1363 3219 1510 3277 Haec
1539 3221 1750 3277 tamen
1782 3217 2003 3277 solutio
2026 3217 2267 3293 facilius
2295 3218 2494 3297 impu-

955 3313 1187 3387 gnatur
1228 3309 1517 3387 exemplo
1561 3328 1750 3388 supra
1794 3309 2065 3371 adducto
2104 3330 2118 3369 τ
2164 3310 2312 3389 quia
2354 3329 2495 3370 mu-

950 3408 1134 3464 tuans
1192 3402 1467 3463 triticum
1496 3448 1511 3478 ,
1567 3402 1770 3462 sciens
1823 3407 2110 3480 tempore
2168 3403 2491 3464 solutionis

949 3494 1361 3554 minuendum
1391 3513 1525 3554 esse
1556 3494 1689 3575 ejus
1710 3497 2002 3574 pretium,
2036 3500 2242 3574 potest
2270 3496 2349 3556 ab
2379 3496 2489 3556 ini-

947 3587 1035 3649 tio
1084 3587 1313 3665 pacisci
1358 3591 1427 3648 ut
1471 3606 1544 3647 eo
1590 3593 1873 3666 tempore
1920 3588 2129 3667 plures
2175 3606 2487 3649 mensurae

947 3680 1295 3740 reddantur
1329 3699 1342 3740 :
1376 3680 1473 3739 vel
1505 3684 1671 3741 certe
1701 3685 1908 3759 potest
1936 3681 2165 3759 pacisci
2200 3687 2267 3742 ut
2294 3683 2346 3742 si
2375 3701 2487 3742 va-

944 3775 1041 3834 lor
1070 3773 1257 3834 tritici
1287 3773 1670 3849 decreverit,
1703 3773 2052 3834 reddantur
2079 3775 2292 3852 plures
2312 3821 2331 3848 ,
2387 3775 2481 3836 sin

941 3885 1090 3927 vero
1110 3866 1375 3927 creverit
1393 3865 1738 3927 reddantur
1766 3867 2115 3944 paucioreS,
2153 3886 2276 3947 quo
2296 3874 2478 3945 pacto

941 3959 1145 4038 posito
1178 4005 1193 4035 ,
1256 3963 1612 4020 contractus
1667 3959 1787 4021 erit
1842 3959 2136 4037 aequalis;
2197 3959 2483 4021 similiter

942 4069 1091 4129 ergo
1114 4051 1222 4130 qui
1242 4050 1466 4127 sciens,
1499 4055 1779 4129 tempore
1802 4052 2126 4112 solutionis
2147 4052 2480 4130 pecuniam

939 4144 1147 4203 minus
1178 4143 1509 4204 valituram
1550 4148 1810 4222 propter
1852 4143 2164 4223 majorem
2211 4143 2345 4223 ejus
2375 4163 2481 4206 co-

937 4236 1141 4314 piam,
1200 4240 1406 4315 potest
1435 4236 1667 4314 pacisci
1697 4241 1767 4297 ut
1792 4236 1908 4296 sibi
1942 4241 2090 4298 tunc
2121 4237 2260 4314 plus
2291 4256 2479 4315 pecu-

934 4329 1054 4389 niae
1084 4327 1386 4388 reddatur
1412 4347 1424 4387 :
1459 4327 1556 4387 vel
1584 4332 1774 4400 certe,
1812 4327 1983 4407 quod
2014 4328 2062 4387 si
2096 4330 2350 4391 valeant
2377 4349 2477 4391 re·

933 4440 1085 4481 vera
1112 4419 1341 4496 minus,
1375 4420 1513 4499 plus
1546 4419 1869 4497 reddatur,
1903 4421 1998 4481 sin
2028 4440 2177 4482 vero
2204 4423 2344 4501 plus
2371 4441 2476 4482 va—

932 4516 1125 4589 leant,
1159 4513 1462 4573 reddatur
1492 4512 1722 4590 minus,
1757 4516 1820 4573 et
1847 4513 1933 4575 ita
1962 4519 2326 4576 contractus
2355 4516 2476 4577 erit

932 4607 1185 4670 omnino
1213 4605 1506 4685 aequalis;
1555 4609 1763 4684 potest
1804 4613 2015 4668 autem
2044 4611 2318 4669 statuere
2348 4613 2474 4670 ter-

931 4701 1173 4761 minum
1202 4698 1528 4760 solutionis
1552 4744 1567 4774 ,
1621 4697 1798 4778 cujus
1846 4700 2144 4777 temporis
2174 4701 2352 4762 valor
2379 4705 2473 4762 at-

926 4795 1101 4857 tendi
1131 4793 1392 4864 debeat,
1441 4791 1490 4851 si
1524 4790 1771 4852 debitor
1799 4794 1943 4852 ante
1974 4793 2312 4854 terminum
2342 4813 2468 4854 non

927 4888 1200 4963 solverit,
1236 4885 1449 4946 relicta
1484 4885 1542 4944 ei
1570 4885 1867 4947 facultate
1897 4886 2070 4964 prius
2104 4886 2409 4947 solvendi.

1008 4986 1211 5059 Quare
1241 4978 1411 5039 idem
1441 4978 1617 5039 Salas
1668 4977 1814 5038 huic
1858 4979 2120 5040 fortasse
2170 4980 2466 5040 solutioni

924 5076 1129 5138 minus
1157 5073 1380 5148 fidenS,
1413 5071 1603 5132 aliam
1621 5071 1894 5132 reddidit
1913 5072 2061 5133 dub.
2087 5075 2187 5133 35.
2224 5072 2284 5131 in
2305 5073 2466 5132 solu-

922 5172 1090 5233 tione
1118 5167 1200 5228 ad
1217 5165 1587 5242 secundum,
1620 5164 1726 5225 ubi
1748 5165 2003 5225 tandem
2026 5165 2297 5244 ingenue
2316 5182 2459 5224 con-

916 5269 1114 5329 fessus
1153 5262 1283 5335 est,
1343 5262 1734 5319 contractum
1781 5256 2024 5335 justum
2066 5262 2129 5318 et
2171 5256 2452 5317 validum

916 5377 1072 5430 esse,
1108 5370 1231 5432 quo
1261 5351 1418 5411 dans
1444 5350 1796 5429 pecuniam,
1833 5350 2086 5428 quando
2119 5350 2199 5410 ob
2229 5350 2455 5410 rarita-

915 5460 1043 5517 tem
1071 5448 1211 5528 plus
1238 5444 1426 5519 valet,
1463 5442 1673 5521 exigat
1718 5447 1788 5504 ut
1832 5441 2057 5504 solutio
2088 5444 2200 5504 fiat
2227 5461 2449 5503 secun-

2632 715 2813 771 esset.
2860 711 3055 772 Addit
3090 716 3299 772 tamen
3325 713 3759 774 limitationem
3786 717 4051 794 quamdam,

2631 821 2770 880 quoe
2800 808 2996 864 totam
3024 803 3150 864 vim
3182 805 3366 884 hujus
3387 807 3803 884 responsionis
3820 827 4050 883 enervare,

2626 895 2895 973 videtur,
2930 915 3176 975 nempe,
3208 898 3263 956 si
3289 916 3353 958 eo
3380 907 3637 978 tempore
3663 900 3979 981 expendenda
3991 923 4053 983 pta

2625 988 2794 1048 cunia
2821 998 2969 1067 erat,
3003 999 3057 1050 et
3084 1011 3198 1050 non
3230 990 3290 1050 in
3307 992 3576 1071 futurum
3590 993 3877 1065 servanda,
3901 995 4053 1072 quibus

2623 1082 2830 1142 verbis
2852 1082 2985 1162 jam
3033 1088 3199 1145 totus
3230 1084 3330 1144 hic
3357 1084 3574 1145 titulus
3605 1086 3899 1147 reducitur
3920 1088 3977 1146 ad
3997 1090 4054 1148 lu·

2623 1192 2799 1233 crum
2830 1194 3100 1251 cessanS,
3132 1177 3233 1236 vel
3258 1176 3558 1236 damnum
3589 1197 3909 1257 emergenS,
3935 1187 4054 1240 etar-

2620 1273 2989 1344 gumentum
3035 1274 3321 1330 remanet
3357 1270 3697 1331 insolutum
3744 1290 3757 1331 :
3803 1290 3924 1330 nam
3957 1273 4054 1332 ina-

2623 1359 2889 1437 qualitas
2918 1361 3148 1421 valoris
3194 1362 3527 1423 extrinseci
3553 1410 3568 1439 ,
3626 1368 3688 1424 et
3725 1365 4054 1425 {estimationis

2621 1451 2684 1510 in
2715 1451 2978 1513 diversis
3006 1454 3158 1514 locis
3185 1454 3417 1516 sufficit
3461 1455 3540 1515 ad
3588 1456 3727 1535 plus
3771 1457 4053 1536 exigendum

2619 1544 2682 1603 in
2712 1545 2849 1605 loco
2870 1592 2885 1621 ‚
2933 1545 3039 1605 ubi
3069 1551 3164 1608 est
3189 1549 3394 1626 major
3421 1548 3708 1628 ejusdem
3733 1552 3970 1628 pecuniae
3989 1569 4054 1610 co-

2618 1638 2758 1716 pia,
2827 1639 3015 1700 etiam
3047 1644 3250 1701 stante
3287 1642 3528 1720 aeqnale
3558 1642 3770 1702 valore
3808 1642 3978 1721 legali;
4016 1652 4054 1704 et

2618 1731 2736 1791 hoc
2763 1731 2909 1793 licet
2928 1750 3216 1810 campsor
3244 1752 3367 1793 non
3388 1740 3552 1796 esset
3569 1735 3883 1814 pecuniam
3900 1755 4054 1814 expen-

2615 1842 2818 1900 suruS,
2852 1825 2962 1884 sed
2991 1830 3374 1886 servaturus
3424 1829 3579 1888 Item
3612 1828 3716 1907 qui
3745 1830 4053 1888 mutuatim·

2612 1921 2916 1993 mentum,
2952 1917 3203 1997 quando
3234 1919 3372 1997 plus
3401 1920 3589 1996 valet,
3626 1926 3823 1999 potest
3845 1922 3954 2001 plus
3975 1925 4053 1980 exi·

2610 2027 2759 2087 gere
2802 2010 3098 2072 frumenti
3140 2011 3444 2071 reddendi
3493 2014 3748 2092 quando
3785 2014 3904 2091 plus
3924 2014 4049 2087 valet,

2611 2105 2673 2162 et
2702 2102 2820 2162 hoc
2847 2103 2993 2165 licet
3038 2122 3163 2164 non
3212 2110 3375 2166 esset
3415 2109 3566 2166 tunc
3622 2105 4052 2186 expensurussed

2609 2200 2968 2256 servaturus
3003 2216 3015 2257 :
3051 2214 3200 2275 ergo
3230 2196 3516 2258 limitatio
3547 2198 3654 2258 illa
3684 2217 3803 2259 non
3828 2205 3907 2259 est
3926 2200 3972 2256 in
3986 2216 4052 2275 pe-

2607 2286 2792 2345 cunia
2821 2289 3227 2366 opponenda,
3264 2290 3514 2369 quando
3543 2295 3821 2371 tempore
3844 2292 4051 2371 sequenti

2607 2377 2863 2440 habebit
2889 2382 3196 2441 minorem
3224 2383 3502 2443 valorem
3531 2385 3939 2445 extrinsecum.

2683 2472 2877 2532 Aliter
2906 2491 3055 2551 ergo
3086 2491 3415 2552 possumus
3446 2476 3611 2537 hanc
3643 2477 4001 2537 differentiam
4020 2497 4044 2536 a

2602 2564 2793 2642 priori
2824 2566 3131 2644 explicare
3156 2614 3171 2644 ,
3224 2573 3286 2629 et
3329 2568 3593 2629 fortasse
3628 2570 3805 2649 juxta
3843 2578 4047 2630 mentem

2602 2658 2755 2733 Soti,
2790 2663 2853 2719 et
2877 2658 3158 2734 Molinae,
3194 2663 3609 2740 supponendo
3635 2709 3653 2735 ‚
3704 2664 3784 2723 ad
3814 2664 4048 2741 justitiam

2600 2750 2798 2809 mutui
2830 2750 3063 2828 requiri
3095 2756 3158 2812 et
3182 2754 3471 2813 sufficere
3491 2800 3506 2829 ,
3550 2756 3720 2834 quod
3750 2774 3783 2814 a
3810 2760 4047 2815 mutuata-

2598 2842 2690 2901 rio
2722 2843 3006 2921 exigatur
3036 2845 3238 2904 solum
3269 2845 3509 2923 aequale
3553 2845 3618 2906 in
3648 2849 3849 2908 valore
3874 2866 3984 2907 cum
4005 2864 4047 2905 re

2595 2941 2812 2996 mutuo
2844 2936 2991 2995 data
3024 2957 3037 2996 :
3086 2956 3279 3016 quare
3327 2937 3432 3016 qui
3476 2943 3729 3001 mutuat
3767 2945 3880 3001 tres
3915 2940 4045 3000 tritici

2595 3046 2942 3104 mensuraS,
2976 3028 3142 3089 licite
3173 3030 3364 3108 exigit
3391 3032 3560 3109 quod
3577 3034 3833 3095 totidem
3851 3032 4047 3093 reddan-

2593 3123 2733 3198 tur,
2789 3121 2907 3180 nisi
2953 3122 3248 3182 credatur
3289 3127 3576 3203 tempore
3612 3126 3918 3187 solutionis
3941 3125 4047 3185 triti-

2593 3232 2735 3274 cum
2765 3214 2903 3293 plus
2929 3216 3268 3276 valiturum
3288 3263 3304 3292 ‚
3366 3224 3434 3278 ut
3459 3217 3737 3279 vidimus
3782 3219 3923 3298 disp.
3946 3234 4046 3279 xxv,

2591 3306 2660 3367 de
2686 3316 2883 3367 mutuo
2911 3315 2965 3366 et
2992 3327 3192 3386 usura,
3225 3314 3376 3371 sect.
3403 3327 3514 3371 vn.
3551 3312 3602 3370 si
3633 3318 3836 3373 autem
3861 3312 3926 3371 de
3947 3318 4050 3371 tem·

2592 3417 2740 3477 pore
2795 3398 3121 3462 solutionis
3164 3402 3459 3462 credatur
3500 3403 3712 3464 minus
3767 3405 4048 3474 valitumm,

2588 3492 2755 3552 licite
2812 3492 3149 3570 exiguntur
3189 3494 3398 3572 plures
3445 3514 3792 3573 mensurae,
3847 3502 3906 3557 ut
3937 3495 4050 3555 ade·

2590 3589 2783 3664 quent
2827 3585 3105 3645 valorem
3150 3587 3340 3646 trium
3388 3590 3908 3666 praecedentium,
3953 3605 4048 3667 quae

2586 3678 2723 3755 plus
2751 3677 3064 3754 valebant,
3102 3678 3249 3758 quia
3278 3681 3744 3760 aequivalebant
3768 3682 4048 3762 quindecIm

2586 3770 2826 3846 aureiS‚
2878 3789 2939 3831 v.
2973 3790 3069 3848 gr.
3106 3772 3334 3850 quibus
3365 3778 3654 3853 tempore
3685 3775 3942 3855 sequenti
3965 3790 4046 3832 non

2584 3862 3081 3941 mquix'alebunt,
3127 3870 3190 3925 et
3230 3863 3349 3925 hoc
3398 3871 3492 3927 est
3534 3867 3767 3929 habere
3809 3868 4045 3946 majorem

2583 3955 2859 4014 valorem
2885 4001 2900 4031 ,
2957 3974 3182 4035 nempe
3213 3958 3591 4036 aequivalere
3620 3961 3891 4039 pluribus
3913 3976 4046 4038 pecu-

2583 4047 2721 4107 niis.
2768 4048 3031 4121 Quando
3060 4055 3271 4111 autem
3300 4052 3585 4129 pecuniae
3616 4054 3840 4114 dantur
3863 4059 4044 4123 mutuo,

2580 4145 2782 4202 stante
2814 4160 3030 4201 earum
3060 4143 3324 4220 penuria
3345 4190 3360 4220 ,
3403 4145 3748 4207 reddendae
3786 4148 3845 4206 in
3881 4145 4045 4205 eodem

2577 4233 2715 4293 loco
2763 4237 3048 4313 tempore
3095 4234 3353 4314 majoris
3409 4238 3641 4316 copiae,
3688 4258 3810 4300 non
3851 4240 4048 4318 possunt

2578 4324 2696 4386 hoc
2726 4327 2856 4386 solo
2888 4327 3065 4388 titulo
3096 4328 3304 4406 plures
3342 4329 3504 4408 exigi
3533 4347 3547 4392 :
3584 4332 3732 4410 quia
3759 4350 3951 4392 revera
3974 4346 4044 4408 pe·

2575 4419 2774 4479 cuniae
2806 4419 2969 4480 datae
2997 4437 3121 4480 non
3153 4420 3293 4499 plus
3322 4421 3621 4484 valebant
3643 4443 3827 4504 quam
3846 4422 4045 4484 totidem

2572 4511 2870 4584 redditae;
2905 4531 3030 4573 non
3060 4514 3228 4572 enim
3258 4513 3582 4577 habebant
3607 4516 3900 4596 majorem
3924 4514 4044 4574 valo·

2572 4622 2706 4664 rem
2746 4605 3152 4666 intrinsecum
3176 4653 3191 4682 ‚
3226 4612 3335 4667 aut
3378 4607 3683 4686 legalem,
3718 4615 3787 4670 ut
3811 4608 4046 4688 supponi-

2571 4717 2710 4758 mus
2745 4719 2756 4759 :
2792 4718 2995 4778 neque
3025 4699 3214 4759 etiam
3245 4699 3570 4762 habebant
3597 4704 3893 4782 majorem
3917 4701 4044 4760 mlo-

2568 4809 2701 4851 rem
2731 4791 3147 4853 extrinsecum
3178 4798 3440 4872 propter
3466 4794 3792 4856 raritatem
3820 4802 3878 4856 et
3901 4812 4044 4873 penu-

2567 4884 2725 4943 riam
2754 4883 3037 4962 pecuniae
3061 4930 3076 4960 ,
3131 4885 3287 4963 quia
3317 4905 3441 4947 non
3472 4886 3614 4948 ideo
3646 4887 4043 4967 aequivalehant

2564 4981 2713 5036 tunc
2770 4976 2955 5036 rebus
3023 4977 3282 5056 majoris
3337 4979 3792 5059 valoriS‚qua1n
3853 4983 4039 5059 postea.

2563 5070 2720 5128 Nam
2748 5069 2892 5130 licet
2918 5074 3066 5129 tunc
3096 5074 3350 5147 possent
3380 5070 3502 5132 illis
3532 5074 3810 5151 pecuniis
3838 5073 3941 5132 emi
3966 5073 4034 5131 20.

2561 5162 2732 5222 modi
2763 5161 2989 5238 tritici,
3039 5182 3099 5223 v.
3134 5182 3231 5241 gr.
3264 5163 3371 5242 qui
3403 5171 3624 5243 postea
3654 5185 3774 5226 non
3806 5167 4039 5244 potenmt

2562 5254 2782 5314 eadem
2811 5255 3081 5333 pecunia
3123 5255 3244 5315 emi
3287 5261 3546 5335 propter
3576 5259 3873 5337 maiorem
3898 5273 4041 5336 pecn-

2561 5348 2680 5407 nioe
2710 5347 2988 5427 copiam,
3023 5348 3131 5408 sed
3167 5352 3264 5410 16.
3302 5349 3451 5422 soli;
3497 5350 3561 5411 hi
3590 5356 3798 5412 tamen
3829 5354 3911 5412 16.
3937 5366 4037 5408 mo-

2556 5441 2642 5501 dii
2690 5459 2814 5501 non
2863 5446 3009 5502 sunt
3056 5441 3316 5502 minoris
3349 5442 3580 5503 valoris
3602 5490 3620 5516 ‚
3679 5445 3792 5505 sed
3831 5441 4033 5522 aequalis

915 5548 1065 5608 dum
1094 5539 1374 5602 valorem
1407 5553 1597 5616 quem
1639 5535 1906 5614 pecunia
1934 5539 2215 5614 tempore
2245 5536 2449 5596 mutui
2552 5552 2696 5594 cum
2726 5534 2939 5594 valore
2969 5538 3066 5595 20.
3120 5534 3477 5596 modiorum
3521 5540 3799 5617 tempore
3847 5551 4034 5615 praece·

4125 2492 4153 2555 fl
