4263 6376
497 470 701 579 «⁶⁹5⁸ss

801 283 880 340 74
1831 357 1837 364 .
1952 300 2054 359 DE
2095 302 2443 366 JUSTITIA
2500 307 2601 368 m·
2641 310 2842 371 JURE

800 463 1083 523 mentum
1116 483 1130 524 :
1165 484 1361 545 quare
1391 469 1667 547 legatum
1700 473 1759 534 in
1794 475 2011 553 primis
2038 479 2325 540 revocari

2433 483 2713 563 dixisset,
2769 487 2895 569 leqo
2927 489 3110 552 Petro
3143 511 3265 554 rem
3295 495 3490 574 talem,
3525 517 3656 580 quoe
3695 519 3823 562 mea
3849 509 3953 576 est,

480 582 707 620 revocetur.
800 555 1008 629 potest
1033 573 1346 636 expresse,
1379 563 1568 623 etiam
1585 571 1762 644 nutu,
1797 572 2015 629 etcum
2038 570 2332 632 solemni·
2429 576 2526 637 vel
2558 577 2670 639 erit
2697 588 2953 662 tempore
2976 584 3202 662 mortis,
3235 587 3381 650 licet
3408 588 3656 652 interim
3686 591 3959 655 alienata

796 645 925 704 tate
952 647 1281 712 sufficienti
1311 654 1390 713 ad
1436 655 1797 734 legandum.
1856 661 2010 722 Item
2052 663 2104 723 si
2152 663 2328 725 inve-

800 735 1008 799 niatur
1031 740 1309 820 legatum
1338 746 1636 827 deletum,
1678 770 1787 813 seu
1819 756 2233 818 cancellatum
2263 759 2324 819 in

795 831 1165 896 testamento
1191 855 1302 916 per
1328 842 1710 921 testatorem,
1745 846 1846 906 vel
1873 847 1951 907 de
1981 847 2116 927 ejus
2142 869 2322 911 man-

797 921 968 1002 dato,
1001 945 1181 989 secus
1209 929 1257 990 si
1287 950 1361 992 eo
1387 933 1603 997 insci0.
1637 938 1792 999 Item
1821 941 2005 1002 tacite
2035 948 2326 1005 censetur

795 1023 1180 1098 revocatum,
1230 1023 1280 1083 si
1308 1024 1627 1104 capitales,
1682 1031 1781 1090 vel
1805 1050 2031 1111 graves
2060 1034 2324 1096 inimici-

793 1109 896 1170 tiae
925 1115 1077 1173 ortae
1105 1115 1230 1177 sint
1255 1117 1416 1179 inter
1435 1121 1796 1184 testatorem
1816 1130 1878 1186 et
1895 1125 2272 1204 legatarium
2303 1148 2318 1190 :

794 1202 848 1261 si
876 1206 1085 1265 tamen
1116 1207 1177 1267 in
1205 1210 1543 1273 amicitiam
1592 1215 1912 1290 redierint,
1960 1223 2325 1283 reconvale-

795 1294 912 1355 scit
939 1297 1237 1377 legatum.
1269 1304 1424 1364 Item
1443 1304 1493 1364 si
1515 1308 1793 1370 testatori
1823 1311 2032 1373 adhuc
2061 1313 2317 1394 viventi,

792 1387 1129 1468 legatarius
1155 1413 1414 1473 gravem
1441 1402 1676 1482 irroget
1702 1402 2015 1483 injuriam,
2049 1408 2148 1468 vel
2175 1427 2321 1487 gra-

791 1498 935 1543 vem
989 1490 1482 1570 accusationem,
1542 1499 1650 1557 aut
1706 1497 2005 1559 damnum
2057 1499 2322 1564 intentet

793 1583 1010 1637 contra
1037 1578 1234 1658 illum,
1284 1584 1348 1645 in
1395 1588 1620 1665 quibus
1665 1589 1913 1651 casibus
1959 1591 2168 1670 legata
2195 1614 2320 1656 non

792 1668 872 1727 ad
902 1671 1143 1749 fiscum,
1174 1677 1285 1737 sed
1306 1679 1385 1738 ad
1415 1681 1698 1743 haeredes
1718 1683 2053 1762 pertinent,
2088 1687 2168 1748 de
2189 1689 2322 1767 qui-

788 1760 907 1822 bus
934 1764 1131 1827 videri
1162 1774 1367 1846 potest
1392 1772 1575 1836 latius
1602 1775 1748 1838 Mol.
1782 1776 1941 1856 disp.
1978 1794 2162 1842 ccxn.
2214 1782 2320 1861 qui

788 1854 967 1918 addit
1010 1876 1153 1919 cum
1200 1863 1394 1926 altero
1440 1867 1693 1944 Molina,
1747 1873 1810 1930 et
1851 1872 2103 1934 Covarr.
2157 1875 2324 1936 suffi-

789 1946 1027 2009 cienter
1054 1953 1306 2029 probari
1351 1958 1538 2037 legati
1577 1962 2045 2024 revocationem
2074 1965 2320 2028 duobus

786 2042 1048 2104 testibus
1078 2051 1439 2127 exceptione
1486 2053 1849 2133 maj0ribuS,
1900 2056 2046 2119 licet
2085 2058 2148 2119 hi
2195 2079 2319 2121 non

787 2134 937 2195 satis
964 2137 1089 2200 sint
1116 2141 1198 2200 ad
1225 2143 1412 2222 legati
1443 2146 1745 2209 valorem.
1807 2150 2002 2212 Addit
2046 2152 2233 2212 etiam
2258 2155 2313 2231 ἓ.

797 2226 992 2289 Tacite
1017 2249 1174 2310 vero,
1226 2237 1692 2299 revocationem
1720 2242 1975 2304 tacitam
2004 2244 2084 2305 ob
2115 2245 2321 2306 inimi-

790 2319 998 2382 citiam
1034 2370 1049 2400 ,
1121 2327 1268 2405 quia
1312 2328 1376 2389 in
1431 2334 1918 2412 praesumptione
1990 2337 2316 2411 fundatum

787 2431 912 2474 non
941 2421 1260 2498 proesumi,
1296 2423 1547 2501 quando
1574 2425 1824 2488 aliunde
1840 2430 2153 2491 contraria
2176 2451 2318 2492 con-

786 2509 909 2568 stat
952 2510 1242 2573 voluntas
1288 2517 1628 2594 testatoriS,
1687 2524 1750 2580 et
1799 2519 1917 2581 hoc
1969 2522 2224 2601 quidem
2253 2525 2318 2585 in

784 2602 1051 2679 utroque
1080 2602 1243 2666 foro.

865 2693 1165 2757 Censetur
1193 2699 1381 2761 etiam
1402 2707 1767 2764 revocatum
1785 2704 2088 2785 legatum,
2122 2727 2318 2789 quan-

786 2783 866 2846 do
895 2805 1030 2849 rem
1059 2790 1334 2869 legatam
1366 2798 1630 2857 testator
1666 2801 1883 2874 postea
1912 2800 2088 2861 alteri
2119 2801 2318 2862 dona-

782 2877 894 2955 vit,
929 2882 1026 2942 vel
1054 2881 1234 2945 titulo
1265 2885 1569 2950 lucrativo
1601 2889 1898 2951 alienavit
1930 2911 1942 2953 :
1975 2893 2027 2953 si
2057 2912 2206 2955 vero
2236 2895 2316 2955 ti-

781 2972 913 3033 tulo
944 2992 1205 3037 oneroso
1254 2983 1318 3040 et
1343 2997 1519 3040 mera
1558 2982 1901 3062 voluntate,
1950 2993 2316 3049 revocatum

783 3063 971 3126 etiam
999 3068 1247 3130 videtur
1282 3091 1295 3132 :
1330 3071 1383 3131 si
1411 3077 1625 3134 autem
1651 3092 1726 3134 ex
1756 3078 2149 3155 necessitate,
2185 3098 2312 3141 non

780 3163 1069 3221 censetur
1096 3168 1481 3243 revocatum,
1515 3165 1631 3229 nisi
1662 3171 2044 3232 contrarium
2075 3173 2155 3234 ab
2186 3173 2318 3235 hae-

779 3251 928 3312 rede
963 3255 1285 3334 probetur,
1346 3262 1409 3321 et
1445 3259 1508 3319 in
1556 3260 1746 3322 dubio
1792 3269 2082 3326 censetur
2125 3285 2316 3329 causa

780 3346 1163 3408 necessitatis
1193 3349 1485 3413 alienatio
1514 3352 1698 3429 facta,
1732 3373 1872 3434 quae
1895 3357 2106 3418 omnia
2124 3359 2314 3420 latius

776 3436 1065 3500 adductis
1089 3442 1354 3521 legibue,
1387 3445 1657 3523 probant
1673 3448 1887 3510 Molin.
1917 3450 2076 3530 disp.
2105 3469 2308 3516 chIV.

775 3531 832 3609 ἓ.
867 3531 946 3591 Si
967 3542 1157 3595 tamen
1185 3537 1314 3617 quis
1360 3556 1483 3599 rem
1514 3539 1786 3619 leqatam,
1820 3545 1883 3603 et
1909 3545 2100 3624 Vasq.
2148 3547 2309 3608 vul.

776 3623 848 3686 de
870 3634 1093 3689 testam.
1145 3630 1201 3707 ἓ.
1238 3647 1280 3691 ῐ.
1334 3631 1484 3693 dub.
1518 3635 1576 3693 6.
1613 3652 1719 3696 nu.
1756 3638 1851 3696 15.
1906 3641 1970 3698 et
1996 3656 2172 3718 seqq.
2208 3639 2315 3719 qui

777 3737 919 3781 cum
940 3723 1084 3782 Ant.
1113 3724 1289 3784 Gom.
1324 3724 1637 3802 observat,
1662 3727 1914 3806 quando
1937 3730 2312 3793 alienatione

776 3819 1135 3875 revocatum
1186 3822 1474 3879 censetur
1525 3818 1803 3898 legatum
1824 3867 1839 3897 ,
1903 3840 2029 3882 non
2086 3823 2315 3884 revivi-

775 3925 970 3983 scere,
1017 3907 1163 3970 licet
1191 3915 1409 3988 postea
1436 3915 1697 3973 testator
1723 3930 1858 3973 rem
1887 3914 2115 3976 iterum
2147 3917 2314 3976 redi-

774 4002 927 4075 mat,
986 4001 1103 4061 nisi
1159 4002 1374 4063 favore
1429 4003 1736 4065 libertatis
1796 4007 2049 4085 quando
2105 4008 2313 4087 legata

773 4092 978 4155 fuerat
1003 4093 1258 4156 libertas
1286 4113 1491 4172 serm,
1526 4097 1630 4176 qui
1662 4097 1710 4158 si
1735 4098 2043 4160 alienetur
2064 4119 2100 4160 a
2127 4105 2311 4163 testa·

773 4189 930 4261 tore,
980 4190 1045 4247 et
1069 4191 1284 4265 postea
1314 4188 1395 4248 ab
1426 4189 1649 4249 eodem
1679 4190 1759 4252 sit
1784 4192 2171 4272 redemptuS,
2225 4195 2314 4255 le-

775 4282 994 4357 gatum
1020 4279 1354 4356 reviviscit,
1408 4299 1483 4341 ex
1510 4282 1552 4343 l.
1602 4281 1829 4359 Verum,
1882 4285 1949 4347 ff.
1996 4284 2066 4346 de
2110 4306 2312 4347 manu-

776 4371 963 4432 missis
1014 4375 1261 4434 testam.
1323 4376 1443 4434 Per
1502 4375 2087 4454 oppignorationem
2135 4398 2306 4456 vero,

773 4464 873 4524 vel
902 4464 1492 4545 hypothecationem
1523 4467 1615 4526 rei
1660 4468 1881 4546 legatae
1932 4488 2055 4530 non
2097 4489 2308 4531 cense-

773 4561 878 4618 tur
901 4558 1177 4636 legatum
1205 4562 1590 4635 revocatum,
1642 4560 1757 4621 nisi
1800 4565 1972 4622 tanto
2003 4563 2202 4642 pretio
2232 4564 2310 4626 sit

775 4650 1214 4730 oppignorata,
1263 4651 1431 4730 quod
1462 4670 1586 4712 non
1632 4653 1713 4713 sit
1741 4672 1882 4732 spes
1928 4655 2311 4734 redemptio-

774 4742 869 4803 nis
902 4763 916 4803 :
951 4747 1099 4804 tunc
1130 4743 1298 4803 enim
1327 4748 1690 4805 revocatum
1720 4751 2030 4824 censetur,
2068 4748 2230 4811 sicut
2249 4754 2313 4811 et

774 4836 1027 4915 quando
1057 4855 1156 4897 res
1177 4837 1367 4898 etiam
1396 4837 1632 4917 absque
1654 4841 2023 4902 necessitate
2053 4842 2310 4904 vendita

770 4930 909 5005 fuit,
943 4929 1131 4991 etiam
1154 4948 1296 4992 cum
1318 4937 1501 5009 pacto
1521 4934 2029 5011 retrovendendi,
2065 4954 2139 4995 ex
2167 4954 2311 4996 sen-

770 5023 966 5087 tentia
995 5023 1276 5103 ejusdem
1305 5029 1450 5086 Ant.
1489 5028 1664 5088 Gom.
1699 5026 1777 5087 de
1807 5046 1930 5107 qua
1957 5032 2170 5090 tamen
2195 5029 2312 5089 du-

770 5115 932 5178 bitat
951 5118 1142 5196 Vasq.
1177 5123 1240 5178 et
1259 5137 1376 5197 ego
1407 5118 1593 5180 credo
1624 5120 2145 5181 considerandam
2174 5140 2309 5182 esse

774 5228 950 5289 spem
978 5210 1448 5290 redemptionis,
1481 5212 1643 5274 sicut
1667 5213 1730 5272 in
1761 5213 2304 5292 oppignoratione.

777 5302 1020 5364 sivero
1050 5306 1256 5382 legata
1285 5303 1492 5364 fuerat
1518 5323 1638 5380 res,
1690 5306 1788 5366 vel
1829 5308 1962 5385 ejus
2010 5308 2303 5386 pretium,

777 5395 1045 5458 alienata
1076 5415 1169 5472 re,
1203 5415 1328 5456 non
1356 5403 1688 5458 revocatur
1717 5398 2017 5477 legatum,
2051 5400 2164 5460 sed
2194 5402 2312 5462 sol-

2429 676 2611 746 esset‚
2645 671 2699 731 si
2719 679 2934 751 postea
2963 682 3107 738 ante
3127 684 3394 742 mortem
3414 682 3584 744 illam
3603 690 3952 764 recuperet,

2426 762 2660 825 valebit
2686 765 2984 845 legatum.
3026 771 3219 834 Addit
3245 775 3435 854 Vasq.
3471 795 3643 837 num.
3679 781 3775 839 17.
3810 797 3956 839 cum

2428 855 2739 930 Gomezi0,
2773 858 2824 919 si
2851 866 3112 924 testator
3138 864 3371 944 legavit
3395 886 3644 929 servum
3672 872 3950 948 Petrum,

2426 946 2728 1024 quiesset
2770 955 3052 1034 tempore
3097 959 3312 1020 mortis
3354 978 3524 1037 suuS‚
3582 963 3832 1038 Ioanni,
3892 968 3957 1026 et

2425 1055 2678 1101 servum
2706 1044 2982 1122 Petrum,
3029 1067 3219 1127 quem
3264 1055 3412 1113 tunc
3459 1053 3751 1132 habebat,
3806 1056 3955 1117 alie-

2425 1135 2551 1208 net,
2601 1134 2714 1194 sed
2753 1141 3036 1218 tempore
3065 1144 3282 1204 mortis
3332 1144 3563 1208 habeat
3603 1147 3794 1207 alium
3821 1166 3956 1209 ser-

2423 1242 2573 1284 vum
2619 1229 2873 1290 Petrum
2927 1234 3201 1313 nomine,
3261 1237 3428 1298 hunc
3483 1238 3761 1300 dandum
3816 1259 3954 1301 esse

2420 1317 2452 1379 J
2463 1320 2671 1396 oanni,
2705 1321 2853 1400 quia
2882 1324 2984 1386 hic
3013 1329 3366 1406 appellatur
3392 1332 3582 1391 etiam
3616 1334 3850 1409 Petrus,
3885 1338 3954 1394 et

2422 1414 2518 1471 est
2559 1416 2878 1477 testatoris
2929 1422 3211 1499 tempore
3258 1424 3495 1485 mortis,
3562 1427 3694 1486 Hoc
3737 1430 3953 1487 tamen

2420 1520 2544 1563 non
2576 1506 2762 1567 credo
2824 1528 2838 1570 ε
2899 1512 3049 1590 quid
3096 1514 3262 1574 enim
3309 1516 3498 1577 refert
3542 1518 3708 1597 quod
3750 1537 3953 1580 novus

2419 1612 2639 1658 servus
2668 1601 3015 1679 appelletur
3037 1607 3294 1668 Petrus?
3319 1611 3605 1670 Testator
3625 1615 3793 1672 certe
3822 1629 3951 1672 non

2419 1687 2653 1766 legavit
2679 1712 2929 1772 nomen,
2978 1697 3088 1757 sed
3136 1717 3471 1777 personam
3518 1719 3708 1781 quam
3737 1722 3810 1764 eo
3842 1722 3952 1765 no·

2417 1779 2587 1842 mine
2616 1783 3026 1865 significabat,
3077 1810 3192 1851 nec
3223 1792 3524 1855 intellexit
3565 1794 3642 1856 de
3673 1798 3855 1858 Petro
3884 1798 3952 1857 in

2419 1878 2758 1953 communi,
2793 1880 2901 1940 sed
2933 1881 3010 1942 de
3039 1883 3144 1944 tali
3167 1902 3346 1947 servo
3378 1886 3441 1946 in
3461 1886 3806 1966 individuo,
3840 1889 3950 1970 qui

2417 1967 2767 2046 appellatur
2797 1974 3034 2036 PetruS.
3097 1977 3273 2038 Sicut
3298 1978 3348 2038 si
3396 1980 3667 2058 legasset
3693 1981 3951 2044 liberta-

2416 2062 2546 2120 tem
2590 2080 2772 2124 servo
2819 2084 2930 2127 suo
2964 2069 3144 2129 Petro
3200 2070 3435 2133 viventi
3490 2077 3771 2153 tempore
3816 2095 3947 2136 suae

2416 2154 2658 2233 mortiS,
2692 2163 2755 2219 et
2781 2157 2883 2219 hic
2912 2160 3084 2237 prius
3113 2168 3483 2242 moreretur,
3519 2170 3582 2226 et
3600 2172 3816 2246 postea
3838 2168 3946 2228 ha-

2415 2246 2595 2309 beret
2635 2268 2781 2311 casu
2830 2252 3020 2313 alium
3067 2273 3317 2316 servum
3370 2259 3622 2319 nomine
3663 2262 3941 2337 Petrum,

2415 2357 2540 2400 non
2568 2341 3018 2424 intelligeretur
3045 2346 3190 2409 huic
3216 2348 3471 2411 libertas
3516 2351 3734 2415 relicta
3778 2372 3854 2415 ex
3880 2355 3947 2415 vi

2412 2432 2638 2512 prIOris
2663 2436 2873 2516 legati,
2924 2457 3067 2499 cum
3097 2441 3175 2500 de
3222 2441 3326 2503 illo
3358 2447 3623 2505 testator
3658 2450 3944 2526 tempore

2413 2528 2769 2590 testamenti
2798 2549 2923 2591 non
2950 2534 3224 2610 potuerit
3252 2536 3555 2614 cogitare.

2880 2968 3483 3057 SEGT101V.

2412 3266 2502 3329 De
2528 3266 2617 3343 iis,
2654 3269 2759 3350 qui
2775 3276 3175 3332 testamentum
3196 3271 3448 3353 leqitime
3460 3284 3705 3356 possunt
3719 3277 3932 3357 facere.

2493 3538 2729 3617 Regula
2765 3540 3075 3617 generalis
3106 3546 3217 3615 est,
3253 3560 3493 3621 omnes,
3527 3546 3633 3626 qui
3655 3545 3798 3626 jure
3827 3568 3935 3609 na·
4105 3590 4179 3645 6¹

2410 3633 2599 3705 turm,
2650 3632 2749 3693 vel
2776 3633 3041 3711 positivo
3072 3654 3194 3697 non
3225 3636 3673 3716 prohibentur,
3725 3642 3940 3703 testari
4086 3712 4099 3722 ,
4166 3714 4176 3722 ,

2410 3743 2629 3804 posse:
2668 3726 2794 3787 imo
2826 3727 3015 3788 etiam
3045 3747 3152 3789 eos
3181 3730 3290 3809 qui
3320 3731 3475 3791 nihil
3521 3731 3581 3792 in
3619 3732 3798 3794 bonis
3827 3735 3941 3795 ha-
3989 3710 4223 3807 ἓῗῖζζζξῗε

2409 3818 2580 3895 bent,
2614 3818 2665 3879 si
2695 3823 2906 3880 tamen
2936 3820 3167 3882 habere
3195 3823 3474 3902 possint:
3509 3844 3655 3886 nam
3685 3845 3795 3905 per
3821 3832 3941 3889 tes-
3990 3817 4028 3859 '¹'
4055 3831 4150 3860 ‘¹⁰¹¹
4171 3832 4223 3874 ¹⁸⁰

2409 3916 2758 3973 tamentum
2805 3932 2930 3974 non
2977 3914 3180 3975 solum
3224 3916 3502 3995 disponit
3530 3918 3719 3980 homo
3760 3920 3838 3981 de
3867 3921 3943 3983 iis

2412 4023 2550 4083 qum
2581 4004 2805 4079 habet,
2866 4007 2977 4066 sed
3022 4008 3210 4068 etiam
3257 4009 3336 4069 de
3383 4010 3458 4071 iis
3502 4029 3642 4091 quae
3689 4012 3943 4076 habebit

2408 4103 2692 4177 tempore
2721 4099 2962 4160 mortiS.
2999 4100 3352 4161 Videndum
3374 4121 3523 4182 ergo
3547 4109 3662 4181 est,
3696 4106 3803 4185 qui
3820 4107 3945 4170 sint

2402 4192 2544 4270 jure
2566 4192 2664 4252 vel
2694 4196 2917 4255 natura
2948 4193 3279 4272 incapaces
3308 4197 3600 4273 testandi,
3635 4202 3699 4259 et
3724 4199 3784 4258 in
3815 4200 3942 4278 pri-

2409 4285 2548 4361 miS,
2583 4284 2752 4364 quod
2784 4285 3005 4347 attinet
3031 4286 3110 4347 ad
3142 4287 3466 4365 religiosos
3489 4335 3505 4365 ,
3557 4296 3620 4352 et
3647 4290 3727 4350 ad
3756 4291 3942 4353 bene-

2406 4377 2677 4438 ficiarios
2721 4378 2909 4438 etiam
2956 4379 3167 4457 quoad
3197 4380 3367 4441 bona
3407 4400 3481 4441 ex
3510 4383 3815 4444 reditibus
3844 4403 3943 4446 ec-

2408 4469 2768 4530 clesiasticis
2795 4517 2810 4547 ,
2863 4489 2942 4531 an
2993 4476 3056 4533 et
3084 4474 3401 4551 quomodo
3432 4475 3648 4536 testari
3675 4477 3938 4556 possint,

2411 4562 2680 4622 diximus
2731 4581 2843 4624 suo
2883 4564 3020 4625 loco
3066 4564 3404 4644 disputatio
3436 4584 3530 4629 111.
3581 4587 3696 4647 per
3739 4570 3944 4632 varias

2409 4659 2561 4716 sect.

2491 4748 2698 4809 Primo
2730 4766 2879 4827 ergo
2910 4748 3125 4810 testari
3159 4768 3282 4811 non
3312 4755 3518 4828 potest
3542 4799 3557 4830 ,
3609 4754 3714 4833 qui
3750 4756 3943 4818 ratio·
4106 4782 4197 4841 52

2410 4841 2506 4902 nis
2533 4860 2718 4902 usum
2757 4860 2882 4902 non
2928 4842 3157 4919 habet,
3208 4843 3378 4923 quod
3424 4844 3942 4923 impedimentum
4132 4908 4143 4918 .

2409 4939 2505 4996 est
2530 4935 2608 4996 de
2631 4934 2773 5015 jure
2806 4940 3077 5012 naturae‚
3122 4941 3191 4998 ut
3220 4940 3486 4999 constat.
3532 4940 3712 5002 Unde
3741 4961 3943 5023 neque
4030 4906 4223 5023 affigi·

2410 5029 2655 5104 fatuae,
2707 5028 2812 5109 qui
2863 5047 3042 5090 usum
3089 5029 3347 5092 rationis
3389 5049 3514 5091 non
3545 5032 3738 5095 habet
3772 5037 3947 5097 suffi-
4034 5015 4223 5110 022¹·ss

2410 5122 2679 5183 cientem
2708 5122 2788 5182 ad
2817 5122 3208 5201 peccandum
3255 5124 3609 5185 mortaliter
3652 5145 3665 5187 ε
3719 5130 3948 5205 poterit

2408 5218 2622 5276 tamen
2669 5214 2771 5275 ille
2820 5214 2925 5293 qui
2962 5233 3089 5275 una
3116 5216 3251 5276 sola
3279 5217 3547 5277 materia
3575 5237 3792 5282 amens
3814 5269 3829 5298 ‚
3881 5224 3945 5283 in

2413 5307 2550 5369 aliis
2578 5308 2826 5387 sapiens
2855 5312 2970 5385 est,
3003 5312 3193 5387 prout
3220 5309 3582 5388 contingere
3603 5318 3809 5391 potest
3833 5316 3948 5377 ali-

2415 5420 2570 5481 quos
2599 5419 2755 5477 esse,
2791 5404 2859 5463 ut
2885 5402 3111 5481 probat
3132 5402 3362 5463 Saneh.
3389 5403 3497 5466 lib.
3520 5422 3562 5465 1.
3597 5404 3667 5466 de
3684 5408 3945 5473 matrim.

775 5488 1049 5551 vendum
1081 5494 1175 5552 est
1203 5489 1282 5550 ab
1306 5489 1556 5550 haerede
1580 5491 1871 5572 pretium.
1908 5492 2227 5574 Similiter,
2261 5494 2315 5554 si
2416 5495 2573 5577 disp.
2609 5511 2746 5557 v111.
2783 5514 2954 5559 num.
2981 5498 3081 5559 23.
3126 5495 3362 5561 Poterit
3390 5496 3576 5559 etiam
3598 5502 3814 5562 testari
3841 5503 3951 5585 qui
