4263 6376
1300 347 1771 409 DlSPUTATIO
1819 346 2118 423 XXXVII,
2171 349 2445 410 SECTlO
2492 349 2594 409 111.

339 525 586 585 constat
612 539 688 583 ex
715 522 920 600 dictis,
950 526 1254 603 tyrannus
1279 523 1426 586 licet
1469 543 1545 585 ex
1591 523 1877 603 supposi-

339 615 509 676 tione
557 617 725 696 quod
776 617 930 678 nolit
973 618 1290 679 remittere
1345 618 1483 679 illas
1522 635 1743 679 causas
1799 616 1878 676 ad

331 708 579 786 judices
609 709 941 789 legitimOS‚
961 711 1184 772 melius
1211 711 1398 772 faciat
1425 711 1741 790 puniendo
1773 711 1879 770 de-

337 799 764 880 linquentem:
790 803 1156 883 simpliciter
1182 809 1394 865 tamen
1423 810 1645 884 peccat
1672 809 1734 865 et
1787 804 1879 863 fa-

336 893 424 953 cit
468 900 687 955 contra
733 894 839 972 jus
895 914 1018 956 non
1059 896 1264 956 solum
1325 897 1707 976 reipublicae,
1767 896 1876 957 sed

336 986 678 1065 contrajus
707 987 897 1066 ipsius
924 988 1365 1068 delinquentiS,
1401 991 1503 1069 qui
1551 990 1741 1051 habet
1774 990 1878 1068 jus

337 1096 415 1138 ne
437 1077 764 1157 judicetur
790 1099 827 1139 a
873 1085 1165 1159 tyranno,
1215 1082 1323 1141 sed
1371 1086 1440 1143 ut
1477 1083 1757 1143 remittat
1795 1081 1875 1141 ad

333 1189 521 1231 suum
542 1170 825 1251 judicem
851 1172 1234 1252 legitimum;
1267 1175 1502 1252 patitur
1519 1191 1668 1252 ergo
1715 1173 1879 1252 inju-

333 1263 494 1324 riam
553 1282 590 1323 a
627 1268 895 1342 tyranno
951 1266 1200 1327 nolente
1256 1285 1400 1327 eum
1451 1267 1766 1327 remittere
1795 1265 1874 1325 ad

334 1375 522 1416 suum
545 1356 825 1436 judicem
861 1376 875 1417 ε
910 1377 1060 1436 ergo
1091 1360 1332 1420 ratione
1392 1359 1579 1439 hujus
1631 1358 1875 1437 injurioe

334 1449 816 1529 imputabuntur
860 1452 917 1510 ei
947 1455 1195 1528 caetera,
1247 1471 1389 1532 quae
1430 1453 1609 1532 sequi
1647 1452 1878 1512 debent

334 1560 411 1603 ex
438 1542 545 1602 illa
574 1543 766 1621 priori
797 1543 1025 1623 injuria
1053 1564 1068 1616 ς
1100 1546 1383 1624 sequitur
1407 1550 1618 1606 autem
1657 1563 1730 1603 ex
1768 1544 1875 1605 illa

334 1635 506 1714 quod
536 1636 765 1696 debeat
788 1634 1055 1715 judicari
1088 1637 1167 1695 ab
1189 1638 1322 1716 ipso
1350 1642 1618 1715 tyranno
1640 1643 1702 1699 et
1728 1655 1873 1698 con-

330 1727 641 1804 demnari,
674 1746 751 1787 ne
783 1729 1136 1807 respublica
1162 1730 1416 1807 gravius
1445 1731 1718 1808 patiatur
1761 1748 1871 1790 no-

333 1825 739 1891 cumentum;
801 1839 950 1899 ergo
991 1822 1127 1882 haec
1180 1823 1368 1884 etiam
1437 1824 1873 1885 condemnatio

331 1931 477 1992 quae
506 1913 809 1992 sequitur,
844 1915 961 1976 erit
988 1915 1219 1993 injusta
1250 1916 1313 1974 in
1356 1916 1590 1992 radice,
1625 1915 1744 1976 hoc
1782 1921 1878 1977 est

330 2005 534 2066 oritur
561 2006 915 2067 necessario
939 2025 1013 2066 ex
1044 2008 1286 2068 actione
1316 2008 1422 2068 illa
1450 2008 1678 2087 injusta
1715 2000 1877 2087 prae-

331 2097 606 2174 cedenti,
640 2102 701 2158 et
731 2115 842 2176 per
870 2115 1259 2178 consequens
1288 2118 1456 2161 mors
1485 2101 1590 2160 illa
1621 2100 1876 2162 habebit

331 2189 640 2250 malitiam
697 2189 1053 2262 homicidii;
1101 2192 1508 2253 homicidium
1575 2193 1740 2253 enim
1783 2197 1876 2253 est

332 2281 565 2343 occisio
598 2281 867 2341 hominis
897 2281 1147 2360 injusta.

411 2374 619 2449 DiceS,
654 2373 1062 2435 homicidium
1084 2394 1217 2436 esse
1239 2376 1615 2438 occisionem
1647 2378 1874 2439 factam

327 2467 704 2528 auctoritate
752 2466 1025 2545 privata;
1071 2473 1408 2546 tyrannum
1466 2476 1675 2532 autem
1727 2475 1875 2531 tunc

329 2559 623 2621 occidere
645 2560 778 2638 ,iam
809 2560 1177 2622 auctoritate
1204 2562 1586 2641 reipublicae,
1624 2582 1763 2643 quae
1800 2582 1874 2623 ex

326 2652 761 2731 suppositione
789 2652 1010 2714 retenti
1042 2654 1452 2733 principatus,
1496 2656 1604 2716 dat
1647 2656 1731 2715 illi
1781 2660 1875 2716 ta-

328 2746 456 2806 lem
513 2745 952 2805 auctoritatem
1007 2750 1076 2806 ut
1120 2746 1339 2825 puniat
1380 2748 1869 2809 malefactorem.

329 2838 456 2900 Sed
491 2843 729 2913 contra,
765 2838 911 2917 quia
943 2837 1121 2899 sicuti
1153 2840 1235 2898 ad
1264 2840 1570 2900 rationem
1613 2840 1877 2901 homici-

327 2930 416 2990 dii
446 2930 681 2991 sufficit
708 2930 1009 3010 injustitia
1038 2931 1101 2991 in
1131 2932 1381 3003 radice;
1416 2932 1505 2993 sic
1535 2934 1726 2994 etiam
1747 2934 1876 2993 sui-

325 3023 463 3085 ficit
515 3022 853 3083 auctoritas
910 3023 1153 3101 privata
1203 3024 1264 3084 in
1306 3026 1556 3098 radice;
1629 3026 1773 3087 licet
1811 3026 1874 3086 in

325 3115 701 3176 executione
760 3115 1133 3178 interveniat
1201 3118 1539 3179 auctoritas
1599 3120 1868 3198 publica.

325 3210 676 3288 Utriusque
731 3210 924 3287 partis
995 3211 1199 3270 afferri
1272 3217 1533 3291 possunt
1592 3214 1877 3292 exempla

322 3302 618 3363 moralia.
649 3302 922 3362 Primum
953 3305 1307 3382 exemplum
1328 3305 1427 3365 sit.
1462 3305 1528 3366 Si
1550 3305 1737 3366 alicui
1765 3306 1874 3366 des

324 3395 456 3456 tale
489 3413 822 3468 venenum,
856 3412 932 3455 ex
977 3413 1099 3475 quo
1130 3396 1357 3457 debeat
1397 3397 1651 3458 omnino
1689 3398 1871 3475 mori,

324 3488 448 3549 nisi
495 3505 720 3547 manus
762 3487 989 3549 infecta
1029 3488 1116 3548 illi
1154 3489 1594 3561 abscindatur;
1630 3490 1875 3551 etiamsi

321 3586 417 3657 tu,
457 3581 708 3659 petente
742 3580 899 3659 ipso,
935 3599 1192 3641 manum
1223 3582 1279 3640 ei
1309 3581 1639 3642 abscindas
1669 3587 1737 3644 ut
1780 3584 1882 3643 fu-

323 3673 465 3753 giat
494 3676 800 3744 mortem;
837 3677 899 3733 et
925 3673 1069 3733 licet
1098 3674 1216 3734 hoc
1246 3673 1412 3734 licite
1440 3674 1567 3735 imo
1601 3693 1673 3734 ex
1705 3676 1877 3736 debi-

321 3772 387 3828 to
421 3766 620 3826 facias
648 3784 722 3825 ex
751 3765 856 3826 illa
884 3767 1331 3845 suppositione,
1364 3767 1573 3827 adhuc
1603 3769 1707 3828 illa
1735 3787 1874 3828 mu-

320 3859 530 3921 tilatio
561 3859 622 3918 in
667 3858 876 3919 radice
909 3859 1027 3920 erit
1054 3859 1305 3938 injusta,
1355 3866 1414 3922 et
1466 3861 1878 3941 imputabitur

321 3952 442 4014 tibi
465 3952 528 4011 in
560 3951 778 4012 ordine
806 3951 887 4012 ad
916 3969 1134 4012 omnes
1163 3955 1420 4013 effectus
1468 3954 1877 4015 mutilationis

322 4047 615 4125 injustae3
651 4061 800 4123 ergo
845 4044 1068 4105 eodem
1106 4045 1294 4105 modo
1341 4046 1420 4105 ad
1469 4046 1877 4107 homicidium

323 4157 437 4199 seu
474 4137 849 4198 occisionem
898 4137 1215 4216 injustam,
1265 4138 1531 4200 sufficiet
1575 4138 1877 4219 injustitia

321 4233 387 4293 in
412 4231 651 4308 radice,
684 4249 761 4290 ex
790 4247 914 4308 qua
943 4231 1292 4291 necessario
1322 4231 1511 4291 dehet
1526 4232 1699 4310 sequi
1736 4233 1877 4293 talis

321 4325 585 4388 occisio.
622 4323 982 4385 Secundum
1012 4323 1367 4402 exemplum
1400 4324 1499 4400 sit,
1544 4324 1594 4384 si
1637 4325 1872 4384 crimen

320 4416 501 4498 quod
531 4419 771 4476 secreto
800 4415 1097 4493 accepisti
1141 4416 1219 4475 ab
1265 4416 1496 4496 aliquo,
1547 4422 1615 4478 tu
1658 4422 1875 4495 postea

321 4512 560 4589 injuste
589 4508 835 4568 deferas
866 4508 944 4568 ad
967 4509 1269 4587 judicem,
1292 4514 1355 4570 et
1381 4528 1525 4570 reus
1549 4510 1666 4570 hac
1696 4527 1872 4570 occa-

319 4603 506 4663 sione
550 4601 750 4679 capite
792 4601 1136 4680 plectatur;
1188 4602 1293 4661 illa
1334 4602 1589 4681 quidem
1645 4603 1871 4663 occisio

325 4698 401 4757 fit
459 4693 830 4756 auctoritate
905 4693 1152 4771 publica
1189 4714 1203 4753 :
1263 4694 1608 4772 imputatur
1661 4700 1870 4756 tamen

318 4789 440 4851 tibi
472 4792 775 4866 tanquam
802 4787 1032 4866 injusto
1063 4787 1347 4863 occisori,
1379 4788 1525 4866 quia
1554 4792 1664 4848 tua
1708 4787 1874 4867 inju-

318 4887 423 4943 sta
456 4880 769 4940 delatione
799 4879 965 4940 fuisti
995 4897 1187 4939 causa
1215 4880 1382 4959 quod
1413 4897 1452 4940 a
1473 4879 1875 4959 judicedam-

322 4976 608 5047 nal-etur,
663 4977 734 5031 et
786 4972 926 5032 ideo
983 4972 1215 5032 teneris
1273 4972 1351 5031 ad
1410 4973 1870 5034 restitutionem

320 5068 729 5139 damnorum,
763 5065 922 5125 sicut
964 5065 1170 5126 caeteri
1218 5065 1571 5140 homicidae,
1619 5071 1689 5127 ut
1726 5081 1874 5144 sup-

318 5161 572 5239 ponunt
598 5157 1013 5218 communiter
1039 5157 1338 5235 theologi,
1374 5162 1436 5218 et
1463 5157 1702 5219 notavit
1745 5160 1874 5219 Mo-

320 5253 457 5313 lina
498 5256 653 5313 tom.
686 5265 746 5311 v.
780 5249 851 5310 de
863 5249 1122 5329 justitia,
1155 5250 1385 5330 disput.
1422 5267 1480 5312 v,
1515 5270 1577 5312 n.
1631 5254 1669 5311 2
1728 5252 1876 5330 quia

322 5345 627 5407 nimirum
651 5355 826 5404 'mors
856 5343 958 5403 illa
988 5344 1309 5405 derivatur
1323 5362 1398 5404 ex
1420 5343 1611 5424 priori
1630 5345 1873 5405 actione

320 5443 441 5501 tua
468 5437 722 5517 injusta,
754 5437 903 5498 licet
951 5439 1171 5516 postea
1216 5436 1550 5498 mandetur
1592 5438 1873 5515 proxime

3397 351 3512 411 683

1976 525 2322 587 executioni
2356 544 2467 606 per
2496 526 2931 588 auctoritatem
2960 525 3317 607 publicam;
3363 540 3512 605 ergo

1975 615 2259 678 similiter
2312 619 2458 680 licet
2506 623 2813 698 tyrannus
2851 623 3200 699 exequatur
3242 619 3515 698 punitio-

1976 727 2122 769 nem
2153 712 2523 774 auctoritate
2553 711 2837 791 publica;
2871 712 2977 773 illa
3014 716 3227 774 tamen
3270 710 3511 790 punitio

1973 800 2385 879 imputabitur
2426 804 2483 863 ei
2525 808 2827 883 tanquam
2882 803 3309 873 homicidium,
3357 816 3514 882 qua-

1971 896 2155 955 tenus
2183 895 2380 955 oritur
2409 914 2483 955 ex
2512 896 2757 956 actione
2786 895 3018 975 injusta
3038 913 3164 975 qua
3183 895 3383 956 noluit
3409 906 3510 955 re-

1973 986 2221 1047 mittere
2254 1006 2432 1048 reum
2468 988 2547 1048 ad
2570 988 2849 1067 judicem
2878 988 3248 1068 legitimum,
3289 987 3352 1047 in
3388 1002 3512 1067 qua

1973 1079 2220 1139 actione
2250 1080 2366 1142 fuit
2392 1080 2716 1160 injustitia,
2752 1086 2814 1142 et
2867 1082 3205 1142 auctoritas
3244 1080 3505 1160 privata,

1972 1187 2012 1229 a
2039 1188 2161 1249 qua
2192 1173 2551 1234 inficiuntur
2580 1174 2791 1234 omnia
2816 1174 3261 1253 subsequentia
3289 1175 3351 1233 et
3364 1189 3511 1252 par-

1972 1263 2234 1342 ticipant
2260 1266 2569 1326 rationem
2600 1265 2939 1326 homicidii.
2967 1266 3122 1326 Hinc

2051 1356 2255 1417 Infero
2284 1357 2490 1434 tertio,
2524 1363 2862 1435 tyrannum
2907 1359 2969 1418 in
3010 1358 3308 1437 praedicto
3354 1373 3503 1416 casu

1970 1448 2172 1508 teneri
2226 1449 2307 1508 ad
2361 1451 2820 1512 restitutionem
2866 1470 2974 1511 reo
3022 1452 3341 1525 damnato,
3390 1463 3502 1527 pro

1971 1540 2212 1601 ratione
2240 1544 2449 1602 tamen
2479 1542 2633 1621 spei,
2667 1561 2807 1622 quae
2836 1561 2970 1603 esse
3009 1546 3219 1621 posset
3263 1541 3341 1601 de
3372 1538 3505 1618 ejus

1968 1632 2338 1694 liberatione
2368 1634 2416 1693 si
2446 1635 2742 1695 remissus
2770 1635 2987 1695 fuisset
3012 1635 3095 1695 ad
3116 1633 3395 1714 judicem
3420 1632 3504 1691 le-

1970 1725 2260 1804 gitimum
2287 1741 2300 1785 :
2335 1743 2480 1785 nam
2509 1727 2670 1787 sicut
2698 1727 2968 1787 diximus
2994 1745 3187 1806 supra
3230 1725 3504 1786 sectione

1968 1818 2370 1896 praecedenti,
2395 1818 2696 1898 judicem,
2731 1820 2838 1899 qui
2866 1837 2980 1898 per
3006 1818 3379 1880 sententiam
3408 1816 3505 1876 in-

1969 1909 2243 1970 validam
2273 1912 2717 1973 condemnavit
2742 1931 2942 1989 reum,
2976 1911 3174 1973 teneri
3207 1910 3287 1970 ad
3328 1908 3508 1970 resti-

1970 2003 2277 2063 tutionem
2309 2022 2419 2082 pro
2447 2005 2691 2066 ratione
2719 2006 2852 2084 spei
2885 2023 3024 2084 quae
3093 2020 3228 2064 esse
3269 2004 3502 2081 posset,

1973 2097 2142 2175 quod
2173 2097 2351 2157 aliter
2379 2115 2502 2158 non
2533 2098 2749 2159 fuisset
2775 2098 3107 2159 damnatus
3141 2117 3154 2158 ε
3202 2097 3292 2157 sic
3318 2096 3507 2156 etiam

1972 2188 2308 2249 dicendum
2330 2195 2422 2251 est
2461 2190 2523 2250 in
2579 2190 2869 2270 praesenti
2925 2193 3182 2269 propter
3221 2188 3509 2249 eamdem

1973 2281 2310 2354 rationem;
2346 2301 2470 2343 non
2502 2284 2669 2342 enim
2711 2288 3001 2344 censetur
3046 2282 3325 2343 intulisse
3377 2297 3509 2339 ma-

1960 2371 2068 2453 'jus
2099 2374 2424 2446 damnum,
2458 2394 2572 2436 nec
2603 2376 2682 2436 ad
2711 2377 2851 2455 plus
2879 2375 3103 2436 teneri.

2051 2468 2255 2528 Infero
2279 2473 2501 2547 quarto
2530 2473 2870 2547 tyrannum
2899 2470 2961 2527 in
3006 2467 3304 2547 praedicto
3358 2483 3507 2527 casu

1971 2560 2105 2620 fieri
2149 2560 2561 2639 irregularem
2606 2560 3061 2640 irregularitate
3104 2560 3508 2639 proveniente

1972 2671 2047 2713 ex
2077 2652 2414 2713 homicidio
2472 2653 2723 2732 injusto.
2771 2656 2926 2715 Cum
2968 2652 3135 2712 enim
3177 2652 3510 2731 probatum

1971 2746 2071 2821 sit,
2120 2746 2276 2805 illud
2316 2764 2451 2808 esse
2488 2765 2635 2806 vere
2683 2745 3088 2807 homicidium
3132 2744 3511 2807 determina-

1969 2838 2096 2900 tive
2125 2857 2163 2899 a
2210 2838 2420 2898 radice
2466 2837 2730 2918 injusta;
2766 2857 3157 2918 consequens
3207 2841 3301 2898 est
3341 2836 3508 2917 quod

1971 2932 2193 2991 afferat
2220 2948 2470 3009 poenam
2490 2930 2829 3005 homicidii,
2863 2931 3064 3010 qualis
3088 2936 3182 2992 est
3212 2930 3510 3008 irregula-

1969 3024 2154 3085 ritas:
2189 3023 2349 3084 sicut
2377 3024 2566 3084 etiam
2591 3024 2652 3082 in
2675 3024 2974 3102 exemplis
2995 3023 3277 3102 proxime
3309 3022 3509 3082 addu-

1972 3118 2086 3178 ctis
2115 3136 2191 3176 ex
2220 3117 2324 3176 illa
2349 3117 2761 3194 mutilatione,
2796 3121 2858 3178 et
2912 3134 2985 3177 ex
3028 3117 3134 3178 illa
3174 3116 3504 3177 occisione.

2053 3211 2324 3272 Infertur
2371 3211 2610 3290 quint0,
2658 3215 2929 3288 tyranno
2978 3211 3066 3272 sic
3122 3209 3509 3291 praecipienti

1969 3304 2169 3365 teneri
2198 3303 2482 3364 subditos
2507 3303 2763 3364 obedire
2792 3304 2854 3363 in
2886 3303 3073 3364 rebus
3112 3303 3388 3382 alioquin
3409 3303 3507 3380 ju·

1972 3396 2103 3470 stis,
2139 3400 2201 3456 et
2235 3399 2398 3455 stare
2430 3394 2566 3475 ejus
2608 3395 2953 3458 sententiiS.
3008 3396 3282 3456 Probant
3316 3394 3510 3474 aliqui

1972 3507 2045 3548 ex
2077 3488 2179 3548 illo
2224 3487 2438 3548 Matth.
2473 3504 2625 3548 xxn.
2687 3488 2795 3548 ubi
2840 3489 3120 3551 Christus
3159 3487 3504 3566 respondit,

1972 3580 2143 3660 quod
2175 3580 2541 3641 redderetur
2565 3580 2867 3641 tributum
2893 3581 3141 3658 Caesari,
3163 3582 3270 3661 qui
3296 3585 3509 3642 tamen

1973 3691 2097 3733 non
2127 3675 2262 3733 erat
2299 3673 2614 3752 legitimus
2649 3674 3014 3734 Judaeorum
3062 3693 3193 3736 rex.
3236 3676 3384 3734 Haec
3423 3676 3512 3734 ta-

1971 3784 2116 3826 men
2138 3765 2425 3845 probatio
2459 3784 2581 3826 non
2612 3765 2818 3844 placet
2840 3766 3050 3827 Lessio
3081 3770 3143 3827 et
3170 3766 3328 3841 aliis,
3362 3766 3511 3845 quia

1974 3859 2256 3921 Christus
2310 3858 2395 3917 ibi
2436 3859 2640 3918 solum
2707 3859 3085 3937 generaliter
3138 3858 3513 3937 significavit

1971 3951 2357 4032 principibus
2387 3951 2711 4012 reddenda
2739 3970 2873 4012 esse
2898 3952 3153 4013 tributa.
3206 3952 3332 4013 Sed
3362 3969 3512 4012 con-

1970 4050 2089 4121 tra,
2125 4045 2272 4125 quia
2301 4043 2582 4105 Christus
2617 4063 2739 4104 non
2769 4043 3113 4122 rogabatur
3141 4044 3201 4104 in
3224 4060 3507 4105 commu-

1972 4141 2057 4214 ni,
2103 4157 2183 4198 an
2257 4137 2522 4217 principi
2587 4137 2968 4199 deberentur
3006 4139 3261 4215 tributa,
3301 4138 3411 4199 sed
3446 4137 3510 4198 in

1971 4231 2333 4312 particulari
2394 4231 2472 4290 de
2522 4231 2754 4291 tributo
2812 4230 3021 4292 dando
3074 4232 3172 4292 vel
3216 4230 3509 4310 negando

1973 4325 2222 4387 Caesari.
2286 4324 2505 4385 Melius
2561 4325 2824 4385 fortasse
2893 4324 3102 4385 dicere
3152 4339 3505 4403 possumne,

1971 4418 2285 4480 Christum
2314 4417 2403 4476 ibi
2437 4417 2588 4476 nihil
2623 4418 2877 4478 omnino
2922 4418 3235 4495 definisse,
3280 4437 3360 4478 an
3406 4417 3512 4477 tri-

1972 4512 2193 4572 butum
2221 4511 2559 4571 deberetur
2587 4510 2853 4572 Caesari:
2890 4511 3001 4571 sed
3045 4511 3269 4588 solum,
3322 4530 3400 4570 an
3439 4510 3510 4571 li-

1971 4609 2141 4665 ceret
2166 4604 2317 4664 illud
2347 4604 2611 4664 solvere.
2645 4605 2733 4664 De
2766 4604 2883 4664 hoc
2915 4606 3080 4664 enim
3127 4606 3329 4665 solum
3376 4604 3510 4665 fue-

1970 4701 2070 4758 rat
2096 4697 2518 4774 interrogatus
2560 4715 2572 4755 :
2608 4696 2774 4757 etad
2806 4697 2926 4757 hoc
2982 4698 3325 4776 respondit,
3380 4713 3509 4757 non

1971 4790 2175 4850 solum
2200 4790 2412 4865 licere,
2456 4789 2564 4848 sed
2610 4788 3074 4868 prudentissimi
3106 4790 3341 4851 consilii
3374 4805 3508 4850 esse

1968 4882 2055 4943 ita
2081 4883 2285 4943 facere
2303 4881 2383 4941 ad
2407 4882 2901 4942 conservandam
2922 4897 3143 4962 pacem
3160 4887 3221 4943 et
3236 4882 3510 4961 quietem

1971 4975 2311 5054 publicam,
2348 4993 2537 5054 quam
2582 4975 2762 5036 aliter
2791 4993 3161 5035 conservare
3190 4992 3313 5035 non
3362 4992 3505 5052 pos-

1970 5072 2147 5129 sent:
2183 5068 2302 5128 hoc
2332 5073 2543 5128 autem
2573 5069 2805 5147 optime
2853 5068 3082 5147 probat
3130 5086 3205 5128 ex
3253 5068 3390 5147 ipsa
3418 5068 3507 5126 in-

1973 5161 2309 5239 scriptione
2338 5166 2607 5222 monetae
2649 5182 2661 5221 :
2699 5180 2843 5222 nam
2885 5161 2938 5220 si
2990 5161 3190 5223 Judaei
3236 5161 3315 5221 ad
3361 5178 3509 5220 con-

1973 5253 2350 5314 servandam
2375 5253 2536 5315 hanc
2567 5273 2813 5331 pacem,
2850 5257 3159 5315 Caesarem
3217 5258 3285 5315 ut
3313 5252 3508 5314 domi-

1975 5363 2126 5406 num
2157 5351 2698 5424 recognoscentes,
2736 5346 2871 5425 ejus
2898 5352 3173 5423 moneta,
3201 5352 3261 5408 et
3288 5346 3510 5406 inscri-

1973 5439 2188 5519 ptione
2217 5440 2587 5503 utebantur:
2622 5440 2843 5501 eadem
2892 5440 3133 5501 ratione
3180 5440 3509 5519 oportebat

3650 1368 3727 1429 32

3564 1498 3630 1539 An
3650 1497 3837 1538 teneatur

3553 1551 3603 1592 ad
3627 1548 3850 1592 restitutio-

3571 1616 3680 1652 nem,
3700 1607 3740 1642 el
3761 1601 3830 1662 liat

3578 1656 3830 1711 irregularis.

3583 3431 3741 3476 subditi
3772 3439 3825 3474 ιιι

3558 3491 3773 3529 mabuntur
3812 3486 3852 3528 ei

3585 3539 3750 3582 obedire
3783 3541 3824 3580 in

3556 3593 3682 3636 abus
3710 3592 3849 3648 iustis.
