4263 6376
705 2497 781 2555 19

657 2620 763 2674 Quid
796 2620 847 2664 de

647 2674 857 2717 beneflciis

672 2729 825 2771 curatis

616 2782 896 2826 inferioribus.

960 262 1078 318 574
2125 259 2227 316 DE
2268 256 2625 318 JUSTI'PIA
2673 258 2772 316 ΕΤ
2814 257 3015 319 JURE

961 437 1039 496 cii
1059 436 1497 496 immemorum
1520 438 1842 512 pastorum
1857 434 2163 512 regimine
2181 433 2495 512 peribunt,

2601 432 2917 494 habentia.
2940 435 3155 511 Neque
3177 433 3385 494 obstat
3405 432 3576 493 idem
3592 436 3821 499 Concil.
3839 458 4002 508 sessu.
4089 475 4090 482 1

962 531 1266 591 Dominus
1296 533 1506 588 noster
1534 529 1683 588 Jesu
1736 527 2022 587 Christus
2076 527 2156 586 de
2210 526 2501 585 manibus
2598 545 2654 587 c.
2686 529 2744 586 3.
2782 526 2888 586 ubi
2916 527 3119 587 solum
3149 527 3398 601 dicitur,
3435 527 3602 605 quod
3636 528 3898 592 beneficia
3927 538 4007 596 lull·-

961 624 1097 703 ejus
1128 624 1207 683 sit
1234 621 1665 699 requisiturus,
1700 642 1726 676 »
1767 619 1885 681 Ubi
1917 620 1997 679 ad
2028 624 2310 680 nostrum
2355 637 2499 696 pro-

958 716 1231 795 positum
1303 714 1427 772 duo
1502 712 1909 790 ponderanda
1970 717 2135 773 sunt.
2198 712 2495 786 Primum,

962 808 1132 888 quod
1148 806 1489 869 Concilium
1513 804 1958 882 obligationem
1977 805 2245 883 eligendi
2270 803 2498 882 dignis-

958 903 1148 962 simos
1178 899 1527 959 cardinales
1557 898 1794 975 colligit
1834 917 1908 957 ex
1956 897 2344 975 gravissimis
2386 899 2498 957 Ec-

959 994 1161 1055 clesiae
1190 991 1623 1067 incommodiS,
1658 1008 1799 1068 quae
1827 990 2218 1068 apparebant
2248 1009 2261 1048 :
2314 989 2394 1048 ad
2424 1008 2499 1048 ea

958 1105 1106 1165 ergo
1196 1084 1595 1163 impedienda
1684 1083 2101 1143 necessarium
2164 1081 2493 1159 judicavit,

959 1180 1127 1260 quod
1159 1178 1507 1257 dignissimi
1541 1177 1939 1254 eligerentur.
1977 1175 2337 1237 Secundum
2378 1180 2492 1250 est,

958 1274 1128 1354 quod
1157 1272 1320 1332 hanc
1348 1272 1549 1349 ipsam
1579 1270 2087 1348 dignissimorum
2126 1269 2496 1329 electionem

958 1386 1083 1427 non
1115 1367 1330 1428 utilem
1365 1365 1590 1438 solum,
1625 1363 1733 1423 sed
1757 1361 2176 1423 necessariam
2205 1360 2494 1421 Ecclesiae

955 1479 1089 1520 esse
1136 1459 1311 1533 dixit,
1355 1457 1478 1517 imo
1534 1474 1722 1535 super
1766 1456 1977 1516 omnia
2033 1454 2156 1514 alia
2206 1472 2495 1515 necessa-

952 1554 1111 1614 riam
1138 1573 1150 1613 :
1184 1552 1284 1612 ille
1314 1569 1486 1628 erge,
1522 1549 1624 1629 qui
1656 1568 1733 1608 ex
1762 1548 1964 1609 officio
1997 1553 2244 1609 tenetur
2278 1547 2495 1607 Eccle-

955 1647 1061 1706 siae
1092 1645 1153 1704 in
1187 1643 1554 1704 necessariis
1570 1641 1925 1721 providere,
1955 1659 2075 1702 non
2101 1645 2305 1718 potest
2328 1640 2491 1700 hanc

954 1737 1310 1817 digniorum
1342 1735 1710 1796 electionem
1742 1735 2051 1809 omittere,
2087 1733 2206 1793 nisi
2239 1734 2388 1794 velit
2430 1733 2492 1792 in

949 1831 1318 1893 necessariis
1360 1828 1643 1888 deficere.
1683 1830 1818 1887 Non
1858 1832 1952 1887 est
2003 1845 2154 1904 ergo
2204 1845 2494 1887 necessa-

948 1926 1112 1985 rium
1142 1926 1523 2001 praeceptum
1561 1921 1906 1981 humanum
1935 1920 2018 1979 ad
2049 1920 2212 1979 hanc
2243 1920 2489 1996 obliga-

948 2019 1207 2093 tionem,
1240 2034 1383 2076 cum
1426 2015 1503 2074 de
1552 2015 1695 2092 jure
1752 2018 1991 2074 naturae
2049 2014 2129 2072 sit
2191 2013 2489 2091 obligatio

951 2113 1088 2172 haec
1117 2108 1483 2170 consulendi
1510 2106 1801 2167 Ecclesiae
1832 2106 1996 2165 bono
2026 2106 2246 2166 saltem
2295 2105 2356 2164 in
2389 2125 2492 2164 ne-

952 2204 1237 2265 cessariis
1285 2202 1363 2260 ad
1423 2200 1673 2261 vitanda
1736 2199 2106 2276 gravissima
2160 2198 2346 2273 mala,
2409 2198 2490 2257 ad

953 2316 1140 2377 quem
1169 2298 1358 2355 finem
1389 2293 1733 2355 Concilium
1761 2291 2183 2351 necessarium
2222 2291 2485 2370 judicat,

953 2391 1120 2470 quod
1151 2390 1462 2466 eligantur
1492 2386 1827 2464 digniores.

1031 2483 1189 2542 Hinc
1212 2482 1346 2559 jam
1378 2479 1457 2538 ad
1476 2479 1598 2538 alia
1628 2477 1933 2539 beneficia
1960 2477 2490 2537 curatainferiora

952 2575 1358 2636 deveniamus
1393 2593 1406 2633 ε
1441 2572 1502 2631 in
1533 2572 1757 2650 quibus
1799 2571 1946 2631 licet
1972 2569 2152 2630 electi
2195 2588 2319 2631 non
2368 2571 2493 2633 sint

951 2674 1232 2749 pastores
1261 2667 1420 2727 adeo
1452 2665 1827 2743 superioreS,
1862 2682 1977 2723 nee
2007 2668 2243 2724 tantam
2269 2670 2487 2725 aueto-

950 2763 1199 2823 ritatem
1258 2760 1535 2818 habeant
1607 2756 1686 2816 ad
1757 2755 2191 2815 reformandos
2247 2756 2483 2832 fideleS,

950 2873 1134 2916 eosve
1164 2850 1647 2931 promovendOS,
1681 2848 1842 2910 sicut
1869 2848 2145 2927 episcopi
2173 2868 2186 2921 ;
2222 2850 2487 2910 multum

946 2954 1156 3010 tamen
1189 2962 1413 3006 nocere
1442 2943 1542 3003 vel
1563 2944 1786 3021 juvare
1834 2945 2194 3020 potuerunt,
2230 2960 2488 3019 praeser-

946 3041 1142 3102 timia
1170 3039 1245 3098 iis
1274 3037 1425 3097 locis
1466 3035 1530 3095 in
1575 3034 1800 3113 quibus
1847 3034 2119 3112 episcopi
2167 3053 2290 3093 non
2335 3036 2487 3094 resi-

945 3133 1116 3210 dent,
1152 3136 1215 3193 et
1243 3127 1627 3209 experientia
1650 3126 1953 3206 probatin
1998 3127 2071 3187 iis
2099 3126 2253 3187 locis
2292 3147 2485 3188 unum

944 3225 1291 3306 parochum
1335 3222 1492 3294 zelo,
1560 3226 1623 3282 et
1686 3221 1931 3281 fervore
1975 3222 2346 3298 flagrantem
2391 3222 2486 3282 in-

943 3321 1138 3379 fluere
1166 3315 1340 3377 brevi
1390 3319 1673 3393 tempore
1714 3314 2023 3392 spiritum,
2068 3318 2130 3373 et
2186 3314 2480 3392 pietatem

940 3412 1003 3472 in
1062 3429 1278 3472 omnes
1322 3408 1451 3467 fere
1484 3408 1638 3482 illos,
1686 3406 1791 3484 qui
1822 3406 1901 3465 ad
1925 3405 2058 3484 ejus
2090 3424 2305 3467 curam
2336 3426 2481 3485 per-

944 3507 1196 3567 tinent:
1230 3502 1496 3579 ideoque
1538 3499 1762 3559 merito
1809 3498 2068 3558 Trident
2108 3517 2258 3559 seSS.
2306 3515 2476 3560 xxlv.

941 3617 1036 3659 ca.
1072 3600 1166 3657 18.
1200 3593 1271 3654 de
1294 3594 1529 3673 reform.
1568 3590 1724 3652 dixit
1751 3607 1844 3650 111.
1880 3591 2186 3668 «Expedit
2210 3593 2479 3652 maxime

941 3692 1293 3751 animarum
1321 3686 1503 3746 saluti
1534 3703 1567 3744 a
1598 3684 1825 3762 digniS,
1860 3688 2046 3762 atque
2083 3683 2326 3745 idoneis
2367 3704 2480 3764 pa·-

940 3784 1147 3845 rochis
1189 3778 1553 3860 gubernari.
1607 3800 1635 3834 »
1700 3776 1819 3838 Ubi
1872 3781 2086 3837 tamen
2137 3796 2260 3837 non
2298 3778 2472 3855 dixit,

938 3894 1159 3938 necesse
1195 3883 1276 3934 est
1306 3873 1467 3933 sicut
1512 3888 1702 3948 supra
1739 3870 1982 3930 dixerat
2021 3869 2100 3929 de
2150 3871 2479 3930 cardinali-

938 3971 1056 4031 bus
1104 3973 1167 4029 et
1215 3965 1546 4045 episcopie,
1599 3962 1706 4023 sed
1749 3961 2000 4043 expedit,
2054 3982 2169 4023 nee
2222 3963 2396 4039 dixit,
2444 3984 2480 4024 a

940 4062 1311 4143 diym'ssimis,
1344 4068 1397 4120 et
1425 4057 1678 4140 optimiS,
1712 4057 1822 4116 sed
1852 4076 1888 4116 a
1914 4057 2104 4136 diqm's
2146 4066 2321 4138 atque
2352 4057 2480 4118 udo-

938 4157 1059 4217 neis
1077 4175 1104 4231 ‚·
1132 4173 1255 4234 qua
1283 4151 1582 4231 loquendi
1608 4149 1876 4210 formula
1906 4150 2148 4211 variata
2169 4150 2476 4212 indicasse

940 4249 1188 4310 videtur
1217 4264 1341 4307 non
1376 4248 1633 4319 tantam,
1669 4248 1732 4304 et
1758 4247 1885 4303 tam
1917 4243 2337 4303 universalem
2368 4264 2476 4304 ne-

940 4341 1293 4404 cessitatem
1323 4356 1456 4398 esse
1486 4337 1549 4396 in
1582 4336 1700 4396 hoc
1728 4340 1983 4413 puncto,
2016 4336 2180 4396 sicut
2221 4337 2283 4395 in
2316 4356 2479 4415 prae-

939 4434 1207 4496 cedenti.
1242 4431 1420 4505 Quod
1449 4434 1657 4490 tamen
1685 4423 1768 4490 sit
1813 4428 2108 4506 obligatio
2160 4429 2349 4489 etiam
2395 4430 2474 4489 de

937 4528 1075 4608 jure
1103 4530 1344 4587 naturae
1376 4521 1647 4601 eligendi
1670 4520 2045 4598 digniorem,
2073 4520 2323 4598 probari
2368 4539 2475 4600 po-

936 4624 1059 4683 test
1086 4619 1308 4681 eodem
1338 4621 1731 4695 argumente,
1766 4613 1910 4692 quia
1940 4618 2180 4675 attenta
2206 4614 2477 4675 difficul-

935 4717 1062 4776 tate
1091 4709 1511 4773 satisfaciendi
1533 4726 1642 4767 suo
1674 4706 1916 4766 muneri
1946 4706 2007 4765 in
2033 4710 2207 4767 tanta
2225 4726 2474 4767 morum

937 4804 1313 4885 corruptela,
1365 4806 1426 4862 et
1471 4800 1748 4879 periculo
1810 4798 2081 4877 eligendi
2145 4799 2470 4877 indignum

936 4900 1166 4960 omisso
1198 4895 1489 4976 digniori,
1525 4892 1694 4972 quod
1734 4891 1939 4969 majus
1986 4892 2333 4969 periculum
2382 4897 2477 4953 est

937 4993 996 5052 in
1032 4992 1149 5051 hac
1177 4989 1462 5062 materia,
1485 5004 1675 5065 quam
1701 4985 1765 5044 in
1795 4984 2014 5045 officiis
2044 4985 2468 5061 saecularibuS,

937 5091 1125 5165 atque
1148 5086 1288 5145 ideo
1320 5081 1522 5161 magis
1552 5078 1903 5139 cavendum
1926 5083 2038 5151 est,
2073 5079 2295 5139 merito
2309 5078 2475 5157 judi-

936 5185 1116 5240 catur
1145 5177 1327 5257 culpa
1356 5175 1586 5254 graviS,
1608 5177 1670 5233 et
1696 5173 1836 5231 ideo
1860 5172 2091 5232 Concil.
2119 5191 2270 5233 sese.
2291 5188 2469 5233 xxm.

937 5292 1074 5351 cap.
1112 5275 1207 5333 18.
1269 5270 1505 5348 obligat
1560 5266 1921 5344 episcopum
1978 5265 2057 5323 ad
2114 5265 2473 5343 eligendum

938 5384 1186 5444 semper
1215 5381 1401 5444 quem
1430 5359 1779 5439 digniorem
1800 5358 2200 5437 Judicaverit,
2234 5359 2315 5418 ad
2365 5359 2476 5419 be-

939 5459 1163 5520 neficia
1216 5453 1623 5536 parochialia,
1681 5470 1791 5511 seu
1846 5469 2062 5511 curam
2120 5451 2474 5511 animarum

2596 619 2765 678 riora
2794 618 3141 696 praesertim
3188 625 3407 680 curata
3437 621 3663 680 dentur
3693 623 3888 700 dignis
3923 632 4005 691 Nam

2597 711 2684 770 ibi
2732 710 3078 771 Concilium
3129 712 3258 791 agit
3304 713 3508 772 solum
3555 713 3634 773 de
3679 719 3947 796 requisitis,
3973 739 4008 786 ui

2599 804 2815 865 electio
2849 823 2970 864 non
3001 805 3083 866 sit
3111 812 3328 883 postea
3359 805 3683 880 irritanda,
3705 809 3784 867 ad
3817 814 3928 888 quod
3946 821 4008 875 suf·

2596 897 2725 958 ficit
2768 897 2818 957 si
2864 897 3132 975 eligatur
3182 900 3432 977 dignus.
3496 903 3715 961 Postea
3759 921 3896 978 vero,
3923 927 4006 970 sess.
4089 909 4090 928 ¹

2592 1008 2738 1051 xxlv
2769 992 3065 1068 explicuit
3092 991 3323 1051 debere
3355 993 3503 1071 eligi
3528 993 3878 1072 digniorem.

2675 1085 2955 1162 Denique
2984 1084 3251 1144 diximus
3271 1085 3335 1144 in
3363 1086 3690 1146 beneficiis
3718 1089 4005 1168 simplicibus:
4065 1065 4091 1186 ff

2597 1177 2743 1254 quia
2773 1177 3117 1254 periculum
3147 1179 3304 1238 tanti
3333 1179 3481 1240 mali
3513 1199 3636 1241 non
3666 1186 3782 1256 est,
3819 1201 3953 1262 neque
3969 1209 4007 1247 ex
4055 1237 4062 1244 .

2593 1270 2667 1329 iis
2694 1274 2942 1330 tantum
2971 1270 3263 1331 Ecclesiae
3290 1271 3531 1333 bonum
3559 1274 3808 1350 pendet,
3836 1285 4007 1341 excusati
4043 1291 4048 1292 ⁷

2592 1382 2771 1440 posse
2801 1362 3044 1423 facilius
3074 1363 3433 1440 electorem,
3470 1366 3578 1444 qui
3607 1368 3820 1441 semel,
3846 1376 3919 1431 aut
3946 1373 4007 1432 ite⁴

2592 1474 2732 1515 rum
2760 1455 3113 1534 digniorem
3141 1456 3391 1532 omittit,
3427 1458 3580 1517 dum
3607 1464 3814 1520 tamen
3837 1480 4007 1524 eommu-
4081 1469 4090 1554 4

2593 1550 2755 1610 niter
2782 1549 3132 1628 digniorem
3148 1550 3337 1628 eligat
3391 1552 3687 1631 Alioquin
3719 1554 3766 1611 si
3784 1561 4008 1617 communi-

2590 1646 2685 1702 ter
2710 1661 2816 1703 eos
2836 1644 3357 1721 praetermitteret,
3376 1662 3501 1704 non
3520 1645 3702 1705 facile
3729 1657 4008 1710 excusaretur
4079 1613 4090 1760 4

2590 1755 2628 1794 a
2656 1735 2840 1812 culpa
2868 1736 3080 1813 gravi:
3129 1741 3260 1796 tum
3292 1736 3442 1814 quia
3487 1738 3836 1817 frequenter
3867 1755 4008 1804 erraret

2590 1828 2877 1906 eligendo
2908 1828 3221 1906 indignoS‚
3272 1829 3441 1888 unde
3485 1829 3661 1889 brevi
3719 1833 4007 1894 Ecclesiam·
4087 1877 4090 1892 .

2587 1922 2793 2000 pietur
2820 1921 3119 1981 ministris
3157 1921 3453 1999 indigniS‚
3490 1923 3594 2001 qui
3639 1926 3798 1984 malo
3829 1930 4008 2006 exemplo

2588 2015 2822 2093 populo
2850 2014 3148 2074 scandalo
3169 2021 3352 2086 sunt3
3388 2015 3691 2076 Ecclesiae
3728 2019 4004 2080 cathedrale

2588 2107 3024 2184 deturpantur,
3060 2106 3265 2167 officia
3292 2107 3507 2167 divina
3538 2111 3889 2188 negligenter
3905 2133 4008 2190 pen-

2586 2204 2841 2277 guntur,
2874 2198 3112 2259 reditus
3149 2200 3552 2262 ecclesiastici
3575 2203 3737 2262 male
3764 2207 4006 2283 expendun-
4089 2277 4090 2284 ἵ

2585 2297 2708 2366 tur,
2735 2291 3034 2369 neglectis
3072 2293 3478 2370 pauperibus,
3535 2296 3758 2374 quibus
3797 2298 4006 2358 subvenixi

2586 2384 2879 2445 deberet:
2913 2389 3048 2445 tum
3077 2385 3289 2461 etiam,
3322 2385 3474 2464 quia
3494 2389 3689 2448 ceteri
3717 2408 3784 2449 eo
3824 2392 4005 2468 exemplo

2586 2495 2710 2537 non
2739 2482 2962 2538 curant
2991 2476 3308 2552 digniores
3336 2479 3497 2554 fieri,
3533 2485 3605 2542 ut
3645 2482 3854 2543 meritis
3887 2485 4008 2557 majo·

2583 2570 2757 2630 ribus
2786 2570 2868 2629 ad
2897 2569 3231 2646 dignitates
3291 2572 3746 2634 ecclesiasticas
3788 2577 4004 2653 pervenite*
4087 2593 4090 2668 4

2584 2662 2858 2741 possint:
2893 2681 3034 2741 quae
3065 2663 3273 2722 omnia
3324 2664 3764 2741 gravissimum
3804 2667 4006 2727 damnum

2585 2755 2876 2816 Ecclesiae
2923 2755 3213 2831 afferunt,
3266 2757 3438 2835 quod
3480 2757 3775 2836 impedire
3807 2761 4006 2821 deberent

2585 2847 2647 2921 ii,
2679 2849 2785 2926 qui
2815 2867 2891 2908 ex
2921 2848 3124 2909 officio
3149 2851 3443 2909 tenentur
3471 2852 3755 2913 Ecclesia?
3780 2853 3907 2913 bono
3924 2871 4008 2912 em>
4089 2829 4090 2886 l

2585 2941 2820 3010 sulere;
2857 2941 3021 3001 unde
3050 2941 3114 3000 in
3143 2941 3469 3002 beneficiis
3499 2945 3687 3005 etiam
3730 2947 4006 3024 simplic-itus

2583 3033 2842 3112 majoris
2892 3034 3221 3110 momenti,
3276 3036 3488 3114 qualia
3544 3045 3682 3098 sunt
3739 3041 4005 3100 Decanatoe.

2582 3126 3178 3203 ArchidiaconatuS,
3240 3128 3656 3192 Canonicatus
3709 3131 3936 3210 pingues,
3972 3139 4006 3190 ei

2580 3220 2826 3296 similia,
2861 3238 2977 3281 nec
3006 3222 3197 3281 semel
3225 3221 3444 3283 liceret
3471 3224 3703 3303 absque
3729 3226 4007 3304 graticulpa
4087 3270 4088 3281 ,

2588 3313 2905 3393 digniores
2919 3314 3390 3391 praetermittere
3408 3335 3423 3375 :
3451 3317 3596 3395 quia
3612 3317 4007 3378 licetcuramani-

2577 3424 2824 3466 marum
2854 3425 2977 3466 non
3008 3406 3322 3478 habeant;
3357 3410 3625 3470 multum
3654 3417 3836 3471 tamen
3866 3430 3922 3469 ex
3951 3412 4003 3466 eis

2577 3499 2811 3577 pendet
2851 3499 3145 3559 Ecclesia}
3173 3500 3340 3561 bona
3379 3502 3832 3575 administratio,
3868 3512 3913 3563 et
3943 3506 4005 3560 de

2578 3610 2688 3653 cor
2709 3638 2725 3668 ,
2804 3610 2880 3653 ac
2950 3592 3348 3671 pulchritudo
3419 3596 3792 3656 ecclesiastici
3853 3596 4000 3656 cultis.

2575 3684 2753 3747 Unde
2773 3684 2941 3743 idem
2972 3704 3008 3743 a
3033 3684 3274 3747 fortiori
3299 3686 3634 3748 dicendum
3662 3694 3742 3749 est
3767 3689 3836 3748 de
3858 3690 3914 3747 iis
3941 3706 4006 3745 ca-

2575 3777 2988 3849 nonicatibus,
3052 3783 3160 3839 aut
3216 3779 3611 3857 praebendis,
3669 3800 3794 3860 quae
3841 3782 4002 3841 ratione

2574 3871 2856 3931 muneris
2915 3870 3191 3949 adjuncti
3249 3873 3630 3949 peculiarem
3666 3874 4003 3934 sufficientiam

2575 3964 2852 4041 exigunt,
2889 3968 2959 4024 ut
2985 3968 3129 4024 sunt
3156 3963 3242 4023 illi
3275 3966 3593 4041 Canonici,
3641 3967 3733 4046 qui
3771 3968 4004 4043 eliguntur

2575 4057 2655 4117 ad
2702 4056 3081 4131 docendum,
3123 4057 3221 4116 vel
3265 4057 3344 4116 ad
3401 4058 3910 4137 poenitentiaiiam,
3953 4060 4002 4115 ad

2571 4150 2806 4212 tuenda
2846 4151 2995 4228 jura
3025 4150 3342 4224 Ecclesiae,
3378 4154 3660 4229 quamvis
3701 4154 3751 4212 in
3785 4154 3849 4212 iis
3873 4153 4002 4211 aliun-

2574 4244 2651 4303 de
2702 4243 2892 4303 etiam
2933 4242 3013 4303 sit
3066 4242 3365 4321 obligatio
3405 4244 3667 4323 eligendi
3707 4246 4000 4323 dignionem.

2573 4337 2682 4398 ubi
2736 4335 3070 4415 propositis
3125 4336 3347 4396 edictis
3399 4356 3515 4414 per
3540 4356 3866 4399 concursum
3908 4355 4000 4396 cee-

2573 4429 2876 4490 feruntur.
2941 4427 3329 4505 Regulariter
3386 4435 3595 4491 autem
3642 4437 3749 4493 tota
3795 4431 3905 4490 haec
3935 4428 4002 4487 ab·
4081 4492 4082 4515 χ

2571 4522 2785 4599 ligatio
2835 4525 2948 4597 est,
3000 4526 3068 4581 ut
3105 4520 3415 4597 diximus,
3477 4524 3538 4583 in
3593 4525 3779 4585 ordine
3827 4523 3892 4581 ad
3929 4522 4000 4580 fic·

2573 4614 2823 4675 clesiam
2871 4634 2883 4674 :
2937 4613 3187 4692 quando
3244 4633 3393 4674 vero
3445 4618 3508 4677 S.
3559 4618 3798 4677 Thomas
3845 4622 3894 4675 et
3935 4614 3998 4671 aii·

2573 4708 2827 4783 dicunt,
2880 4706 2998 4766 hoc
3055 4707 3365 4783 pertinere
3425 4710 3504 4769 ad
3548 4709 3812 4789 justitiam
3853 4706 3999 4767 distri·

2572 4800 2853 4861 butivam
2877 4845 2892 4874 ,
2967 4798 3227 4876 intelligi
3284 4799 3516 4863 debent
3581 4803 3650 4862 de
3699 4800 3906 4879 justitia
3944 4798 3999 4855 dt

2574 4892 2921 4967 stributiva,
2955 4910 3079 4952 non
3123 4893 3374 4971 proprie
3404 4902 3668 4974 accepta,
3707 4894 3799 4953 sed
3835 4911 3994 4952 setan-

2575 4987 2726 5046 dum
2757 4984 3030 5063 speciem
3053 4991 3373 5046 externam
3395 4994 3458 5049 et
3485 4991 3730 5059 effeetus⁹
3759 4994 3996 5066 quatenns

2575 5080 2803 5140 elector
2834 5096 2907 5137 ex
2938 5077 3146 5138 debito
3178 5097 3327 5157 erga
3359 5082 3678 5142 Ecclesiam
3714 5080 3878 5139 debet
3915 5078 3995 5134 dis·

2573 5173 2848 5235 tribuere
2876 5171 3010 5231 haec
3033 5171 3221 5247 bona,
3256 5192 3332 5234 eo
3369 5176 3577 5250 modo,
3608 5193 3709 5254 quo
3731 5171 3996 5231 distribue·
4077 5248 4078 5253 η

2574 5270 2671 5325 ret
2724 5283 2799 5324 ex
2840 5263 3081 5342 justitia
3125 5264 3556 5341 distributiva,
3602 5265 3849 5345 eligendo
3869 5263 3990 5342 jum

2577 5356 3045 5438 proportionem
3065 5357 3454 5421 meritorum.
