4263 6376
694 1451 772 1512 38

624 1578 668 1620 Si
688 1588 875 1631 oempsor

596 1630 779 1672 lucratur
797 1631 894 1671 litu-

626 1685 666 1726 lo
699 1683 885 1736 majoris·

622 1737 793 1786 valoris,
813 1748 865 1778 an

596 1791 729 1845 possit
748 1791 893 1832 lucra-

653 1844 689 1885 ri
722 1843 839 1884 titulo

608 1896 880 1952 injectionis.

693 4161 771 4223 39

596 4285 808 4339 Quomodo
851 4288 893 4332 id

677 4345 807 4395 possit

629 4395 844 4450 iusuflean'
832 4397 863 4443 “.

936 353 1055 411 402

937 528 1082 609 plici
1124 527 1305 588 titulo
1350 527 1664 602 lucretur,
1725 540 1950 600 nempe
1995 521 2235 581 ratione
2283 517 2469 597 traje-

938 620 1158 684 ctionis
1186 624 1248 680 et
1274 617 1750 679 assecurationis
1770 663 1785 693 ,
1832 621 1895 676 et
1920 613 2177 693 majoris
2206 611 2463 686 valoris,

939 714 1087 795 quia
1115 713 1180 772 hi
1210 730 1424 773 omnes
1469 714 1614 771 sunt
1656 709 1819 772 tituli
1849 706 2100 782 diversi,
2156 710 2218 766 et
2267 704 2468 783 pretio

939 806 1355 868 aestimabiles.
1418 804 1594 875 Quod
1621 822 1837 862 rursus
1884 800 2173 879 probant,
2226 797 2374 876 quia
2420 795 2468 856 si

938 899 1205 979 pecunia
1248 897 1312 957 in
1358 900 1624 975 utroque
1668 896 1804 955 loco
1857 894 2117 953 baberet
2163 890 2470 969 {equalem

938 991 1237 1065 valorem,
1288 995 1498 1067 posset
1526 992 1737 1067 petere
1767 1003 2058 1064 eampsor
2101 988 2307 1045 totum
2334 1000 2473 1061 pre-

937 1084 1094 1145 tium
1124 1083 1438 1159 integrum
1467 1079 1850 1159 trajectionis
1900 1095 1915 1141 t
1967 1096 2116 1155 ergo
2158 1076 2208 1135 si
2238 1074 2474 1153 obligat

939 1196 1004 1236 se
1033 1176 1115 1237 ad
1143 1174 1532 1235 reddendam
1562 1173 1893 1251 pecuniam
1935 1171 1998 1230 in
2026 1170 2164 1230 loco
2197 1169 2302 1229 ubi
2335 1168 2472 1246 plus

939 1270 1126 1345 valet,
1178 1266 1409 1346 poterit
1436 1266 1575 1344 plus
1616 1265 1900 1344 accipere
1930 1283 2044 1343 pro
2087 1263 2208 1322 hac
2239 1261 2473 1340 obliga-

938 1361 1131 1423 tione.

1023 1454 1118 1515 Ab
1149 1453 1267 1513 hac
1314 1452 1632 1512 communi
1661 1450 1969 1511 sententia
2015 1446 2474 1527 aliquantulum

943 1545 1265 1607 discedere
1295 1545 1544 1605 videtur
1572 1545 1756 1606 Sotus
1784 1542 1890 1602 lib.
1926 1543 2029 1603 vl.
2077 1541 2154 1600 de
2177 1542 2328 1618 just.
2364 1557 2468 1617 qu.

941 1656 1053 1699 xn.
1089 1643 1204 1699 art.
1238 1642 1296 1698 2.
1349 1637 1585 1712 dicenS,
1638 1636 1690 1696 si
1717 1652 2009 1713 campsor
2053 1634 2333 1693 lucratur
2380 1650 2475 1690 ra-

942 1733 1111 1793 tione
1156 1729 1413 1809 majoris
1460 1729 1712 1806 valoris,
1773 1747 1895 1789 non
1943 1745 2122 1805 posse
2168 1725 2351 1785 simul
2381 1725 2478 1784 lu-

943 1824 1104 1885 crari
1137 1823 1215 1883 ob
1262 1823 1512 1884 titulum
1559 1820 1941 1900 trajectionis
1998 1840 2012 1880 ε
2073 1819 2220 1897 quia
2262 1818 2311 1878 si
2354 1817 2477 1878 tuis

944 1917 1231 1996 expensis
1280 1914 1512 1994 trajicis
1541 1914 1873 1992 pecuniam
1912 1917 2085 1974 tuam
2131 1911 2213 1971 ad
2242 1911 2470 1986 locum,

946 2010 1049 2071 ubi
1082 2010 1218 2087 plus
1262 2007 1449 2083 valet,
1512 2007 1611 2066 ille
1661 2005 1864 2084 major
1904 2005 2082 2065 valor
2124 2003 2235 2065 tibi
2290 2003 2478 2064 debet

944 2120 1322 2176 accrescere,
1367 2119 1490 2160 non
1522 2099 1878 2179 trajicienti.
1942 2098 2119 2183 Sicut
2143 2098 2196 2157 si
2225 2095 2476 2175 bajulus

944 2195 1231 2256 mercede
1261 2194 1606 2254 conductus
1636 2197 1809 2253 tuam
1840 2191 2173 2269 pecuniam
2202 2190 2349 2249 illuc
2371 2189 2477 2248 de-

944 2290 1155 2363 ferret,
1206 2306 1330 2347 non
1362 2286 1554 2345 debes
1584 2286 1744 2345 ultra
1789 2284 2059 2363 pretium
2090 2283 2476 2362 trajectionis

944 2380 1179 2460 aliquid
1227 2380 1285 2440 ei
1330 2379 1481 2439 dare
1527 2383 1783 2457 propter
1828 2378 2136 2454 majorem
2192 2377 2475 2437 valorem

945 2491 1133 2551 quem
1160 2473 1369 2533 ibitua
1389 2471 1655 2550 pecunia
1676 2470 1886 2532 habet.
1922 2470 1988 2530 Si
2009 2488 2158 2547 ergo
2187 2488 2478 2547 campsor

944 2565 1301 2626 mercedem
1356 2563 1617 2643 accipit,
1678 2562 1838 2622 sicut
1891 2561 2160 2640 bajulus,
2221 2567 2478 2640 propter

942 2657 1374 2737 trajectionem
1402 2664 1526 2717 tuae
1557 2654 1861 2733 pecuniae,
1897 2672 2022 2713 non
2053 2658 2260 2732 potest
2292 2654 2478 2732 quid-

945 2768 1135 2830 quam
1165 2750 1332 2810 aliud
1381 2749 1629 2827 exigere
1676 2752 1932 2825 propter
1973 2746 2277 2826 majorem
2304 2747 2478 2807 valo-

944 2863 1077 2904 rem
1107 2861 1295 2923 quem
1322 2842 1406 2902 ibi
1435 2841 1700 2920 pecunia
1730 2841 1989 2919 trajecta
2021 2839 2231 2901 habet.

1022 2939 1153 2996 Hoc
1182 2941 1392 2997 tamen
1443 2938 1908 3012 argumentum,
1961 2934 2008 2991 si
2066 2933 2299 3013 aliquid
2332 2952 2478 3013 pro-

944 3029 1075 3105 bat,
1126 3028 1421 3106 probaret
1449 3027 1638 3087 etiam
1669 3031 1886 3088 contra
1914 3026 2296 3103 supradicta,
2349 3045 2476 3088 non

945 3122 1176 3181 debere
1204 3121 1410 3180 minus
1439 3121 1595 3179 solvi
1616 3119 1926 3197 campsori
1948 3138 2060 3198 pro
2082 3118 2472 3198 trajectione,

946 3213 1196 3292 quando
1226 3212 1493 3292 pecunia
1518 3211 1826 3290 campsori
1878 3212 2025 3272 data
2054 3213 2192 3291 plus
2223 3213 2390 3272 valet
2420 3213 2478 3272 ei

943 3307 1006 3366 in
1049 3307 1209 3382 loce,
1260 3323 1448 3384 quam
1488 3306 1693 3365 valeat
1721 3304 1941 3364 eadem
1984 3305 2252 3383 pecunia
2282 3305 2474 3366 inille

945 3399 1065 3459 alio
1093 3399 1230 3459 loco
1260 3398 1368 3458 ubi
1397 3416 1536 3458 earn
1566 3397 1754 3458 debet
1782 3397 2076 3469 reddere;
2124 3398 2271 3477 quia
2300 3398 2479 3477 baju-

941 3493 1039 3553 lus
1058 3510 1180 3552 non
1202 3492 1406 3551 minus
1426 3496 1631 3569 potest
1648 3492 1931 3568 accipere
1953 3510 2063 3568 pro
2082 3490 2471 3570 trajectione,

943 3586 1088 3646 licet
1115 3585 1377 3663 pecunia
1427 3603 1614 3663 quam
1664 3584 1897 3663 trajicit
1941 3584 2148 3644 minus
2177 3585 2385 3645 valeat
2413 3586 2474 3645 in

942 3679 1079 3738 loco
1109 3678 1189 3738 ad
1221 3695 1409 3757 quem
1436 3676 1773 3755 trajicitur,
1828 3695 2017 3755 quarn
2050 3677 2112 3735 in
2144 3678 2278 3737 leco
2312 3679 2476 3738 unde

941 3771 1270 3850 trajicitur.
1330 3772 1404 3831 Et
1434 3776 1642 3831 tamen
1674 3788 1891 3830 omnes
1922 3770 2218 3846 fatentur,
2270 3772 2477 3831 minus

944 3864 1173 3924 debere
1195 3863 1329 3923 dari
1351 3863 1664 3940 campsori
1685 3863 1743 3921 in
1764 3863 2064 3941 praedicto
2089 3882 2258 3939 casu,
2286 3883 2477 3942 quam

942 3957 993 4017 si
1022 3957 1287 4035 pecunia
1312 3957 1376 4016 in
1407 3961 1671 4036 utroque
1699 3957 1834 4016 loco
1860 3956 2169 4035 aequalem
2197 3957 2475 4018 valorem

944 4049 1226 4109 haberet.

1023 4144 1249 4203 Fateor
1276 4160 1448 4220 ergo,
1483 4144 1921 4220 argumentum
1945 4142 2097 4217 Soti,
2133 4142 2478 4204 formaliter

944 4239 1005 4296 et
1032 4235 1095 4295 in
1127 4234 1332 4312 rigore
1362 4234 1674 4313 loquendo
1707 4234 1865 4294 bene
1895 4235 2271 4296 concludere
2333 4257 2345 4297 :
2408 4236 2471 4296 in

943 4346 1091 4388 casu
1120 4331 1331 4389 tamen
1362 4332 1573 4387 nostro
1618 4333 1874 4405 propter
1919 4327 2233 4387 diversam
2273 4334 2476 4389 mate-

937 4422 1120 4497 riam,
1156 4426 1216 4481 et
1247 4420 1741 4480 circumstantias
1772 4419 2056 4480 inefficax
2086 4439 2242 4481 esse.
2291 4423 2471 4483 Ratio

940 4517 1150 4574 autem
1180 4531 1313 4572 esse
1358 4516 1583 4590 petest,
1637 4512 1785 4591 quia
1832 4531 1975 4572 cum
2023 4531 2315 4591 campsor
2345 4533 2470 4575 non

937 4606 1209 4686 trajiciat
1234 4606 1485 4665 realiter
1538 4605 1647 4665 sed
1702 4604 2052 4666 virtualiter
2099 4610 2161 4666 et
2190 4607 2468 4684 requiva-

932 4699 1135 4760 lenter
1190 4698 1507 4778 pecuniaS,
1569 4697 1904 4776 obligando
1958 4717 2021 4757 se
2064 4697 2146 4758 ad
2189 4697 2469 4759 dandum

929 4791 1322 4854 tantumdem
1352 4791 1412 4850 in
1455 4790 1576 4851 alio
1623 4790 1785 4866 loco,
1836 4790 1969 4869 ejus
2011 4791 2297 4870 trajectio
2344 4810 2467 4851 non

929 4885 1119 4946 debet
1145 4884 1207 4943 in
1239 4882 1526 4943 omnibus
1556 4882 1943 4943 considerari
1992 4882 2152 4945 sicut
2181 4884 2465 4961 trajectio

926 4977 1143 5058 bajuli.
1205 4979 1360 5037 Nam
1392 4995 1466 5036 ex
1497 4994 1570 5035 eo
1613 4975 1780 5055 quod
1810 4975 2081 5052 trajiciat
2122 4977 2325 5036 solum
2356 4995 2468 5055 per

924 5070 1161 5131 litteras
1191 5074 1254 5131 et
1280 5070 1411 5128 sine
1440 5067 1741 5128 molestiis
1780 5071 1842 5127 et
1881 5067 2095 5128 labore
2124 5068 2340 5146 bajuli,
2404 5072 2467 5129 et

924 5163 1072 5242 quia
1099 5162 1324 5223 modus
1368 5162 1470 5221 ille
1499 5160 1853 5239 trajiciendi
1901 5160 2107 5220 minus
2148 5162 2359 5237 gravis
2402 5165 2465 5223 et

920 5256 1218 5316 molestus
1236 5254 1676 5331 estcampsori,
1712 5253 2039 5327 decrescit,
2074 5257 2145 5312 ut
2164 5253 2457 5331 diximuS‚

919 5348 984 5407 in
1012 5347 1212 5426 pretio
1242 5347 1509 5408 multum
1538 5365 1577 5406 a
1595 5345 1962 5425 trajectione
1985 5345 2137 5405 reali
2161 5345 2325 5406 facta
2345 5365 2458 5424 per

918 5439 1221 5519 bajulum.
1256 5438 1412 5510 Quia
1444 5457 1612 5514 vere,
1649 5438 1899 5518 quando
1929 5439 2195 5517 pecunia
2223 5439 2285 5499 in
2315 5437 2451 5500 loco

918 5531 1265 5607 solutioniS,
1316 5536 1379 5592 et
1406 5532 1688 5609 pecunia>
1721 5530 2062 5591 reddendae
2092 5532 2230 5609 plus
2258 5533 2445 5608 valet,

2095 342 2199 402 DE
2239 340 2591 403 JUSTI'rlA
2638 339 2740 398 ET
2782 339 2982 398 JURE

2566 526 2852 606 trajectio
2882 527 2988 586 illa
3017 530 3111 587 est
3153 527 3357 606 magis
3397 527 3607 606 gravis
3635 530 3695 588 et
3721 528 3890 588 noxia
3912 548 4035 590 cam-

2569 621 2759 699 psori,
2790 620 3094 681 decrescit
3120 621 3329 680 minus
3358 621 3494 700 ejus
3543 621 3800 698 pretium
3824 640 3860 680 a
3880 624 4033 700 pretio

2571 713 2738 792 quod
2769 713 3027 773 haberet
3052 713 3341 792 trajectio
3366 711 3553 773 realis
3581 731 3689 790 per
3701 712 3797 791 baj
3807 714 3970 787 ulum,
3994 721 4036 775 et

2571 805 2712 864 ideo
2743 804 2880 882 plus
2909 810 3114 883 potest
3148 805 3432 883 accipere
3462 823 3573 884 pro
3603 805 3721 877 illa,
3762 824 3931 884 quam
3955 826 4035 884 pro

2570 898 2884 957 communi
2941 898 3312 975 trajectione
3355 916 3467 975 per
3519 898 3779 973 litteraS‚
3839 898 4035 976 quando

2569 990 2747 1049 valor
2773 989 3056 1068 pecuniae
3087 990 3420 1068 utrobique
3450 995 3545 1051 est
3574 990 3847 1068 aequalis3
3877 998 3930 1049 et
3952 990 4036 1049 hoe

2572 1082 2709 1160 plus
2741 1082 3004 1142 dicimus
3048 1100 3182 1142 esse
3224 1086 3485 1161 propter
3530 1100 3836 1142 excessum
3861 1083 4038 1142 valoris

2573 1175 2855 1253 pecuniae
2886 1174 3245 1250 reddendae,
3280 1175 3384 1254 qui
3408 1194 3694 1235 excessus
3710 1176 3846 1235 facit
3871 1180 3930 1235 ut
3950 1183 4038 1235 tra·

2566 1268 2758 1347 jectio
2789 1267 2892 1328 illa
2920 1268 3057 1345 plus
3087 1268 3314 1343 valeat,
3348 1286 3538 1346 quam
3557 1269 3690 1327 allae
3707 1268 4039 1347 trajectiones

2571 1360 2867 1421 virtuales
2898 1378 3036 1439 quae
3067 1378 3209 1419 cum
3238 1360 3467 1420 minori
3498 1360 3879 1420 incommodo
3903 1363 4035 1422 fiunt

2573 1455 2705 1512 lloc
2732 1456 2943 1512 tamen
2973 1452 3381 1513 concederem
3398 1458 3766 1531 argumento
3788 1454 3924 1527 Soti,
3951 1471 4036 1512 non

2574 1564 2755 1623 posse
2794 1564 3186 1624 campsorem
3226 1546 3406 1607 titulo
3453 1545 3828 1625 trajectionis
3861 1552 3913 1605 et
3945 1566 4039 1604 ma-

2567 1638 2723 1717 joris
2753 1639 2978 1699 valoris
3017 1639 3198 1699 simul
3236 1639 3525 1716 accipere
3569 1638 3886 1717 plusquam
3920 1644 4039 1698 esset

2575 1730 2843 1810 pretium
2881 1733 3123 1809 ,iustum
3171 1731 3556 1810 trajectionis
3599 1731 3808 1803 realis3
3861 1732 4039 1809 quiasi

2575 1825 2959 1902 campsarius
3002 1828 3200 1885 totum
3242 1825 3512 1903 pretium
3569 1824 3870 1901 integrum
3905 1825 4039 1901 traje·

2577 1916 2797 1977 ctionis
2840 1917 3023 1977 realis
3075 1916 3277 1989 solvit,
3341 1917 3529 1977 debet
3582 1917 3808 1977 habere
3858 1917 4040 1975 emulu-

2575 2014 2788 2070 menta
2843 2028 2981 2088 quae
3037 2028 3112 2070 ex
3179 2009 3545 2088 trajectione
3600 2010 3748 2069 reali
3810 2009 4032 2079 haberet,

2577 2122 2801 2181 nempe
2833 2121 3153 2163 excessum
3182 2103 3410 2164 valoris
3450 2108 3718 2163 monetae
3759 2102 3817 2161 in
3846 2102 3932 2161 illo
3950 2102 4035 2159 alio

2573 2196 2733 2270 loce,
2769 2195 2934 2256 sicut
2962 2196 3011 2256 si
3041 2196 3295 2257 realiter
3323 2215 3463 2256 eam
3495 2195 3853 2275 trajecisset.
3907 2194 4036 2265 Quod

2575 2289 2627 2349 si
2656 2289 2884 2348 durum
2906 2289 3024 2349 hoc
3051 2289 3131 2349 sit
3145 2289 3477 2367 campsori,
3513 2308 3587 2348 eo
3620 2288 3784 2367 quod
3812 2306 4038 2347 excessus

2574 2380 2804 2441 valoris
2830 2385 3099 2442 monetae
3129 2381 3191 2441 in
3222 2382 3323 2442 illo
3346 2382 3466 2441 alio
3497 2381 3636 2441 loco
3667 2386 3757 2441 est
3776 2380 4039 2459 plusquam

2577 2478 2739 2535 esset
2765 2473 3035 2552 pretium
3063 2472 3448 2551 trajectionis
3478 2474 3685 2548 realiS,
3727 2473 3898 2533 saciat
3920 2490 4038 2531 eam·

2575 2566 2749 2626 bium
2766 2565 3027 2643 simplex
3044 2566 3326 2644 pecuniae
3345 2585 3456 2646 pro
3475 2566 3766 2644 pecunia,
3797 2564 4038 2643 exigendo

2577 2678 2791 2719 rursus
2820 2658 2992 2718 illum
3022 2660 3329 2737 majorem
3369 2659 3674 2735 valorem,
3720 2664 3781 2719 et
3818 2677 3924 2718 non
3948 2661 4038 2716 uta-

2576 2757 2678 2812 tur
2711 2751 2890 2812 titulo
2930 2752 3338 2830 trajectioniS,
3383 2770 3507 2831 quo
3550 2751 3601 2812 si
3646 2755 3866 2825 utatur,
3904 2749 4038 2808 debet

2576 2845 2778 2904 facere
2836 2849 2904 2905 ut
2943 2846 3329 2924 campsarius
3385 2864 3510 2906 non
3555 2845 3637 2906 sit
3690 2844 3902 2923 pejoris
3935 2861 4038 2902 con-

2577 2937 2825 2999 ditionis
2864 2957 3051 3017 quam
3101 2938 3150 2997 si
3194 2938 3449 3000 realiter
3484 2939 3783 3017 pecunias
3820 2936 4038 3014 traJeris·

2575 3035 2689 3091 set.

2655 3122 2995 3183 Intervenit
3023 3126 3232 3183 tamen
3278 3123 3438 3184 ultra
3477 3123 3601 3183 hoc
3632 3123 3754 3182 alia
3782 3123 3939 3195 ratic,
3982 3117 4035 3177 ob

2578 3235 2767 3296 quam
2795 3235 3084 3295 campsor
3109 3221 3312 3296 potest
3342 3217 3610 3295 amplius
3654 3221 3856 3295 petere
3881 3215 3944 3275 ob
3966 3232 4038 3271 ex·

2578 3327 2821 3369 cessum
2862 3309 3091 3368 valoris
3129 3310 3410 3387 pecuniae
3444 3310 3503 3369 in
3541 3309 3703 3382 loco,
3763 3327 3875 3387 quo
3912 3304 4038 3365 reddi

2577 3401 2784 3477 debet,
2846 3420 2983 3481 quae
3039 3401 3198 3462 ratio
3242 3421 3366 3462 non
3409 3401 3700 3480 procedit
3738 3402 3799 3461 in
3839 3395 4037 3476 simplici

2576 3492 2808 3573 baju10,
2838 3512 2948 3553 seu
2978 3494 3312 3571 portitore;
3349 3493 3496 3573 quia
3512 3494 3803 3553 nimirum
3820 3507 4039 3568 campser

2576 3585 2758 3645 simul
2790 3585 3043 3663 trajicit,
3080 3591 3142 3647 et
3171 3591 3488 3646 assecurat
3507 3586 3835 3664 pecuniam
3859 3584 4040 3645 solven-

2576 3678 2722 3738 dam
2776 3679 2839 3736 in
2899 3677 2998 3738 illo
3047 3679 3169 3738 alio
3217 3678 3375 3739 loce.
3437 3679 3694 3738 Certum
3736 3684 3826 3739 est
3865 3681 4037 3745 autem,

2576 3770 3104 3831 assecuratIOnem
3162 3790 3235 3831 eo
3305 3771 3530 3850 majori
3599 3773 3798 3849 pretio
3849 3770 4038 3847 dignam

2576 3883 2733 3940 esse,
2785 3882 2907 3943 quo
2940 3883 3060 3939 reS,
3117 3882 3256 3943 quoe
3285 3868 3708 3940 assecuratur‚
3757 3865 3881 3943 plus
3903 3861 4038 3930 valet,

2573 3956 2674 4016 vel
2703 3975 2846 4016 cum
2873 3955 3098 4034 majori
3130 3955 3476 4034 dispendio,
3512 3960 3576 4015 et
3603 3955 3831 4016 damno
3859 3969 4042 4014 assecu-

2574 4049 2768 4110 rantis
2813 4049 3113 4110 solvenda
3157 4055 3271 4111 est.
3332 4050 3421 4110 Eo
3466 4055 3685 4109 autem
3731 4051 3874 4127 ipso,
3922 4041 4039 4124 quc-d

2574 4160 2864 4220 campsor
2893 4147 3215 4203 assecurat
3261 4160 3577 4201 summam
3619 4142 3789 4201 illam
3830 4136 4039 4219 pecunia

2572 4235 2964 4295 reddendam
2987 4234 3050 4294 in
3079 4236 3188 4295 tali
3215 4235 3374 4310 loco,
3413 4234 3520 4294 ubi
3545 4235 3690 4312 plus
3709 4235 3879 4308 valet,
3904 4227 4039 4290 susci-

2572 4327 2665 4406 pit
2691 4327 2894 4405 majus
2925 4346 3081 4388 onus
3110 4326 3393 4387 solvendi
3439 4346 3574 4387 rem
3603 4327 3691 4387 ibi
3723 4345 3853 4388 eum
3878 4318 4039 4400 majori

2572 4420 2897 4499 dispendio
2928 4439 3040 4480 suo
3094 4440 3107 4480 ε
3161 4437 3300 4499 quae
3347 4420 3649 4499 obligatio
3695 4422 3869 4481 etiam
3893 4418 3942 4475 in
3961 4415 4039 4473 ha-

2564 4512 2721 4591 jul0,
2782 4513 2881 4573 vel
2909 4530 3181 4591 agasone
3209 4512 3432 4596 maJori
3481 4512 3685 4590 pretio
3731 4513 3901 4590 digna
3922 4509 4038 4567 eset

2570 4624 2682 4683 pro
2712 4605 2938 4684 majori
2966 4607 3178 4666 valore
3208 4605 3490 4683 pecuniae
3529 4605 3593 4664 in
3625 4606 3764 4667 loco
3812 4626 3825 4665 ;
3869 4600 4037 4662 etheel

2569 4697 2629 4758 in
2663 4717 2988 4778 campsore
3020 4717 3142 4760 non
3192 4700 3270 4760 sit
3295 4697 3454 4760 tanti
3483 4699 3673 4776 pretii
3714 4703 3938 4777 propter
3959 4690 4039 4751 mi·

2569 4811 2685 4851 nus
2716 4791 3085 4869 periculum,
3121 4792 3290 4871 quod
3318 4791 3524 4863 subit;
3560 4796 3658 4852 est
3678 4797 3874 4852 tamen
3900 4786 4038 4862 majo

2566 4883 2650 4944 ris
2680 4885 2883 4962 pretii,
2933 4903 3121 4964 quam
3152 4884 3653 4945 assecurationes
3685 4889 3747 4945 et
3775 4883 3893 4943 alioe
3916 4895 4037 4940 eom·

2564 4996 2806 5052 muneS,
2843 4979 3096 5057 quando
3127 4977 3386 5057 aequalis
3416 4982 3512 5038 est
3540 4977 3721 5038 valor
3743 4970 4034 5057 pecuniaein

2563 5074 2830 5148 utroque
2858 5070 3018 5146 loce,
3072 5088 3145 5130 eo
3177 5070 3344 5148 quod
3374 5069 3584 5130 minus
3614 5070 3815 5145 facile,
3861 5071 4030 5127 etcum

2561 5162 2787 5241 majori
2815 5162 3140 5240 dispendio
3191 5163 3419 5223 debeat
3445 5181 3742 5241 campsor
3781 5180 3841 5222 se
3867 5158 3930 5218 ab
3953 5156 4030 5215 hac

2564 5254 2943 5333 obligatione
2973 5254 3238 5315 liberare
3285 5276 3296 5316 :
3351 5273 3491 5334 quae
3520 5256 3736 5316 omnia
3756 5249 4029 5335 justificant

2562 5347 2793 5426 optime
2822 5366 3144 5407 excessum
3175 5347 3354 5427 pretii
3386 5348 3450 5407 in
3479 5348 3783 5427 praedicto
3810 5362 3950 5405 casu.

2633 5440 3104 5501 Advertendum
3153 5445 3248 5500 est
3287 5445 3502 5501 autem
3549 5459 3696 5501 cum
3722 5439 3911 5501 Lessio
3953 5431 4027 5491 ubi

2550 5553 2687 5613 sup.
2723 5534 2953 5595 Melina
2984 5535 3144 5612 disp.
3177 5537 3316 5594 410.
3372 5552 3478 5595 nu.
3511 5538 3574 5596 5.
3628 5535 3803 5596 Salas
3841 5529 4020 5591 duui-

4067 3241 4147 3442 ..Πί
4129 3118 4147 3173 .,

4105 5435 4146 5490 ll.

4143 5649 4146 5726 l
