4263 6376
533 2793 646 2852 135

492 2920 559 2963 An
579 2920 699 2963 titulo

516 2985 681 3018 mm.

552 4850 665 4909 136

505 4977 569 5021 Aa
609 4976 693 5018 alio

534 5032 668 5074 titulo.

789 290 907 348 218
1941 300 2044 359 DE
2085 301 2439 362 JUSTlTlA
2483 304 2583 363 ET
2623 306 2822 366 JURF.

787 461 1066 522 valorem
1096 483 1243 525 usus
1277 467 1367 526 vel
1391 469 1625 529 fructus
1641 470 1963 551 utriusque
1981 473 2092 535 rei.
2116 476 2323 546 Quan-

791 552 871 614 do
905 574 1049 616 vero
1082 558 1160 616 ab
1191 578 1313 619 uno
1344 560 1530 621 datur
1558 564 1823 639 pecunia
1854 565 2104 626 difficile
2135 586 2319 627 excu-

789 647 914 706 sari
964 654 1167 725 potest
1209 652 1288 711 ab
1342 672 1560 727 usura;
1623 655 1734 715 das
1784 657 1950 716 enim
1989 660 2321 737 pecuniam

789 744 1005 801 mutuo
1031 787 1045 815 ,
1092 748 1162 802 ut
1203 744 1470 821 recipias
1516 765 1739 825 agrum
1769 751 1867 809 vel
1908 751 2164 811 domum
2195 771 2321 812 non

788 835 1208 911 computando
1240 837 1482 898 fructus
1514 840 1576 898 in
1604 845 1857 905 sortem.
1893 844 2103 923 Aliqui
2135 863 2324 904 excu-

787 931 931 985 sant
957 924 1122 986 hunc
1153 936 1541 992 contractum
1577 952 1591 992 :

869 1018 1097 1094 Primo,
1134 1022 1279 1099 quia
1306 1023 1377 1084 fit
1406 1030 1762 1088 contractus
1780 1030 2153 1090 venditionis
2179 1047 2322 1090 cum

787 1115 970 1189 pacto
1000 1118 1218 1173 mutuo
1250 1118 1754 1195 retrovendendi‚
1789 1123 2032 1200 quoties
2062 1124 2220 1183 alter
2249 1142 2318 1182 ex

788 1204 1302 1266 contrahentibus
1333 1209 1500 1269 velit.
1539 1212 1662 1272 Sed
1722 1213 1839 1274 1100
1895 1214 2148 1275 difficile
2205 1220 2316 1292 est,

788 1294 1011 1372 primo,
1047 1299 1192 1375 quia
1221 1300 1395 1360 mult-i
1429 1302 1646 1364 dicunt
1674 1324 1816 1365 cum
1847 1325 2076 1385 magno
2107 1308 2324 1368 funda-

786 1391 1035 1463 mento,
1073 1395 1323 1466 pactum
1369 1392 1517 1453 illud
1577 1396 1655 1457 de
1710 1400 2213 1461 retrovendendo
2243 1400 2323 1460 ad

785 1477 1031 1541 libitum
1062 1482 1383 1564 utriusque
1414 1490 2139 1553 contrahentisillicitum
2162 1512 2317 1567 esse,

790 1576 853 1633 et
905 1592 1160 1633 usuram
1217 1577 1565 1656 palliatam,
1629 1587 1697 1643 ut
1751 1585 2102 1646 videbimus
2164 1586 2324 1645 infra

789 1671 1046 1744 agentes
1076 1668 1153 1727 de
1184 1672 1496 1748 emptione
1527 1678 1588 1734 et
1607 1677 1984 1739 venditione.
2006 1678 2319 1754 Secundo,

790 1758 937 1836 quia
966 1778 1130 1839 saepe
1162 1762 1332 1822 illum
1365 1772 1756 1829 contractum
1785 1770 2044 1846 faciunt,
2080 1776 2143 1832 et
2172 1772 2326 1832 dant

789 1850 1045 1912 domum
1077 1855 1555 1938 utendamiiqui
1584 1862 1857 1922 vendere
1887 1881 2012 1923 non
2042 1870 2319 1942 possent,

786 1946 859 2003 ut
883 1945 1157 2024 religiosi
1189 1954 1251 2008 et
1276 1950 1511 2011 similes
1546 1972 1558 2013 :
1594 1972 1720 2014 non
1751 1974 1899 2033 ergo
1931 1956 2169 2017 habent
2196 1957 2326 2017 ani-

786 2054 962 2096 mum
1017 2041 1350 2102 vendendi.
1386 2045 1625 2123 Tertio,
1663 2047 1808 2126 quia
1863 2049 1914 2108 si
1970 2054 2134 2110 esset
2176 2068 2323 2109 vera

788 2130 1088 2206 venditiO,
1123 2140 1491 2213 sequeretur
1528 2141 1693 2217 quod
1719 2146 2020 2219 pereunte
2036 2160 2185 2202 casu
2199 2143 2326 2203 for-

788 2222 946 2284 tuito
1004 2225 1211 2302 dom0,
1273 2247 1394 2289 non
1451 2236 1737 2293 teneatur
1780 2234 1976 2294 Titius
2017 2235 2129 2295 tibi
2178 2235 2321 2295 red-

791 2315 941 2375 dere
970 2320 1300 2394 pecuniam
1330 2322 1443 2381 sibi
1476 2324 1709 2399 datam,
1746 2327 2148 2405 quia-domus
2177 2347 2325 2387 ven-

792 2407 924 2469 dita
984 2410 1092 2470 tibi
1151 2414 1314 2490 perit
1368 2416 1473 2492 qui
1531 2435 1669 2477 eam
1743 2437 2022 2497 emeras,
2083 2425 2146 2481 et
2191 2420 2324 2499 jam

792 2518 916 2560 non
966 2508 1170 2581 potest
1215 2505 1439 2567 domus
1471 2517 1796 2588 perempta
1841 2512 2068 2572 redimi
2105 2532 2117 2572 :
2156 2513 2325 2592 quod

789 2596 1001 2653 tamen
1034 2601 1127 2657 est
1156 2603 1371 2659 contra
1398 2607 1672 2663 mentem
1703 2622 1919 2665 eorum
1949 2604 2326 2666 contrahen-

791 2685 970 2747 tium.

875 2780 994 2840 Alii
1025 2784 1298 2844 secundo
1338 2786 1586 2862 dicunt,
1632 2787 1718 2848 ibi
1760 2789 2137 2851 intervenire
2181 2810 2328 2851 cen-

795 2891 933 2932 sum
965 2892 1152 2952 quem
1182 2877 1336 2937 emis
1363 2880 1630 2956 pecunia
1659 2881 1799 2956 illa,
1835 2900 1947 2960 pro
1981 2902 2102 2961 quo
2136 2883 2327 2943 debe-

792 2969 890 3025 ret
933 2965 1042 3026 tibi
1086 2968 1282 3028 Titius
1320 2971 1586 3031 reddere
1636 2974 1969 3052 quotannis
2017 2977 2327 3054 quinqua-

792 3056 966 3135 ginta
992 3104 1007 3133 ,
1042 3059 1174 3137 ipse
1205 3065 1413 3121 autem
1456 3063 1622 3126 locat
1665 3066 1778 3127 tibi
1820 3086 1998 3127 suam
2041 3069 2320 3144 domum,

793 3150 971 3229 cujus
1000 3154 1214 3231 pensio
1260 3172 1470 3217 annua
1497 3158 1663 3220 valet
1709 3159 1971 3222 totidem
2017 3162 2326 3242 quinqua-

790 3244 990 3321 ginta,
1021 3252 1087 3307 tu
1118 3251 1330 3307 autem
1360 3254 1539 3327 potes
1576 3270 1615 3311 a
1644 3253 2056 3314 conductione
2103 3254 2326 3315 domus

792 3354 1035 3398 cessare
1076 3345 1139 3400 et
1183 3341 1447 3402 reddere
1478 3344 1734 3405 domum
1769 3366 1782 3405 ε
1816 3346 2012 3407 Titius
2042 3366 2074 3407 e
2105 3352 2327 3408 contra

789 3435 996 3509 potest
1023 3450 1279 3492 censum
1308 3435 1615 3496 redimere
1643 3437 1965 3498 reddendo
1985 3439 2154 3499 mille
2186 3458 2339 3520 quae·

790 3528 1143 3602 acceperat.
1187 3527 1318 3586 Hoc
1374 3528 1562 3588 etiam
1618 3529 1871 3590 difficile
1928 3534 2041 3592 est.
2093 3532 2322 3609 Prim0,

793 3616 941 3695 quia
970 3617 1246 3679 venditio
1276 3637 1500 3680 census
1530 3625 1625 3682 est
1651 3622 1948 3683 alienatio
1973 3670 1988 3699 ,
2023 3629 2086 3684 et
2112 3629 2324 3685 tamen

789 3708 835 3769 ii
863 3710 971 3787 qui
1002 3710 1272 3771 alienare
1302 3731 1425 3773 non
1460 3719 1759 3793 possunt,
1807 3715 2010 3776 solent
2039 3718 2326 3795 accipere

790 3803 1090 3881 pecunias
1115 3804 1218 3865 illo
1247 3805 1435 3867 modo
1470 3826 1483 3866 :
1520 3826 1643 3868 non
1662 3827 1811 3887 ergo
1833 3808 2167 3871 intendunt
2187 3829 2327 3870 cen·

794 3914 930 3956 sum
958 3897 1256 3959 vendere.
1293 3899 1579 3960 Secundo
1605 3946 1620 3975 ,
1674 3902 1822 3979 quia
1864 3901 1915 3960 si
1952 3902 2120 3962 solus
2165 3907 2330 3963 esset

794 4007 1055 4066 census,
1103 4009 1225 4051 non
1278 3992 1539 4052 deberet
1577 3993 1842 4053 reddere
1881 3994 2081 4054 Titius
2138 4013 2330 4073 pecu-

794 4081 983 4153 niam,
1019 4084 1271 4162 quando
1302 4084 1359 4143 ei
1386 4084 1598 4144 reddis
1641 4086 1932 4158 (101001ος
1987 4087 2134 4166 (1010
2186 4087 2330 4148 licet

792 4179 861 4235 tu
890 4175 1042 4235 velis
1089 4193 1332 4236 cessare
1362 4196 1401 4236 a
1430 4177 1841 4239 conductione
1881 4180 2106 4239 domus
2131 4226 2147 4256 ‚
2196 4180 2328 4258 ipse

795 4272 1001 4347 potest
1029 4268 1190 4329 nolle
1221 4269 1530 4331 redimere
1557 4290 1813 4331 censum
1840 4291 1854 4343 ;
1901 4291 2050 4351 ergo
2083 4272 2205 4332 alia
2237 4278 2332 4334 est

794 4380 973 4421 mens
1028 4361 1555 4424 contrahentium.
1590 4365 1824 4441 Terti0,
1888 4365 2034 4443 quia
2071 4364 2120 4425 si
2168 4371 2331 4426 esset

793 4473 982 4515 verus
1040 4473 1302 4531 censuS,
1356 4456 1615 4518 deberet
1657 4458 1856 4519 Titius
1895 4459 2176 4522 redditus
2220 4476 2332 4517 an-

797 4566 957 4608 nuos
987 4547 1252 4623 solvere,
1288 4549 1476 4610 etiam
1497 4567 1643 4610 casu
1667 4569 1789 4628 quo
1808 4550 1984 4610 valor
2003 4550 2330 4611 locationis

798 4641 1225 4717 decresceret,
1262 4641 1358 4701 vel
1407 4641 1631 4702 domus
1657 4662 1847 4723 quam
1883 4643 1992 4704 tibi
2026 4643 2200 4704 dedit
2228 4662 2331 4722 pe-

795 4734 968 4795 riret.

875 4828 994 4890 Alii
1027 4846 1175 4907 ergo
1208 4828 1458 4906 dicunt,
1521 4834 1910 4891 contractum
1966 4830 2143 4890 illum
2192 4849 2329 4890 esse

794 4922 1098 4998 illicitum,
1133 4922 1250 4981 nisi
1277 4922 1651 4984 interveniat
1677 4922 2059 4984 tituluslucri
2084 4941 2330 4983 cessan-

795 5016 896 5093 tis,
930 5035 1005 5077 ex
1050 5021 1227 5096 parte
1278 5015 1442 5075 illius
1489 5017 1594 5095 qui
1650 5016 1947 5095 pecunias
1990 5016 2184 5077 dedit.
2242 5018 2333 5076 lta

799 5110 1095 5170 Silvester
1117 5156 1133 5178 ,
1186 5110 1250 5170 in
1284 5109 1435 5170 Rosa
1463 5128 1641 5169 aurea
1683 5113 1860 5169 tract.
1897 5125 1990 5169 111.
2024 5126 2195 5171 casu.
2227 5111 2328 5169 65.

795 5207 860 5264 et
904 5205 1087 5264 Azor.
1148 5202 1285 5263 loco
1343 5203 1554 5263 citato,
1614 5203 1746 5280 Ego
1804 5201 2060 5281 quidem
2116 5200 2327 5276 cred0,

795 5295 1213 5356 communiter
1261 5294 1638 5355 intervenire
1685 5294 1935 5355 titulum
1990 5292 2147 5353 lucri
2197 5311 2324 5353 ces-

797 5389 1012 5463 8110113,
1043 5393 1105 5449 et
1133 5387 1374 5449 ratione
1405 5387 1592 5466 hujus
1619 5387 1782 5447 tituli
1817 5385 2150 5463 justificari
2180 5404 2325 5464 pra·

797 5482 925 5544 xim
980 5482 1066 5544 ita
1120 5481 1670 5557 contrahentium,
1729 5479 1872 5561 qaia
1912 5479 2178 5559 pecunia
2221 5478 2326 5538 illa

2419 482 2674 554 possent
2701 496 2910 539 emere
2942 481 3035 540 tot
3063 478 3202 539 loca
3238 479 3549 540 montium
3576 526 3592 554 ,
3635 483 3701 538 ut
3736 479 3949 557 appel·

2419 568 2587 644 lant,
2630 588 2703 628 ex
2743 588 3010 648 quorum
3062 571 3365 632 fructibus
3413 577 3671 650 possent
3710 572 3949 631 solvere

2419 662 2785 739 pensionem
2832 663 3058 722 domus
3108 681 3297 741 quam
3357 664 3707 742 accipiunt3
3755 681 3950 742 quare

2419 752 2716 813 interesse
2746 754 2896 815 illud
2924 755 3077 816 lucri
3108 757 3406 817 cessantis
3432 756 3789 834 relinquunt
3812 774 3951 814 mu-

2418 847 2688 907 tuatario
2748 866 2859 924 pro
2919 849 3218 926 pensione
3260 850 3506 924 domuS,
3541 866 3730 927 quam
3759 848 3952 907 debe-

2422 942 2562 998 rent
2589 938 2671 997 illi
2705 939 2947 1000 solvere
2986 942 3247 1020 singulis
3279 943 3480 1002 annis.
3519 942 3581 1002 Si
3616 946 3817 1002 autem
3850 940 3958 1000 hic

2419 1029 2635 1091 titulus
2677 1030 2866 1107 desit,
2929 1034 3134 1112 etqui
3191 1034 3297 1094 dat
3344 1033 3603 1095 domum
3653 1052 3841 1112 capax
3875 1033 3960 1093 sit

2421 1121 2733 1181 alienandi
2768 1142 2875 1182 seu
2905 1125 3239 1202 vendendi,
3273 1126 3504 1202 poterit
3524 1124 3791 1184 vendere
3808 1142 3957 1186 cum

2420 1219 2603 1293 pacto
2658 1214 2761 1275 illo
2807 1217 3288 1276 retrovendendi
3322 1218 3401 1276 ad
3449 1217 3702 1277 libitum
3732 1219 3961 1277 utrius—

2422 1325 2542 1385 que
2565 1307 2993 1370 contrahentis
3012 1355 3026 1384 ,
3078 1309 3396 1388 sequendo
3429 1310 3789 1388 opinionem
3816 1328 3963 1389 quae

2420 1397 2571 1459 dicit
2596 1403 2845 1477 pactum
2876 1401 3025 1460 illud
3057 1420 3191 1461 esse
3219 1402 3455 1462 licitum
3480 1402 3543 1461 in
3564 1402 3956 1475 venditione,

2421 1490 2571 1550 dum
2600 1496 2809 1552 tamen
2839 1493 3107 1571 pretium
3137 1495 3217 1555 sit
3251 1493 3492 1573 justum
3512 1541 3528 1570 ,
3583 1499 3821 1556 attento
3850 1496 3960 1555 1110

2422 1600 2611 1643 onere
2640 1588 2702 1645 et
2747 1585 3040 1646 facultate
3090 1587 3403 1665 utrimque
3449 1586 3601 1647 data
3647 1591 3962 1647 reti-oven—

2422 1675 2647 1748 dendi;
2682 1677 2759 1736 de
2790 1696 2912 1756 quo
2938 1678 3185 1739 Lessius
3218 1679 3325 1739 lib.
3357 1681 3430 1739 11.
3466 1697 3611 1757 cap.
3647 1695 3774 1740 xxi.
3807 1679 3958 1738 dub.

2420 1783 2550 1828 xlv.
2581 1788 2750 1828 num.
2789 1772 2922 1831 120.
2956 1770 3055 1830 vel
3084 1773 3310 1850 poterit
3329 1790 3553 1832 census
3585 1771 3878 1832 constitui
3896 1771 3962 1830 in

2421 1860 2529 1920 illa
2556 1862 2687 1921 sola
2718 1861 2905 1921 domo
2937 1880 3076 1941 quae
3106 1864 3373 1924 traditur
3405 1882 3418 1922 :
3456 1863 3630 1923 unde
3678 1865 3791 1924 fiet
3811 1909 3827 1940 ,
3862 1882 3965 1942 pe-

2423 1957 2642 2013 reunte
2672 1953 2884 2030 domo,
2920 1954 3125 2034 perire
3174 1956 3404 2015 debere
3452 1957 3647 2017 etiam
3679 1975 3962 2031 censum,

2423 2050 2486 2107 et
2513 2047 2909 2107 decrescente
2940 2047 3149 2106 valore
3196 2047 3513 2126 pensionis
3561 2048 3816 2124 domus„
3863 2048 3965 2107 de-

2421 2138 2572 2199 bere
2601 2139 2819 2199 eodem
2852 2157 3035 2217 passu
3070 2140 3431 2200 decrescere
3460 2141 3706 2201 reditus
3736 2159 3965 2201 census

2424 2231 2742 2292 constituti
2769 2230 2832 2289 in
2864 2231 3001 2309 ipsa
3029 2232 3183 2292 sola.
3219 2232 3345 2293 Sed
3377 2236 3588 2293 tamen
3621 2234 3972 2293 communi-

2421 2328 2538 2397 ter,
2572 2327 2642 2384 ut
2670 2324 2816 2398 dixi,
2843 2324 3054 2400 credo,
3091 2325 3292 2385 solum
3331 2327 3572 2385 attendi
3601 2327 3683 2385 ad
3714 2326 3969 2386 titulum

2422 2416 2577 2477 lucri
2621 2417 2957 2491 cessantis,
3016 2417 3122 2495 qui
3171 2418 3716 2496 frequentissimus
3762 2423 3861 2479 est
3903 2419 3969 2477 in

2423 2509 2728 2588 ejusmodi
2759 2509 3291 2570 contrahentibus,

2503 2602 2860 2663 Secundum
2876 2601 3137 2662 dubium
3166 2602 3366 2662 simile
3384 2620 3520 2662 esse
3535 2606 3765 2681 potest,
3786 2621 3872 2663 au
3891 2602 3974 2663 sit
4090 2608 4165 2663 ¹³5

2424 2713 2633 2770 usura,
2667 2694 2716 2753 si
2739 2694 2974 2754 vendas
2994 2693 3155 2755 Titio
3181 2713 3426 2772 agrum,
3460 2695 3559 2754 vel
3580 2695 3870 2769 domum,
3907 2700 3973 2755 et
4029 2734 4083 2774 Α,

2421 2806 2703 2847 reserves
2733 2786 2842 2848 tibi
2874 2786 3112 2846 fructus
3144 2788 3237 2846 vel
3268 2788 3507 2847 reditus
3538 2788 3625 2846 rei
3657 2788 3967 2861 venditae,
4041 2796 4141 2838 με

2425 2879 2625 2940 (10000
2664 2879 2935 2957 pretium
2972 2879 3086 2940 tibi
3131 2879 3443 2956 solvatur,
3503 2880 3581 2939 (10
3630 2879 3752 2940 1100
3797 2880 3973 2940 ultra
4031 2893 4188 2986 ἃ

2423 2972 2578 3033 alios
2624 2972 2756 3049 agit
2808 2971 3085 3032 Thomas
3136 2973 3417 3033 Sanchez
3472 2973 3579 3033 lib.
3633 2989 3676 3032 1.
3732 2971 3969 3033 consil.
4021 3000 4165 3052 μω.

2423 3083 2561 3142 cap.
2599 3065 2729 3125 vll.
2783 3064 2931 3124 dub.
2967 3080 3094 3125 xm.
3146 3063 3252 3123 ubi
3302 3065 3461 3125 duas
3489 3065 3834 3125 sententias
3866 3083 3976 3124 re-
4022 3064 4078 3093 ⁸⁸

2423 3158 2563 3223 fert.
3942 3215 3945 3220 .

2506 3250 2714 3311 Prima
2743 3249 2914 3327 dicit,
2949 3257 3340 3312 contractum
3371 3251 3544 3311 illum
3573 3270 3709 3312 esse
3740 3272 3979 3313 usura-

2423 3344 2609 3404 rium.
2666 3343 2913 3418 Primo,
2975 3343 3121 3422 quia
3169 3363 3267 3403 res
3316 3343 3570 3403 domino
3617 3364 3730 3404 suo
3772 3345 3981 3405 debet

2425 3436 2800 3497 fructificare
2834 3456 2847 3495 :
2882 3455 3027 3495 cum
3059 3455 3207 3515 ergo
3240 3436 3465 3497 domus
3489 3437 3827 3498 traditione
3856 3439 3981 3497 fiat

2425 3528 2724 3608 emptoris
2755 3528 2944 3589 etiam
2993 3535 3137 3589 ante
3168 3529 3439 3606 pretium
3472 3530 3744 3590 solutum
3766 3577 3781 3606 ,
3833 3531 3981 3589 sru-

2426 3627 2561 3683 ctus
2591 3622 2671 3682 ad
2702 3626 3049 3700 emptorem
3081 3621 3523 3700 pertinebunt,
3572 3622 3753 3701 cujus
3802 3623 3981 3700 peri-

2425 3716 2564 3776 culo
2594 3714 2818 3774 domus
2846 3714 3084 3792 periret
3113 3714 3159 3773 si
3178 3718 3325 3774 tunc
3354 3713 3606 3792 periret.
3640 3717 3975 3792 Secunde,

2426 3809 2572 3888 quia
2619 3808 2854 3867 fructus
2911 3806 2997 3866 illi
3055 3825 3091 3865 a
3148 3805 3472 3866 venditore
3528 3807 3984 3886 percipiuntur

2427 3901 2629 3962 solum
2672 3900 2751 3959 ob
2790 3917 2913 3959 non
2966 3899 3239 3959 solutum
3288 3898 3596 3977 pretium;
3650 3899 3979 3980 quidquid

2427 3997 2637 4053 autem
2667 3991 2974 4069 accipitur
3016 3992 3095 4051 ob
3127 3991 3385 4051 dilatam
3413 3990 3671 4070 praecise
3698 3993 3981 4054 solutio·

2426 4104 2593 4160 nem,
2629 4104 2816 4144 usura
2838 4090 2950 4145 est.
2984 4083 3214 4156 Terti0‚
3238 4084 3385 4162 quia
3412 4085 3530 4144 hoc
3551 4090 3733 4163 pacto
3758 4087 3981 4147 omnis

2428 4177 2534 4257 qui
2556 4177 2790 4236 credito
2813 4177 3049 4253 vendit,
3084 4182 3293 4254 posset
3321 4178 3483 4236 ultra
3503 4177 3773 4256 pretium
3793 4179 3986 4239 aoei-

2428 4288 2575 4349 pere
2597 4271 2676 4330 ob
2697 4288 2820 4329 non
2844 4270 3115 4331 solutum
3138 4270 3407 4348 pretium
3429 4270 3756 4330 mercium.
3785 4273 3979 4333 Hane

2427 4366 2891 4424 tenentAnton.
2928 4362 3199 4439 Gabriel,
3227 4362 3493 4438 Rosella,
3528 4364 3812 4440 Armilla,
3847 4367 3979 4427 Sil-

2428 4461 2584 4516 vest.
2618 4454 2839 4534 Major,
2890 4455 3191 4530 Palatios,
3230 4457 3521 4515 Panorm.
3557 4455 3751 4516 etalii
3782 4459 3979 4518 multi

2430 4548 2597 4628 apud
2630 4548 2860 4609 Sanch.
2894 4547 3002 4623 ibi,
3038 4548 3265 4626 quibus
3295 4548 3458 4608 addc
3500 4550 3728 4609 Navar.
3766 4567 3860 4610 111.
3900 4551 3979 4611 de

2427 4641 2615 4703 restit.
2649 4660 2703 4702 c.
2728 4657 2797 4701 11.
2834 4660 2895 4701 n.
2933 4644 3068 4701 157.
3106 4641 3211 4719 qui
3242 4641 3627 4702 contrarium
3655 4642 3809 4704 dicit
3828 4663 3974 4706 esse

2430 4734 2684 4797 omnino
2715 4733 3125 4813 improbabile
3147 4779 3162 4809 ,
3208 4739 3270 4795 et
3312 4734 3593 4795 Lessium
3624 4754 3763 4814 cap.
3799 4739 3968 4799 XXI.

2432 4826 2580 4887 dub.
2615 4842 2750 4886 xm.
2803 4844 2974 4886 num.
3012 4829 3147 4887 108.
3198 4826 3459 4887 Addunt
3495 4833 3707 4887 tamen
3731 4874 3747 4903 ,
3798 4828 3972 4890 licite

2430 4919 2547 4980 sibi
2594 4937 2917 4978 reservare
2964 4918 3354 4978 venditorem
3401 4919 3683 4995 fructus,
3732 4921 3965 5000 primo,

2432 5012 2682 5092 quando
2713 5012 2969 5071 domum
2994 5057 3008 5085 ,
3069 5010 3245 5069 verbi
3272 5012 3477 5088 gratia
3508 5031 3634 5072 non
3683 5015 3965 5092 tradidit,

2430 5112 2617 5183 atque
2685 5104 2773 5164 ita
2836 5103 3113 5164 nondum
3184 5105 3433 5165 transiit
3490 5106 3556 5164 in
3616 5106 3969 5168 dominium

2433 5198 2732 5276 emptoris
2764 5243 2779 5272 ,
2829 5198 2939 5257 sed
2976 5201 3259 5258 remanet
3285 5197 3496 5258 adhuc
3537 5199 3656 5259 sub
3690 5201 3968 5262 dominio

2431 5290 2794 5364 venditoris,
2818 5290 2993 5366 cujus
3010 5289 3286 5369 periculo
3304 5291 3557 5368 periret.
3581 5294 3895 5366 Secundo,
3916 5296 3967 5354 si

2423 5385 2735 5463 acciperet
2764 5383 2998 5443 fruetus
3028 5383 3271 5443 ratione
3301 5383 3456 5443 lucri
3489 5387 3797 5446 cessantis
3819 5433 3834 5460 ,
3866 5389 3965 5447 vel

2422 5478 2637 5539 damni
2666 5476 3064 5555 emergentia,
3085 5475 3181 5536 vel
3195 5493 3269 5536 ex
3298 5494 3499 5553 mora,
3516 5479 3705 5538 velex
3725 5479 3966 5541 dilatio·
