4263 6376
77 1722 152 1780 180

59 1900 186 1941 indatur

58 1966 83 1996 ι
103 1954 209 1994 abires

1210 329 1680 390 DlSPU'rA'rlo
1725 326 1998 405 XXXVI,
2046 332 2321 394 SECTIO
2365 336 2468 395 xl.

265 506 498 567 Lasarte
526 549 541 579 ,
588 519 742 582 quos
781 501 1065 583 sequitur
1105 503 1449 566 Turrianus
1492 505 1642 567 dub.
1676 523 1765 569 v1.

267 615 418 658 num.
450 599 544 658 13.
578 595 749 672 dicit,
782 595 860 656 de
884 595 1027 675 jure
1058 596 1333 676 Hispano
1368 598 1768 660 traditionem

263 690 414 750 illam
441 708 561 750 non
591 688 876 748 suffic-ere
895 735 911 764 ,
955 689 1104 768 quia
1144 690 1242 750 lex
1272 690 1525 769 exigens
1553 692 1769 769 gabel-

260 783 371 842 lam
396 782 456 843 in
485 782 619 843 loco
650 781 1000 844 traditionis
1029 782 1305 862 loquitur
1333 783 1410 844 de
1433 784 1768 845 traditione

262 895 368 938 non
394 876 536 936 ficta
557 921 573 951 ,
632 874 743 935 sed
787 875 939 936 reali
972 880 1035 937 et
1062 876 1371 952 naturali,
1431 894 1555 956 qua
1585 876 1769 938 detur

259 967 543 1049 possessio
572 986 697 1029 non
725 967 923 1029 civilis
953 968 1062 1029 sed
1092 969 1415 1046 naturaliS,
1451 968 1764 1049 loquendo

258 1069 445 1124 tamen
477 1062 553 1122 de
573 1062 718 1141 jure
750 1060 1108 1138 communi,
1151 1062 1340 1123 credo
1372 1063 1540 1142 quod
1571 1081 1764 1142 quan-

258 1155 328 1216 do
373 1157 725 1215 contractus
771 1152 1155 1215 sufficienter
1200 1156 1606 1234 perficeretur
1650 1173 1764 1234 per

255 1248 406 1309 illam
431 1247 834 1309 traditionem
858 1293 874 1325 ‚
934 1251 997 1309 et
1041 1247 1291 1326 gabello
1338 1248 1691 1327 exigeretur
1725 1265 1762 1308 a

255 1345 553 1402 contractu
583 1359 697 1419 per
721 1339 1125 1402 traditionem
1154 1340 1433 1419 perfecto
1455 1386 1470 1416 ,
1517 1339 1760 1401 suffice·

253 1439 338 1496 ret
360 1433 460 1494 illa
488 1433 742 1495 traditio
767 1478 783 1510 ‚
832 1432 994 1494 sicut
1023 1433 1103 1493 ad
1133 1432 1586 1513 perficiendum
1616 1451 1761 1494 con-

251 1531 540 1604 tractum,
598 1525 687 1588 ita
730 1527 812 1587 ad
858 1526 1286 1587 inducendum
1333 1526 1614 1588 debitum
1652 1544 1760 1605 ga·

251 1618 434 1679 bellae.

319 1711 518 1773 Tertio
552 1710 825 1771 diximus
848 1755 864 1787 ‚
925 1728 1106 1790 posse
1150 1711 1283 1771 fieri
1314 1710 1483 1792 quod
1512 1710 1760 1790 gabella

251 1803 518 1882 exigatur
571 1803 953 1865 attendendo
1010 1804 1213 1864 solum
1270 1804 1349 1864 ad
1397 1805 1605 1865 locum
1653 1802 1756 1863 ubi

248 1900 377 1957 sunt
403 1896 590 1971 bona,
642 1896 811 1957 circa
839 1915 978 1975 quoe
1025 1896 1440 1974 contrahitur,
1501 1900 1563 1958 et
1608 1899 1758 1956 tunc

249 1988 646 2051 attendendus
702 1989 821 2049 erit
871 1990 1043 2050 locus
1097 1989 1160 2049 iu
1218 2007 1340 2068 quo
1393 1988 1560 2050 bona
1615 1992 1762 2051 sunt

247 2082 479 2162 quando
509 2085 867 2143 contractus
896 2082 986 2158 fit,
1022 2081 1354 2161 et‘quando
1387 2082 1480 2142 lex
1512 2082 1598 2144 ita
1619 2100 1759 2160 pro-

246 2175 420 2251 cedit,
463 2174 618 2235 nihil
657 2173 847 2235 refert
875 2174 1044 2254 quod
1075 2175 1514 2236 contrahentes
1544 2175 1669 2236 sint
1696 2174 1755 2234 in

245 2266 556 2346 hispania,
604 2267 657 2327 si
698 2266 866 2326 enim
897 2266 1277 2328 contrahunt
1304 2267 1381 2326 de
1411 2267 1591 2327 bonis
1618 2285 1758 2346 quas

243 2359 462 2422 habent
500 2360 568 2420 in
612 2359 842 2436 Gallia,
889 2359 1138 2439 gabella
1180 2359 1244 2419 in
1274 2359 1472 2422 Gallia
1499 2359 1759 2420 debebi-

241 2454 362 2529 tur,
395 2470 535 2533 quae
565 2452 768 2530 magis
794 2451 1046 2514 videtur
1073 2452 1365 2531 imposita
1409 2451 1590 2514 bonis
1636 2452 1758 2514 illis

241 2563 417 2624 quam
459 2544 764 2624 personIS.
818 2545 952 2616 Qua
999 2544 1328 2606 occasione
1371 2544 1566 2625 quaeri
1602 2545 1761 2607 solet

241 2637 309 2698 de
338 2637 647 2713 censibus,
681 2637 744 2696 in
777 2655 1044 2715 quorum
1071 2637 1431 2699 venditione
1454 2637 1759 2717 hypothe-

240 2730 354 2791 cari
391 2731 596 2792 solent
622 2729 871 2791 diversa
913 2730 1079 2791 bona
1109 2750 1250 2811 quae
1292 2736 1438 2792 sunt
1476 2730 1540 2790 in
1569 2730 1758 2792 variis

237 2822 398 2885 lociS.
433 2825 511 2884 Et
538 2822 797 2904 quidem
827 2823 1279 2884 attendendum
1317 2828 1412 2885 est
1445 2825 1647 2886 solum
1674 2823 1758 2885 ad

235 2916 432 2978 locum
461 2916 571 2977 ubi
591 2919 738 2976 sunt
754 2916 918 2977 bona
938 2915 1291 2993 specialiter
1309 2916 1753 2996 hypothecata,

238 3028 351 3070 non
379 3008 502 3071 alia
532 3025 675 3088 quae
703 3007 983 3088 generali
1013 3007 1387 3087 hypothecae
1416 3009 1759 3089 subjiciun-

235 3107 331 3163 tur
349 3149 365 3179 ,
408 3106 479 3163 ut
505 3120 651 3163 cum
684 3100 1044 3162 Parladorio
1074 3101 1315 3165 notavit
1342 3102 1622 3164 Sanchez
1651 3101 1759 3163 ubi

236 3214 416 3274 supra
444 3196 597 3257 dub.
630 3209 783 3256 xux.
817 3213 989 3257 num.
1023 3198 1082 3256 8.
1117 3195 1180 3258 Si
1206 3201 1416 3257 autem
1449 3196 1760 3275 hypothe-

235 3306 317 3349 ca}
347 3288 659 3368 speciales
694 3306 821 3349 non
850 3288 978 3349 sint
1003 3307 1222 3349 omnes
1251 3289 1311 3349 in
1343 3288 1565 3350 eodem
1593 3290 1754 3365 1000,

234 3381 335 3441 sed
363 3381 425 3442 in
448 3381 737 3458 diversiS,
769 3380 1172 3442 dividendam
1201 3400 1336 3443 esse
1355 3382 1669 3461 gabellam
1696 3382 1756 3442 in

233 3472 346 3536 illis
389 3474 548 3537 locis
579 3492 694 3554 pro
724 3492 1021 3535 mensura
1048 3474 1305 3555 majoris
1343 3480 1454 3537 aut
1499 3474 1761 3537 minoris

231 3567 456 3628 valoris
487 3585 706 3628 eorum
735 3565 1044 3628 bonorum
1063 3613 1079 3643 ,
1122 3584 1264 3646 quas
1294 3566 1356 3628 in
1388 3566 1647 3646 singulis
1673 3567 1760 3629 lo·

231 3658 313 3720 cis
340 3663 510 3737 sunt,
545 3678 690 3720 cum
719 3660 855 3720 aliis
885 3651 1071 3721 docet
1087 3660 1320 3722 Molina
1338 3660 1505 3723 dicta
1524 3661 1755 3739 disput.

229 3755 361 3815 676.
397 3771 575 3814 num.
609 3755 668 3815 8.
718 3756 781 3813 et
819 3752 1029 3814 multis
1068 3751 1281 3814 relatis
1326 3753 1608 3815 Sanchez
1654 3754 1758 3815 ubi

230 3864 415 3925 supra
443 3866 622 3908 num.
655 3848 713 3907 Ἰ.
745 3845 925 3907 Ratio
955 3849 1166 3908 autem
1196 3851 1310 3923 est,
1346 3847 1489 3927 quia
1522 3847 1588 3908 hi
1615 3866 1763 3909 cen·

228 3957 329 4000 sus
357 3958 468 4001 seu
504 3939 696 4000 annui
726 3939 965 4001 reditus
991 3939 1078 3999 ibi
1100 3944 1434 4002 censentur
1462 3959 1621 4017 esse,
1655 3941 1763 4002 ubi

228 4037 370 4094 sunt
397 4033 673 4114 proedia,
709 4051 818 4094 seu
847 4032 1013 4094 hona
1058 4043 1250 4111 super
1279 4033 1506 4113 quibus
1535 4035 1763 4097 consti-

229 4125 338 4187 tuti
369 4129 554 4202 sunt,
604 4129 672 4186 ut
715 4125 1028 4205 colligitur
1057 4144 1131 4185 ex
1169 4125 1211 4187 l.
1259 4125 1335 4186 Si
1358 4125 1766 4208 fideicommis-

225 4237 370 4293 sum,
431 4219 491 4299 ἓ.
533 4218 895 4297 Tractatum,
947 4220 1010 4279 ff.
1044 4217 1113 4279 de
1152 4217 1349 4298 judic.
1401 4223 1548 4281 sunt
1598 4220 1763 4281 enim

228 4311 404 4390 quasi
437 4310 788 4373 accidentia
811 4356 827 4387 ,
887 4330 1027 4390 quas
1069 4310 1377 4373 inhaerent
1404 4311 1522 4374 illis
1548 4312 1760 4391 rebus,

227 4405 389 4467 sicut
416 4404 777 4482 servitutes,
816 4403 1204 4465 ususfructus
1222 4451 1237 4482 ,
1272 4408 1335 4466 et
1361 4405 1484 4466 alia
1511 4406 1758 4469 similia.

228 4497 407 4560 Unde
437 4498 731 4574 infertur,
766 4497 818 4558 si
846 4496 1021 4558 locus
1050 4497 1156 4558 ubi
1186 4501 1332 4559 sunt
1359 4497 1526 4559 bona
1555 4503 1618 4561 et
1653 4500 1764 4579 hy-

225 4591 542 4672 pothecoe‚
575 4590 656 4652 sit
682 4590 980 4651 immunis
1009 4609 1045 4650 a
1072 4590 1359 4670 gabellis,
1394 4610 1520 4653 non
1549 4592 1765 4654 deberi

225 4685 548 4764 gabellam
577 4703 653 4744 ex
681 4683 1041 4744 venditione
1072 4701 1317 4761 censuS,
1350 4684 1500 4747 licet
1523 4690 1765 4748 contra-

228 4783 364 4839 ctus
393 4778 508 4839 fiat
534 4777 598 4837 in
639 4777 775 4838 loco
821 4794 948 4838 non
981 4775 1266 4853 immuni,
1328 4781 1396 4839 ut
1440 4797 1584 4839 cum
1621 4781 1767 4841 Par·

227 4869 476 4931 ladorio
525 4869 763 4948 colligit
805 4868 1086 4932 Sanchez
1115 4887 1288 4931 num.
1325 4873 1421 4933 10.
1473 4872 1642 4952 quod
1672 4873 1767 4933 in·-

226 4963 570 5043 telligitur,
632 4962 884 5043 quando
939 4961 1190 5040 gabella
1241 4981 1365 5025 non
1397 4965 1664 5045 exigitur
1692 4985 1766 5027 ex

228 5058 564 5118 contractu
599 5056 865 5134 praecise
887 5099 903 5130 ,
963 5053 1074 5115 sed
1121 5073 1196 5115 ex
1223 5054 1405 5118 bonis
1429 5056 1598 5119 circa
1626 5077 1766 5139 quae

227 5152 594 5210 contractus
622 5147 713 5210 fit.

3287 340 3405 401 669

2546 821 2603 900 5.
2634 824 2696 884 2.

2146 1082 2256 1144 E'ae
2282 1084 2486 1166 quibus
2512 1086 2680 1150 rebus
2705 1090 2857 1152 solvi
2878 1091 3095 1156 debeat.

1950 1338 2079 1397 Hoc
2112 1340 2208 1397 est
2236 1335 2405 1397 aliud
2451 1337 2529 1399 de
2582 1340 2845 1419 gabellis
2902 1344 3345 1427 inquirendum
3378 1370 3394 1413 ε

3547 1356 3655 1416 181

1856 1435 1921 1494 et
1960 1430 2022 1490 in
2051 1428 2478 1507 superioribus
2519 1433 2784 1513 egimus,
2830 1456 2910 1498 an
2941 1457 3014 1499 ex
3059 1442 3249 1503 rebus
3290 1463 3400 1505 ne-
3448 1479 3514 1522 A„
3547 1478 3747 1524 mmm.

1857 1523 2144 1586 cessariis
2173 1522 2270 1582 vel
2299 1541 2374 1583 ex
2404 1524 2480 1586 iis
2525 1545 2666 1606 quas
2711 1528 2792 1589 ad
2841 1533 3167 1612 proprium
3214 1556 3398 1598 usum
3475 1532 3639 1587 cahem
3667 1548 3716 1577 ex

3475 1586 3564 1628 sola
3599 1592 3719 1641 parte

1857 1620 2152 1677 emuntur
2171 1614 2269 1674 vel
2298 1614 2684 1696 deferuntur,
2705 1621 2860 1682 solvi
2878 1623 3106 1688 debeat
3124 1628 3394 1707 gabella.
3474 1640 3609 1694 pretii.

1857 1712 2035 1770 Nunc
2058 1706 2420 1769 addendum
2452 1714 2566 1787 est,
2618 1730 2691 1771 ex
2750 1714 2975 1794 quihus
3030 1720 3218 1781 rebus
3261 1722 3399 1784 aliis
3465 1706 3721 1789 ηηῧιιοηω

1855 1800 2171 1864 solvenda}
2203 1799 2327 1861 sint
2348 1800 2649 1879 gabellas:
2681 1808 2847 1886 quod
2880 1811 3112 1888 pendet
3142 1832 3215 1874 ex
3242 1816 3400 1894 legi-

1854 1894 1971 1955 bus
2017 1891 2498 1971 municipalibus
2554 1896 2723 1958 circa
2763 1900 3043 1981 singulas
3088 1907 3395 1986 gabellas,

1856 1986 2080 2066 quibus
2116 1985 2320 2047 solent
2343 1987 2519 2048 varia
2544 1989 2872 2072 privilegia
2912 1999 3174 2059 concedi
3211 2002 3399 2065 variis

1855 2077 2190 2154 mercibuS,
2223 2098 2283 2140 v.
2317 2097 2380 2157 g.
2416 2079 2611 2160 libris,
2645 2086 2855 2163 armis,
2889 2090 3310 2173 agriculturae,
3337 2101 3402 2159 et

1856 2170 2027 2246 aliis;
2060 2175 2129 2232 ut
2160 2171 2513 2233 eximantur
2541 2193 2578 2234 a
2605 2176 2715 2237 tali
2745 2179 3010 2257 gabello,
3047 2203 3186 2265 quae
3228 2187 3399 2267 leges

1855 2263 2256 2325 consulendae
2310 2269 2476 2342 sunt,
2529 2272 2591 2329 et
2634 2269 2844 2347 plures
2890 2277 3098 2354 quoad
3156 2279 3399 2360 aliquas

1854 2356 2136 2436 gabellas
2188 2357 2496 2437 Hispanas
2551 2363 2734 2424 affert
2776 2366 3009 2429 Molina
3067 2388 3162 2433 111.
3242 2380 3394 2436 tom.

1856 2448 2015 2530 disp.
2047 2452 2185 2511 664.
2207 2451 2386 2513 Nunc
2408 2450 2471 2511 in
2499 2470 2730 2531 genere
2756 2456 3017 2521 dubium
3047 2468 3141 2525 est
3166 2467 3394 2546 primo,

1855 2541 1934 2604 de
1992 2561 2116 2622 qua
2185 2543 2532 2623 quantitate
2607 2548 2909 2612 solvenda
2975 2554 3056 2617 sit
3125 2558 3395 2637 gabella,

1856 2635 2131 2715 quand0,
2190 2654 2251 2697 v.
2301 2654 2364 2715 g.
2425 2636 2669 2699 decima
2719 2643 2818 2703 vel
2893 2644 3196 2726 vigesima
3254 2671 3399 2730 pars

1853 2727 2037 2809 pretii
2070 2727 2370 2788 solvenda
2399 2732 2493 2791 est
2519 2749 2632 2810 pro
2661 2733 2910 2811 gabella
2952 2756 2990 2798 a
3044 2742 3394 2822 venditore,

1855 2825 1918 2882 et
1943 2838 2042 2881 res
2071 2820 2283 2900 aliqua
2310 2821 2603 2884 venditur
2646 2826 2814 2888 mille
2845 2831 3074 2909 aureiS,
3127 2836 3237 2896 sed
3284 2856 3398 2916 pro

1857 2912 2217 2975 venditione
2249 2914 2537 2976 facienda
2565 2918 2852 2982 venditor
2878 2923 3210 3007 insumpsit
3249 2948 3397 2991 cen-

1855 3009 1990 3069 tum
2011 3010 2081 3068 ut
2106 3007 2376 3069 solveret
2403 3015 2784 3089 proxenetae,
2812 3020 3109 3095 praeconi,
3129 3024 3396 3102 notario,

1857 3103 1919 3161 et
1945 3098 2104 3175 aliis,
2136 3099 2458 3178 quaeritur,
2492 3120 2571 3162 an
2600 3105 2848 3183 gabella
2877 3110 3034 3171 solvi
3068 3113 3297 3177 debeat
3324 3136 3399 3177 ex

1856 3193 2046 3271 mille,
2079 3212 2161 3254 an
2208 3212 2283 3254 ex
2311 3194 2458 3256 solis
2494 3200 2631 3261 900.
2685 3218 2825 3279 quae
2867 3214 3197 3272 remanent
3248 3230 3402 3273 ven-

1857 3285 2064 3348 ditori.

1936 3379 2348 3442 Bertachinus
2377 3387 2439 3443 et
2466 3383 2858 3464 Tiraquellus
2901 3393 3070 3472 apud
3115 3398 3399 3477 Vasquez

1857 3473 1914 3552 §-
1967 3489 2035 3534 11.
2070 3473 2200 3533 dub
2273 3490 2358 3537 1x.
2403 3495 2510 3538 nu.
2561 3480 2662 3539 51.
2707 3480 2945 3563 dicunt,
2996 3486 3176 3550 silex
3206 3491 3395 3570 dicat,

1860 3565 2031 3645 quod
2059 3566 2338 3627 solvatur
2366 3567 2610 3630 decima
2636 3590 2805 3651 pars,
2839 3596 2899 3638 v.
2932 3596 2996 3657 g.
3053 3598 3127 3641 ex
3170 3586 3395 3664 preti0,

1861 3658 1960 3720 vel
1990 3677 2064 3718 ex
2093 3660 2293 3738 pretio
2315 3679 2351 3721 a
2373 3663 2696 3726 venditore
2727 3674 3001 3751 recepto,
3022 3675 3400 3750 ‚solvendam

1863 3769 2000 3811 esse
2031 3750 2317 3814 deductis
2347 3754 2482 3815 aliis
2512 3759 2826 3838 onerihuS,
2862 3781 2937 3823 ex
2967 3784 3040 3827 eo
3088 3771 3257 3848 quod
3301 3791 3404 3834 re-

1860 3847 2111 3904 manet:
2146 3845 2199 3905 si
2227 3863 2375 3907 vero
2398 3846 2585 3925 dicat,
2610 3852 2778 3929 quod
2799 3855 3076 3919 solvatur
3104 3879 3179 3922 ex
3199 3865 3400 3941 pretio

1862 3955 1986 4017 quo
2015 3955 2116 3998 res
2145 3938 2398 4001 vendita
2424 3939 2559 4014 fuit,
2590 3944 2956 4010 solvendam
2986 3970 3121 4014 esse
3166 3973 3240 4015 ex
3268 3960 3400 4020 toto

1860 4030 2084 4111 preti0‚
2145 4049 2270 4094 non
2315 4032 2600 4097 deductis
2656 4040 2971 4105 oneribus,
3041 4047 3186 4126 Alii,
3246 4069 3403 4131 quos

1865 4123 2048 4185 affert
2075 4127 2334 4187 Lasarte
2366 4127 2534 4206 apud
2561 4129 2857 4193 Molinam
2888 4136 3117 4216 disput.
3140 4145 3277 4206 679.
3312 4144 3403 4204 di-

1863 4221 2013 4279 cunt
2054 4219 2449 4296 generaliter,
2509 4221 2873 4287 solvendam
2928 4248 3063 4294 esse
3118 4236 3405 4299 deductis

1864 4310 2180 4373 oneribus,
2216 4314 2577 4375 Communis
2605 4320 2817 4379 tamen
2848 4325 2910 4382 et
2928 4341 3079 4386 vera
3094 4331 3404 4395 sententia

1865 4403 2069 4481 docet,
2102 4404 2156 4466 si
2186 4406 2284 4466 lex
2314 4406 2484 4467 aliud
2514 4427 2640 4470 non
2688 4413 2975 4494 explicet,
3034 4421 3402 4486 solvendam

1863 4516 1997 4558 esse
2027 4516 2101 4557 ex
2142 4502 2273 4561 toto
2309 4500 2532 4578 pretio,
2586 4521 2710 4564 non
2752 4506 3038 4572 deductis
3080 4516 3396 4581 oneribuS.
3482 4575 3485 4578 ,

1862 4591 1956 4651 Ita
1984 4608 2128 4651 cum
2158 4591 2379 4652 eodem
2423 4595 2682 4658 Lasarte
2712 4598 2894 4663 docet
2927 4604 3160 4667 Molina
3200 4610 3308 4687 ibi,
3342 4617 3407 4674 et

1862 4683 1989 4759 alii,
2023 4702 2180 4762 quos
2210 4686 2389 4747 affert
2416 4690 2479 4748 et
2504 4688 2787 4767 sequitur
2826 4694 3110 4759 Sanchez
3161 4701 3223 4762 d.
3258 4720 3399 4783 cap.

1863 4792 1950 4838 1v.
1984 4775 2248 4839 dubitat.
2281 4781 2380 4840 41.
2407 4784 2469 4840 et
2496 4781 2704 4858 praxis
2727 4784 2814 4846 ita
2829 4785 3039 4868 habet,
3074 4794 3224 4872 quia
3250 4796 3403 4859 illud
3428 4860 3432 4864 ,

1864 4872 2068 4931 totum
2097 4872 2193 4930 est
2219 4871 2490 4949 pretium
2517 4873 2610 4934 rei
2642 4895 2656 4935 ε
2690 4877 2967 4959 alioquin
3017 4884 3403 4952 deducendas

1865 4961 2054 5023 etiam
2084 4967 2293 5024 essent
2333 4983 2621 5044 expensae
2672 4968 2854 5033 faetae
2899 4974 2965 5034 in
3010 4982 3404 5057 asportandis

1864 5055 2200 5132 mercibus,
2233 5056 2360 5119 imo
2390 5058 2541 5120 etin
2586 5061 2673 5121 eis
2719 5066 3116 5145 acquirendis
3163 5074 3263 5135 vel
3311 5075 3405 5137 fa·

1867 5148 2105 5210 ciendis
2135 5149 2303 5229 quod
2332 5151 2677 5215 absurdum
2707 5163 2890 5220 esset.
2942 5163 3067 5224 Nec
3112 5165 3178 5226 in
3234 5168 3406 5231 deci-

1866 5242 1984 5303 mis
2013 5243 2306 5305 Ecclesiae
2327 5245 2642 5309 solvendis
2673 5249 2942 5315 habetur
2976 5258 3136 5320 ratio
3185 5262 3404 5324 talium

1867 5354 2303 5415 expensarum,
2355 5338 2465 5401 sed
2510 5340 2586 5402 iis
2623 5361 2748 5404 non
2790 5345 3097 5428 deductis,
3143 5371 3219 5415 ex
3257 5356 3406 5418 totis

1865 5427 2170 5491 fructibus
2197 5430 2459 5494 solvitur
2486 5432 2732 5515 integra
2760 5437 3025 5505 decima.
3060 5447 3262 5509 Unde.

1946 5522 2217 5585 Iniertur
2243 5524 2470 5603 primo,
2492 5527 2546 5587 si
2571 5529 2820 5607 gabella
2837 5534 3139 5602 solvenda
3165 5541 3246 5604 sit
3272 5548 3403 5616 tota

3535 5550 3651 5612 182
