4263 6376
21 2552 171 2763 titt
41 2428 103 2487 Ξ

1290 284 1762 380 υιεΡυΤΑτιο
1805 284 1994 361 xxv,
2043 284 2320 348 ssc'mo
2365 288 2440 350 v.

254 463 431 539 tium,
465 481 616 525 cum
642 462 963 543 fidejussio
1005 480 1080 524 eo
1128 479 1273 523 casu
1305 461 1475 522 nullo
1502 460 1603 521 vel
1658 478 1790 521 mo·

254 556 572 617 dicissimo
612 557 813 636 pretio
845 555 1038 634 digna
1065 555 1165 631 sit,
1205 560 1268 616 et
1299 554 1500 632 magis
1556 553 1785 615 inclino

253 648 419 728 quod
448 650 533 711 sit
558 668 772 725 usura,
800 647 1085 728 quiahoc
1100 647 1252 707 nihil
1279 647 1449 707 aliud
1467 651 1580 722 cst,
1599 664 1786 725 quam

250 742 499 802 lucrum
545 741 660 803 tibi
689 741 789 801 vel
818 740 1172 820 fidejussori
1202 760 1276 800 ex
1318 744 1536 800 mutuo
1569 758 1788 817 procu-

250 853 415 910 rare,
441 839 506 896 et
535 835 601 895 id
618 834 909 895 fraudem
938 834 1001 894 in
1026 834 1098 895 fit
1122 833 1205 894 ad
1236 832 1618 911 palliandam
1646 851 1788 893 usu-

250 946 409 988 ram.
473 930 610 989 Hoc
649 932 865 989 tamen
911 945 1135 1006 parum
1188 926 1400 1003 refert,
1459 944 1602 986 cum
1659 925 1790 986 sive

249 1027 511 1099 propter
540 1039 824 1097 usuram,
860 1021 990 1080 sive
1022 1025 1277 1098 propter
1304 1019 1613 1099 justitiam
1642 1036 1789 1097 pre-

249 1115 409 1175 tium
438 1113 905 1175 restituendum
935 1111 1046 1184 sit;
1082 1117 1321 1173 certum
1350 1117 1558 1172 tamen
1590 1115 1703 1187 est,
1740 1109 1794 1171 si

253 1204 372 1267 hoc
399 1206 469 1265 in
495 1205 637 1265 aliis
666 1205 1090 1266 contractibus
1105 1205 1214 1266 fiat
1228 1209 1455 1283 praeter
1479 1209 1788 1280 mutuum,

253 1317 378 1359 non
410 1318 551 1358 esse
608 1317 867 1359 usuram
922 1305 1034 1357 sed
1087 1295 1475 1375 injustitiam,
1507 1315 1568 1357 v.
1613 1314 1706 1374 gr.
1741 1296 1792 1356 si

252 1392 491 1452 volenti
508 1391 623 1452 tibi
656 1390 929 1450 vendere
959 1390 1276 1449 vellocare
1305 1388 1561 1449 domum
1583 1391 1786 1464 Petr0,

252 1483 486 1544 Paulus
511 1487 816 1561 suggerat
848 1501 925 1542 ne
959 1482 1150 1542 facias
1195 1481 1312 1541 nisi
1344 1483 1560 1542 Petrus
1588 1481 1792 1560 ipsum

253 1575 697 1655 fidejussorem
727 1575 1046 1651 adhibeat,
1080 1580 1147 1635 ut
1191 1575 1324 1653 ipse
1380 1592 1491 1652 pro
1538 1574 1795 1652 fidejus-

252 1667 427 1729 sione
457 1668 701 1746 aliquid
749 1668 866 1728 sibi
894 1667 1189 1741 lucretur,
1249 1666 1348 1727 vel
1406 1671 1611 1728 tecum
1668 1666 1795 1726 for-

252 1766 419 1822 tasse
448 1759 864 1823 dividendum
892 1780 907 1822 :
940 1777 1063 1839 quo
1094 1777 1262 1836 casu,
1280 1778 1422 1819 cum
1455 1778 1577 1820 non
1599 1759 1680 1819 sit
1704 1759 1793 1818 lu-

252 1870 430 1913 crum
454 1871 532 1911 ex
559 1856 806 1928 mutuo,
841 1870 966 1912 non
997 1852 1114 1912 erit
1143 1871 1351 1929 usura,
1387 1851 1495 1910 sed
1526 1850 1793 1929 pcrtine-

252 1945 347 2006 bit
390 1945 474 2004 ad
531 1945 707 2005 aliud
761 1963 962 2023 genus
1018 1944 1334 2024 injustitiae
1383 1943 1666 2021 obligans
1710 1943 1793 2004 ad

253 2039 741 2113 restitutionem,
774 2038 828 2097 si
855 2036 1170 2116 fidejussio
1194 2036 1446 2098 omnino
1477 2038 1793 2115 superflua

253 2134 354 2205 sit,
387 2137 451 2191 et
474 2148 602 2191 non
630 2130 827 2208 digua
855 2130 963 2190 tali
990 2130 1211 2209 preti0,
1246 2134 1314 2191 ut
1341 2147 1485 2189 cum
1514 2132 1792 2189 Navarro

252 2223 464 2300 docet,
497 2223 680 2285 Salas
739 2224 873 2285 loco
931 2223 1036 2288 cit.
1083 2225 1138 2303 ἓ.
1190 2221 1316 2282 Sed
1354 2221 1516 2303 quid,
1575 2223 1629 2282 si
1677 2221 1793 2283 Pe-

255 2326 405 2378 trus.

335 2410 611 2471 Infertur
681 2410 926 2486 octavo,
986 2427 1240 2469 usuram
1302 2427 1437 2469 esse
1504 2413 1792 2471 mutuare

256 2503 559 2581 priucipi,
588 2503 689 2561 vel
713 2502 1075 2579 reipublicae
1098 2519 1168 2561 eo
1197 2507 1400 2579 pact0,
1433 2507 1500 2562 ut
1545 2502 1794 2562 interim

254 2596 408 2653 dum
462 2606 607 2655 non‘
651 2594 935 2671 solvitur,
966 2593 1127 2654 liber
1167 2593 1250 2654 sis
1300 2611 1336 2653 a
1381 2594 1627 2655 tributis
1695 2594 1795 2654 vel

255 2689 554 2747 oneribus
574 2687 765 2766 justis
796 2687 1134 2748 solvendis
1169 2689 1261 2748 Ila
1307 2687 1593 2747 doctores
1623 2704 1794 2747 com-

253 2780 549 2856 muniter,
585 2794 745 2860 quos
774 2780 1060 2858 sequitur
1087 2778 1318 2840 Molina
1368 2779 1527 2858 disp.
1559 2782 1697 2841 310.
1730 2781 1786 2859 ἓ.

257 2872 423 2947 Quod
458 2873 672 2933 attinet
726 2871 807 2933 ad
853 2881 1103 2948 sextum,
1162 2876 1224 2933 et
1279 2872 1560 2950 congerit
1616 2873 1791 2934 Salas

254 2966 401 3026 dub.
436 2982 569 3026 ΧΠ.
606 2984 668 3027 n.
704 2969 762 3027 4.
814 2965 974 3040 Dixi,
1010 2963 1083 3025 ab
1124 2963 1387 3024 oneribus
1401 2965 1606 3045 jasub,
1642 2965 1791 3044 quia

252 3060 302 3117 si
332 3078 454 3119 non
485 3063 699 3120 essent
719 3060 915 3137 justa,
959 3076 1087 3117 non
1116 3061 1279 3117 esset
1306 3061 1517 3132 usur'a,
1551 3058 1661 3117 sed
1691 3076 1792 3118 re-

255 3151 531 3231 demptio
562 3150 799 3231 iniquae
829 3150 1196 3212 vexationis,
1232 3153 1379 3211 Hoec
1407 3154 1615 3211 tamen
1647 3170 1789 3212 con-

254 3245 442 3305 clusio
473 3249 568 3305 est
589 3251 810 3305 contra
844 3243 1110 3322 aliquos,
1174 3262 1329 3322 quos
1384 3243 1574 3305 refert
1621 3244 1789 3305 idem

254 3338 424 3399 Salas
453 3356 516 3398 u.
549 3341 611 3399 5.
648 3338 951 3413 dicente5‚
986 3337 1157 3396 illam
1186 3354 1307 3397 non
1341 3356 1474 3397 esse
1504 3356 1781 3415 usuram,

252 3431 394 3509 quia
428 3449 550 3490 non
588 3432 798 3508 agItur
826 3430 904 3489 de
933 3430 1130 3504 lucr0,
1164 3429 1273 3488 sed
1305 3428 1384 3489 de
1438 3430 1668 3492 damno
1699 3429 1789 3490 vi-

252 3524 463 3597 tandO,
495 3529 557 3585 et
579 3524 735 3583 alios
766 3523 1044 3584 dicentes
1072 3520 1310 3582 licitum
1332 3522 1394 3581 id
1412 3541 1566 3598 esse,
1595 3542 1787 3602 quan—

251 3614 331 3675 do
358 3617 594 3676 tributa
623 3635 748 3676 non
780 3620 927 3675 sunt
956 3618 1147 3675 certa.
1197 3617 1544 3694 Utrumque
1575 3621 1785 3676 tamen

250 3706 473 3767 falsum
502 3713 636 3770 est:
670 3707 820 3786 quia
841 3707 1079 3767 absolvi
1108 3726 1145 3766 a
1178 3706 1387 3767 debito
1408 3708 1668 3786 gabellae
1697 3706 1788 3768 lu·

254 3818 421 3859 crum
455 3806 570 3877 est,
604 3803 666 3860 et
696 3799 845 3878 quia
868 3800 1061 3860 vitare
1101 3798 1290 3859 etiam
1338 3799 1634 3859 damnum
1692 3801 1788 3860 in-

252 3897 514 3969 certum,
544 3893 599 3953 si
619 3892 859 3972 justum
908 3893 1008 3969 sit,
1049 3896 1110 3953 et
1138 3891 1374 3971 aliquid
1404 3894 1600 3971 pretio
1629 3894 1787 3955 oesti·

253 3985 508 4045 mabile.

338 4079 511 4137 Petes
548 4079 770 4155 quarto
829 4075 980 4155 quid
1037 4076 1394 4154 dicendum,
1451 4077 1503 4139 si
1552 4081 1785 4139 statuto

255 4170 463 4248 aliquo
493 4169 761 4230 civitatis
789 4169 889 4228 vel
919 4168 1306 4247 reipublicae,
1354 4171 1456 4249 qui
1515 4174 1782 4247 mutuat,

252 4262 530 4340 gabellas
558 4280 681 4322 non
713 4261 935 4336 solvat,
970 4265 1079 4323 aut
1104 4281 1332 4323 munus
1361 4263 1611 4342 aliquod
1636 4262 1788 4323 reci-

250 4354 421 4432 piat;
454 4374 531 4414 an
559 4353 638 4414 sit
669 4372 860 4414 usura
897 4358 1186 4415 mutuare
1246 4354 1325 4413 ad
1384 4355 1443 4415 id
1505 4356 1787 4417 obtinen-

251 4445 449 4506 dum?
475 4446 706 4524 Angles
735 4465 796 4525 q.
831 4463 875 4506 1.
909 4444 979 4505 de
1004 4456 1205 4506 mutuo
1227 4450 1324 4507 art
1353 4465 1395 4507 1.
1432 4447 1599 4521 dicit,
1622 4449 1788 4526 ejus-

248 4539 426 4598 modi
455 4543 752 4600 statutum
785 4557 921 4598 esse
950 4538 1330 4599 usurarium.
1362 4540 1538 4601 Salas
1562 4541 1667 4600 ubi
1686 4560 1784 4601 su·

242 4650 375 4709 pra
398 4632 458 4691 id
487 4638 674 4710 negat
700 4635 764 4691 et
790 4631 1056 4703 morito;
1092 4632 1408 4710 quomodo
1442 4633 1609 4693 enim
1667 4652 1780 4711 po-

236 4729 379 4787 test
402 4743 580 4783 usura
636 4742 774 4784 esse
831 4723 939 4782 ubi
971 4724 1304 4802 proemium
1337 4743 1462 4785 non
1493 4725 1679 4787 datur
1708 4745 1783 4785 ex

236 4823 458 4898 pacto,
490 4835 691 4895 neque
721 4816 804 4876 ad
833 4817 1211 4894 exigentiam
1249 4819 1614 4895 mutuantis»,
1671 4818 1783 4878 sed

236 4929 327 4969 ex
378 4927 539 4968 mera
592 4908 966 4969 liberalitate
1023 4910 1409 4985 mutuabat-ii,
1474 4910 1578 4989 qui
1639 4910 1780 4988 lege

237 5001 559 5062 communi
582 5001 791 5080 jussit,
818 5005 888 5061 ut
916 5000 1033 5060 sibi
1062 5002 1493 5063 mutuantibus
1523 5003 1618 5063 sui
1651 5005 1782 5064 offi-

239 5092 443 5154 ciales
468 5095 621 5171 grati
650 5092 910 5153 essent?
936 5095 1072 5153 Non
1104 5112 1252 5172 ergo
1284 5093 1522 5173 obligat
1549 5095 1642 5155 lex
1675 5096 1782 5157 illa

234 5204 379 5266 per
395 5186 630 5245 modum
657 5186 848 5264 pacti,
890 5185 999 5245 sed
1030 5191 1240 5262 posset
1261 5187 1467 5247 adhuc
1489 5188 1779 5270 princeps

236 5281 633 5338 mutuantem
660 5296 787 5338 non
841 5296 1266 5355 remunerare,
1301 5280 1537 5359 obligat
1564 5288 1774 5343 tamen

3302 293 3414 353 191

1890 466 2243 540 revocatur,
2295 468 2365 526 ut
2417 482 2558 526 eam
2617 483 2767 545 erga
2813 468 3172 529 mutuantes
3203 467 3419 529 obser-

1889 558 2058 615 vent.

1969 647 2241 709 Insertur
2267 667 2451 723 nnnc,
2488 669 2611 712 non
2643 670 2825 729 posse
2855 652 2992 714 dari
3021 657 3310 713 mutuum
3343 670 3418 711 oa

1890 738 2050 815 lege,
2095 744 2163 801 ut
2204 743 2618 803 mutuatarius
2649 744 2877 805 debeat
2916 764 3055 805 eam
3089 746 3423 824 pecuniam

1892 832 2139 909 exigere
2170 851 2206 891 a
2235 832 2516 894 debitore
2545 836 2909 912 mutuantis,
2944 855 2982 897 a
3012 855 3135 917 quo
3169 856 3292 898 non
3324 837 3417 896 fa·
3471 847 3547 928 θα

1893 923 2007 984 cile
2032 925 2501 1005 extorquebitur
2532 947 2544 988 :
2579 928 2672 989 lta
2715 929 2947 990 Moliua
2975 930 3134 1008 disp.
3170 932 3307 990 3¹0.
3359 931 3416 1008 ἓ.
3521 940 3574 1003 ἀς

1895 1015 2099 1091 Quoad
2123 1019 2379 1096 tertium,
2423 1024 2485 1080 et
2513 1022 2689 1081 Salas
2744 1041 2887 1082 cum
2945 1022 3080 1082 aliis
3137 1023 3199 1084 d.
3263 1023 3414 1084 dub.

1892 1126 2021 1171 xvl.
2054 1129 2116 1171 n.
2149 1113 2209 1172 4.
2244 1113 2351 1190 qui
2393 1131 2454 1173 n.
2489 1117 2546 1173 6.
2588 1132 2732 1174 cum
2761 1115 2992 1176 Molina
3033 1115 3325 1189 advertit,
3361 1116 3415 1175 si

1892 1203 2308 1264 mutuatarius
2392 1223 2517 1266 non
2586 1206 3001 1268 involuntarie
3057 1207 3260 1283 miste,
3312 1207 3423 1268 sed

1893 1300 2113 1374 sponte
2142 1296 2439 1375 suscipiat
2465 1304 2753 1359 mutuum
2787 1300 2850 1359 in
2907 1300 3008 1362 illo
3054 1300 3288 1377 debito,
3323 1301 3424 1362 vel

1894 1387 2040 1466 quia
2068 1388 2201 1466 ipse
2229 1389 2408 1449 facile
2452 1391 2514 1451 id
2568 1393 2986 1471 recuperabit,
3021 1394 3117 1453 vel
3151 1394 3298 1473 quia
3344 1410 3422 1454 ex

1891 1480 2272 1557 gratitudine
2298 1482 2432 1544 vult
2460 1484 2744 1563 accipere
2774 1484 2924 1545 illud
2956 1503 3134 1562 ouuS‚
3170 1504 3292 1546 non
3323 1504 3424 1546 es-

1893 1590 1958 1632 se
2006 1591 2281 1635 usuram.
2316 1576 2446 1636 Hoc
2475 1579 2685 1637 tamen
2732 1576 2810 1637 de
2840 1595 3238 1657 quocumque
3295 1578 3419 1641 alio

1892 1682 2079 1725 onere
2109 1666 2393 1745 apposito
2423 1667 2546 1727 dici
2569 1674 2816 1745 posset:
2851 1673 2912 1731 et
2938 1676 3009 1731 ut
3036 1671 3238 1731 omnis
3269 1690 3415 1732 usu·

1889 1776 1976 1818 1·oe
2003 1760 2243 1836 species
2296 1759 2567 1834 tollatur,
2625 1766 2913 1822 mutuum
2976 1762 3233 1825 deberet
3286 1763 3423 1825 fieri

1891 1850 2407 1927 conditionatum,
2443 1856 2512 1913 ut
2538 1853 2589 1913 si
2625 1855 3039 1915 mutuatarius
3070 1855 3219 1916 illud
3250 1856 3422 1917 debi-

1888 1945 2023 2002 tum
2052 1947 2399 2022 recuperet,
2432 1943 2494 2004 in
2524 1950 2812 2007 mutuum
2842 1946 3108 2026 accipiat
3142 1968 3154 2009 :
3188 1948 3237 2008 si
3270 1966 3419 2009 vero

1890 2053 2016 2096 non
2045 2042 2393 2115 recuperet,
2428 2055 2551 2097 non
2588 2042 2876 2099 teneatur
2903 2040 2980 2099 de
3010 2044 3250 2101 mutuo.
3286 2043 3419 2112 Quo

1890 2145 2060 2203 casu,
2095 2128 2145 2186 si
2176 2128 2428 2206 aliquod
2459 2147 2616 2190 onus
2641 2137 2733 2191 est
2779 2131 2840 2190 in
2880 2131 3014 2210 ipsa
3057 2132 3407 2209 exactione,

1888 2238 2178 2299 expensa}
2208 2220 2460 2299 quidem
2491 2221 2723 2284 debent
2751 2223 3044 2301 imputari
3100 2224 3415 2287 mutuanti

1826 2378 1845 2399 .
1886 2312 2176 2373 molestia
2214 2317 2424 2375 autem
2496 2315 2804 2393 exigendi,
2859 2315 2991 2395 jam
3076 2317 3420 2379 voluntarie

1891 2405 2225 2483 suscipitur
2278 2426 2313 2466 a
2360 2409 2761 2484 mutuatario,
2823 2409 2930 2487 qui
2985 2429 3111 2470 non
3182 2411 3423 2473 invenit

1891 2498 2075 2557 aliam
2104 2498 2436 2577 pecuniam
2490 2500 2554 2559 in
2609 2507 2920 2577 mutuum,
2955 2502 3074 2567 nisi
3104 2502 3297 2579 illam,
3359 2507 3422 2566 et

1891 2590 2051 2651 sicut
2078 2595 2289 2668 posset
2325 2591 2534 2651 subire
2564 2592 2751 2651 aliam
2780 2593 3133 2658 molest-ium
3188 2596 3268 2655 ad
3324 2592 3422 2654 in-

1889 2682 2270 2744 veniendum
2304 2690 2590 2745 mutuum
2620 2685 2902 2763 simplex,
2934 2687 3255 2765 suscipere
3283 2688 3421 2749 vult

1887 2775 2093 2847 illam;
2130 2794 2251 2836 non
2283 2781 2492 2838 tamen
2527 2777 2714 2838 debet
2745 2778 3010 2856 obligari
3058 2797 3133 2838 ex
3192 2784 3413 2840 mutuo

1886 2868 1964 2927 ad
1997 2868 2159 2928 hanc
2186 2869 2537 2931 molestiam
2566 2869 3050 2948 suscipiendam,
3086 2872 3197 2932 sed
3226 2872 3420 2932 relin-

1890 2962 1995 3039 qui
2037 2961 2214 3036 liber,
2249 2967 2318 3022 ut
2344 2962 2394 3021 si
2423 2962 2574 3024 velit
2600 2962 2771 3022 illam
2802 2964 3138 3040 pecuniam
3183 2965 3418 3026 habere

1886 3053 1948 3113 in
2006 3058 2317 3131 mutuum,
2375 3059 2670 3134 procuret
2722 3056 2892 3135 quod
2944 3056 3192 3118 debitor
3244 3057 3416 3119 illam

1886 3146 2108 3208 solvat.

1964 3241 2273 3302 Inseretur
2299 3241 2566 3319 decimo,
2601 3261 2855 3303 usuram
2895 3261 3032 3303 esse
3062 3242 3110 3304 si
3142 3261 3255 3323 pro
3287 3243 3411 3304 fru·
3562 3257 3641 3315 67

1881 3337 2091 3394 mento
2120 3332 2270 3393 alibi
2299 3333 2619 3410 existente,
2655 3335 2823 3414 quod
2851 3335 2916 3395 in
2959 3338 3246 3396 mutuum
3307 3336 3415 3396 da-
3672 3381 3710 3425 a

1881 3428 2003 3502 tur,
2037 3425 2347 3503 obligetur
2372 3427 2453 3486 ad
2482 3427 2876 3489 reddendum
2905 3428 3007 3489 hic
3040 3447 3183 3488 cum
3213 3428 3415 3507 majo·
3494 3381 3739 3530 afflmd

1884 3517 2055 3577 ribus
2108 3519 2460 3596 sumptibus
2488 3519 2587 3579 vel
2614 3519 2956 3597 laboribuS,
2991 3522 3089 3581 vel
3120 3521 3225 3581 ubi
3277 3522 3416 3601 plus
3488 3495 3740 3584 &diffinit

1886 3610 2069 3682 valet,
2108 3610 2195 3671 ita
2242 3611 2523 3689 praedicti
2561 3617 2847 3673 auctores
2895 3612 3046 3673 locis
3076 3614 3178 3674 cit.
3224 3615 3292 3674 Si
3317 3619 3413 3675 ta·
3489 3594 3749 3703 ‘uffuffiffid

1883 3721 2028 3763 men
2058 3703 2474 3765 mutuatarius
2532 3703 2842 3782 indigeret
2871 3705 3185 3766 frumento
3218 3705 3281 3765 in
3313 3704 3417 3766 illo

1886 3796 2004 3857 alio
2034 3796 2194 3873 locO,
2229 3797 2397 3876 quod
2454 3797 2634 3857 facile
2693 3796 2795 3858 hic
2850 3798 3092 3874 reddet,
3144 3816 3266 3859 non
3302 3798 3421 3858 erit

1885 3890 2241 3949 usurarium
2272 3891 2423 3950 illud
2453 3895 2730 3970 pactum,
2766 3891 2912 3969 quia
2944 3910 3066 3951 non
3095 3895 3227 3951 tam
3258 3893 3420 3951 esset

1885 3989 2195 4056 mutuum,
2231 4001 2421 4061 quam
2453 3984 2825 4061 permutatio
2858 3983 3052 4044 dilata
3083 3983 3411 4044 solutione.

1885 4093 1995 4135 seu
2053 4075 2386 4136 traditione
2442 4075 2531 4135 rei
2593 4095 2667 4135 ex
2722 4080 2899 4154 parte
2930 4076 3113 4136 unius
3164 4079 3422 4154 propter

1886 4168 2189 4246 majorem
2220 4167 2354 4247 ejus
2385 4167 2919 4230 commoditatem.
2940 4171 3157 4248 Neque
3188 4169 3415 4245 obstat,

1886 4260 2058 4339 quod
2115 4260 2270 4322 dicit
2316 4262 2492 4323 Salas
2523 4281 2584 4323 n.
2620 4265 2681 4322 7.
2715 4280 2840 4322 non
2871 4279 3052 4340 posse
3083 4261 3251 4322 illam
3284 4279 3420 4322 esse

1885 4353 2432 4432 permutationem,
2482 4372 2624 4414 cum
2680 4354 2955 4414 triticum
3013 4373 3262 4434 semper
3290 4372 3421 4414 ma-

1887 4451 2032 4507 neat
2086 4446 2150 4505 in
2209 4446 2484 4508 dominio
2516 4446 2836 4523 debitoris,
2873 4453 2934 4508 et
2974 4447 3061 4507 illi
3094 4451 3331 4526 pereat,
3365 4445 3416 4507 si

1882 4539 2042 4617 perit
2071 4544 2413 4620 antequam
2445 4539 2751 4600 reddatur
2777 4561 2790 4601 :
2859 4540 2978 4600 hoc
3009 4541 3178 4600 enim
3210 4540 3415 4601 solum

1885 4631 2109 4709 probat
2141 4633 2221 4692 ad
2266 4650 2605 4709 summum,
2641 4651 2766 4691 non
2825 4651 2958 4692 esse
3015 4632 3422 4711 permutatio-

1882 4743 2027 4783 nem
2059 4726 2311 4785 omnino
2342 4725 2706 4804 perfectam,
2742 4724 2854 4786 sed
2911 4726 3110 4786 solum
3156 4725 3422 4788 inchoa-

1882 4821 2050 4878 tam:
2084 4817 2245 4878 sicut
2273 4817 2323 4877 si
2353 4818 2580 4878 bovem
2628 4835 2771 4878 cum
2806 4836 2968 4898 equo
3026 4823 3419 4897 permutares

1883 4909 2089 4970 dando
2120 4910 2331 4970 statim
2386 4910 2635 4986 bovem,
2671 4914 2734 4971 et
2772 4911 3178 4972 concedendo
3236 4930 3417 4973 men-

1881 5021 2014 5063 sem
2044 5001 2308 5063 debitori
2371 5006 2439 5062 ut
2495 5001 2602 5063 det
2656 5021 2889 5082 equum
2921 5022 3117 5063 unum
3149 5021 3222 5062 ex
3281 5005 3412 5065 suis

1885 5114 2070 5175 quem
2101 5095 2410 5170 voluerit;
2446 5094 2550 5155 illa
2593 5094 2803 5156 adhuc
2862 5094 2978 5156 erit
3033 5096 3416 5174 permutatio

1881 5187 2196 5249 inchoata.

1959 5281 2228 5342 Infertur
2256 5279 2614 5356 undecimo,
2650 5298 2907 5341 usuram
2941 5299 3076 5342 esse
3135 5281 3416 5361 obligare
3564 5298 3641 5358 63

236 5369 544 5432 officiales
569 5370 869 5449 publicOS,
918 5371 1217 5450 quamdiu
1263 5390 1301 5433 a
1328 5374 1614 5454 principe
1647 5394 1775 5437 non
1875 5375 2326 5437 mutuatarium
2355 5378 2425 5435 ut
2466 5377 2710 5453 partem
2765 5375 2967 5436 mutui
3054 5376 3322 5456 accipiat
3352 5376 3418 5437 in
