4263 6376
1230 243 1698 305 DISPUTATIO
1741 242 2015 319 xxxm,
2062 244 2337 307 SEC'l'lO
2381 247 2427 306 1.
3289 257 3408 316 543

286 430 398 501 est3
428 424 565 505 quia
591 441 730 485 cum
776 423 1050 485 creditor
1076 421 1451 496 vendiderit,
1487 440 1613 483 non
1657 439 1770 482 suo

284 520 502 580 nomine
534 517 639 578 sed
666 520 730 578 ut
781 520 1153 596 procurator
1209 515 1530 591 debitoris,
1583 516 1773 594 prout

285 614 395 691 ipse
419 610 635 671 Molina
685 610 947 682 fatetur3
981 608 1240 687 perinde
1271 627 1335 668 se
1365 607 1578 683 habet,
1616 625 1688 668 ac
1719 607 1772 667 si

284 705 497 766 debitor
520 703 647 782 ipse
673 702 1074 776 vendidisset,
1111 705 1172 763 et
1203 719 1275 762 ex
1307 701 1509 780 pretio
1555 700 1611 761 ei
1667 700 1772 760 de-

283 798 452 858 bitum
478 795 786 856 solvisset:
824 800 973 856 tunc
1026 799 1238 856 autem
1286 793 1561 855 creditor
1615 791 1768 852 nihil

282 893 558 951 teneretur
582 888 864 964 reddere,
928 888 1077 967 quia
1131 887 1403 966 pretium
1456 886 1520 945 in
1572 885 1774 946 domi-

283 983 428 1041 nium
453 979 738 1041 debitoris
794 981 1161 1057 transiisset,
1196 984 1362 1041 etex
1414 997 1489 1040 eo
1546 983 1760 1058 posset

281 1092 375 1135 suo
392 1072 663 1134 creditori
692 1072 896 1133 valide
912 1072 1175 1134 solvere.
1211 1074 1366 1135 Cum
1382 1089 1532 1151 ergo
1565 1071 1765 1132 aliun-

279 1167 344 1225 de
369 1165 617 1226 creditor
661 1183 783 1225 non
812 1169 1103 1226 teneatur
1148 1165 1415 1244 emptori
1470 1164 1548 1225 de
1603 1164 1767 1225 evic-

280 1260 440 1334 tione,
467 1258 572 1319 sed
594 1259 762 1318 solus
790 1258 1056 1334 debitor,
1092 1257 1270 1338 cujus
1320 1257 1570 1318 nomine
1620 1276 1767 1317 ven-

280 1351 407 1411 ditio
431 1351 585 1412 facta
612 1356 726 1426 est,
762 1370 886 1411 non
917 1356 1009 1412 est
1052 1370 1166 1411 cur
1221 1350 1451 1411 debeat
1494 1350 1765 1429 pretium

280 1443 528 1521 reddere,
545 1444 709 1524 quod
740 1444 871 1523 ipse
903 1463 1025 1504 non
1057 1444 1299 1523 accepit
1341 1444 1519 1505 titulo
1548 1443 1769 1504 vendi-

278 1537 452 1613 tionis,
482 1538 585 1598 sed
614 1542 681 1598 ut
708 1538 1081 1599 solutionem
1111 1538 1340 1599 factam
1370 1536 1474 1597 ubi
1524 1554 1563 1596 a
1591 1535 1767 1596 debi-

276 1635 409 1705 tore,
440 1647 569 1709 quae
605 1630 669 1690 in
726 1630 784 1690 vi
842 1631 1167 1692 solutionis
1221 1630 1427 1691 valide
1467 1628 1605 1689 fieri
1658 1646 1766 1707 po·

278 1723 393 1783 tuit.

426 2802 1116 2898 DISPUTATIO
1180 2803 1577 2896 XXXlll.

322 3166 387 3213 DE
414 3166 716 3230 DEPOSITO,
751 3167 827 3212 ET
857 3166 1256 3213 COMMODATo:
1288 3167 1388 3211 UBI
1422 3167 1613 3213 ETIAM
1645 3168 1720 3212 DE

846 3274 1163 3321 PRECARIO.

264 3560 460 3622 Secrro
485 3563 532 3623 1.
564 3560 654 3624 De
682 3560 960 3642 deposito.

263 3716 458 3777 Ssscno
484 3718 557 3779 11.
592 3715 684 3785 De
712 3714 1070 3781 commodato
1106 3714 1210 3775 ubi
1233 3713 1416 3775 obiter
1447 3713 1516 3775 de
1552 3733 1766 3796 preca-

329 3829 427 3871 rio.

329 4109 543 4172 Biduo
566 4114 929 4179 contractus
947 4112 1188 4175 restant
1214 4127 1287 4172 ex
1318 4110 1413 4187 iis,
1448 4129 1588 4190 quae
1625 4110 1765 4172 usui

260 4202 508 4267 humano
538 4221 913 4269 communes
939 4222 1074 4265 esse
1122 4202 1344 4279 solent,
1380 4208 1443 4266 et
1497 4221 1764 4282 quorum

256 4296 453 4361 notitia
480 4298 558 4359 ad
605 4298 816 4363 forum
871 4296 1267 4359 conscientias
1321 4297 1625 4361 deservit:
1660 4297 1765 4357 alii

256 4390 402 4453 enim
429 4391 527 4453 vel
556 4390 771 4457 rarius
793 4393 1153 4465 occurrunt,
1185 4390 1285 4451 vel
1314 4390 1393 4450 ad
1422 4390 1628 4451 forum
1665 4408 1766 4453 so-

252 4480 366 4545 lum
415 4489 767 4561 externum,
825 4488 889 4547 et
932 4483 1231 4562 judiciale
1285 4483 1665 4561 deserviunt,
1698 4485 1763 4544 in

253 4576 460 4654 quihus
486 4596 613 4643 nen
642 4578 901 4657 expedit.
924 4576 1266 4645 immorari·

2367 751 2774 838 ssscrlo
2852 758 2901 838 l.

2430 1068 2520 1130 De
2548 1070 2824 1151 deposita.

1943 1330 2157 1407 Multa,
2192 1350 2332 1410 quae
2387 1334 2464 1394 de
2520 1335 2803 1413 deposito
2858 1342 3111 1402 tractari
3163 1344 3391 1422 solent,
3566 1378 3595 1435 1

1868 1421 2033 1483 dicta
2061 1429 2206 1484 sunt
2236 1424 2298 1484 in
2333 1428 2761 1505 superioribus
2794 1451 2809 1504 ;
2845 1451 3038 1511 quare
3094 1434 3236 1499 loca
3287 1457 3392 1500 so·
3607 1502 3618 1513 ,

1864 1514 1996 1574 lum
2024 1515 2462 1580 indicabimus,
2497 1522 2862 1599 Depositum
2919 1526 3256 1607 aliquando
3313 1532 3398 1594 si·
3470 1500 3707 1608 naming?

1864 1607 2124 1685 gnificat
2178 1628 2311 1669 rem
2356 1611 2730 1691 depositam,
2792 1616 3132 1696 aliquando
3190 1623 3400 1704 ipsum
3444 1610 3663 1664 q⁰⁰¹⁰¹³¹‘¹
3684 1608 3742 1652 ⁸⁵²

1866 1704 2276 1776 contractum,
2312 1703 2416 1782 qui
2472 1708 2720 1785 proprie
2751 1709 3066 1788 loquendo
3111 1718 3259 1776 tunc
3299 1718 3392 1795 fit,

1869 1793 2122 1871 quando
2153 1813 2255 1854 res
2286 1795 2495 1876 aliqua
2512 1801 2923 1863 custodienda
2952 1806 3238 1885 traditur,
3270 1809 3314 1872 1.
3347 1795 3392 1872 1.

1867 1887 1930 1946 ff.
1978 1885 2242 1967 depositi.
2277 1890 2603 1950 Perficitur
2656 1899 2867 1954 autem
2924 1916 3046 1958 non
3090 1917 3398 1966 consensu

1864 1979 2018 2055 so10,
2076 1981 2187 2040 sed
2242 1981 2599 2060 traditione,
2659 1985 2785 2047 imo
2831 1991 3194 2070 requiritur,
3226 1996 3400 2074 quod

1867 2071 2280 2150 depositarius
2311 2092 2432 2135 non
2467 2082 2802 2158 utcumque
2823 2084 3110 2162 accipiat,
3160 2088 3271 2149 sed
3315 2089 3397 2152 ad

1867 2165 2214 2226 custodiam
2245 2172 2307 2227 et
2355 2168 2417 2227 in
2474 2187 2691 2231 curam
2746 2192 2958 2235 suam:
2994 2179 3165 2257 quod
3210 2180 3399 2244 inter-

1864 2256 2015 2316 dum
2066 2258 2138 2319 fit
2189 2260 2510 2339 explicite,
2577 2262 2891 2326 interdum
2946 2269 3271 2350 implicite,
3331 2280 3401 2337 ut

1868 2350 2121 2429 quando
2171 2369 2246 2410 ex
2288 2352 2491 2414 officio
2522 2359 2771 2418 tenetur
2798 2359 2877 2419 ad
2908 2379 3126 2424 earum
3185 2385 3401 2430 rerum

1867 2443 2239 2519 custodiam,
2266 2446 2483 2524 quales
2512 2466 2645 2508 esse
2685 2456 2925 2525 nautaS,
2966 2473 3303 2537 cauponeS,
3338 2467 3401 2522 et

1866 2534 2261 2612 stabularioS,
2297 2542 2484 2617 atque
2515 2539 2653 2601 ideo
2684 2543 2970 2605 sufficere
3011 2548 3132 2609 illis
3186 2551 3398 2614 viden·

1865 2626 2053 2703 tibus,
2084 2647 2217 2688 rem
2239 2629 2300 2690 iu
2331 2631 2495 2706 navi,
2530 2633 2740 2711 dom0‚
2775 2636 2874 2696 vel
2902 2637 3170 2718 hospitio
3203 2643 3394 2724 depo·

1868 2721 1950 2792 ni,
1985 2720 2375 2800 significatur
2393 2723 2453 2782 in
2484 2724 2525 2784 l.
2559 2742 2602 2786 1.
2635 2727 2693 2804 ἓ.
2731 2728 2839 2789 ult.
2881 2735 2944 2792 et
2972 2732 3013 2793 1.
3053 2749 3123 2795 11.
3154 2736 3218 2797 ff.
3250 2755 3398 2798 nau-

1869 2821 1961 2885 toe,
1996 2833 2301 2895 cauponeS,
2335 2820 2454 2877 etc.
2504 2822 2567 2878 et
2595 2836 2737 2879 cum
2772 2821 2910 2882 aliis
2956 2824 3140 2889 docet
3166 2829 3400 2891 Melina

1868 2904 2027 2985 disp.
2079 2911 2221 2969 522.
2253 2907 2317 2966 in
2347 2908 2688 2989 principio,
2710 2918 2772 2973 et
2798 2918 3107 2980 consentit
3149 2922 3398 2984 Lessius

1876 3022 1932 3065 0.
1985 3016 2183 3062 xxvn.
2241 3000 2391 3061 dub.
2427 3019 2470 3063 1.
2507 3022 2568 3063 n.
2602 3007 2664 3065 2.
2716 3005 2863 3068 licet
2879 3014 3098 3086 postea
3127 3012 3282 3076 dub.
3312 3031 3385 3077 111

1871 3115 1933 3157 n.
1970 3097 2066 3156 10.
2103 3094 2180 3155 de
2206 3094 2323 3154 hoc
2371 3094 2633 3173 dubitet,
2671 3097 2907 3175 dicenS,
2943 3102 3060 3163 nisi
3107 3105 3232 3168 illis
3261 3127 3400 3191 spe-

1870 3190 2044 3251 cialis
2072 3206 2283 3250 rerum
2314 3206 2465 3250 cura
2505 3188 2943 3271 demandetur,
2970 3200 3210 3265 censeri
3259 3183 3401 3267 uni-

1868 3282 2093 3363 cuique
2124 3300 2381 3342 suarum
2410 3301 2622 3344 rerum
2652 3303 2869 3347 curam
2926 3293 2989 3351 et
3044 3294 3400 3359 custodiam

1866 3376 2243 3455 relinquere,
2277 3374 2466 3454 idque
2492 3377 2572 3438 ob
2599 3379 3066 3444 multitudinem
3095 3388 3397 3451 acceden-

1865 3470 2021 3530 tium
2052 3473 2113 3529 et
2138 3468 2587 3543 recedentium,
2626 3471 2800 3533 etita
2827 3474 2956 3535 sere
2986 3476 3048 3539 in
3079 3497 3196 3539 usu
3226 3499 3386 3544 esse.

1865 3562 2088 3638 Credo,
2122 3580 2194 3621 ex
2235 3561 2719 3624 circumstantiis
2775 3565 3293 3645 dijudicandum:
3329 3575 3386 3635 si

1864 3654 2115 3716 enimin
2135 3653 2441 3717 vestibulo
2470 3673 2602 3715 rem
2631 3656 2970 3738 relinquaS,
3006 3660 3114 3723 ubi
3142 3663 3402 3729 difficile

1864 3747 2164 3810 custodiri
2185 3750 2410 3825 potest,
2446 3764 2572 3809 nou
2613 3748 2792 3810 facile
2850 3755 3251 3830 praesumitur
3279 3757 3392 3819 de-

1865 3841 2172 3921 positum3
2205 3856 2384 3905 secus
2403 3838 2455 3901 si
2502 3840 2570 3903 in
2596 3841 2881 3905 cubiculo
2913 3844 3025 3907 tibi
3054 3866 3090 3908 a
3119 3849 3397 3913 stabula-

1863 3935 1954 3996 rio
1984 3935 2305 4012 deputato.

1941 4025 2305 4106 Depositum
2334 4025 2703 4105 regulariter
2732 4046 2856 4091 non
2884 4030 2955 4092 fit
2979 4076 2996 4108 ,
3032 4032 3148 4093 nisi
3181 4054 3402 4103 rerum
3582 4068 3620 4107 c)

1863 4118 2228 4182 mobilium:
2282 4137 2410 4179 non
2479 4123 2691 4181 tamen
2774 4122 2961 4185 credo
3037 4142 3398 4208 repugnare
3582 4107 3619 4124 ⁸

1863 4212 2033 4292 quod
2077 4211 2302 4290 aliquis
2330 4230 2592 4291 peregre
2661 4213 3063 4291 proficiscens
3122 4220 3403 4300 deponat
3472 4197 3699 4293 rssssmmffii

1864 4307 2147 4382 domum,
2180 4308 2244 4366 et
2296 4303 2510 4369 villam
2566 4323 2747 4367 suam
2775 4309 2944 4387 apud
2992 4312 3290 4393 amicum,
3328 4323 3400 4382 ut
3443 4301 3742 4401 3εῇῧὲἘῇ

1865 4398 2000 4478 ejus
2056 4416 2274 4461 curam
2342 4401 2410 4459 et
2449 4398 2800 4460 custodiam
2866 4400 3118 4467 habeat.
3181 4408 3401 4475 Solent
3458 4368 3730 4463 ’gamma

1859 4493 2010 4554 item
2036 4510 2139 4552 res
2163 4490 2518 4552 immobiles
2559 4492 2727 4570 apud
2756 4500 3160 4573 sequestrum
3195 4501 3390 4583 depo-

1863 4586 1947 4662 ni,
1980 4584 2234 4664 quando
2264 4584 2428 4646 inter
2455 4585 2665 4664 plures
2693 4585 2974 4666 litigatur
3002 4592 3181 4670 cujus
3210 4595 3336 4659 siut
3371 4616 3392 4672 3

1864 4678 2024 4740 sicut
2050 4676 2241 4743 etiam
2268 4695 2368 4737 res
2396 4676 2659 4739 mobiles
2703 4683 3085 4759 sequestrari
3140 4686 3346 4751 solent
3375 4711 3390 4752 :

1862 4770 2029 4850 quod
2061 4769 2382 4833 interdum
2431 4771 2501 4831 fit
2539 4789 2615 4830 ex
2644 4772 3057 4835 conventione
3087 4780 3399 4861 partium„

1863 4862 2180 4924 interdum
2207 4879 2283 4922 cx
2309 4862 2565 4925 decreto
2592 4861 2845 4942 judicis.
2881 4867 3020 4926 Non
3049 4872 3263 4932 tamen
3292 4892 3395 4936 so-

1861 4955 1953 5017 let
1972 4955 2388 5016 communiter
2415 4955 2674 5019 concedi
2704 4961 3097 5037 sequestrum
3141 4980 3180 5022 a
3217 4962 3396 5043 judi..

1862 5066 1956 5124 ce,
1995 5047 2110 5107 nisi
2142 5047 2393 5127 quando
2425 5052 2645 5111 neuter
2698 5052 2793 5109 est
2849 5048 2911 5109 in
2965 5057 3386 5138 possessione,

1859 5144 1971 5205 aut·
1995 5158 2317 5219 possessor
2343 5140 2620 5202 indebite
2641 5141 3099 5219 possessionem
3143 5146 3391 5231 ingres-

1860 5252 1968 5297 sus
1994 5238 2110 5297 est.
2142 5234 2232 5299 Ex
2259 5251 2452 5299 causa
2481 5237 2695 5299 tamen
2724 5233 3064 5315 aliquando
3095 5244 3388 5307 concedi-

1860 5330 1983 5402 tur,
2017 5329 2078 5387 et
2106 5326 2454 5391 extrahitur
2508 5345 2584 5387 ex
2638 5330 2945 5405 potestate
2983 5338 3394 5419 possessoris,

1858 5424 1929 5484 ut
1963 5418 2013 5489 si
2043 5436 2368 5497 possessor
2419 5423 2746 5499 suspectus
2793 5418 2876 5480 sit
2927 5419 3007 5482 de
3063 5422 3240 5505 fuga,
3289 5431 3398 5495 νει
