<?xml version="1.0" encoding="UTF-8"?>
<!DOCTYPE html PUBLIC "-//W3C//DTD XHTML 1.0 Transitional//EN"
    "http://www.w3.org/TR/xhtml1/DTD/xhtml1-transitional.dtd">
<html xmlns="http://www.w3.org/1999/xhtml" xml:lang="en" lang="en">
 <head>
  <title>
</title>
<meta http-equiv="Content-Type" content="text/html;charset=utf-8" />
  <meta name='ocr-system' content='tesseract 3.04.00' />
  <meta name='ocr-capabilities' content='ocr_page ocr_carea ocr_par ocr_line ocrx_word'/>
</head>
<body>
  <div class='ocr_page' id='page_1' title='image "./joannisdelugodi00lugogoog_0553.png"; bbox 0 0 4263 6376; ppageno 0'>
   <div class='ocr_carea' id='block_1_1' title="bbox 1145 269 2356 346">
    <p class='ocr_par' dir='ltr' id='par_1_1' title="bbox 1145 269 2356 346">
     <span class='ocr_line' id='line_1_1' title="bbox 1145 269 2356 346; baseline 0.001 -14"><span class='ocrx_word' id='word_1_1' title='bbox 1145 271 1616 334; x_wconf 82' lang='lat' dir='ltr'>DISPUTA&#39;PIO</span> <span class='ocrx_word' id='word_1_2' title='bbox 1660 269 1882 346; x_wconf 85' lang='lat' dir='ltr'>XXXI,</span> <span class='ocrx_word' id='word_1_3' title='bbox 1932 269 2208 333; x_wconf 85' lang='lat' dir='ltr'><strong>SEGTIO</strong></span> <span class='ocrx_word' id='word_1_4' title='bbox 2252 271 2356 333; x_wconf 87' lang='lat' dir='ltr'><strong>v1.</strong></span> 
     </span>
    </p>
   </div>
   <div class='ocr_carea' id='block_1_2' title="bbox 137 446 1714 5549">
    <p class='ocr_par' dir='ltr' id='par_1_2' title="bbox 197 446 1709 2919">
     <span class='ocr_line' id='line_1_2' title="bbox 210 446 1692 526; baseline -0.003 -16"><span class='ocrx_word' id='word_1_5' title='bbox 210 448 453 524; x_wconf 89' lang='lat' dir='ltr'><strong>cludens,</strong></span> <span class='ocrx_word' id='word_1_6' title='bbox 483 463 670 526; x_wconf 87' lang='lat' dir='ltr'><strong>quam</strong></span> <span class='ocrx_word' id='word_1_7' title='bbox 698 449 764 507; x_wconf 90' lang='lat' dir='ltr'><strong>tu</strong></span> <span class='ocrx_word' id='word_1_8' title='bbox 794 447 902 526; x_wconf 89' lang='lat' dir='ltr'><strong>qui</strong></span> <span class='ocrx_word' id='word_1_9' title='bbox 930 446 1209 508; x_wconf 84' lang='lat' dir='ltr'>excludis</span> <span class='ocrx_word' id='word_1_10' title='bbox 1228 447 1431 509; x_wconf 92' lang='lat' dir='ltr'><strong>solum</strong></span> <span class='ocrx_word' id='word_1_11' title='bbox 1460 465 1692 507; x_wconf 88' lang='lat' dir='ltr'><strong>unum:</strong></span> 
     </span>
     <span class='ocr_line' id='line_1_3' title="bbox 208 539 1699 620; baseline -0.002 -18"><span class='ocrx_word' id='word_1_12' title='bbox 208 541 515 620; x_wconf 76' lang='lat' dir='ltr'><strong>etquidem</strong></span> <span class='ocrx_word' id='word_1_13' title='bbox 543 539 587 599; x_wconf 90' lang='lat' dir='ltr'><strong>si</strong></span> <span class='ocrx_word' id='word_1_14' title='bbox 617 539 837 601; x_wconf 78' lang='lat' dir='ltr'><strong>electio</strong></span> <span class='ocrx_word' id='word_1_15' title='bbox 866 540 1154 601; x_wconf 85' lang='lat' dir='ltr'><strong>facienda</strong></span> <span class='ocrx_word' id='word_1_16' title='bbox 1200 544 1366 601; x_wconf 85' lang='lat' dir='ltr'><strong>esset</strong></span> <span class='ocrx_word' id='word_1_17' title='bbox 1408 560 1521 620; x_wconf 91' lang='lat' dir='ltr'><strong>per</strong></span> <span class='ocrx_word' id='word_1_18' title='bbox 1566 558 1699 601; x_wconf 90' lang='lat' dir='ltr'><strong>sor-</strong></span> 
     </span>
     <span class='ocr_line' id='line_1_4' title="bbox 210 632 1699 712; baseline -0.003 -16"><span class='ocrx_word' id='word_1_19' title='bbox 210 641 307 709; x_wconf 87' lang='lat' dir='ltr'><strong>tes,</strong></span> <span class='ocrx_word' id='word_1_20' title='bbox 334 633 411 695; x_wconf 82' lang='lat' dir='ltr'><strong>ita</strong></span> <span class='ocrx_word' id='word_1_21' title='bbox 437 632 764 692; x_wconf 90' lang='lat' dir='ltr'><strong>dicendum</strong></span> <span class='ocrx_word' id='word_1_22' title='bbox 795 637 958 693; x_wconf 89' lang='lat' dir='ltr'><strong>esset</strong></span> <span class='ocrx_word' id='word_1_23' title='bbox 984 637 1240 712; x_wconf 90' lang='lat' dir='ltr'><strong>propter</strong></span> <span class='ocrx_word' id='word_1_24' title='bbox 1269 634 1576 694; x_wconf 86' lang='lat' dir='ltr'><strong>rationem</strong></span> <span class='ocrx_word' id='word_1_25' title='bbox 1606 632 1699 692; x_wconf 92' lang='lat' dir='ltr'><strong>di-</strong></span> 
     </span>
     <span class='ocr_line' id='line_1_5' title="bbox 208 725 1699 805; baseline -0.003 -16"><span class='ocrx_word' id='word_1_26' title='bbox 208 732 369 789; x_wconf 77' lang='lat' dir='ltr'><strong>ctam.</strong></span> <span class='ocrx_word' id='word_1_27' title='bbox 400 725 649 797; x_wconf 86' lang='lat' dir='ltr'>Quando</span> <span class='ocrx_word' id='word_1_28' title='bbox 679 731 890 786; x_wconf 86' lang='lat' dir='ltr'><strong>tamen</strong></span> <span class='ocrx_word' id='word_1_29' title='bbox 915 745 1029 804; x_wconf 86' lang='lat' dir='ltr'><strong>per</strong></span> <span class='ocrx_word' id='word_1_30' title='bbox 1055 727 1354 805; x_wconf 85' lang='lat' dir='ltr'><strong>suffragia</strong></span> <span class='ocrx_word' id='word_1_31' title='bbox 1382 725 1577 785; x_wconf 90' lang='lat' dir='ltr'><strong>libera</strong></span> <span class='ocrx_word' id='word_1_32' title='bbox 1608 726 1699 785; x_wconf 77' lang='lat' dir='ltr'><strong>ia-</strong></span> 
     </span>
     <span class='ocr_line' id='line_1_6' title="bbox 209 818 1700 897; baseline -0.002 -16"><span class='ocrx_word' id='word_1_33' title='bbox 209 819 401 881; x_wconf 87' lang='lat' dir='ltr'><strong>cienda</strong></span> <span class='ocrx_word' id='word_1_34' title='bbox 426 822 515 878; x_wconf 87' lang='lat' dir='ltr'><strong>est</strong></span> <span class='ocrx_word' id='word_1_35' title='bbox 535 863 550 893; x_wconf 91' lang='lat'><strong>,</strong></span> <span class='ocrx_word' id='word_1_36' title='bbox 595 822 667 879; x_wconf 91' lang='lat' dir='ltr'><strong>ut</strong></span> <span class='ocrx_word' id='word_1_37' title='bbox 694 818 754 877; x_wconf 89' lang='lat' dir='ltr'><strong>in</strong></span> <span class='ocrx_word' id='word_1_38' title='bbox 785 837 935 879; x_wconf 91' lang='lat' dir='ltr'><strong>casu</strong></span> <span class='ocrx_word' id='word_1_39' title='bbox 964 818 1166 897; x_wconf 87' lang='lat' dir='ltr'><strong>posito</strong></span> <span class='ocrx_word' id='word_1_40' title='bbox 1190 864 1206 896; x_wconf 92' lang='lat'><strong>,</strong></span> <span class='ocrx_word' id='word_1_41' title='bbox 1240 838 1445 897; x_wconf 91' lang='lat' dir='ltr'><strong>neque</strong></span> <span class='ocrx_word' id='word_1_42' title='bbox 1475 837 1550 877; x_wconf 87' lang='lat' dir='ltr'><strong>ex</strong></span> <span class='ocrx_word' id='word_1_43' title='bbox 1580 818 1700 878; x_wconf 84' lang='lat' dir='ltr'><strong>hoc</strong></span> 
     </span>
     <span class='ocr_line' id='line_1_7' title="bbox 208 909 1694 991; baseline -0.002 -17"><span class='ocrx_word' id='word_1_44' title='bbox 208 911 382 990; x_wconf 87' lang='lat' dir='ltr'><strong>capite</strong></span> <span class='ocrx_word' id='word_1_45' title='bbox 408 910 773 971; x_wconf 62' lang='lat' dir='ltr'><strong>damnanda}</strong></span> <span class='ocrx_word' id='word_1_46' title='bbox 789 915 998 971; x_wconf 88' lang='lat' dir='ltr'><strong>essent</strong></span> <span class='ocrx_word' id='word_1_47' title='bbox 1015 909 1276 991; x_wconf 83' lang='lat' dir='ltr'><strong>singulae</strong></span> <span class='ocrx_word' id='word_1_48' title='bbox 1307 910 1694 989; x_wconf 79' lang='lat' dir='ltr'>sponsiones,</span> 
     </span>
     <span class='ocr_line' id='line_1_8' title="bbox 207 1003 1700 1082; baseline -0.001 -17"><span class='ocrx_word' id='word_1_49' title='bbox 207 1006 418 1080; x_wconf 88' lang='lat' dir='ltr'><strong>Primo,</strong></span> <span class='ocrx_word' id='word_1_50' title='bbox 467 1003 612 1081; x_wconf 86' lang='lat' dir='ltr'><strong>quia</strong></span> <span class='ocrx_word' id='word_1_51' title='bbox 639 1003 1003 1080; x_wconf 85' lang='lat' dir='ltr'><strong>contingere</strong></span> <span class='ocrx_word' id='word_1_52' title='bbox 1032 1008 1238 1082; x_wconf 89' lang='lat' dir='ltr'><strong>potest</strong></span> <span class='ocrx_word' id='word_1_53' title='bbox 1265 1008 1328 1065; x_wconf 93' lang='lat' dir='ltr'><strong>et</strong></span> <span class='ocrx_word' id='word_1_54' title='bbox 1354 1023 1520 1082; x_wconf 78' lang='lat' dir='ltr'><strong>saepe</strong></span> <span class='ocrx_word' id='word_1_55' title='bbox 1550 1022 1700 1065; x_wconf 89' lang='lat' dir='ltr'><strong>con·</strong></span> 
     </span>
     <span class='ocr_line' id='line_1_9' title="bbox 207 1096 1700 1175; baseline -0.002 -15"><span class='ocrx_word' id='word_1_56' title='bbox 207 1097 382 1175; x_wconf 86' lang='lat' dir='ltr'><strong>tingit,</strong></span> <span class='ocrx_word' id='word_1_57' title='bbox 437 1101 504 1157; x_wconf 91' lang='lat' dir='ltr'><strong>ut</strong></span> <span class='ocrx_word' id='word_1_58' title='bbox 555 1096 816 1175; x_wconf 87' lang='lat' dir='ltr'><strong>singulis</strong></span> <span class='ocrx_word' id='word_1_59' title='bbox 863 1096 1083 1157; x_wconf 89' lang='lat' dir='ltr'><strong>diebus</strong></span> <span class='ocrx_word' id='word_1_60' title='bbox 1103 1143 1118 1172; x_wconf 90' lang='lat'><strong>,</strong></span> <span class='ocrx_word' id='word_1_61' title='bbox 1150 1096 1250 1156; x_wconf 90' lang='lat' dir='ltr'><strong>vel</strong></span> <span class='ocrx_word' id='word_1_62' title='bbox 1297 1098 1484 1159; x_wconf 84' lang='lat' dir='ltr'><strong>etiam</strong></span> <span class='ocrx_word' id='word_1_63' title='bbox 1528 1096 1700 1157; x_wconf 88' lang='lat' dir='ltr'><strong>horis</strong></span> 
     </span>
     <span class='ocr_line' id='line_1_10' title="bbox 204 1189 1702 1251; baseline 0.001 -2"><span class='ocrx_word' id='word_1_64' title='bbox 204 1189 370 1251; x_wconf 83' lang='lat' dir='ltr'><strong>variis</strong></span> <span class='ocrx_word' id='word_1_65' title='bbox 416 1189 889 1251; x_wconf 75' lang='lat' dir='ltr'><strong>circumstantiis</strong></span> <span class='ocrx_word' id='word_1_66' title='bbox 944 1194 1185 1250; x_wconf 89' lang='lat' dir='ltr'><strong>crescat</strong></span> <span class='ocrx_word' id='word_1_67' title='bbox 1227 1190 1327 1250; x_wconf 81' lang='lat' dir='ltr'><strong>vel</strong></span> <span class='ocrx_word' id='word_1_68' title='bbox 1381 1190 1702 1251; x_wconf 78' lang='lat' dir='ltr'><strong>decrescat</strong></span> 
     </span>
     <span class='ocr_line' id='line_1_11' title="bbox 207 1280 1699 1361; baseline -0.001 -19"><span class='ocrx_word' id='word_1_69' title='bbox 207 1300 328 1361; x_wconf 89' lang='lat' dir='ltr'><strong>spes</strong></span> <span class='ocrx_word' id='word_1_70' title='bbox 353 1281 424 1342; x_wconf 91' lang='lat' dir='ltr'><strong>de</strong></span> <span class='ocrx_word' id='word_1_71' title='bbox 452 1280 657 1360; x_wconf 82' lang='lat' dir='ltr'><strong>aliquo</strong></span> <span class='ocrx_word' id='word_1_72' title='bbox 687 1287 1118 1358; x_wconf 82' lang='lat' dir='ltr'><strong>concurrente,</strong></span> <span class='ocrx_word' id='word_1_73' title='bbox 1151 1282 1239 1343; x_wconf 88' lang='lat' dir='ltr'><strong>ita</strong></span> <span class='ocrx_word' id='word_1_74' title='bbox 1261 1281 1484 1343; x_wconf 85' lang='lat' dir='ltr'><strong>utheri</strong></span> <span class='ocrx_word' id='word_1_75' title='bbox 1504 1282 1699 1342; x_wconf 86' lang='lat' dir='ltr'><strong>multo</strong></span> 
     </span>
     <span class='ocr_line' id='line_1_12' title="bbox 204 1373 1700 1454; baseline 0.001 -19"><span class='ocrx_word' id='word_1_76' title='bbox 204 1373 379 1454; x_wconf 86' lang='lat' dir='ltr'><strong>major</strong></span> <span class='ocrx_word' id='word_1_77' title='bbox 404 1377 561 1436; x_wconf 86' lang='lat' dir='ltr'><strong>esset</strong></span> <span class='ocrx_word' id='word_1_78' title='bbox 588 1392 731 1452; x_wconf 90' lang='lat' dir='ltr'><strong>spes</strong></span> <span class='ocrx_word' id='word_1_79' title='bbox 760 1374 837 1435; x_wconf 90' lang='lat' dir='ltr'><strong>de</strong></span> <span class='ocrx_word' id='word_1_80' title='bbox 866 1375 1093 1452; x_wconf 90' lang='lat' dir='ltr'><strong>primo,</strong></span> <span class='ocrx_word' id='word_1_81' title='bbox 1126 1379 1191 1437; x_wconf 87' lang='lat' dir='ltr'><strong>et</strong></span> <span class='ocrx_word' id='word_1_82' title='bbox 1230 1375 1374 1436; x_wconf 91' lang='lat' dir='ltr'><strong>ideo</strong></span> <span class='ocrx_word' id='word_1_83' title='bbox 1404 1374 1567 1454; x_wconf 80' lang='lat' dir='ltr'><strong>juste</strong></span> <span class='ocrx_word' id='word_1_84' title='bbox 1594 1393 1700 1454; x_wconf 92' lang='lat' dir='ltr'><strong>po·</strong></span> 
     </span>
     <span class='ocr_line' id='line_1_13' title="bbox 206 1466 1699 1546; baseline -0.001 -18"><span class='ocrx_word' id='word_1_85' title='bbox 206 1472 345 1528; x_wconf 85' lang='lat' dir='ltr'><strong>terat</strong></span> <span class='ocrx_word' id='word_1_86' title='bbox 366 1466 686 1546; x_wconf 84' lang='lat' dir='ltr'><strong>sponderi,</strong></span> <span class='ocrx_word' id='word_1_87' title='bbox 738 1472 956 1528; x_wconf 90' lang='lat' dir='ltr'><strong>contra</strong></span> <span class='ocrx_word' id='word_1_88' title='bbox 985 1468 1191 1546; x_wconf 90' lang='lat' dir='ltr'><strong>ipsum</strong></span> <span class='ocrx_word' id='word_1_89' title='bbox 1217 1467 1417 1529; x_wconf 91' lang='lat' dir='ltr'><strong>solum</strong></span> <span class='ocrx_word' id='word_1_90' title='bbox 1449 1472 1699 1529; x_wconf 90' lang='lat' dir='ltr'><strong>centum</strong></span> 
     </span>
     <span class='ocr_line' id='line_1_14' title="bbox 206 1558 1700 1639; baseline -0.001 -18"><span class='ocrx_word' id='word_1_91' title='bbox 206 1564 393 1621; x_wconf 79' lang='lat' dir='ltr'><strong>contra</strong></span> <span class='ocrx_word' id='word_1_92' title='bbox 420 1563 693 1636; x_wconf 85' lang='lat' dir='ltr'><strong>centum,</strong></span> <span class='ocrx_word' id='word_1_93' title='bbox 728 1559 914 1620; x_wconf 88' lang='lat' dir='ltr'><strong>hodie</strong></span> <span class='ocrx_word' id='word_1_94' title='bbox 943 1578 1094 1621; x_wconf 91' lang='lat' dir='ltr'><strong>vero</strong></span> <span class='ocrx_word' id='word_1_95' title='bbox 1122 1558 1328 1638; x_wconf 88' lang='lat' dir='ltr'><strong>major</strong></span> <span class='ocrx_word' id='word_1_96' title='bbox 1341 1561 1424 1623; x_wconf 87' lang='lat' dir='ltr'><strong>sit</strong></span> <span class='ocrx_word' id='word_1_97' title='bbox 1451 1578 1592 1639; x_wconf 92' lang='lat' dir='ltr'><strong>spes</strong></span> <span class='ocrx_word' id='word_1_98' title='bbox 1621 1559 1700 1619; x_wconf 89' lang='lat' dir='ltr'><strong>de</strong></span> 
     </span>
     <span class='ocr_line' id='line_1_15' title="bbox 204 1652 1702 1731; baseline 0.001 -20"><span class='ocrx_word' id='word_1_99' title='bbox 204 1652 471 1728; x_wconf 90' lang='lat' dir='ltr'><strong>secundo,</strong></span> <span class='ocrx_word' id='word_1_100' title='bbox 504 1656 567 1714; x_wconf 90' lang='lat' dir='ltr'><strong>et</strong></span> <span class='ocrx_word' id='word_1_101' title='bbox 593 1671 730 1713; x_wconf 85' lang='lat' dir='ltr'><strong>cras</strong></span> <span class='ocrx_word' id='word_1_102' title='bbox 759 1652 837 1713; x_wconf 91' lang='lat' dir='ltr'><strong>de</strong></span> <span class='ocrx_word' id='word_1_103' title='bbox 867 1652 1071 1727; x_wconf 88' lang='lat' dir='ltr'><strong>tertio,</strong></span> <span class='ocrx_word' id='word_1_104' title='bbox 1107 1658 1295 1731; x_wconf 88' lang='lat' dir='ltr'><strong>atque</strong></span> <span class='ocrx_word' id='word_1_105' title='bbox 1324 1652 1464 1715; x_wconf 92' lang='lat' dir='ltr'><strong>ideo</strong></span> <span class='ocrx_word' id='word_1_106' title='bbox 1494 1652 1702 1713; x_wconf 88' lang='lat' dir='ltr'><strong>diver-</strong></span> 
     </span>
     <span class='ocr_line' id='line_1_16' title="bbox 205 1744 1702 1825; baseline 0.002 -22"><span class='ocrx_word' id='word_1_107' title='bbox 205 1745 274 1804; x_wconf 85' lang='lat' dir='ltr'><strong>sis</strong></span> <span class='ocrx_word' id='word_1_108' title='bbox 296 1745 670 1824; x_wconf 87' lang='lat' dir='ltr'><strong>temporibus</strong></span> <span class='ocrx_word' id='word_1_109' title='bbox 698 1744 960 1824; x_wconf 83' lang='lat' dir='ltr'><strong>singulae</strong></span> <span class='ocrx_word' id='word_1_110' title='bbox 979 1746 1346 1824; x_wconf 85' lang='lat' dir='ltr'><strong>sponsiones</strong></span> <span class='ocrx_word' id='word_1_111' title='bbox 1366 1745 1552 1825; x_wconf 83' lang='lat' dir='ltr'><strong>justae</strong></span> <span class='ocrx_word' id='word_1_112' title='bbox 1573 1747 1702 1806; x_wconf 83' lang='lat' dir='ltr'><strong>fue-</strong></span> 
     </span>
     <span class='ocr_line' id='line_1_17' title="bbox 204 1837 1703 1916; baseline 0.001 -21"><span class='ocrx_word' id='word_1_113' title='bbox 204 1837 328 1897; x_wconf 89' lang='lat' dir='ltr'><strong>rint.</strong></span> <span class='ocrx_word' id='word_1_114' title='bbox 359 1837 663 1914; x_wconf 89' lang='lat' dir='ltr'><strong>Secundo,</strong></span> <span class='ocrx_word' id='word_1_115' title='bbox 696 1837 844 1916; x_wconf 89' lang='lat' dir='ltr'><strong>quia</strong></span> <span class='ocrx_word' id='word_1_116' title='bbox 870 1838 1187 1916; x_wconf 90' lang='lat' dir='ltr'><strong>spondens</strong></span> <span class='ocrx_word' id='word_1_117' title='bbox 1222 1838 1440 1899; x_wconf 87' lang='lat' dir='ltr'><strong>videns</strong></span> <span class='ocrx_word' id='word_1_118' title='bbox 1468 1838 1703 1899; x_wconf 89' lang='lat' dir='ltr'><strong>amicos</strong></span> 
     </span>
     <span class='ocr_line' id='line_1_18' title="bbox 202 1930 1703 2010; baseline 0.002 -21"><span class='ocrx_word' id='word_1_119' title='bbox 202 1930 343 1991; x_wconf 90' lang='lat' dir='ltr'><strong>illius</strong></span> <span class='ocrx_word' id='word_1_120' title='bbox 369 1930 667 1991; x_wconf 82' lang='lat' dir='ltr'><strong>audacter</strong></span> <span class='ocrx_word' id='word_1_121' title='bbox 692 1931 781 1992; x_wconf 88' lang='lat' dir='ltr'><strong>ita</strong></span> <span class='ocrx_word' id='word_1_122' title='bbox 823 1949 933 2010; x_wconf 89' lang='lat' dir='ltr'><strong>pro</strong></span> <span class='ocrx_word' id='word_1_123' title='bbox 957 1931 1060 1992; x_wconf 91' lang='lat' dir='ltr'><strong>illo</strong></span> <span class='ocrx_word' id='word_1_124' title='bbox 1096 1931 1227 1993; x_wconf 92' lang='lat' dir='ltr'><strong>solo</strong></span> <span class='ocrx_word' id='word_1_125' title='bbox 1260 1931 1485 1992; x_wconf 84' lang='lat' dir='ltr'><strong>offerre</strong></span> <span class='ocrx_word' id='word_1_126' title='bbox 1514 1950 1703 2010; x_wconf 91' lang='lat' dir='ltr'><strong>spon-</strong></span> 
     </span>
     <span class='ocr_line' id='line_1_19' title="bbox 203 2024 1706 2102; baseline 0 -19"><span class='ocrx_word' id='word_1_127' title='bbox 203 2024 382 2084; x_wconf 88' lang='lat' dir='ltr'><strong>siones</strong></span> <span class='ocrx_word' id='word_1_128' title='bbox 407 2024 679 2102; x_wconf 78' lang='lat' dir='ltr'><strong>aequales</strong></span> <span class='ocrx_word' id='word_1_129' title='bbox 707 2029 926 2085; x_wconf 89' lang='lat' dir='ltr'><strong>contra</strong></span> <span class='ocrx_word' id='word_1_130' title='bbox 954 2024 1108 2084; x_wconf 87' lang='lat' dir='ltr'><strong>alios</strong></span> <span class='ocrx_word' id='word_1_131' title='bbox 1137 2024 1315 2101; x_wconf 82' lang='lat' dir='ltr'><strong>duOS,</strong></span> <span class='ocrx_word' id='word_1_132' title='bbox 1342 2024 1562 2086; x_wconf 90' lang='lat' dir='ltr'><strong>merito</strong></span> <span class='ocrx_word' id='word_1_133' title='bbox 1584 2025 1706 2085; x_wconf 85' lang='lat' dir='ltr'><strong>for-</strong></span> 
     </span>
     <span class='ocr_line' id='line_1_20' title="bbox 202 2116 1707 2196; baseline 0.003 -21"><span class='ocrx_word' id='word_1_134' title='bbox 202 2116 413 2176; x_wconf 85' lang='lat' dir='ltr'><strong>midare</strong></span> <span class='ocrx_word' id='word_1_135' title='bbox 440 2119 648 2194; x_wconf 90' lang='lat' dir='ltr'><strong>potest</strong></span> <span class='ocrx_word' id='word_1_136' title='bbox 675 2119 737 2176; x_wconf 92' lang='lat' dir='ltr'><strong>et</strong></span> <span class='ocrx_word' id='word_1_137' title='bbox 763 2116 1088 2195; x_wconf 87' lang='lat' dir='ltr'><strong>suspicari,</strong></span> <span class='ocrx_word' id='word_1_138' title='bbox 1124 2117 1289 2196; x_wconf 88' lang='lat' dir='ltr'><strong>quod</strong></span> <span class='ocrx_word' id='word_1_139' title='bbox 1322 2117 1554 2178; x_wconf 87' lang='lat' dir='ltr'><strong>conscii</strong></span> <span class='ocrx_word' id='word_1_140' title='bbox 1583 2117 1707 2179; x_wconf 91' lang='lat' dir='ltr'><strong>sint</strong></span> 
     </span>
     <span class='ocr_line' id='line_1_21' title="bbox 202 2207 1706 2289; baseline 0.001 -21"><span class='ocrx_word' id='word_1_141' title='bbox 202 2227 421 2269; x_wconf 62' lang='lat' dir='ltr'><strong>arcanas</strong></span> <span class='ocrx_word' id='word_1_142' title='bbox 449 2207 891 2287; x_wconf 85' lang='lat' dir='ltr'><strong>negotiationis</strong></span> <span class='ocrx_word' id='word_1_143' title='bbox 922 2214 985 2270; x_wconf 87' lang='lat' dir='ltr'><strong>et</strong></span> <span class='ocrx_word' id='word_1_144' title='bbox 1010 2210 1382 2285; x_wconf 81' lang='lat' dir='ltr'><strong>securitatiS,</strong></span> <span class='ocrx_word' id='word_1_145' title='bbox 1418 2210 1550 2270; x_wconf 88' lang='lat' dir='ltr'><strong>sinc</strong></span> <span class='ocrx_word' id='word_1_146' title='bbox 1582 2228 1706 2289; x_wconf 88' lang='lat' dir='ltr'><strong>qua</strong></span> 
     </span>
     <span class='ocr_line' id='line_1_22' title="bbox 201 2301 1706 2382; baseline 0.001 -21"><span class='ocrx_word' id='word_1_147' title='bbox 201 2301 478 2382; x_wconf 89' lang='lat' dir='ltr'><strong>ejusmodi</strong></span> <span class='ocrx_word' id='word_1_148' title='bbox 531 2301 902 2380; x_wconf 87' lang='lat' dir='ltr'><strong>sponsiones</strong></span> <span class='ocrx_word' id='word_1_149' title='bbox 953 2321 1079 2363; x_wconf 90' lang='lat' dir='ltr'><strong>non</strong></span> <span class='ocrx_word' id='word_1_150' title='bbox 1132 2302 1411 2365; x_wconf 86' lang='lat' dir='ltr'><strong>facerent</strong></span> <span class='ocrx_word' id='word_1_151' title='bbox 1452 2321 1467 2367; x_wconf 74' lang='grc' dir='ltr'>ε</span> <span class='ocrx_word' id='word_1_152' title='bbox 1512 2321 1706 2382; x_wconf 82' lang='lat' dir='ltr'><strong>quare</strong></span> 
     </span>
     <span class='ocr_line' id='line_1_23' title="bbox 203 2394 1709 2475; baseline 0.001 -20"><span class='ocrx_word' id='word_1_153' title='bbox 203 2394 399 2473; x_wconf 86' lang='lat' dir='ltr'><strong>aequali</strong></span> <span class='ocrx_word' id='word_1_154' title='bbox 421 2441 437 2470; x_wconf 91' lang='lat'><strong>,</strong></span> <span class='ocrx_word' id='word_1_155' title='bbox 468 2395 572 2455; x_wconf 89' lang='lat' dir='ltr'><strong>vel</strong></span> <span class='ocrx_word' id='word_1_156' title='bbox 601 2395 729 2455; x_wconf 82' lang='lat' dir='ltr'><strong>fere</strong></span> <span class='ocrx_word' id='word_1_157' title='bbox 765 2395 992 2474; x_wconf 85' lang='lat' dir='ltr'><strong>aequali</strong></span> <span class='ocrx_word' id='word_1_158' title='bbox 1034 2395 1309 2473; x_wconf 90' lang='lat' dir='ltr'><strong>periculo</strong></span> <span class='ocrx_word' id='word_1_159' title='bbox 1357 2415 1424 2456; x_wconf 90' lang='lat' dir='ltr'><strong>se</strong></span> <span class='ocrx_word' id='word_1_160' title='bbox 1455 2396 1709 2475; x_wconf 84' lang='lat' dir='ltr'><strong>exponit</strong></span> 
     </span>
     <span class='ocr_line' id='line_1_24' title="bbox 200 2486 1709 2566; baseline 0.003 -19"><span class='ocrx_word' id='word_1_161' title='bbox 200 2486 539 2566; x_wconf 89' lang='lat' dir='ltr'><strong>spondendo</strong></span> <span class='ocrx_word' id='word_1_162' title='bbox 572 2491 790 2548; x_wconf 89' lang='lat' dir='ltr'><strong>contra</strong></span> <span class='ocrx_word' id='word_1_163' title='bbox 819 2486 995 2546; x_wconf 89' lang='lat' dir='ltr'><strong>illum</strong></span> <span class='ocrx_word' id='word_1_164' title='bbox 1022 2505 1137 2566; x_wconf 91' lang='lat' dir='ltr'><strong>pro</strong></span> <span class='ocrx_word' id='word_1_165' title='bbox 1169 2488 1303 2548; x_wconf 88' lang='lat' dir='ltr'><strong>aliis</strong></span> <span class='ocrx_word' id='word_1_166' title='bbox 1334 2488 1612 2566; x_wconf 89' lang='lat' dir='ltr'><strong>duobus,</strong></span> <span class='ocrx_word' id='word_1_167' title='bbox 1646 2494 1709 2551; x_wconf 90' lang='lat' dir='ltr'><strong>et</strong></span> 
     </span>
     <span class='ocr_line' id='line_1_25' title="bbox 201 2578 1706 2660; baseline 0.004 -23"><span class='ocrx_word' id='word_1_168' title='bbox 201 2579 556 2657; x_wconf 79' lang='lat' dir='ltr'><strong>experientia</strong></span> <span class='ocrx_word' id='word_1_169' title='bbox 587 2578 777 2638; x_wconf 89' lang='lat' dir='ltr'><strong>didici</strong></span> <span class='ocrx_word' id='word_1_170' title='bbox 806 2597 929 2640; x_wconf 92' lang='lat' dir='ltr'><strong>non</strong></span> <span class='ocrx_word' id='word_1_171' title='bbox 974 2598 1118 2640; x_wconf 87' lang='lat' dir='ltr'><strong>raro</strong></span> <span class='ocrx_word' id='word_1_172' title='bbox 1166 2599 1271 2642; x_wconf 89' lang='lat' dir='ltr'><strong>eos</strong></span> <span class='ocrx_word' id='word_1_173' title='bbox 1301 2581 1407 2659; x_wconf 87' lang='lat' dir='ltr'><strong>qui</strong></span> <span class='ocrx_word' id='word_1_174' title='bbox 1437 2601 1549 2660; x_wconf 92' lang='lat' dir='ltr'><strong>pro</strong></span> <span class='ocrx_word' id='word_1_175' title='bbox 1581 2600 1706 2643; x_wconf 93' lang='lat' dir='ltr'><strong>uno</strong></span> 
     </span>
     <span class='ocr_line' id='line_1_26' title="bbox 198 2672 1707 2755; baseline 0.003 -24"><span class='ocrx_word' id='word_1_176' title='bbox 198 2672 590 2751; x_wconf 87' lang='lat' dir='ltr'><strong>spondebant,</strong></span> <span class='ocrx_word' id='word_1_177' title='bbox 622 2672 878 2748; x_wconf 86' lang='lat' dir='ltr'><strong>vicisse,</strong></span> <span class='ocrx_word' id='word_1_178' title='bbox 932 2674 1081 2752; x_wconf 88' lang='lat' dir='ltr'><strong>quia</strong></span> <span class='ocrx_word' id='word_1_179' title='bbox 1126 2692 1249 2734; x_wconf 91' lang='lat' dir='ltr'><strong>non</strong></span> <span class='ocrx_word' id='word_1_180' title='bbox 1298 2674 1431 2734; x_wconf 89' lang='lat' dir='ltr'><strong>sine</strong></span> <span class='ocrx_word' id='word_1_181' title='bbox 1476 2695 1707 2755; x_wconf 87' lang='lat' dir='ltr'><strong>magno</strong></span> 
     </span>
     <span class='ocr_line' id='line_1_27' title="bbox 200 2764 1709 2848; baseline 0.005 -25"><span class='ocrx_word' id='word_1_182' title='bbox 200 2764 584 2827; x_wconf 79' lang='lat' dir='ltr'><strong>fundamento</strong></span> <span class='ocrx_word' id='word_1_183' title='bbox 614 2765 764 2843; x_wconf 90' lang='lat' dir='ltr'><strong>ipsis</strong></span> <span class='ocrx_word' id='word_1_184' title='bbox 785 2770 931 2826; x_wconf 85' lang='lat' dir='ltr'><strong>noto</strong></span> <span class='ocrx_word' id='word_1_185' title='bbox 963 2771 1024 2827; x_wconf 91' lang='lat' dir='ltr'><strong>et</strong></span> <span class='ocrx_word' id='word_1_186' title='bbox 1050 2767 1187 2827; x_wconf 90' lang='lat' dir='ltr'><strong>aliis</strong></span> <span class='ocrx_word' id='word_1_187' title='bbox 1218 2768 1487 2846; x_wconf 88' lang='lat' dir='ltr'><strong>occulto,</strong></span> <span class='ocrx_word' id='word_1_188' title='bbox 1521 2788 1709 2848; x_wconf 90' lang='lat' dir='ltr'><strong>spon-</strong></span> 
     </span>
     <span class='ocr_line' id='line_1_28' title="bbox 197 2857 776 2919; baseline 0.002 -2"><span class='ocrx_word' id='word_1_189' title='bbox 197 2857 381 2919; x_wconf 88' lang='lat' dir='ltr'><strong>siones</strong></span> <span class='ocrx_word' id='word_1_190' title='bbox 408 2858 776 2919; x_wconf 77' lang='lat' dir='ltr'><strong>offerebant.</strong></span> 
     </span>
    </p>

    <p class='ocr_par' dir='ltr' id='par_1_3' title="bbox 137 2951 1714 5549">
     <span class='ocr_line' id='line_1_29' title="bbox 266 2951 1706 3033; baseline 0.003 -22"><span class='ocrx_word' id='word_1_191' title='bbox 266 2952 462 3013; x_wconf 83' lang='lat' dir='ltr'><strong>Tertio</strong></span> <span class='ocrx_word' id='word_1_192' title='bbox 492 2951 839 3027; x_wconf 84' lang='lat' dir='ltr'><strong>dubitatur,</strong></span> <span class='ocrx_word' id='word_1_193' title='bbox 873 2951 1022 3030; x_wconf 90' lang='lat' dir='ltr'><strong>quid</strong></span> <span class='ocrx_word' id='word_1_194' title='bbox 1056 2951 1416 3029; x_wconf 89' lang='lat' dir='ltr'><strong>dicendum,</strong></span> <span class='ocrx_word' id='word_1_195' title='bbox 1453 2954 1706 3033; x_wconf 89' lang='lat' dir='ltr'><strong>quando</strong></span> 
     </span>
     <span class='ocr_line' id='line_1_30' title="bbox 198 3045 1710 3126; baseline 0.003 -23"><span class='ocrx_word' id='word_1_196' title='bbox 198 3045 426 3122; x_wconf 87' lang='lat' dir='ltr'><strong>sponsio</strong></span> <span class='ocrx_word' id='word_1_197' title='bbox 455 3045 526 3106; x_wconf 79' lang='lat' dir='ltr'><strong>fit</strong></span> <span class='ocrx_word' id='word_1_198' title='bbox 572 3045 737 3105; x_wconf 86' lang='lat' dir='ltr'><strong>inter</strong></span> <span class='ocrx_word' id='word_1_199' title='bbox 762 3045 1017 3105; x_wconf 88' lang='lat' dir='ltr'><strong>Petrum</strong></span> <span class='ocrx_word' id='word_1_200' title='bbox 1047 3048 1110 3105; x_wconf 93' lang='lat' dir='ltr'><strong>et</strong></span> <span class='ocrx_word' id='word_1_201' title='bbox 1132 3047 1440 3106; x_wconf 69' lang='lat' dir='ltr'><strong>,Ioannem</strong></span> <span class='ocrx_word' id='word_1_202' title='bbox 1464 3092 1480 3122; x_wconf 89' lang='lat'><strong>,</strong></span> <span class='ocrx_word' id='word_1_203' title='bbox 1541 3046 1710 3126; x_wconf 90' lang='lat' dir='ltr'><strong>quod</strong></span> 
     </span>
     <span class='ocr_line' id='line_1_31' title="bbox 138 3138 1706 3219; baseline 0 -17"><span class='ocrx_word' id='word_1_204' title='bbox 138 3195 141 3202; x_wconf 76' lang='grc'><strong><em>,</em></strong></span> <span class='ocrx_word' id='word_1_205' title='bbox 202 3139 399 3201; x_wconf 83' lang='lat' dir='ltr'><strong>Petrus</strong></span> <span class='ocrx_word' id='word_1_206' title='bbox 442 3139 607 3200; x_wconf 82' lang='lat' dir='ltr'><strong>saltu</strong></span> <span class='ocrx_word' id='word_1_207' title='bbox 634 3138 737 3199; x_wconf 82' lang='lat' dir='ltr'><strong>vel</strong></span> <span class='ocrx_word' id='word_1_208' title='bbox 793 3155 979 3199; x_wconf 90' lang='lat' dir='ltr'><strong>cursu</strong></span> <span class='ocrx_word' id='word_1_209' title='bbox 1022 3138 1333 3200; x_wconf 85' lang='lat' dir='ltr'><strong>Joannem</strong></span> <span class='ocrx_word' id='word_1_210' title='bbox 1363 3140 1706 3219; x_wconf 87' lang='lat' dir='ltr'><strong>superabit,</strong></span> 
     </span>
     <span class='ocr_line' id='line_1_32' title="bbox 137 3205 1712 3312; baseline 0.003 -23"><span class='ocrx_word' id='word_1_211' title='bbox 137 3205 162 3289; x_wconf 63' lang='grc' dir='ltr'><strong>ξ’</strong></span> <span class='ocrx_word' id='word_1_212' title='bbox 201 3238 254 3294; x_wconf 90' lang='lat' dir='ltr'><strong>et</strong></span> <span class='ocrx_word' id='word_1_213' title='bbox 285 3236 495 3312; x_wconf 85' lang='lat' dir='ltr'><strong>postea</strong></span> <span class='ocrx_word' id='word_1_214' title='bbox 542 3235 764 3293; x_wconf 89' lang='lat' dir='ltr'><strong>Petrus</strong></span> <span class='ocrx_word' id='word_1_215' title='bbox 811 3249 934 3291; x_wconf 93' lang='lat' dir='ltr'><strong>non</strong></span> <span class='ocrx_word' id='word_1_216' title='bbox 978 3231 1114 3292; x_wconf 89' lang='lat' dir='ltr'><strong>vult</strong></span> <span class='ocrx_word' id='word_1_217' title='bbox 1139 3250 1393 3292; x_wconf 89' lang='lat' dir='ltr'><strong>currere</strong></span> <span class='ocrx_word' id='word_1_218' title='bbox 1447 3238 1554 3294; x_wconf 90' lang='lat' dir='ltr'><strong>aut</strong></span> <span class='ocrx_word' id='word_1_219' title='bbox 1595 3234 1712 3294; x_wconf 87' lang='lat' dir='ltr'><strong>sal·</strong></span> 
     </span>
     <span class='ocr_line' id='line_1_33' title="bbox 137 3314 1707 3405; baseline 0.001 -20"><span class='ocrx_word' id='word_1_220' title='bbox 137 3314 161 3344; x_wconf 64' lang='lat'><strong>⁸</strong></span> <span class='ocrx_word' id='word_1_221' title='bbox 198 3326 357 3385; x_wconf 79' lang='lat' dir='ltr'><strong>tare?</strong></span> <span class='ocrx_word' id='word_1_222' title='bbox 420 3324 785 3405; x_wconf 84' lang='lat' dir='ltr'><strong>Respondet</strong></span> <span class='ocrx_word' id='word_1_223' title='bbox 846 3323 1161 3384; x_wconf 82' lang='lat' dir='ltr'><strong>Filliucius</strong></span> <span class='ocrx_word' id='word_1_224' title='bbox 1230 3328 1410 3386; x_wconf 87' lang='lat' dir='ltr'><strong>tract.</strong></span> <span class='ocrx_word' id='word_1_225' title='bbox 1470 3342 1707 3388; x_wconf 84' lang='lat' dir='ltr'><strong>xxxvn.</strong></span> 
     </span>
     <span class='ocr_line' id='line_1_34' title="bbox 198 3417 1706 3497; baseline 0.001 -18"><span class='ocrx_word' id='word_1_226' title='bbox 198 3436 321 3497; x_wconf 86' lang='lat' dir='ltr'><strong>cap.</strong></span> <span class='ocrx_word' id='word_1_227' title='bbox 368 3436 435 3479; x_wconf 78' lang='grc' dir='ltr'><strong>ιι.</strong></span> <span class='ocrx_word' id='word_1_228' title='bbox 484 3436 661 3479; x_wconf 89' lang='lat' dir='ltr'><strong>num.</strong></span> <span class='ocrx_word' id='word_1_229' title='bbox 708 3420 805 3478; x_wconf 78' lang='lat'><strong>28.</strong></span> <span class='ocrx_word' id='word_1_230' title='bbox 861 3420 1112 3477; x_wconf 88' lang='lat' dir='ltr'><strong>Petrum</strong></span> <span class='ocrx_word' id='word_1_231' title='bbox 1162 3417 1405 3478; x_wconf 87' lang='lat' dir='ltr'><strong>solvere</strong></span> <span class='ocrx_word' id='word_1_232' title='bbox 1454 3418 1706 3497; x_wconf 91' lang='lat' dir='ltr'><strong>debere,</strong></span> 
     </span>
     <span class='ocr_line' id='line_1_35' title="bbox 197 3511 1713 3590; baseline 0.003 -20"><span class='ocrx_word' id='word_1_233' title='bbox 197 3513 328 3589; x_wconf 84' lang='lat' dir='ltr'><strong>quia</strong></span> <span class='ocrx_word' id='word_1_234' title='bbox 353 3531 495 3572; x_wconf 91' lang='lat' dir='ltr'><strong>cum</strong></span> <span class='ocrx_word' id='word_1_235' title='bbox 539 3528 657 3590; x_wconf 89' lang='lat' dir='ltr'><strong>per</strong></span> <span class='ocrx_word' id='word_1_236' title='bbox 685 3511 896 3588; x_wconf 90' lang='lat' dir='ltr'><strong>ipsum</strong></span> <span class='ocrx_word' id='word_1_237' title='bbox 928 3514 1087 3583; x_wconf 87' lang='lat' dir='ltr'><strong>stet,</strong></span> <span class='ocrx_word' id='word_1_238' title='bbox 1139 3516 1430 3573; x_wconf 87' lang='lat' dir='ltr'><strong>censetur</strong></span> <span class='ocrx_word' id='word_1_239' title='bbox 1456 3512 1713 3590; x_wconf 88' lang='lat' dir='ltr'><strong>impleta</strong></span> 
     </span>
     <span class='ocr_line' id='line_1_36' title="bbox 197 3602 1714 3682; baseline 0.002 -18"><span class='ocrx_word' id='word_1_240' title='bbox 197 3605 451 3665; x_wconf 88' lang='lat' dir='ltr'><strong>conditio</strong></span> <span class='ocrx_word' id='word_1_241' title='bbox 470 3650 486 3682; x_wconf 92' lang='lat'><strong>,</strong></span> <span class='ocrx_word' id='word_1_242' title='bbox 547 3604 713 3664; x_wconf 87' lang='lat' dir='ltr'><strong>sicut</strong></span> <span class='ocrx_word' id='word_1_243' title='bbox 756 3603 806 3663; x_wconf 88' lang='lat' dir='ltr'><strong>si</strong></span> <span class='ocrx_word' id='word_1_244' title='bbox 855 3604 1112 3663; x_wconf 88' lang='lat' dir='ltr'><strong>emisses</strong></span> <span class='ocrx_word' id='word_1_245' title='bbox 1131 3602 1376 3681; x_wconf 84' lang='lat' dir='ltr'><strong>jactum</strong></span> <span class='ocrx_word' id='word_1_246' title='bbox 1405 3605 1554 3666; x_wconf 86' lang='lat' dir='ltr'><strong>retis</strong></span> <span class='ocrx_word' id='word_1_247' title='bbox 1573 3651 1589 3682; x_wconf 91' lang='lat'><strong>,</strong></span> <span class='ocrx_word' id='word_1_248' title='bbox 1650 3609 1714 3667; x_wconf 90' lang='lat' dir='ltr'><strong>et</strong></span> 
     </span>
     <span class='ocr_line' id='line_1_37' title="bbox 195 3696 1699 3776; baseline 0.002 -20"><span class='ocrx_word' id='word_1_249' title='bbox 195 3699 375 3776; x_wconf 88' lang='lat' dir='ltr'><strong>pretio</strong></span> <span class='ocrx_word' id='word_1_250' title='bbox 403 3699 633 3773; x_wconf 71' lang='lat' dir='ltr'><strong>soluto,</strong></span> <span class='ocrx_word' id='word_1_251' title='bbox 670 3697 945 3776; x_wconf 82' lang='lat' dir='ltr'><strong>piscator</strong></span> <span class='ocrx_word' id='word_1_252' title='bbox 972 3696 1163 3757; x_wconf 91' lang='lat' dir='ltr'><strong>nollet</strong></span> <span class='ocrx_word' id='word_1_253' title='bbox 1190 3701 1322 3758; x_wconf 89' lang='lat' dir='ltr'><strong>rete</strong></span> <span class='ocrx_word' id='word_1_254' title='bbox 1336 3696 1572 3776; x_wconf 88' lang='lat' dir='ltr'><strong>jacere,</strong></span> <span class='ocrx_word' id='word_1_255' title='bbox 1606 3699 1699 3759; x_wconf 90' lang='lat' dir='ltr'><strong>de·</strong></span> 
     </span>
     <span class='ocr_line' id='line_1_38' title="bbox 193 3789 1703 3870; baseline 0.001 -19"><span class='ocrx_word' id='word_1_256' title='bbox 193 3789 354 3853; x_wconf 87' lang='lat' dir='ltr'><strong>beret</strong></span> <span class='ocrx_word' id='word_1_257' title='bbox 394 3792 666 3852; x_wconf 89' lang='lat' dir='ltr'><strong>reddere</strong></span> <span class='ocrx_word' id='word_1_258' title='bbox 722 3789 1202 3851; x_wconf 84' lang='lat' dir='ltr'><strong>aestimationem</strong></span> <span class='ocrx_word' id='word_1_259' title='bbox 1248 3789 1405 3850; x_wconf 91' lang='lat' dir='ltr'><strong>lucri</strong></span> <span class='ocrx_word' id='word_1_260' title='bbox 1451 3791 1703 3870; x_wconf 86' lang='lat' dir='ltr'><strong>sperati.</strong></span> 
     </span>
     <span class='ocr_line' id='line_1_39' title="bbox 193 3882 1704 3965; baseline 0.001 -22"><span class='ocrx_word' id='word_1_261' title='bbox 193 3884 310 3946; x_wconf 88' lang='lat' dir='ltr'><strong>Hoc</strong></span> <span class='ocrx_word' id='word_1_262' title='bbox 368 3884 577 3965; x_wconf 78' lang='lat' dir='ltr'><strong>ipsum</strong></span> <span class='ocrx_word' id='word_1_263' title='bbox 632 3882 935 3945; x_wconf 90' lang='lat' dir='ltr'><strong>docuerat</strong></span> <span class='ocrx_word' id='word_1_264' title='bbox 987 3882 1161 3960; x_wconf 90' lang='lat' dir='ltr'><strong>prius</strong></span> <span class='ocrx_word' id='word_1_265' title='bbox 1197 3884 1363 3943; x_wconf 83' lang='lat' dir='ltr'><strong>Azor</strong></span> <span class='ocrx_word' id='word_1_266' title='bbox 1388 3884 1494 3944; x_wconf 91' lang='lat'><strong>111.</strong></span> <span class='ocrx_word' id='word_1_267' title='bbox 1541 3889 1704 3963; x_wconf 89' lang='lat' dir='ltr'><strong>part.</strong></span> 
     </span>
     <span class='ocr_line' id='line_1_40' title="bbox 192 3974 1711 4056; baseline 0.001 -21"><span class='ocrx_word' id='word_1_268' title='bbox 192 3975 286 4037; x_wconf 86' lang='lat' dir='ltr'><strong>lib.</strong></span> <span class='ocrx_word' id='word_1_269' title='bbox 317 3993 399 4039; x_wconf 77' lang='lat' dir='ltr'><strong>xi.</strong></span> <span class='ocrx_word' id='word_1_270' title='bbox 451 3995 599 4056; x_wconf 88' lang='lat' dir='ltr'><strong>cap.</strong></span> <span class='ocrx_word' id='word_1_271' title='bbox 633 3977 729 4037; x_wconf 73' lang='lat'><strong>19.</strong></span> <span class='ocrx_word' id='word_1_272' title='bbox 781 3975 843 4034; x_wconf 91' lang='lat' dir='ltr'><strong>in</strong></span> <span class='ocrx_word' id='word_1_273' title='bbox 873 3975 1019 4036; x_wconf 85' lang='lat' dir='ltr'><strong>fine.</strong></span> <span class='ocrx_word' id='word_1_274' title='bbox 1072 3974 1592 4053; x_wconf 84' lang='lat' dir='ltr'><strong>Distinguendum</strong></span> <span class='ocrx_word' id='word_1_275' title='bbox 1622 3980 1711 4037; x_wconf 88' lang='lat' dir='ltr'><strong>ta-</strong></span> 
     </span>
     <span class='ocr_line' id='line_1_41' title="bbox 190 4067 1706 4150; baseline -0.001 -21"><span class='ocrx_word' id='word_1_276' title='bbox 190 4088 320 4130; x_wconf 87' lang='lat' dir='ltr'><strong>men</strong></span> <span class='ocrx_word' id='word_1_277' title='bbox 346 4074 528 4150; x_wconf 88' lang='lat' dir='ltr'><strong>puto:</strong></span> <span class='ocrx_word' id='word_1_278' title='bbox 566 4086 712 4129; x_wconf 88' lang='lat' dir='ltr'><strong>nam</strong></span> <span class='ocrx_word' id='word_1_279' title='bbox 742 4067 878 4129; x_wconf 82' lang='lat' dir='ltr'><strong>haec</strong></span> <span class='ocrx_word' id='word_1_280' title='bbox 906 4068 1287 4129; x_wconf 87' lang='lat' dir='ltr'><strong>concertatio</strong></span> <span class='ocrx_word' id='word_1_281' title='bbox 1316 4072 1523 4147; x_wconf 89' lang='lat' dir='ltr'><strong>potest</strong></span> <span class='ocrx_word' id='word_1_282' title='bbox 1547 4069 1706 4147; x_wconf 82' lang='lat' dir='ltr'><strong>fieri,</strong></span> 
     </span>
     <span class='ocr_line' id='line_1_42' title="bbox 190 4160 1709 4244; baseline 0.001 -23"><span class='ocrx_word' id='word_1_283' title='bbox 190 4165 277 4224; x_wconf 76' lang='lat' dir='ltr'><strong>vel</strong></span> <span class='ocrx_word' id='word_1_284' title='bbox 302 4183 411 4244; x_wconf 87' lang='lat' dir='ltr'><strong>per</strong></span> <span class='ocrx_word' id='word_1_285' title='bbox 436 4163 705 4224; x_wconf 91' lang='lat' dir='ltr'><strong>modum</strong></span> <span class='ocrx_word' id='word_1_286' title='bbox 723 4178 913 4222; x_wconf 86' lang='lat' dir='ltr'><strong>merae</strong></span> <span class='ocrx_word' id='word_1_287' title='bbox 934 4160 1305 4240; x_wconf 87' lang='lat' dir='ltr'><strong>sponsionis,</strong></span> <span class='ocrx_word' id='word_1_288' title='bbox 1338 4178 1479 4241; x_wconf 84' lang='lat' dir='ltr'><strong>quae</strong></span> <span class='ocrx_word' id='word_1_289' title='bbox 1498 4162 1709 4224; x_wconf 84' lang='lat' dir='ltr'><strong>Italice</strong></span> 
     </span>
     <span class='ocr_line' id='line_1_43' title="bbox 190 4254 1708 4337; baseline -0.001 -20"><span class='ocrx_word' id='word_1_290' title='bbox 190 4260 524 4337; x_wconf 84' lang='lat' dir='ltr'><strong>appellatur</strong></span> <span class='ocrx_word' id='word_1_291' title='bbox 552 4274 833 4317; x_wconf 78' lang='lat' dir='ltr'><strong>scomessa</strong></span> <span class='ocrx_word' id='word_1_292' title='bbox 857 4302 872 4331; x_wconf 94' lang='lat'><strong>,</strong></span> <span class='ocrx_word' id='word_1_293' title='bbox 906 4254 1135 4316; x_wconf 86' lang='lat' dir='ltr'><strong>Gallice</strong></span> <span class='ocrx_word' id='word_1_294' title='bbox 1162 4273 1419 4334; x_wconf 75' lang='lat' dir='ltr'><strong>qaqeure</strong></span> <span class='ocrx_word' id='word_1_295' title='bbox 1439 4300 1455 4330; x_wconf 92' lang='lat'>‚</span> <span class='ocrx_word' id='word_1_296' title='bbox 1490 4256 1708 4333; x_wconf 88' lang='lat' dir='ltr'><strong>Hispa-</strong></span> 
     </span>
     <span class='ocr_line' id='line_1_44' title="bbox 191 4347 1711 4430; baseline 0.001 -21"><span class='ocrx_word' id='word_1_297' title='bbox 191 4351 312 4412; x_wconf 88' lang='lat' dir='ltr'><strong>nice</strong></span> <span class='ocrx_word' id='word_1_298' title='bbox 338 4370 486 4412; x_wconf 91' lang='lat' dir='ltr'><strong>vero</strong></span> <span class='ocrx_word' id='word_1_299' title='bbox 517 4351 575 4411; x_wconf 83' lang='lat' dir='ltr'><em>A</em></span> <span class='ocrx_word' id='word_1_300' title='bbox 581 4357 807 4430; x_wconf 82' lang='lat' dir='ltr'><strong>puesta.</strong></span> <span class='ocrx_word' id='word_1_301' title='bbox 841 4347 1203 4409; x_wconf 81' lang='lat' dir='ltr'><strong>Differentia</strong></span> <span class='ocrx_word' id='word_1_302' title='bbox 1229 4351 1443 4409; x_wconf 89' lang='lat' dir='ltr'><strong>autem</strong></span> <span class='ocrx_word' id='word_1_303' title='bbox 1462 4348 1711 4410; x_wconf 87' lang='lat' dir='ltr'><strong>videtur</strong></span> 
     </span>
     <span class='ocr_line' id='line_1_45' title="bbox 187 4440 1707 4519; baseline -0.001 -16"><span class='ocrx_word' id='word_1_304' title='bbox 187 4463 308 4505; x_wconf 87' lang='lat' dir='ltr'><strong>esse</strong></span> <span class='ocrx_word' id='word_1_305' title='bbox 359 4446 526 4506; x_wconf 87' lang='lat' dir='ltr'><strong>inter</strong></span> <span class='ocrx_word' id='word_1_306' title='bbox 574 4442 792 4504; x_wconf 91' lang='lat' dir='ltr'><strong>ludum</strong></span> <span class='ocrx_word' id='word_1_307' title='bbox 834 4446 898 4503; x_wconf 91' lang='lat' dir='ltr'><strong>et</strong></span> <span class='ocrx_word' id='word_1_308' title='bbox 938 4440 1340 4519; x_wconf 90' lang='lat' dir='ltr'><strong>sponsionem</strong></span> <span class='ocrx_word' id='word_1_309' title='bbox 1365 4460 1380 4513; x_wconf 76' lang='grc' dir='ltr'><strong>ς</strong></span> <span class='ocrx_word' id='word_1_310' title='bbox 1441 4459 1587 4500; x_wconf 91' lang='lat' dir='ltr'><strong>nam</strong></span> <span class='ocrx_word' id='word_1_311' title='bbox 1643 4441 1707 4501; x_wconf 87' lang='lat' dir='ltr'><strong>in</strong></span> 
     </span>
     <span class='ocr_line' id='line_1_46' title="bbox 187 4534 1706 4613; baseline -0.002 -16"><span class='ocrx_word' id='word_1_312' title='bbox 187 4543 496 4600; x_wconf 83' lang='lat' dir='ltr'><strong>contractu</strong></span> <span class='ocrx_word' id='word_1_313' title='bbox 524 4535 683 4611; x_wconf 89' lang='lat' dir='ltr'><strong>ludi,</strong></span> <span class='ocrx_word' id='word_1_314' title='bbox 715 4534 882 4610; x_wconf 92' lang='lat' dir='ltr'><strong>licet,</strong></span> <span class='ocrx_word' id='word_1_315' title='bbox 916 4534 1065 4594; x_wconf 89' lang='lat' dir='ltr'><strong>ludo</strong></span> <span class='ocrx_word' id='word_1_316' title='bbox 1097 4534 1379 4612; x_wconf 84' lang='lat' dir='ltr'><strong>incepto,</strong></span> <span class='ocrx_word' id='word_1_317' title='bbox 1413 4552 1537 4595; x_wconf 91' lang='lat' dir='ltr'><strong>non</strong></span> <span class='ocrx_word' id='word_1_318' title='bbox 1567 4552 1706 4613; x_wconf 88' lang='lat' dir='ltr'><strong>pos-</strong></span> 
     </span>
     <span class='ocr_line' id='line_1_47' title="bbox 184 4626 1706 4693; baseline -0.003 -2"><span class='ocrx_word' id='word_1_319' title='bbox 184 4631 257 4693; x_wconf 87' lang='lat' dir='ltr'><strong>sit</strong></span> <span class='ocrx_word' id='word_1_320' title='bbox 279 4631 497 4693; x_wconf 88' lang='lat' dir='ltr'><strong>ludens</strong></span> <span class='ocrx_word' id='word_1_321' title='bbox 550 4628 790 4689; x_wconf 87' lang='lat' dir='ltr'><strong>resilire</strong></span> <span class='ocrx_word' id='word_1_322' title='bbox 837 4631 980 4688; x_wconf 90' lang='lat' dir='ltr'><strong>ante</strong></span> <span class='ocrx_word' id='word_1_323' title='bbox 1008 4627 1249 4687; x_wconf 88' lang='lat' dir='ltr'><strong>finitam</strong></span> <span class='ocrx_word' id='word_1_324' title='bbox 1287 4626 1458 4687; x_wconf 88' lang='lat' dir='ltr'><strong>illam</strong></span> <span class='ocrx_word' id='word_1_325' title='bbox 1487 4628 1706 4688; x_wconf 88' lang='lat' dir='ltr'><strong>saltem</strong></span> 
     </span>
     <span class='ocr_line' id='line_1_48' title="bbox 183 4719 1708 4801; baseline -0.002 -17"><span class='ocrx_word' id='word_1_326' title='bbox 183 4728 402 4786; x_wconf 85' lang='lat' dir='ltr'><strong>sortem</strong></span> <span class='ocrx_word' id='word_1_327' title='bbox 426 4771 443 4801; x_wconf 90' lang='lat'><strong>,</strong></span> <span class='ocrx_word' id='word_1_328' title='bbox 479 4722 583 4784; x_wconf 86' lang='lat' dir='ltr'><strong>vel</strong></span> <span class='ocrx_word' id='word_1_329' title='bbox 610 4720 1117 4784; x_wconf 89' lang='lat' dir='ltr'><strong>commissionem</strong></span> <span class='ocrx_word' id='word_1_330' title='bbox 1145 4719 1459 4798; x_wconf 87' lang='lat' dir='ltr'><strong>inceptam</strong></span> <span class='ocrx_word' id='word_1_331' title='bbox 1484 4765 1501 4797; x_wconf 91' lang='lat'><strong>,</strong></span> <span class='ocrx_word' id='word_1_332' title='bbox 1551 4738 1708 4781; x_wconf 89' lang='lat' dir='ltr'><strong>non-</strong></span> 
     </span>
     <span class='ocr_line' id='line_1_49' title="bbox 183 4812 1710 4892; baseline -0.003 -15"><span class='ocrx_word' id='word_1_333' title='bbox 183 4817 321 4877; x_wconf 90' lang='lat' dir='ltr'><strong>dum</strong></span> <span class='ocrx_word' id='word_1_334' title='bbox 349 4822 569 4880; x_wconf 85' lang='lat' dir='ltr'><strong>tamen</strong></span> <span class='ocrx_word' id='word_1_335' title='bbox 616 4815 865 4892; x_wconf 88' lang='lat' dir='ltr'><strong>incepto</strong></span> <span class='ocrx_word' id='word_1_336' title='bbox 913 4812 1101 4889; x_wconf 90' lang='lat' dir='ltr'><strong>ludo,</strong></span> <span class='ocrx_word' id='word_1_337' title='bbox 1153 4830 1402 4891; x_wconf 90' lang='lat' dir='ltr'><strong>semper</strong></span> <span class='ocrx_word' id='word_1_338' title='bbox 1446 4815 1710 4890; x_wconf 89' lang='lat' dir='ltr'><strong>possunt</strong></span> 
     </span>
     <span class='ocr_line' id='line_1_50' title="bbox 183 4904 1707 4986; baseline -0.003 -17"><span class='ocrx_word' id='word_1_339' title='bbox 183 4927 295 4969; x_wconf 88' lang='lat' dir='ltr'><strong>non</strong></span> <span class='ocrx_word' id='word_1_340' title='bbox 325 4910 545 4971; x_wconf 90' lang='lat' dir='ltr'><strong>ludere</strong></span> <span class='ocrx_word' id='word_1_341' title='bbox 570 4956 587 4986; x_wconf 93' lang='lat'><strong>,</strong></span> <span class='ocrx_word' id='word_1_342' title='bbox 648 4925 763 4968; x_wconf 90' lang='lat' dir='ltr'><strong>nec</strong></span> <span class='ocrx_word' id='word_1_343' title='bbox 810 4906 1004 4967; x_wconf 85' lang='lat' dir='ltr'><strong>alium</strong></span> <span class='ocrx_word' id='word_1_344' title='bbox 1050 4904 1328 4964; x_wconf 90' lang='lat' dir='ltr'><strong>animum</strong></span> <span class='ocrx_word' id='word_1_345' title='bbox 1377 4922 1513 4964; x_wconf 90' lang='lat' dir='ltr'><strong>sese</strong></span> <span class='ocrx_word' id='word_1_346' title='bbox 1556 4905 1707 4966; x_wconf 86' lang='lat' dir='ltr'><strong>obli-</strong></span> 
     </span>
     <span class='ocr_line' id='line_1_51' title="bbox 183 4997 1709 5081; baseline -0.003 -18"><span class='ocrx_word' id='word_1_347' title='bbox 183 5002 362 5081; x_wconf 81' lang='lat' dir='ltr'><strong>gandi</strong></span> <span class='ocrx_word' id='word_1_348' title='bbox 393 5001 693 5063; x_wconf 83' lang='lat' dir='ltr'><strong>videntur</strong></span> <span class='ocrx_word' id='word_1_349' title='bbox 721 4999 976 5059; x_wconf 86' lang='lat' dir='ltr'><strong>habere.</strong></span> <span class='ocrx_word' id='word_1_350' title='bbox 1014 4997 1280 5077; x_wconf 89' lang='lat' dir='ltr'><strong>Sponsio</strong></span> <span class='ocrx_word' id='word_1_351' title='bbox 1309 5002 1520 5058; x_wconf 90' lang='lat' dir='ltr'><strong>autem</strong></span> <span class='ocrx_word' id='word_1_352' title='bbox 1540 4997 1709 5059; x_wconf 87' lang='lat' dir='ltr'><strong>vide·</strong></span> 
     </span>
     <span class='ocr_line' id='line_1_52' title="bbox 180 5091 1705 5171; baseline -0.003 -15"><span class='ocrx_word' id='word_1_353' title='bbox 180 5101 274 5156; x_wconf 89' lang='lat' dir='ltr'><strong>tur</strong></span> <span class='ocrx_word' id='word_1_354' title='bbox 302 5097 432 5158; x_wconf 90' lang='lat' dir='ltr'><strong>solo</strong></span> <span class='ocrx_word' id='word_1_355' title='bbox 464 5112 778 5156; x_wconf 79' lang='lat' dir='ltr'><strong>consensu</strong></span> <span class='ocrx_word' id='word_1_356' title='bbox 801 5092 1036 5171; x_wconf 86' lang='lat' dir='ltr'><strong>perfici,</strong></span> <span class='ocrx_word' id='word_1_357' title='bbox 1070 5095 1135 5152; x_wconf 94' lang='lat' dir='ltr'><strong>et</strong></span> <span class='ocrx_word' id='word_1_358' title='bbox 1162 5110 1237 5152; x_wconf 90' lang='lat' dir='ltr'><strong>ea</strong></span> <span class='ocrx_word' id='word_1_359' title='bbox 1262 5091 1427 5152; x_wconf 85' lang='lat' dir='ltr'><strong>sacta</strong></span> <span class='ocrx_word' id='word_1_360' title='bbox 1455 5094 1518 5152; x_wconf 89' lang='lat' dir='ltr'><strong>et</strong></span> <span class='ocrx_word' id='word_1_361' title='bbox 1532 5108 1705 5152; x_wconf 87' lang='lat' dir='ltr'><strong>acce·</strong></span> 
     </span>
     <span class='ocr_line' id='line_1_53' title="bbox 177 5183 1704 5269; baseline -0.005 -18"><span class='ocrx_word' id='word_1_362' title='bbox 177 5194 374 5269; x_wconf 63' lang='lat' dir='ltr'><strong>pulta,</strong></span> <span class='ocrx_word' id='word_1_363' title='bbox 426 5207 554 5250; x_wconf 79' lang='lat' dir='ltr'><strong>non</strong></span> <span class='ocrx_word' id='word_1_364' title='bbox 587 5191 793 5267; x_wconf 88' lang='lat' dir='ltr'><strong>potest</strong></span> <span class='ocrx_word' id='word_1_365' title='bbox 818 5204 980 5246; x_wconf 88' lang='lat' dir='ltr'><strong>unus</strong></span> <span class='ocrx_word' id='word_1_366' title='bbox 1010 5201 1228 5245; x_wconf 91' lang='lat' dir='ltr'><strong>eorum</strong></span> <span class='ocrx_word' id='word_1_367' title='bbox 1259 5183 1518 5245; x_wconf 88' lang='lat' dir='ltr'><strong>resilire.</strong></span> <span class='ocrx_word' id='word_1_368' title='bbox 1573 5186 1704 5244; x_wconf 90' lang='lat' dir='ltr'><strong>Hoc</strong></span> 
     </span>
     <span class='ocr_line' id='line_1_54' title="bbox 176 5274 1699 5363; baseline -0.005 -21"><span class='ocrx_word' id='word_1_369' title='bbox 176 5284 491 5363; x_wconf 86' lang='lat' dir='ltr'><strong>supposito</strong></span> <span class='ocrx_word' id='word_1_370' title='bbox 514 5328 532 5359; x_wconf 91' lang='lat'><strong>,</strong></span> <span class='ocrx_word' id='word_1_371' title='bbox 566 5280 929 5360; x_wconf 86' lang='lat' dir='ltr'><strong>provocatio</strong></span> <span class='ocrx_word' id='word_1_372' title='bbox 974 5278 1055 5339; x_wconf 88' lang='lat' dir='ltr'><strong>ad</strong></span> <span class='ocrx_word' id='word_1_373' title='bbox 1081 5277 1301 5338; x_wconf 91' lang='lat' dir='ltr'><strong>ludum</strong></span> <span class='ocrx_word' id='word_1_374' title='bbox 1329 5274 1428 5336; x_wconf 87' lang='lat' dir='ltr'><strong>vel</strong></span> <span class='ocrx_word' id='word_1_375' title='bbox 1458 5276 1699 5352; x_wconf 87' lang='lat' dir='ltr'><strong>saltem,</strong></span> 
     </span>
     <span class='ocr_line' id='line_1_55' title="bbox 177 5368 1704 5456; baseline -0.007 -16"><span class='ocrx_word' id='word_1_376' title='bbox 177 5395 356 5456; x_wconf 85' lang='lat' dir='ltr'><strong>poena</strong></span> <span class='ocrx_word' id='word_1_377' title='bbox 384 5386 501 5439; x_wconf 86' lang='lat' dir='ltr'><strong>aut</strong></span> <span class='ocrx_word' id='word_1_378' title='bbox 528 5374 788 5455; x_wconf 79' lang='lat' dir='ltr'><strong>praemio</strong></span> <span class='ocrx_word' id='word_1_379' title='bbox 816 5372 1032 5434; x_wconf 89' lang='lat' dir='ltr'><strong>addito</strong></span> <span class='ocrx_word' id='word_1_380' title='bbox 1053 5417 1069 5447; x_wconf 91' lang='lat'><strong>,</strong></span> <span class='ocrx_word' id='word_1_381' title='bbox 1111 5374 1317 5449; x_wconf 88' lang='lat' dir='ltr'><strong>potest</strong></span> <span class='ocrx_word' id='word_1_382' title='bbox 1338 5369 1474 5429; x_wconf 89' lang='lat' dir='ltr'><strong>fieri</strong></span> <span class='ocrx_word' id='word_1_383' title='bbox 1493 5415 1509 5445; x_wconf 94' lang='lat'><strong>,</strong></span> <span class='ocrx_word' id='word_1_384' title='bbox 1544 5368 1704 5430; x_wconf 88' lang='lat' dir='ltr'><strong>sicut</strong></span> 
     </span>
     <span class='ocr_line' id='line_1_56' title="bbox 176 5463 1706 5549; baseline -0.008 -16"><span class='ocrx_word' id='word_1_385' title='bbox 176 5471 420 5549; x_wconf 86' lang='lat' dir='ltr'><strong>quando</strong></span> <span class='ocrx_word' id='word_1_386' title='bbox 459 5467 657 5549; x_wconf 89' lang='lat' dir='ltr'><strong>aliqui</strong></span> <span class='ocrx_word' id='word_1_387' title='bbox 699 5484 835 5528; x_wconf 88' lang='lat' dir='ltr'><strong>sese</strong></span> <span class='ocrx_word' id='word_1_388' title='bbox 865 5465 945 5526; x_wconf 90' lang='lat' dir='ltr'><strong>ad</strong></span> <span class='ocrx_word' id='word_1_389' title='bbox 975 5464 1143 5525; x_wconf 90' lang='lat' dir='ltr'><strong>aliud</strong></span> <span class='ocrx_word' id='word_1_390' title='bbox 1173 5463 1307 5524; x_wconf 90' lang='lat' dir='ltr'><strong>ludi</strong></span> <span class='ocrx_word' id='word_1_391' title='bbox 1332 5479 1531 5541; x_wconf 87' lang='lat' dir='ltr'><strong>genus</strong></span> <span class='ocrx_word' id='word_1_392' title='bbox 1559 5478 1706 5540; x_wconf 89' lang='lat' dir='ltr'><strong>pro-</strong></span> 
     </span>
    </p>
   </div>
   <div class='ocr_carea' id='block_1_3' title="bbox 3210 276 3327 336">
    <p class='ocr_par' dir='ltr' id='par_1_4' title="bbox 3210 276 3327 336">
     <span class='ocr_line' id='line_1_57' title="bbox 3210 276 3327 336; baseline -0.017 0"><span class='ocrx_word' id='word_1_393' title='bbox 3210 276 3327 336; x_wconf 72' lang='lat'><strong>547</strong></span> 
     </span>
    </p>
   </div>
   <div class='ocr_carea' id='block_1_4' title="bbox 1793 443 3333 1550">
    <p class='ocr_par' dir='ltr' id='par_1_5' title="bbox 1793 443 3333 1550">
     <span class='ocr_line' id='line_1_58' title="bbox 1795 443 3328 526; baseline 0.003 -20"><span class='ocrx_word' id='word_1_394' title='bbox 1795 449 2052 518; x_wconf 85' lang='lat' dir='ltr'><strong>vocant;</strong></span> <span class='ocrx_word' id='word_1_395' title='bbox 2085 445 2443 507; x_wconf 85' lang='lat' dir='ltr'><strong>sicutenim</strong></span> <span class='ocrx_word' id='word_1_396' title='bbox 2472 446 2619 525; x_wconf 84' lang='lat' dir='ltr'><strong>pila,</strong></span> <span class='ocrx_word' id='word_1_397' title='bbox 2655 443 2743 508; x_wconf 89' lang='lat' dir='ltr'><strong>sic</strong></span> <span class='ocrx_word' id='word_1_398' title='bbox 2775 465 2960 509; x_wconf 87' lang='lat' dir='ltr'><strong>cursu</strong></span> <span class='ocrx_word' id='word_1_399' title='bbox 2987 495 3002 526; x_wconf 95' lang='lat'><strong>,</strong></span> <span class='ocrx_word' id='word_1_400' title='bbox 3036 450 3136 509; x_wconf 74' lang='lat' dir='ltr'><strong>vel</strong></span> <span class='ocrx_word' id='word_1_401' title='bbox 3166 450 3328 511; x_wconf 84' lang='lat' dir='ltr'><strong>saltu</strong></span> 
     </span>
     <span class='ocr_line' id='line_1_59' title="bbox 1795 541 3324 619; baseline 0.003 -21"><span class='ocrx_word' id='word_1_402' title='bbox 1795 542 2036 599; x_wconf 89' lang='lat' dir='ltr'><strong>certare</strong></span> <span class='ocrx_word' id='word_1_403' title='bbox 2052 544 2315 617; x_wconf 87' lang='lat' dir='ltr'><strong>possunt</strong></span> <span class='ocrx_word' id='word_1_404' title='bbox 2333 559 2348 611; x_wconf 90' lang='lat'>;</span> <span class='ocrx_word' id='word_1_405' title='bbox 2374 542 2438 600; x_wconf 89' lang='lat' dir='ltr'><strong>et</strong></span> <span class='ocrx_word' id='word_1_406' title='bbox 2454 543 2604 600; x_wconf 92' lang='lat' dir='ltr'><strong>tunc</strong></span> <span class='ocrx_word' id='word_1_407' title='bbox 2626 545 2770 601; x_wconf 85' lang='lat' dir='ltr'><strong>ante</strong></span> <span class='ocrx_word' id='word_1_408' title='bbox 2790 546 3066 619; x_wconf 83' lang='lat' dir='ltr'><strong>coeptum</strong></span> <span class='ocrx_word' id='word_1_409' title='bbox 3082 541 3324 618; x_wconf 89' lang='lat' dir='ltr'><strong>ludum,</strong></span> 
     </span>
     <span class='ocr_line' id='line_1_60' title="bbox 1795 631 3331 713; baseline 0.002 -20"><span class='ocrx_word' id='word_1_410' title='bbox 1795 649 2050 693; x_wconf 87' lang='lat' dir='ltr'><strong>cursum</strong></span> <span class='ocrx_word' id='word_1_411' title='bbox 2072 676 2088 705; x_wconf 91' lang='lat'><strong>,</strong></span> <span class='ocrx_word' id='word_1_412' title='bbox 2122 631 2222 691; x_wconf 85' lang='lat' dir='ltr'><strong>vel</strong></span> <span class='ocrx_word' id='word_1_413' title='bbox 2250 632 2479 692; x_wconf 89' lang='lat' dir='ltr'><strong>saltum</strong></span> <span class='ocrx_word' id='word_1_414' title='bbox 2503 678 2518 708; x_wconf 90' lang='lat'><strong>,</strong></span> <span class='ocrx_word' id='word_1_415' title='bbox 2572 651 2694 694; x_wconf 91' lang='lat' dir='ltr'><strong>non</strong></span> <span class='ocrx_word' id='word_1_416' title='bbox 2727 639 2822 695; x_wconf 88' lang='lat' dir='ltr'><strong>est</strong></span> <span class='ocrx_word' id='word_1_417' title='bbox 2849 634 3146 713; x_wconf 82' lang='lat' dir='ltr'><strong>obligatio</strong></span> <span class='ocrx_word' id='word_1_418' title='bbox 3177 635 3331 696; x_wconf 80' lang='lat' dir='ltr'><strong>inci-</strong></span> 
     </span>
     <span class='ocr_line' id='line_1_61' title="bbox 1794 723 3323 806; baseline 0.004 -24"><span class='ocrx_word' id='word_1_419' title='bbox 1794 723 2027 802; x_wconf 88' lang='lat' dir='ltr'><strong>piendi.</strong></span> <span class='ocrx_word' id='word_1_420' title='bbox 2088 724 2153 784; x_wconf 92' lang='lat' dir='ltr'><strong>Si</strong></span> <span class='ocrx_word' id='word_1_421' title='bbox 2185 742 2328 785; x_wconf 89' lang='lat' dir='ltr'><strong>vero</strong></span> <span class='ocrx_word' id='word_1_422' title='bbox 2379 726 2488 785; x_wconf 85' lang='lat' dir='ltr'><strong>fiat</strong></span> <span class='ocrx_word' id='word_1_423' title='bbox 2515 744 2629 803; x_wconf 91' lang='lat' dir='ltr'><strong>per</strong></span> <span class='ocrx_word' id='word_1_424' title='bbox 2656 728 2914 787; x_wconf 90' lang='lat' dir='ltr'><strong>modum</strong></span> <span class='ocrx_word' id='word_1_425' title='bbox 2950 729 3323 806; x_wconf 79' lang='lat' dir='ltr'><strong>sponsioniS,</strong></span> 
     </span>
     <span class='ocr_line' id='line_1_62' title="bbox 1793 817 3329 895; baseline 0.005 -19"><span class='ocrx_word' id='word_1_426' title='bbox 1793 821 1855 877; x_wconf 91' lang='lat' dir='ltr'><strong>et</strong></span> <span class='ocrx_word' id='word_1_427' title='bbox 1881 817 2059 895; x_wconf 87' lang='lat' dir='ltr'><strong>quasi</strong></span> <span class='ocrx_word' id='word_1_428' title='bbox 2089 818 2516 879; x_wconf 88' lang='lat' dir='ltr'><strong>concertando</strong></span> <span class='ocrx_word' id='word_1_429' title='bbox 2567 819 2645 878; x_wconf 85' lang='lat' dir='ltr'><strong>de</strong></span> <span class='ocrx_word' id='word_1_430' title='bbox 2675 820 2942 881; x_wconf 86' lang='lat' dir='ltr'><strong>veritate</strong></span> <span class='ocrx_word' id='word_1_431' title='bbox 2993 821 3084 882; x_wconf 85' lang='lat' dir='ltr'><strong>rei</strong></span> <span class='ocrx_word' id='word_1_432' title='bbox 3134 829 3198 884; x_wconf 88' lang='lat' dir='ltr'><strong>et</strong></span> <span class='ocrx_word' id='word_1_433' title='bbox 3251 823 3329 883; x_wconf 92' lang='lat' dir='ltr'><strong>de</strong></span> 
     </span>
     <span class='ocr_line' id='line_1_63' title="bbox 1796 910 3333 986; baseline 0.005 -17"><span class='ocrx_word' id='word_1_434' title='bbox 1796 913 2065 986; x_wconf 85' lang='lat' dir='ltr'><strong>eventu,</strong></span> <span class='ocrx_word' id='word_1_435' title='bbox 2125 913 2277 970; x_wconf 88' lang='lat' dir='ltr'><strong>tunc</strong></span> <span class='ocrx_word' id='word_1_436' title='bbox 2323 910 2530 970; x_wconf 89' lang='lat' dir='ltr'><strong>locum</strong></span> <span class='ocrx_word' id='word_1_437' title='bbox 2579 910 2837 973; x_wconf 86' lang='lat' dir='ltr'><strong>habebit</strong></span> <span class='ocrx_word' id='word_1_438' title='bbox 2892 912 3178 975; x_wconf 88' lang='lat' dir='ltr'><strong>doctrina</strong></span> <span class='ocrx_word' id='word_1_439' title='bbox 3224 916 3333 977; x_wconf 83' lang='lat' dir='ltr'><strong>illa</strong></span> 
     </span>
     <span class='ocr_line' id='line_1_64' title="bbox 1796 1001 3329 1070; baseline 0.005 -9"><span class='ocrx_word' id='word_1_440' title='bbox 1796 1001 2004 1062; x_wconf 84' lang='lat' dir='ltr'><strong>Azorii</strong></span> <span class='ocrx_word' id='word_1_441' title='bbox 2054 1005 2116 1063; x_wconf 91' lang='lat' dir='ltr'><strong>et</strong></span> <span class='ocrx_word' id='word_1_442' title='bbox 2143 1002 2408 1062; x_wconf 88' lang='lat' dir='ltr'><strong>Filliucii</strong></span> <span class='ocrx_word' id='word_1_443' title='bbox 2440 1021 2454 1061; x_wconf 73' lang='grc' dir='ltr'>ε</span> <span class='ocrx_word' id='word_1_444' title='bbox 2505 1021 2579 1062; x_wconf 83' lang='lat' dir='ltr'><strong>ex</strong></span> <span class='ocrx_word' id='word_1_445' title='bbox 2610 1003 3091 1068; x_wconf 83' lang='lat' dir='ltr'><strong>circumstantiis</strong></span> <span class='ocrx_word' id='word_1_446' title='bbox 3118 1014 3329 1070; x_wconf 88' lang='lat' dir='ltr'><strong>autem</strong></span> 
     </span>
     <span class='ocr_line' id='line_1_65' title="bbox 1797 1094 3329 1172; baseline 0.005 -18"><span class='ocrx_word' id='word_1_447' title='bbox 1797 1094 2142 1166; x_wconf 85' lang='lat' dir='ltr'><strong>constabit;</strong></span> <span class='ocrx_word' id='word_1_448' title='bbox 2192 1095 2445 1172; x_wconf 87' lang='lat' dir='ltr'><strong>quando</strong></span> <span class='ocrx_word' id='word_1_449' title='bbox 2494 1113 2619 1156; x_wconf 90' lang='lat' dir='ltr'><strong>uno</strong></span> <span class='ocrx_word' id='word_1_450' title='bbox 2651 1097 2749 1156; x_wconf 85' lang='lat' dir='ltr'><strong>vel</strong></span> <span class='ocrx_word' id='word_1_451' title='bbox 2800 1098 2994 1159; x_wconf 90' lang='lat' dir='ltr'><strong>altero</strong></span> <span class='ocrx_word' id='word_1_452' title='bbox 3044 1101 3329 1162; x_wconf 85' lang='lat' dir='ltr'><strong>modose</strong></span> 
     </span>
     <span class='ocr_line' id='line_1_66' title="bbox 1796 1185 3328 1263; baseline 0.007 -19"><span class='ocrx_word' id='word_1_453' title='bbox 1796 1185 2109 1246; x_wconf 85' lang='lat' dir='ltr'><strong>voluerint</strong></span> <span class='ocrx_word' id='word_1_454' title='bbox 2128 1185 2428 1263; x_wconf 86' lang='lat' dir='ltr'><strong>obligare,</strong></span> <span class='ocrx_word' id='word_1_455' title='bbox 2472 1190 2890 1251; x_wconf 87' lang='lat' dir='ltr'><strong>communiter</strong></span> <span class='ocrx_word' id='word_1_456' title='bbox 2907 1195 3117 1252; x_wconf 78' lang='lat' dir='ltr'><strong>tamen</strong></span> <span class='ocrx_word' id='word_1_457' title='bbox 3140 1193 3328 1254; x_wconf 90' lang='lat' dir='ltr'><strong>credo</strong></span> 
     </span>
     <span class='ocr_line' id='line_1_67' title="bbox 1796 1278 3328 1363; baseline 0.005 -25"><span class='ocrx_word' id='word_1_458' title='bbox 1796 1278 2003 1355; x_wconf 89' lang='lat' dir='ltr'><strong>potius</strong></span> <span class='ocrx_word' id='word_1_459' title='bbox 2048 1295 2161 1356; x_wconf 88' lang='lat' dir='ltr'><strong>per</strong></span> <span class='ocrx_word' id='word_1_460' title='bbox 2202 1279 2461 1339; x_wconf 89' lang='lat' dir='ltr'><strong>modum</strong></span> <span class='ocrx_word' id='word_1_461' title='bbox 2508 1280 2675 1357; x_wconf 89' lang='lat' dir='ltr'><strong>ludi,</strong></span> <span class='ocrx_word' id='word_1_462' title='bbox 2738 1300 2929 1360; x_wconf 90' lang='lat' dir='ltr'><strong>quam</strong></span> <span class='ocrx_word' id='word_1_463' title='bbox 2976 1285 3328 1363; x_wconf 90' lang='lat' dir='ltr'><strong>sponsionis</strong></span> 
     </span>
     <span class='ocr_line' id='line_1_68' title="bbox 1797 1370 3243 1453; baseline 0.006 -23"><span class='ocrx_word' id='word_1_464' title='bbox 1797 1370 2122 1448; x_wconf 84' lang='lat' dir='ltr'><strong>praemium</strong></span> <span class='ocrx_word' id='word_1_465' title='bbox 2153 1370 2327 1447; x_wconf 88' lang='lat' dir='ltr'><strong>illud,</strong></span> <span class='ocrx_word' id='word_1_466' title='bbox 2361 1377 2424 1434; x_wconf 93' lang='lat' dir='ltr'><strong>et</strong></span> <span class='ocrx_word' id='word_1_467' title='bbox 2450 1373 2695 1433; x_wconf 91' lang='lat' dir='ltr'><strong>lucrum</strong></span> <span class='ocrx_word' id='word_1_468' title='bbox 2723 1375 2987 1453; x_wconf 91' lang='lat' dir='ltr'><strong>proponi</strong></span> <span class='ocrx_word' id='word_1_469' title='bbox 3019 1377 3243 1438; x_wconf 87' lang='lat' dir='ltr'><strong>solere.</strong></span> 
     </span>
     <span class='ocr_line' id='line_1_69' title="bbox 1878 1464 3329 1550; baseline 0.006 -27"><span class='ocrx_word' id='word_1_470' title='bbox 1878 1466 2110 1535; x_wconf 86' lang='lat' dir='ltr'><strong>Quarto</strong></span> <span class='ocrx_word' id='word_1_471' title='bbox 2158 1464 2261 1542; x_wconf 83' lang='lat' dir='ltr'><strong>agi</strong></span> <span class='ocrx_word' id='word_1_472' title='bbox 2308 1465 2467 1526; x_wconf 88' lang='lat' dir='ltr'><strong>solet</strong></span> <span class='ocrx_word' id='word_1_473' title='bbox 2521 1465 2599 1526; x_wconf 92' lang='lat' dir='ltr'><strong>de</strong></span> <span class='ocrx_word' id='word_1_474' title='bbox 2644 1468 3082 1546; x_wconf 90' lang='lat' dir='ltr'><strong>sponsionibus</strong></span> <span class='ocrx_word' id='word_1_475' title='bbox 3136 1489 3329 1550; x_wconf 88' lang='lat' dir='ltr'><strong>super</strong></span> 
     </span>
    </p>
   </div>
   <div class='ocr_carea' id='block_1_5' title="bbox 1798 1557 3528 1655">
    <p class='ocr_par' dir='ltr' id='par_1_6' title="bbox 1798 1557 3528 1655">
     <span class='ocr_line' id='line_1_70' title="bbox 1798 1557 3528 1655; baseline 0.006 -39"><span class='ocrx_word' id='word_1_476' title='bbox 1798 1557 2097 1617; x_wconf 91' lang='lat' dir='ltr'><strong>electione</strong></span> <span class='ocrx_word' id='word_1_477' title='bbox 2167 1557 2377 1617; x_wconf 84' lang='lat' dir='ltr'><strong>futura</strong></span> <span class='ocrx_word' id='word_1_478' title='bbox 2445 1559 2673 1618; x_wconf 89' lang='lat' dir='ltr'><strong>summi</strong></span> <span class='ocrx_word' id='word_1_479' title='bbox 2747 1561 3096 1639; x_wconf 82' lang='lat' dir='ltr'><strong>Pontificis,</strong></span> <span class='ocrx_word' id='word_1_480' title='bbox 3171 1582 3328 1643; x_wconf 89' lang='lat' dir='ltr'><strong>quas</strong></span> <span class='ocrx_word' id='word_1_481' title='bbox 3375 1601 3528 1655; x_wconf 55' lang='lat' dir='ltr'><strong>nm„</strong></span> 
     </span>
    </p>
   </div>
   <div class='ocr_carea' id='block_1_6' title="bbox 3474 1476 3553 1535">
    <p class='ocr_par' dir='ltr' id='par_1_7' title="bbox 3474 1476 3553 1535">
     <span class='ocr_line' id='line_1_71' title="bbox 3474 1476 3553 1535; baseline -0.013 0"><span class='ocrx_word' id='word_1_482' title='bbox 3474 1476 3553 1535; x_wconf 86' lang='lat'><strong>90</strong></span> 
     </span>
    </p>
   </div>
   <div class='ocr_carea' id='block_1_7' title="bbox 3530 1602 3672 1644">
    <p class='ocr_par' dir='ltr' id='par_1_8' title="bbox 3530 1602 3672 1644">
     <span class='ocr_line' id='line_1_72' title="bbox 3530 1602 3672 1644; baseline 0.021 -2"><span class='ocrx_word' id='word_1_483' title='bbox 3530 1602 3672 1644; x_wconf 77' lang='lat' dir='ltr'><strong>risione</strong></span> 
     </span>
    </p>
   </div>
   <div class='ocr_carea' id='block_1_8' title="bbox 1798 1648 3671 1735">
    <p class='ocr_par' dir='ltr' id='par_1_9' title="bbox 1798 1648 3671 1735">
     <span class='ocr_line' id='line_1_73' title="bbox 1798 1648 3671 1735; baseline 0.004 -27"><span class='ocrx_word' id='word_1_484' title='bbox 1798 1648 1942 1709; x_wconf 91' lang='lat' dir='ltr'><strong>Pius</strong></span> <span class='ocrx_word' id='word_1_485' title='bbox 1980 1650 2082 1710; x_wconf 88' lang='lat' dir='ltr'><strong>lv.</strong></span> <span class='ocrx_word' id='word_1_486' title='bbox 2117 1649 2476 1727; x_wconf 86' lang='lat' dir='ltr'><strong>prohibuit,</strong></span> <span class='ocrx_word' id='word_1_487' title='bbox 2536 1652 2739 1711; x_wconf 90' lang='lat' dir='ltr'><strong>solum</strong></span> <span class='ocrx_word' id='word_1_488' title='bbox 2786 1657 2997 1714; x_wconf 88' lang='lat' dir='ltr'><strong>tamen</strong></span> <span class='ocrx_word' id='word_1_489' title='bbox 3043 1659 3326 1735; x_wconf 84' lang='lat' dir='ltr'><strong>tempore</strong></span> <span class='ocrx_word' id='word_1_490' title='bbox 3375 1656 3483 1699; x_wconf 60' lang='lat' dir='ltr'><strong>‘im</strong></span> <span class='ocrx_word' id='word_1_491' title='bbox 3500 1656 3671 1697; x_wconf 68' lang='lat'><strong>‘²¹⁰0110·</strong></span> 
     </span>
    </p>
   </div>
   <div class='ocr_carea' id='block_1_9' title="bbox 1795 1741 3338 3770">
    <p class='ocr_par' dir='ltr' id='par_1_10' title="bbox 1795 1741 3338 3770">
     <span class='ocr_line' id='line_1_74' title="bbox 1795 1741 3325 1824; baseline 0.006 -23"><span class='ocrx_word' id='word_1_492' title='bbox 1795 1741 1962 1802; x_wconf 90' lang='lat' dir='ltr'><strong>sedis</strong></span> <span class='ocrx_word' id='word_1_493' title='bbox 1990 1743 2273 1803; x_wconf 86' lang='lat' dir='ltr'><strong>vacantis</strong></span> <span class='ocrx_word' id='word_1_494' title='bbox 2296 1789 2312 1819; x_wconf 97' lang='lat'><strong>,</strong></span> <span class='ocrx_word' id='word_1_495' title='bbox 2365 1748 2428 1805; x_wconf 83' lang='lat' dir='ltr'><strong>et</strong></span> <span class='ocrx_word' id='word_1_496' title='bbox 2456 1744 2517 1804; x_wconf 90' lang='lat' dir='ltr'><strong>in</strong></span> <span class='ocrx_word' id='word_1_497' title='bbox 2546 1745 2703 1805; x_wconf 89' lang='lat' dir='ltr'><strong>urbe</strong></span> <span class='ocrx_word' id='word_1_498' title='bbox 2737 1749 3052 1824; x_wconf 86' lang='lat' dir='ltr'><strong>Romana,</strong></span> <span class='ocrx_word' id='word_1_499' title='bbox 3086 1750 3184 1808; x_wconf 85' lang='lat' dir='ltr'><strong>vel</strong></span> <span class='ocrx_word' id='word_1_500' title='bbox 3216 1750 3325 1810; x_wconf 87' lang='lat' dir='ltr'><strong>ubi</strong></span> 
     </span>
     <span class='ocr_line' id='line_1_75' title="bbox 1797 1834 3324 1919; baseline 0.006 -26"><span class='ocrx_word' id='word_1_501' title='bbox 1797 1834 2093 1894; x_wconf 84' lang='lat' dir='ltr'><strong>conclave</strong></span> <span class='ocrx_word' id='word_1_502' title='bbox 2121 1834 2301 1896; x_wconf 88' lang='lat' dir='ltr'><strong>fieret</strong></span> <span class='ocrx_word' id='word_1_503' title='bbox 2323 1882 2338 1911; x_wconf 89' lang='lat'><strong>,</strong></span> <span class='ocrx_word' id='word_1_504' title='bbox 2373 1840 2438 1897; x_wconf 87' lang='lat' dir='ltr'><strong>et</strong></span> <span class='ocrx_word' id='word_1_505' title='bbox 2462 1837 2664 1897; x_wconf 89' lang='lat' dir='ltr'><strong>solum</strong></span> <span class='ocrx_word' id='word_1_506' title='bbox 2690 1837 2805 1898; x_wconf 89' lang='lat' dir='ltr'><strong>sub</strong></span> <span class='ocrx_word' id='word_1_507' title='bbox 2833 1840 3038 1919; x_wconf 87' lang='lat' dir='ltr'><strong>poenis</strong></span> <span class='ocrx_word' id='word_1_508' title='bbox 3064 1840 3324 1903; x_wconf 87' lang='lat' dir='ltr'><strong>arbitrio</strong></span> 
     </span>
     <span class='ocr_line' id='line_1_76' title="bbox 1798 1927 3325 2013; baseline 0.007 -27"><span class='ocrx_word' id='word_1_509' title='bbox 1798 1927 2239 2005; x_wconf 85' lang='lat' dir='ltr'><strong>gubernatoris</strong></span> <span class='ocrx_word' id='word_1_510' title='bbox 2285 1933 2348 1989; x_wconf 92' lang='lat' dir='ltr'><strong>et</strong></span> <span class='ocrx_word' id='word_1_511' title='bbox 2373 1929 2568 1990; x_wconf 84' lang='lat' dir='ltr'><strong>futuri</strong></span> <span class='ocrx_word' id='word_1_512' title='bbox 2602 1931 2913 1992; x_wconf 90' lang='lat' dir='ltr'><strong>Pontificis</strong></span> <span class='ocrx_word' id='word_1_513' title='bbox 2947 1952 2960 1993; x_wconf 90' lang='lat'>:</span> <span class='ocrx_word' id='word_1_514' title='bbox 3011 1951 3200 2013; x_wconf 87' lang='lat' dir='ltr'><strong>quam</strong></span> <span class='ocrx_word' id='word_1_515' title='bbox 3230 1953 3325 1997; x_wconf 87' lang='lat' dir='ltr'><strong>so-</strong></span> 
     </span>
     <span class='ocr_line' id='line_1_77' title="bbox 1798 2020 3324 2098; baseline 0.008 -20"><span class='ocrx_word' id='word_1_516' title='bbox 1798 2020 1925 2079; x_wconf 92' lang='lat' dir='ltr'><strong>lam</strong></span> <span class='ocrx_word' id='word_1_517' title='bbox 1953 2020 2190 2080; x_wconf 87' lang='lat' dir='ltr'><strong>bullam</strong></span> <span class='ocrx_word' id='word_1_518' title='bbox 2216 2021 2375 2083; x_wconf 87' lang='lat' dir='ltr'><strong>vidit</strong></span> <span class='ocrx_word' id='word_1_519' title='bbox 2401 2021 2682 2098; x_wconf 88' lang='lat' dir='ltr'><strong>Azorius,</strong></span> <span class='ocrx_word' id='word_1_520' title='bbox 2718 2028 2778 2084; x_wconf 90' lang='lat' dir='ltr'><strong>et</strong></span> <span class='ocrx_word' id='word_1_521' title='bbox 2805 2024 2947 2085; x_wconf 89' lang='lat' dir='ltr'><strong>ideo</strong></span> <span class='ocrx_word' id='word_1_522' title='bbox 2977 2024 3141 2087; x_wconf 83' lang='lat' dir='ltr'><strong>dicto</strong></span> <span class='ocrx_word' id='word_1_523' title='bbox 3171 2027 3211 2088; x_wconf 94' lang='lat' dir='ltr'><strong>l.</strong></span> <span class='ocrx_word' id='word_1_524' title='bbox 3237 2043 3324 2091; x_wconf 70' lang='lat' dir='ltr'><strong>xx.</strong></span> 
     </span>
     <span class='ocr_line' id='line_1_78' title="bbox 1801 2114 3329 2195; baseline 0.004 -21"><span class='ocrx_word' id='word_1_525' title='bbox 1801 2131 1941 2191; x_wconf 87' lang='lat' dir='ltr'><strong>cap.</strong></span> <span class='ocrx_word' id='word_1_526' title='bbox 1974 2117 2073 2174; x_wconf 79' lang='lat'><strong>20.</strong></span> <span class='ocrx_word' id='word_1_527' title='bbox 2119 2114 2305 2190; x_wconf 82' lang='lat' dir='ltr'><strong>dixit,</strong></span> <span class='ocrx_word' id='word_1_528' title='bbox 2351 2114 2596 2176; x_wconf 90' lang='lat' dir='ltr'><strong>lucrum</strong></span> <span class='ocrx_word' id='word_1_529' title='bbox 2640 2134 2714 2175; x_wconf 85' lang='lat' dir='ltr'><strong>ex</strong></span> <span class='ocrx_word' id='word_1_530' title='bbox 2744 2117 2861 2176; x_wconf 89' lang='lat' dir='ltr'><strong>illis</strong></span> <span class='ocrx_word' id='word_1_531' title='bbox 2888 2119 3329 2195; x_wconf 89' lang='lat' dir='ltr'><strong>sponsionibus</strong></span> 
     </span>
     <span class='ocr_line' id='line_1_79' title="bbox 1801 2205 3333 2285; baseline 0.005 -20"><span class='ocrx_word' id='word_1_532' title='bbox 1801 2205 2055 2266; x_wconf 87' lang='lat' dir='ltr'><strong>retineri</strong></span> <span class='ocrx_word' id='word_1_533' title='bbox 2085 2224 2299 2284; x_wconf 88' lang='lat' dir='ltr'><strong>posse,</strong></span> <span class='ocrx_word' id='word_1_534' title='bbox 2348 2207 2493 2285; x_wconf 87' lang='lat' dir='ltr'><strong>quia</strong></span> <span class='ocrx_word' id='word_1_535' title='bbox 2523 2209 2974 2270; x_wconf 89' lang='lat' dir='ltr'><strong>consuetudine</strong></span> <span class='ocrx_word' id='word_1_536' title='bbox 3005 2211 3333 2274; x_wconf 86' lang='lat' dir='ltr'><strong>videbatur</strong></span> 
     </span>
     <span class='ocr_line' id='line_1_80' title="bbox 1802 2298 3326 2380; baseline 0.006 -22"><span class='ocrx_word' id='word_1_537' title='bbox 1802 2298 2176 2377; x_wconf 87' lang='lat' dir='ltr'><strong>derogatum</strong></span> <span class='ocrx_word' id='word_1_538' title='bbox 2231 2299 2420 2360; x_wconf 82' lang='lat' dir='ltr'><strong>bullae</strong></span> <span class='ocrx_word' id='word_1_539' title='bbox 2466 2319 2572 2361; x_wconf 90' lang='lat' dir='ltr'><strong>eas</strong></span> <span class='ocrx_word' id='word_1_540' title='bbox 2617 2303 2984 2380; x_wconf 90' lang='lat' dir='ltr'><strong>sponsiones</strong></span> <span class='ocrx_word' id='word_1_541' title='bbox 3022 2304 3326 2379; x_wconf 86' lang='lat' dir='ltr'><strong>irritanti;</strong></span> 
     </span>
     <span class='ocr_line' id='line_1_81' title="bbox 1802 2393 3333 2475; baseline 0.006 -25"><span class='ocrx_word' id='word_1_542' title='bbox 1802 2409 1918 2451; x_wconf 93' lang='lat' dir='ltr'><strong>nec</strong></span> <span class='ocrx_word' id='word_1_543' title='bbox 1948 2395 2168 2452; x_wconf 89' lang='lat' dir='ltr'><strong>contra</strong></span> <span class='ocrx_word' id='word_1_544' title='bbox 2195 2393 2518 2453; x_wconf 88' lang='lat' dir='ltr'><strong>venientes</strong></span> <span class='ocrx_word' id='word_1_545' title='bbox 2545 2393 2671 2454; x_wconf 88' lang='lat' dir='ltr'><strong>ulla</strong></span> <span class='ocrx_word' id='word_1_546' title='bbox 2691 2412 2954 2455; x_wconf 87' lang='lat' dir='ltr'><strong>censura</strong></span> <span class='ocrx_word' id='word_1_547' title='bbox 2981 2396 3187 2475; x_wconf 81' lang='lat' dir='ltr'><strong>ligari,</strong></span> <span class='ocrx_word' id='word_1_548' title='bbox 3217 2416 3333 2462; x_wconf 88' lang='lat' dir='ltr'><strong>nec</strong></span> 
     </span>
     <span class='ocr_line' id='line_1_82' title="bbox 1803 2484 3332 2567; baseline 0.005 -23"><span class='ocrx_word' id='word_1_549' title='bbox 1803 2484 1993 2544; x_wconf 88' lang='lat' dir='ltr'><strong>etiam</strong></span> <span class='ocrx_word' id='word_1_550' title='bbox 2045 2484 2294 2546; x_wconf 86' lang='lat' dir='ltr'><strong>extendi</strong></span> <span class='ocrx_word' id='word_1_551' title='bbox 2342 2486 2828 2564; x_wconf 87' lang='lat' dir='ltr'><strong>prohibitionem</strong></span> <span class='ocrx_word' id='word_1_552' title='bbox 2857 2488 2937 2549; x_wconf 89' lang='lat' dir='ltr'><strong>ad</strong></span> <span class='ocrx_word' id='word_1_553' title='bbox 2966 2490 3332 2567; x_wconf 87' lang='lat' dir='ltr'><strong>sponsiones</strong></span> 
     </span>
     <span class='ocr_line' id='line_1_83' title="bbox 1804 2577 3331 2658; baseline 0.005 -22"><span class='ocrx_word' id='word_1_554' title='bbox 1804 2595 1993 2655; x_wconf 91' lang='lat' dir='ltr'><strong>super</strong></span> <span class='ocrx_word' id='word_1_555' title='bbox 2019 2577 2354 2639; x_wconf 87' lang='lat' dir='ltr'><strong>cardinalis</strong></span> <span class='ocrx_word' id='word_1_556' title='bbox 2380 2578 2645 2658; x_wconf 86' lang='lat' dir='ltr'><strong>alicujus</strong></span> <span class='ocrx_word' id='word_1_557' title='bbox 2674 2580 3070 2643; x_wconf 88' lang='lat' dir='ltr'><strong>electionem.</strong></span> <span class='ocrx_word' id='word_1_558' title='bbox 3105 2585 3331 2645; x_wconf 84' lang='lat' dir='ltr'><strong>Postea</strong></span> 
     </span>
     <span class='ocr_line' id='line_1_84' title="bbox 1803 2671 3333 2752; baseline 0.005 -23"><span class='ocrx_word' id='word_1_559' title='bbox 1803 2673 2014 2729; x_wconf 85' lang='lat' dir='ltr'><strong>tamen</strong></span> <span class='ocrx_word' id='word_1_560' title='bbox 2045 2671 2237 2748; x_wconf 81' lang='lat' dir='ltr'><strong>Greg.</strong></span> <span class='ocrx_word' id='word_1_561' title='bbox 2278 2672 2436 2731; x_wconf 88' lang='lat' dir='ltr'><strong>XIV.</strong></span> <span class='ocrx_word' id='word_1_562' title='bbox 2470 2671 2533 2731; x_wconf 92' lang='lat' dir='ltr'><strong>in</strong></span> <span class='ocrx_word' id='word_1_563' title='bbox 2576 2672 2744 2732; x_wconf 92' lang='lat' dir='ltr'><strong>bulla</strong></span> <span class='ocrx_word' id='word_1_564' title='bbox 2778 2691 2917 2751; x_wconf 81' lang='lat' dir='ltr'><strong>quae</strong></span> <span class='ocrx_word' id='word_1_565' title='bbox 2947 2674 3184 2752; x_wconf 88' lang='lat' dir='ltr'><strong>incipit,</strong></span> <span class='ocrx_word' id='word_1_566' title='bbox 3223 2675 3333 2737; x_wconf 88' lang='lat' dir='ltr'><strong>Co·</strong></span> 
     </span>
     <span class='ocr_line' id='line_1_85' title="bbox 1803 2761 3333 2846; baseline 0.007 -27"><span class='ocrx_word' id='word_1_567' title='bbox 1803 2761 1889 2841; x_wconf 75' lang='lat' dir='ltr'><strong>qit</strong></span> <span class='ocrx_word' id='word_1_568' title='bbox 1915 2780 2038 2838; x_wconf 83' lang='lat' dir='ltr'><strong>nos,</strong></span> <span class='ocrx_word' id='word_1_569' title='bbox 2072 2764 2400 2824; x_wconf 89' lang='lat' dir='ltr'><strong>renovavit</strong></span> <span class='ocrx_word' id='word_1_570' title='bbox 2426 2763 2662 2824; x_wconf 90' lang='lat' dir='ltr'><strong>bullam</strong></span> <span class='ocrx_word' id='word_1_571' title='bbox 2692 2765 2785 2825; x_wconf 91' lang='lat' dir='ltr'><strong>Pii</strong></span> <span class='ocrx_word' id='word_1_572' title='bbox 2805 2767 2908 2827; x_wconf 89' lang='lat' dir='ltr'><strong>IV.</strong></span> <span class='ocrx_word' id='word_1_573' title='bbox 2934 2785 3200 2846; x_wconf 87' lang='lat' dir='ltr'><strong>eamque</strong></span> <span class='ocrx_word' id='word_1_574' title='bbox 3233 2787 3333 2829; x_wconf 90' lang='lat' dir='ltr'><strong>ex-</strong></span> 
     </span>
     <span class='ocr_line' id='line_1_86' title="bbox 1803 2853 3335 2936; baseline 0.005 -21"><span class='ocrx_word' id='word_1_575' title='bbox 1803 2853 2004 2915; x_wconf 90' lang='lat' dir='ltr'><strong>tendit</strong></span> <span class='ocrx_word' id='word_1_576' title='bbox 2034 2854 2113 2915; x_wconf 90' lang='lat' dir='ltr'><strong>ad</strong></span> <span class='ocrx_word' id='word_1_577' title='bbox 2156 2856 2526 2932; x_wconf 89' lang='lat' dir='ltr'><strong>sponsiones</strong></span> <span class='ocrx_word' id='word_1_578' title='bbox 2555 2875 2746 2936; x_wconf 80' lang='lat' dir='ltr'><strong>super</strong></span> <span class='ocrx_word' id='word_1_579' title='bbox 2773 2858 3184 2920; x_wconf 87' lang='lat' dir='ltr'><strong>cardinalium</strong></span> <span class='ocrx_word' id='word_1_580' title='bbox 3213 2862 3335 2922; x_wconf 88' lang='lat' dir='ltr'><strong>ele-</strong></span> 
     </span>
     <span class='ocr_line' id='line_1_87' title="bbox 1806 2947 3334 3028; baseline 0.005 -20"><span class='ocrx_word' id='word_1_581' title='bbox 1806 2947 2032 3021; x_wconf 90' lang='lat' dir='ltr'><strong>ctione,</strong></span> <span class='ocrx_word' id='word_1_582' title='bbox 2067 2953 2129 3009; x_wconf 90' lang='lat' dir='ltr'><strong>et</strong></span> <span class='ocrx_word' id='word_1_583' title='bbox 2158 2948 2238 3007; x_wconf 84' lang='lat' dir='ltr'><strong>ad</strong></span> <span class='ocrx_word' id='word_1_584' title='bbox 2260 2965 2445 3008; x_wconf 92' lang='lat' dir='ltr'><strong>omne</strong></span> <span class='ocrx_word' id='word_1_585' title='bbox 2465 2953 2712 3028; x_wconf 90' lang='lat' dir='ltr'><strong>tempus</strong></span> <span class='ocrx_word' id='word_1_586' title='bbox 2736 2951 2924 3011; x_wconf 86' lang='lat' dir='ltr'><strong>etiam</strong></span> <span class='ocrx_word' id='word_1_587' title='bbox 2954 2958 3099 3013; x_wconf 91' lang='lat' dir='ltr'><strong>ante</strong></span> <span class='ocrx_word' id='word_1_588' title='bbox 3118 2953 3334 3014; x_wconf 90' lang='lat' dir='ltr'><strong>sedem</strong></span> 
     </span>
     <span class='ocr_line' id='line_1_88' title="bbox 1805 3041 3338 3117; baseline 0.007 -20"><span class='ocrx_word' id='word_1_589' title='bbox 1805 3043 2135 3101; x_wconf 80' lang='lat' dir='ltr'><strong>vacantem</strong></span> <span class='ocrx_word' id='word_1_590' title='bbox 2154 3087 2169 3117; x_wconf 91' lang='lat'><strong>,</strong></span> <span class='ocrx_word' id='word_1_591' title='bbox 2217 3045 2279 3102; x_wconf 90' lang='lat' dir='ltr'><strong>et</strong></span> <span class='ocrx_word' id='word_1_592' title='bbox 2319 3041 2398 3101; x_wconf 90' lang='lat' dir='ltr'><strong>ad</strong></span> <span class='ocrx_word' id='word_1_593' title='bbox 2428 3059 2678 3102; x_wconf 92' lang='lat' dir='ltr'><strong>omnem</strong></span> <span class='ocrx_word' id='word_1_594' title='bbox 2705 3043 2914 3104; x_wconf 90' lang='lat' dir='ltr'><strong>locum</strong></span> <span class='ocrx_word' id='word_1_595' title='bbox 2943 3044 3132 3106; x_wconf 89' lang='lat' dir='ltr'><strong>etiam</strong></span> <span class='ocrx_word' id='word_1_596' title='bbox 3160 3051 3338 3108; x_wconf 83' lang='lat' dir='ltr'><strong>extra</strong></span> 
     </span>
     <span class='ocr_line' id='line_1_89' title="bbox 1806 3132 3335 3210; baseline 0.004 -15"><span class='ocrx_word' id='word_1_597' title='bbox 1806 3132 2039 3195; x_wconf 85' lang='lat' dir='ltr'><strong>Urbem</strong></span> <span class='ocrx_word' id='word_1_598' title='bbox 2096 3137 2159 3195; x_wconf 89' lang='lat' dir='ltr'><strong>et</strong></span> <span class='ocrx_word' id='word_1_599' title='bbox 2201 3133 2409 3196; x_wconf 88' lang='lat' dir='ltr'><strong>locum</strong></span> <span class='ocrx_word' id='word_1_600' title='bbox 2442 3133 2800 3210; x_wconf 78' lang='lat' dir='ltr'><strong>electioniS,</strong></span> <span class='ocrx_word' id='word_1_601' title='bbox 2859 3140 2922 3198; x_wconf 91' lang='lat' dir='ltr'><strong>et</strong></span> <span class='ocrx_word' id='word_1_602' title='bbox 2963 3136 3209 3201; x_wconf 87' lang='lat' dir='ltr'><strong>addidit</strong></span> <span class='ocrx_word' id='word_1_603' title='bbox 3235 3158 3335 3201; x_wconf 81' lang='lat' dir='ltr'><strong>ex-</strong></span> 
     </span>
     <span class='ocr_line' id='line_1_90' title="bbox 1806 3227 3337 3309; baseline 0.004 -22"><span class='ocrx_word' id='word_1_604' title='bbox 1806 3227 2439 3288; x_wconf 89' lang='lat' dir='ltr'><strong>communicationem</strong></span> <span class='ocrx_word' id='word_1_605' title='bbox 2486 3228 2626 3289; x_wconf 82' lang='lat' dir='ltr'><strong>latae</strong></span> <span class='ocrx_word' id='word_1_606' title='bbox 2674 3230 2998 3291; x_wconf 62' lang='lat' dir='ltr'><strong>sententias</strong></span> <span class='ocrx_word' id='word_1_607' title='bbox 3030 3233 3215 3309; x_wconf 79' lang='lat' dir='ltr'><strong>Papae</strong></span> <span class='ocrx_word' id='word_1_608' title='bbox 3242 3250 3337 3293; x_wconf 87' lang='lat' dir='ltr'><strong>re·</strong></span> 
     </span>
     <span class='ocr_line' id='line_1_91' title="bbox 1806 3320 3336 3401; baseline 0.005 -23"><span class='ocrx_word' id='word_1_609' title='bbox 1806 3322 2120 3379; x_wconf 88' lang='lat' dir='ltr'><strong>servatam</strong></span> <span class='ocrx_word' id='word_1_610' title='bbox 2146 3365 2161 3395; x_wconf 91' lang='lat'>‚</span> <span class='ocrx_word' id='word_1_611' title='bbox 2224 3323 2286 3381; x_wconf 88' lang='lat' dir='ltr'><strong>et</strong></span> <span class='ocrx_word' id='word_1_612' title='bbox 2331 3320 2603 3400; x_wconf 88' lang='lat' dir='ltr'><strong>denique</strong></span> <span class='ocrx_word' id='word_1_613' title='bbox 2650 3322 2729 3381; x_wconf 94' lang='lat' dir='ltr'><strong>de</strong></span> <span class='ocrx_word' id='word_1_614' title='bbox 2774 3341 2937 3383; x_wconf 88' lang='lat' dir='ltr'><strong>novo</strong></span> <span class='ocrx_word' id='word_1_615' title='bbox 2969 3325 3336 3401; x_wconf 86' lang='lat' dir='ltr'><strong>sponsiones</strong></span> 
     </span>
     <span class='ocr_line' id='line_1_92' title="bbox 1807 3409 3336 3494; baseline 0.007 -25"><span class='ocrx_word' id='word_1_616' title='bbox 1807 3409 1921 3470; x_wconf 91' lang='lat' dir='ltr'><strong>has</strong></span> <span class='ocrx_word' id='word_1_617' title='bbox 1950 3411 2219 3472; x_wconf 87' lang='lat' dir='ltr'><strong>irritavit</strong></span> <span class='ocrx_word' id='word_1_618' title='bbox 2245 3416 2307 3473; x_wconf 90' lang='lat' dir='ltr'><strong>et</strong></span> <span class='ocrx_word' id='word_1_619' title='bbox 2332 3414 2681 3475; x_wconf 85' lang='lat' dir='ltr'><strong>annullavit</strong></span> <span class='ocrx_word' id='word_1_620' title='bbox 2713 3434 2727 3475; x_wconf 76' lang='grc' dir='ltr'><strong><em>ε</em></strong></span> <span class='ocrx_word' id='word_1_621' title='bbox 2775 3433 2968 3494; x_wconf 87' lang='lat' dir='ltr'><strong>quare</strong></span> <span class='ocrx_word' id='word_1_622' title='bbox 2999 3421 3139 3494; x_wconf 90' lang='lat' dir='ltr'><strong>post</strong></span> <span class='ocrx_word' id='word_1_623' title='bbox 3174 3417 3336 3479; x_wconf 84' lang='lat' dir='ltr'><strong>hanc</strong></span> 
     </span>
     <span class='ocr_line' id='line_1_93' title="bbox 1804 3502 3334 3585; baseline 0.006 -23"><span class='ocrx_word' id='word_1_624' title='bbox 1804 3502 2042 3564; x_wconf 88' lang='lat' dir='ltr'><strong>bullam</strong></span> <span class='ocrx_word' id='word_1_625' title='bbox 2069 3504 2314 3565; x_wconf 86' lang='lat' dir='ltr'><strong>lucrum</strong></span> <span class='ocrx_word' id='word_1_626' title='bbox 2333 3506 2788 3567; x_wconf 89' lang='lat' dir='ltr'><strong>restituendum</strong></span> <span class='ocrx_word' id='word_1_627' title='bbox 2808 3509 2945 3585; x_wconf 87' lang='lat' dir='ltr'><strong>erit,</strong></span> <span class='ocrx_word' id='word_1_628' title='bbox 2978 3526 3124 3570; x_wconf 89' lang='lat' dir='ltr'><strong>cum</strong></span> <span class='ocrx_word' id='word_1_629' title='bbox 3152 3510 3233 3571; x_wconf 85' lang='lat' dir='ltr'><strong>sit</strong></span> <span class='ocrx_word' id='word_1_630' title='bbox 3260 3529 3334 3571; x_wconf 87' lang='lat' dir='ltr'><strong>ex</strong></span> 
     </span>
     <span class='ocr_line' id='line_1_94' title="bbox 1806 3598 3333 3665; baseline 0.007 -10"><span class='ocrx_word' id='word_1_631' title='bbox 1806 3599 2130 3657; x_wconf 89' lang='lat' dir='ltr'><strong>contractu</strong></span> <span class='ocrx_word' id='word_1_632' title='bbox 2163 3598 2418 3660; x_wconf 91' lang='lat' dir='ltr'><strong>omnino</strong></span> <span class='ocrx_word' id='word_1_633' title='bbox 2449 3598 2645 3661; x_wconf 77' lang='lat' dir='ltr'><strong>irrito·</strong></span> <span class='ocrx_word' id='word_1_634' title='bbox 2682 3601 2984 3664; x_wconf 85' lang='lat' dir='ltr'><strong>Videatur</strong></span> <span class='ocrx_word' id='word_1_635' title='bbox 3011 3603 3333 3665; x_wconf 87' lang='lat' dir='ltr'><strong>Filliucius</strong></span> 
     </span>
     <span class='ocr_line' id='line_1_95' title="bbox 1805 3687 2660 3770; baseline 0.007 -22"><span class='ocrx_word' id='word_1_636' title='bbox 1805 3687 1970 3750; x_wconf 87' lang='lat' dir='ltr'><strong>dicto</strong></span> <span class='ocrx_word' id='word_1_637' title='bbox 2002 3706 2139 3769; x_wconf 88' lang='lat' dir='ltr'><strong>cap.</strong></span> <span class='ocrx_word' id='word_1_638' title='bbox 2174 3706 2243 3752; x_wconf 91' lang='lat'><strong>11.</strong></span> <span class='ocrx_word' id='word_1_639' title='bbox 2279 3709 2385 3770; x_wconf 91' lang='lat' dir='ltr'><strong>qu.</strong></span> <span class='ocrx_word' id='word_1_640' title='bbox 2419 3695 2478 3754; x_wconf 86' lang='lat'><strong>7.</strong></span> <span class='ocrx_word' id='word_1_641' title='bbox 2513 3696 2575 3753; x_wconf 91' lang='lat' dir='ltr'><strong>et</strong></span> <span class='ocrx_word' id='word_1_642' title='bbox 2600 3695 2660 3755; x_wconf 87' lang='grc'><strong>8.</strong></span> 
     </span>
    </p>
   </div>
   <div class='ocr_carea' id='block_1_10' title="bbox 2233 3990 2902 4074">
    <p class='ocr_par' dir='ltr' id='par_1_11' title="bbox 2233 3990 2902 4074">
     <span class='ocr_line' id='line_1_96' title="bbox 2233 3990 2902 4074; baseline 0.01 -24"><span class='ocrx_word' id='word_1_643' title='bbox 2233 3990 2324 4051; x_wconf 89' lang='lat' dir='ltr'><strong>De</strong></span> <span class='ocrx_word' id='word_1_644' title='bbox 2349 3990 2511 4053; x_wconf 82' lang='lat' dir='ltr'><strong>lucro</strong></span> <span class='ocrx_word' id='word_1_645' title='bbox 2529 4010 2647 4074; x_wconf 83' lang='lat' dir='ltr'><strong>per</strong></span> <span class='ocrx_word' id='word_1_646' title='bbox 2668 4002 2902 4057; x_wconf 82' lang='lat' dir='ltr'><strong>sortem.</strong></span> 
     </span>
    </p>
   </div>
   <div class='ocr_carea' id='block_1_11' title="bbox 1800 4246 3334 5545">
    <p class='ocr_par' dir='ltr' id='par_1_12' title="bbox 1800 4246 3334 5545">
     <span class='ocr_line' id='line_1_97' title="bbox 1884 4246 3331 4318; baseline 0.008 -11"><span class='ocrx_word' id='word_1_647' title='bbox 1884 4246 1995 4307; x_wconf 87' lang='lat' dir='ltr'><strong>Hic</strong></span> <span class='ocrx_word' id='word_1_648' title='bbox 2025 4246 2215 4307; x_wconf 89' lang='lat' dir='ltr'><strong>etiam</strong></span> <span class='ocrx_word' id='word_1_649' title='bbox 2240 4250 2598 4309; x_wconf 85' lang='lat' dir='ltr'><strong>contractus</strong></span> <span class='ocrx_word' id='word_1_650' title='bbox 2645 4253 2741 4311; x_wconf 90' lang='lat' dir='ltr'><strong>est</strong></span> <span class='ocrx_word' id='word_1_651' title='bbox 2765 4249 2949 4312; x_wconf 83' lang='lat' dir='ltr'><strong>valde</strong></span> <span class='ocrx_word' id='word_1_652' title='bbox 2991 4252 3216 4316; x_wconf 80' lang='lat' dir='ltr'><strong>similis</strong></span> <span class='ocrx_word' id='word_1_653' title='bbox 3236 4255 3331 4318; x_wconf 65' lang='lat' dir='ltr'><strong>iu·</strong></span> 
     </span>
     <span class='ocr_line' id='line_1_98' title="bbox 1804 4340 3332 4425; baseline 0.007 -24"><span class='ocrx_word' id='word_1_654' title='bbox 1804 4341 1908 4417; x_wconf 87' lang='lat' dir='ltr'><strong>de,</strong></span> <span class='ocrx_word' id='word_1_655' title='bbox 1940 4357 2129 4419; x_wconf 86' lang='lat' dir='ltr'><strong>quem</strong></span> <span class='ocrx_word' id='word_1_656' title='bbox 2159 4343 2403 4401; x_wconf 88' lang='lat' dir='ltr'><strong>constat</strong></span> <span class='ocrx_word' id='word_1_657' title='bbox 2429 4340 2668 4402; x_wconf 90' lang='lat' dir='ltr'><strong>licitum</strong></span> <span class='ocrx_word' id='word_1_658' title='bbox 2707 4360 2843 4403; x_wconf 91' lang='lat' dir='ltr'><strong>esse</strong></span> <span class='ocrx_word' id='word_1_659' title='bbox 2873 4343 2952 4405; x_wconf 91' lang='lat' dir='ltr'><strong>de</strong></span> <span class='ocrx_word' id='word_1_660' title='bbox 2974 4343 3118 4425; x_wconf 88' lang='lat' dir='ltr'><strong>jure</strong></span> <span class='ocrx_word' id='word_1_661' title='bbox 3150 4354 3332 4411; x_wconf 88' lang='lat' dir='ltr'><strong>natu-</strong></span> 
     </span>
     <span class='ocr_line' id='line_1_99' title="bbox 1804 4433 3331 4514; baseline 0.006 -19"><span class='ocrx_word' id='word_1_662' title='bbox 1804 4453 1920 4510; x_wconf 78' lang='lat' dir='ltr'><strong>rae,</strong></span> <span class='ocrx_word' id='word_1_663' title='bbox 1953 4433 2205 4514; x_wconf 86' lang='lat' dir='ltr'><strong>quando</strong></span> <span class='ocrx_word' id='word_1_664' title='bbox 2236 4437 2435 4494; x_wconf 84' lang='lat' dir='ltr'><strong>sortes</strong></span> <span class='ocrx_word' id='word_1_665' title='bbox 2462 4433 2792 4496; x_wconf 83' lang='lat' dir='ltr'><strong>mittuntur</strong></span> <span class='ocrx_word' id='word_1_666' title='bbox 2818 4436 2899 4496; x_wconf 89' lang='lat' dir='ltr'><strong>ad</strong></span> <span class='ocrx_word' id='word_1_667' title='bbox 2928 4437 3331 4504; x_wconf 83' lang='lat' dir='ltr'><strong>dividendam</strong></span> 
     </span>
     <span class='ocr_line' id='line_1_100' title="bbox 1802 4525 3334 4611; baseline 0.007 -23"><span class='ocrx_word' id='word_1_668' title='bbox 1802 4528 1902 4588; x_wconf 86' lang='lat' dir='ltr'><strong>vel</strong></span> <span class='ocrx_word' id='word_1_669' title='bbox 1932 4525 2413 4587; x_wconf 86' lang='lat' dir='ltr'><strong>adscribendam</strong></span> <span class='ocrx_word' id='word_1_670' title='bbox 2443 4526 2628 4587; x_wconf 85' lang='lat' dir='ltr'><strong>alicui</strong></span> <span class='ocrx_word' id='word_1_671' title='bbox 2655 4545 2790 4588; x_wconf 90' lang='lat' dir='ltr'><strong>rem</strong></span> <span class='ocrx_word' id='word_1_672' title='bbox 2809 4547 3230 4611; x_wconf 89' lang='lat' dir='ltr'><strong>communem,</strong></span> <span class='ocrx_word' id='word_1_673' title='bbox 3265 4542 3334 4599; x_wconf 89' lang='lat' dir='ltr'><strong>ut</strong></span> 
     </span>
     <span class='ocr_line' id='line_1_101' title="bbox 1804 4618 3328 4707; baseline 0.005 -25"><span class='ocrx_word' id='word_1_674' title='bbox 1804 4620 2055 4703; x_wconf 89' lang='lat' dir='ltr'><strong>quando</strong></span> <span class='ocrx_word' id='word_1_675' title='bbox 2085 4618 2425 4679; x_wconf 85' lang='lat' dir='ltr'><strong>dividenda</strong></span> <span class='ocrx_word' id='word_1_676' title='bbox 2444 4624 2540 4681; x_wconf 87' lang='lat' dir='ltr'><strong>est</strong></span> <span class='ocrx_word' id='word_1_677' title='bbox 2558 4619 2890 4683; x_wconf 82' lang='lat' dir='ltr'><strong>haereditas</strong></span> <span class='ocrx_word' id='word_1_678' title='bbox 2919 4623 3080 4687; x_wconf 91' lang='lat' dir='ltr'><strong>inter</strong></span> <span class='ocrx_word' id='word_1_679' title='bbox 3098 4629 3328 4707; x_wconf 84' lang='lat' dir='ltr'><strong>plures,</strong></span> 
     </span>
     <span class='ocr_line' id='line_1_102' title="bbox 1805 4713 3330 4802; baseline 0.004 -26"><span class='ocrx_word' id='word_1_680' title='bbox 1805 4722 1869 4778; x_wconf 90' lang='lat' dir='ltr'><strong>et</strong></span> <span class='ocrx_word' id='word_1_681' title='bbox 1895 4714 2156 4793; x_wconf 86' lang='lat' dir='ltr'><strong>singulis</strong></span> <span class='ocrx_word' id='word_1_682' title='bbox 2183 4713 2385 4792; x_wconf 89' lang='lat' dir='ltr'><strong>portio</strong></span> <span class='ocrx_word' id='word_1_683' title='bbox 2413 4718 2580 4775; x_wconf 86' lang='lat' dir='ltr'><strong>sorte</strong></span> <span class='ocrx_word' id='word_1_684' title='bbox 2610 4714 2984 4794; x_wconf 83' lang='lat' dir='ltr'><strong>assignatur.</strong></span> <span class='ocrx_word' id='word_1_685' title='bbox 3036 4721 3330 4802; x_wconf 85' lang='lat' dir='ltr'><strong>Aliquan-</strong></span> 
     </span>
     <span class='ocr_line' id='line_1_103' title="bbox 1804 4806 3332 4884; baseline 0.005 -15"><span class='ocrx_word' id='word_1_686' title='bbox 1804 4809 1884 4869; x_wconf 92' lang='lat' dir='ltr'><strong>do</strong></span> <span class='ocrx_word' id='word_1_687' title='bbox 1913 4824 2064 4867; x_wconf 88' lang='lat' dir='ltr'><strong>vero</strong></span> <span class='ocrx_word' id='word_1_688' title='bbox 2108 4824 2209 4866; x_wconf 88' lang='lat' dir='ltr'><strong>res</strong></span> <span class='ocrx_word' id='word_1_689' title='bbox 2240 4823 2363 4866; x_wconf 90' lang='lat' dir='ltr'><strong>non</strong></span> <span class='ocrx_word' id='word_1_690' title='bbox 2394 4806 2727 4884; x_wconf 91' lang='lat' dir='ltr'><strong>dividitur,</strong></span> <span class='ocrx_word' id='word_1_691' title='bbox 2773 4809 2885 4869; x_wconf 90' lang='lat' dir='ltr'><strong>sed</strong></span> <span class='ocrx_word' id='word_1_692' title='bbox 2912 4827 2988 4870; x_wconf 86' lang='lat' dir='ltr'><strong>ex</strong></span> <span class='ocrx_word' id='word_1_693' title='bbox 3016 4815 3332 4875; x_wconf 78' lang='lat' dir='ltr'><strong>communi</strong></span> 
     </span>
     <span class='ocr_line' id='line_1_104' title="bbox 1805 4898 3331 4984; baseline 0.005 -22"><span class='ocrx_word' id='word_1_694' title='bbox 1805 4918 2110 4962; x_wconf 89' lang='lat' dir='ltr'><strong>consensu</strong></span> <span class='ocrx_word' id='word_1_695' title='bbox 2141 4898 2387 4976; x_wconf 89' lang='lat' dir='ltr'><strong>integra</strong></span> <span class='ocrx_word' id='word_1_696' title='bbox 2445 4898 2628 4960; x_wconf 86' lang='lat' dir='ltr'><strong>datur</strong></span> <span class='ocrx_word' id='word_1_697' title='bbox 2668 4901 2776 4961; x_wconf 91' lang='lat' dir='ltr'><strong>uni</strong></span> <span class='ocrx_word' id='word_1_698' title='bbox 2807 4947 2823 4979; x_wconf 93' lang='lat'><strong>,</strong></span> <span class='ocrx_word' id='word_1_699' title='bbox 2881 4908 3047 4964; x_wconf 89' lang='lat' dir='ltr'><strong>sorte</strong></span> <span class='ocrx_word' id='word_1_700' title='bbox 3099 4924 3331 4984; x_wconf 83' lang='lat' dir='ltr'><strong>praece-</strong></span> 
     </span>
     <span class='ocr_line' id='line_1_105' title="bbox 1803 4992 3327 5079; baseline 0.006 -25"><span class='ocrx_word' id='word_1_701' title='bbox 1803 4995 2009 5054; x_wconf 88' lang='lat' dir='ltr'><strong>dente.</strong></span> <span class='ocrx_word' id='word_1_702' title='bbox 2044 4994 2109 5053; x_wconf 91' lang='lat' dir='ltr'><strong>In</strong></span> <span class='ocrx_word' id='word_1_703' title='bbox 2144 5008 2267 5071; x_wconf 93' lang='lat' dir='ltr'><strong>quo</strong></span> <span class='ocrx_word' id='word_1_704' title='bbox 2294 5010 2523 5070; x_wconf 84' lang='lat' dir='ltr'><strong>genere</strong></span> <span class='ocrx_word' id='word_1_705' title='bbox 2544 4992 2808 5054; x_wconf 89' lang='lat' dir='ltr'><strong>usitatus</strong></span> <span class='ocrx_word' id='word_1_706' title='bbox 2826 4999 2922 5057; x_wconf 88' lang='lat' dir='ltr'><strong>est</strong></span> <span class='ocrx_word' id='word_1_707' title='bbox 2948 5002 3327 5079; x_wconf 85' lang='lat' dir='ltr'><strong>contractus,</strong></span> 
     </span>
     <span class='ocr_line' id='line_1_106' title="bbox 1803 5083 3325 5171; baseline 0.006 -26"><span class='ocrx_word' id='word_1_708' title='bbox 1803 5086 1910 5167; x_wconf 88' lang='lat' dir='ltr'><strong>qui</strong></span> <span class='ocrx_word' id='word_1_709' title='bbox 1939 5083 2109 5165; x_wconf 87' lang='lat' dir='ltr'><strong>apud</strong></span> <span class='ocrx_word' id='word_1_710' title='bbox 2155 5084 2344 5145; x_wconf 89' lang='lat' dir='ltr'><strong>Italos</strong></span> <span class='ocrx_word' id='word_1_711' title='bbox 2387 5085 2690 5162; x_wconf 85' lang='lat' dir='ltr'><strong>appellari</strong></span> <span class='ocrx_word' id='word_1_712' title='bbox 2730 5087 2889 5148; x_wconf 89' lang='lat' dir='ltr'><strong>solet</strong></span> <span class='ocrx_word' id='word_1_713' title='bbox 2959 5088 3132 5167; x_wconf 77' lang='lat' dir='ltr'><strong>letto,</strong></span> <span class='ocrx_word' id='word_1_714' title='bbox 3191 5111 3325 5171; x_wconf 77' lang='lat' dir='ltr'><strong>seu,</strong></span> 
     </span>
     <span class='ocr_line' id='line_1_107' title="bbox 1803 5176 3325 5264; baseline 0.007 -24"><span class='ocrx_word' id='word_1_715' title='bbox 1803 5178 2140 5259; x_wconf 79' lang='lat' dir='ltr'><strong>beneficiata</strong></span> <span class='ocrx_word' id='word_1_716' title='bbox 2163 5223 2179 5253; x_wconf 93' lang='lat'><strong>,</strong></span> <span class='ocrx_word' id='word_1_717' title='bbox 2233 5176 2310 5237; x_wconf 91' lang='lat' dir='ltr'><strong>de</strong></span> <span class='ocrx_word' id='word_1_718' title='bbox 2341 5195 2465 5257; x_wconf 89' lang='lat' dir='ltr'><strong>quo</strong></span> <span class='ocrx_word' id='word_1_719' title='bbox 2495 5183 2691 5257; x_wconf 84' lang='lat' dir='ltr'><strong>agunt</strong></span> <span class='ocrx_word' id='word_1_720' title='bbox 2717 5179 2948 5240; x_wconf 84' lang='lat' dir='ltr'><strong>Melina</strong></span> <span class='ocrx_word' id='word_1_721' title='bbox 2993 5182 3153 5264; x_wconf 88' lang='lat' dir='ltr'><strong>disp.</strong></span> <span class='ocrx_word' id='word_1_722' title='bbox 3186 5189 3325 5251; x_wconf 85' lang='lat'><strong>509.</strong></span> 
     </span>
     <span class='ocr_line' id='line_1_108' title="bbox 1805 5271 3333 5349; baseline 0.004 -13"><span class='ocrx_word' id='word_1_723' title='bbox 1805 5272 2035 5336; x_wconf 90' lang='lat' dir='ltr'><strong>Sanch.</strong></span> <span class='ocrx_word' id='word_1_724' title='bbox 2086 5271 2254 5331; x_wconf 85' lang='lat' dir='ltr'><strong>dicto</strong></span> <span class='ocrx_word' id='word_1_725' title='bbox 2301 5287 2439 5349; x_wconf 86' lang='lat' dir='ltr'><strong>cap.</strong></span> <span class='ocrx_word' id='word_1_726' title='bbox 2473 5287 2611 5332; x_wconf 78' lang='lat' dir='ltr'><strong>vm.</strong></span> <span class='ocrx_word' id='word_1_727' title='bbox 2662 5271 2813 5334; x_wconf 89' lang='lat' dir='ltr'><strong>dub.</strong></span> <span class='ocrx_word' id='word_1_728' title='bbox 2862 5276 2961 5335; x_wconf 89' lang='grc'><strong>36.</strong></span> <span class='ocrx_word' id='word_1_729' title='bbox 3013 5277 3333 5343; x_wconf 86' lang='lat' dir='ltr'><strong>Filliucius</strong></span> 
     </span>
     <span class='ocr_line' id='line_1_109' title="bbox 1800 5365 3332 5444; baseline 0.005 -17"><span class='ocrx_word' id='word_1_730' title='bbox 1800 5369 1981 5428; x_wconf 87' lang='lat' dir='ltr'><strong>tract.</strong></span> <span class='ocrx_word' id='word_1_731' title='bbox 2024 5365 2328 5425; x_wconf 85' lang='lat' dir='ltr'><strong>XXXVII.</strong></span> <span class='ocrx_word' id='word_1_732' title='bbox 2379 5382 2519 5444; x_wconf 88' lang='lat' dir='ltr'><strong>cap.</strong></span> <span class='ocrx_word' id='word_1_733' title='bbox 2570 5381 2665 5426; x_wconf 88' lang='lat'><strong>111.</strong></span> <span class='ocrx_word' id='word_1_734' title='bbox 2716 5383 2889 5431; x_wconf 90' lang='lat' dir='ltr'><strong>num.</strong></span> <span class='ocrx_word' id='word_1_735' title='bbox 2935 5370 3036 5430; x_wconf 77' lang='lat'><strong>43.</strong></span> <span class='ocrx_word' id='word_1_736' title='bbox 3087 5372 3332 5435; x_wconf 81' lang='lat' dir='ltr'><strong>Delrius</strong></span> 
     </span>
     <span class='ocr_line' id='line_1_110' title="bbox 1800 5456 3328 5545; baseline 0.007 -23"><span class='ocrx_word' id='word_1_737' title='bbox 1800 5464 1954 5522; x_wconf 87' lang='lat' dir='ltr'><strong>tom.</strong></span> <span class='ocrx_word' id='word_1_738' title='bbox 2001 5474 2069 5520; x_wconf 89' lang='lat'><strong>11.</strong></span> <span class='ocrx_word' id='word_1_739' title='bbox 2126 5456 2416 5537; x_wconf 58' lang='lat' dir='ltr'><strong>disquisit.</strong></span> <span class='ocrx_word' id='word_1_740' title='bbox 2461 5457 2673 5538; x_wconf 75' lang='lat' dir='ltr'><strong>maqic.</strong></span> <span class='ocrx_word' id='word_1_741' title='bbox 2732 5458 2840 5521; x_wconf 88' lang='lat' dir='ltr'><strong>lib.</strong></span> <span class='ocrx_word' id='word_1_742' title='bbox 2889 5462 2991 5525; x_wconf 85' lang='lat' dir='ltr'><strong>IV.</strong></span> <span class='ocrx_word' id='word_1_743' title='bbox 3051 5480 3191 5545; x_wconf 88' lang='lat' dir='ltr'><strong>cap.</strong></span> <span class='ocrx_word' id='word_1_744' title='bbox 3237 5482 3328 5532; x_wconf 79' lang='lat' dir='ltr'><strong>tv.</strong></span> 
     </span>
    </p>
   </div>
   <div class='ocr_carea' id='block_1_12' title="bbox 3402 1720 3638 1803">
    <p class='ocr_par' dir='ltr' id='par_1_13' title="bbox 3402 1720 3638 1803">
     <span class='ocr_line' id='line_1_111' title="bbox 3402 1720 3638 1803; baseline 0.004 -52"><span class='ocrx_word' id='word_1_745' title='bbox 3402 1720 3638 1803; x_wconf 40' lang='lat' dir='ltr'><strong>aenigmat.</strong></span> 
     </span>
    </p>
   </div>
   <div class='ocr_carea' id='block_1_13' title="bbox 3386 1814 3666 1858">
    <p class='ocr_par' dir='ltr' id='par_1_14' title="bbox 3386 1814 3666 1858">
     <span class='ocr_line' id='line_1_112' title="bbox 3386 1814 3666 1858; baseline -0.007 -1"><span class='ocrx_word' id='word_1_746' title='bbox 3386 1814 3666 1858; x_wconf 71' lang='lat' dir='ltr'><strong>cardinalium.</strong></span> 
     </span>
    </p>
   </div>
   <div class='ocr_carea' id='block_1_14' title="bbox 3476 4270 3548 4330">
    <p class='ocr_par' dir='ltr' id='par_1_15' title="bbox 3476 4270 3548 4330">
     <span class='ocr_line' id='line_1_113' title="bbox 3476 4270 3548 4330; baseline -0.028 0"><span class='ocrx_word' id='word_1_747' title='bbox 3476 4270 3548 4330; x_wconf 72' lang='lat'><strong>91</strong></span> 
     </span>
    </p>
   </div>
   <div class='ocr_carea' id='block_1_15' title="bbox 3490 4397 3677 4545">
    <p class='ocr_par' dir='ltr' id='par_1_16' title="bbox 3490 4397 3677 4545">
     <span class='ocr_line' id='line_1_114' title="bbox 3490 4397 3677 4438; baseline 0.011 -2"><span class='ocrx_word' id='word_1_748' title='bbox 3490 4397 3561 4437; x_wconf 79' lang='lat' dir='ltr'><strong>ont</strong></span> <span class='ocrx_word' id='word_1_749' title='bbox 3609 4407 3633 4437; x_wconf 85' lang='lat' dir='ltr'><strong>c</strong></span> <span class='ocrx_word' id='word_1_750' title='bbox 3650 4408 3677 4438; x_wconf 85' lang='lat' dir='ltr'><strong>u</strong></span> 
     </span>
     <span class='ocr_line' id='line_1_115' title="bbox 3594 4449 3672 4545; baseline 0.013 -2"><span class='ocrx_word' id='word_1_751' title='bbox 3594 4449 3672 4545; x_wconf 62' lang='lat'><strong>...5</strong></span> 
     </span>
    </p>
   </div>
   <div class='ocr_carea' id='block_1_16' title="bbox 3379 4394 3655 4545">
    <p class='ocr_par' dir='ltr' id='par_1_17' title="bbox 3379 4394 3655 4545">
     <span class='ocr_line' id='line_1_116' title="bbox 3379 4394 3440 4545; textangle 90"><span class='ocrx_word' id='word_1_752' title='bbox 3379 4394 3440 4545; x_wconf 63' lang='grc' dir='ltr'><strong>ξεῖ</strong></span> 
     </span>
     <span class='ocr_line' id='line_1_117' title="bbox 3552 4399 3655 4543; textangle 90"><span class='ocrx_word' id='word_1_753' title='bbox 3552 4399 3655 4543; x_wconf 46' lang='lat' dir='ltr'><strong>esa?—</strong></span> 
     </span>
    </p>
   </div>
   <div class='ocr_carea' id='block_1_17' title="bbox 3471 4556 3515 4598">
    <p class='ocr_par' dir='ltr' id='par_1_18' title="bbox 3471 4556 3515 4598">
     <span class='ocr_line' id='line_1_118' title="bbox 3471 4556 3515 4598; baseline 0 0"><span class='ocrx_word' id='word_1_754' title='bbox 3471 4556 3515 4598; x_wconf 84' lang='lat' dir='ltr'><strong>lo</strong></span> 
     </span>
    </p>
   </div>
   <div class='ocr_carea' id='block_1_18' title="bbox 3534 4560 3593 4596">
    <p class='ocr_par' dir='ltr' id='par_1_19' title="bbox 3534 4560 3593 4596">
     <span class='ocr_line' id='line_1_119' title="bbox 3534 4560 3593 4596; baseline 0 0"><span class='ocrx_word' id='word_1_755' title='bbox 3534 4560 3593 4596; x_wconf 77' lang='lat' dir='ltr'><strong>io.</strong></span> 
     </span>
    </p>
   </div>
  </div>
 </body>
</html>
