4263 6376
921 400 1041 461 678

682 582 758 639 14

621 709 843 753 Solvuntur

1021 577 1176 637 Hinc
1235 580 1407 655 patet
1461 576 1541 637 ad
1595 575 1869 637 rationes
1924 576 2282 651 dubitandi3
2343 576 2463 638 illoe

928 670 1092 729 enim
1123 689 1263 750 quae
1294 672 1638 731 afferuntur
1657 689 1769 749 pro
1791 674 1968 749 parte
1990 671 2303 749 negativa,
2323 689 2462 750 pro-

847 793 859 805 ·
924 763 1078 824 bant
1104 767 1381 825 nostram
1411 763 1875 825 conclusionem
1907 782 1921 822 z
1963 782 2102 843 quae
2130 782 2281 824 vero
2312 765 2463 823 affe-

923 860 1149 916 runtur
1193 874 1304 935 pro
1339 859 1512 934 parte
1559 855 1966 931 affirmativa,
2018 854 2197 915 facile
2245 856 2461 917 dissol-

922 953 1175 1008 vuntur.
1227 948 1322 1010 Ad
1358 948 1623 1027 primam
1655 947 1822 1006 enim
1850 946 2116 1008 dicimus
2137 995 2152 1024 ,
2178 947 2461 1027 judicem

922 1040 1097 1101 illum
1151 1059 1415 1120 peccare
1473 1040 1729 1120 quidem
1785 1044 2004 1100 contra
2042 1040 2350 1118 justitiam
2395 1043 2458 1102 in

921 1133 1376 1211 rempublicam
1399 1180 1415 1208 ,
1466 1133 1530 1193 in
1561 1151 1751 1213 quam
1780 1138 2042 1211 usurpat
2078 1133 2461 1211 jurisdictio-

923 1244 1067 1286 nem
1093 1272 1107 1301 ,
1161 1244 1351 1305 quam
1381 1244 1503 1286 non
1536 1226 1728 1287 habet
1757 1246 1770 1286 :
1819 1243 2080 1305 peccare
2123 1227 2310 1287 etiam
2340 1227 2461 1287 for-

922 1323 1086 1380 tasse
1117 1322 1333 1379 contra
1358 1318 1665 1397 justitiam
1695 1319 1755 1377 in
1786 1319 1994 1396 ipsum
2021 1336 2201 1378 reum
2223 1364 2238 1394 ,
2273 1324 2461 1398 quem

921 1411 1055 1472 sine
1077 1410 1513 1491 jurisdictione
1543 1411 1827 1490 judicat,
1880 1415 1943 1471 et
1969 1428 2118 1489 erga
2150 1429 2336 1490 quem
2367 1411 2463 1471 in-

921 1504 1120 1564 vitum
1151 1508 1399 1564 exercet
1422 1506 1796 1583 potestatem
1824 1522 2015 1583 quam
2034 1504 2178 1581 jure
2209 1523 2332 1565 non
2355 1504 2462 1565 ha-

921 1596 1061 1669 bet;
1097 1599 1283 1676 atque
1311 1596 1453 1656 ideo
1483 1595 1731 1657 videtur
1755 1615 1892 1656 esse
1923 1614 2034 1674 per
2061 1615 2301 1656 meram
2329 1598 2463 1658 vio-

920 1687 1177 1749 lentiam
1212 1707 1225 1749 :
1261 1694 1597 1765 caetcrum,
1646 1688 1794 1768 quia
1823 1707 1898 1748 ex
1926 1688 2030 1748 illa
2059 1690 2306 1750 actione
2336 1709 2461 1751 non

921 1780 1317 1860 subsequitur
1347 1781 1646 1841 damnum
1676 1798 2082 1860 permanenS,
2134 1778 2461 1844 non'tene-

919 1877 1020 1935 tur
1050 1877 1270 1951 postea
1296 1872 1376 1933 ad
1407 1874 1890 1935 restitutionem.

998 1966 1095 2026 Ad
1149 1966 1491 2027 secundam
1547 1985 1852 2045 negamus
1899 1966 2453 2046 consequentiam:

924 2058 1073 2138 quia
1099 2059 1163 2118 in
1202 2077 1351 2119 casu
1380 2059 1776 2119 antecedenti
1826 2057 2022 2137 judex
2054 2058 2243 2119 infert
2273 2059 2456 2120 dam·-

923 2169 1074 2210 num
1124 2151 1290 2229 quod
1339 2151 1492 2211 alias
1552 2170 1674 2212 non
1742 2155 2143 2230 sequeretur,
2204 2152 2253 2211 si
2313 2169 2458 2212 reus

922 2244 1255 2304 mansisset
1282 2244 1344 2303 in
1375 2244 1673 2324 ecclesiaf:
1739 2244 1802 2303 in
1858 2248 2070 2304 nostro
2126 2261 2275 2304 vero
2308 2263 2455 2304 casu

919 2335 1184 2396 infertur
1200 2335 1525 2412 damnum,
1549 2337 1717 2415 quod
1748 2336 1971 2397 eodem
1998 2336 2186 2397 modo
2226 2355 2457 2416 seque-

919 2433 1114 2504 retur,
1149 2428 1293 2489 licet
1332 2428 1527 2508 judex
1584 2446 1708 2489 non
1765 2428 2247 2491 condemnasset
2275 2448 2455 2490 reum

919 2525 1065 2582 ante
1095 2521 1419 2582 obtentam
1434 2521 1912 2583 absolutionem.

997 2612 1094 2675 Ad
1124 2614 1372 2674 tertiam
1402 2613 1671 2693 denique
1700 2619 1967 2692 negatur
2013 2613 2205 2675 etiam
2234 2632 2455 2676 conse-

920 2705 1214 2786 quentia:
1251 2705 1400 2785 quia
1454 2706 1516 2765 in
1583 2724 1731 2766 casu
1775 2706 2193 2782 antecedenti,
2244 2706 2293 2766 si
2352 2707 2453 2767 hic

917 2818 1041 2861 non
1071 2798 1370 2877 spoliaret
1401 2802 1671 2874 Petrum,
1704 2798 1805 2858 ille
1835 2798 2281 2878 aliusinjustus
2311 2817 2452 2878 spo·

916 2892 1101 2953 liator
1126 2892 1460 2952 mansisset
1475 2910 1618 2952 cum
1644 2891 2022 2970 obligatione
2052 2892 2447 2967 restituendi;

918 3004 1065 3065 crgo
1089 2986 1196 3064 qui
1216 2985 1390 3063 prius
1417 2985 1641 3063 spoliat
1669 2984 1857 3044 debet
1883 2984 2257 3046 contrahere
2278 3001 2455 3045 eam-

919 3078 1064 3139 dem
1122 3078 1573 3156 obligationem
1601 3097 1613 3137 :
1663 3076 1723 3136 in
1782 3081 1994 3139 nostro
2050 3081 2262 3138 autem
2303 3095 2454 3138 casu

910 3170 1107 3251 judex
1151 3170 1355 3232 aufert
1406 3187 1444 3231 a
1487 3187 1594 3231 reo
1627 3169 1860 3249 aliquid
1898 3170 2065 3250 quod
2095 3175 2232 3232 erat
2257 3171 2337 3232 ab
2366 3171 2454 3251 ip-

918 3283 986 3324 so
1008 3265 1175 3342 juste
1200 3262 1633 3337 auferendum,
1666 3263 1798 3322 sine
1843 3263 1966 3324 ullo
1989 3262 2134 3342 jure
2162 3263 2240 3324 ad
2272 3265 2455 3325 resti-

917 3357 1220 3418 tutionem
1246 3375 1259 3416 :
1293 3355 1436 3416 ideo
1466 3355 1730 3415 dicimus
1761 3354 1999 3415 nullum
2036 3355 2341 3416 damnum
2371 3375 2455 3418 ae·

917 3448 1229 3510 stimabile
1260 3447 1347 3508 illi
1378 3448 1678 3524 intulisse,
1711 3447 2055 3509 auferendo
2096 3448 2254 3509 illud
2285 3450 2452 3527 quod

911 3543 1078 3621 juste
1109 3545 1242 3602 erat
1271 3540 1325 3600 ei
1356 3540 1567 3601 statim
1594 3540 2035 3602 auferendum.

675 3650 747 3709 15
998 3634 1202 3693 Infero
1234 3632 1667 3709 seqund0,hoc
1690 3633 1895 3711 ipsum
1924 3632 2261 3694 dicendum
2292 3652 2448 3712 esse,

664 3772 733 3815 um
764 3772 818 3816 d„
918 3727 969 3787 si
992 3726 1187 3806 judex
1219 3726 1281 3785 in
1304 3725 1404 3785 die
1435 3727 1592 3786 festo
1627 3727 1901 3803 proferat
1927 3727 2329 3803 sententiam,
2354 3729 2453 3789 vel

574 3825 616 3922 ji
659 3826 868 3922 ,capteinl
918 3824 1208 3880 exerceat
1242 3819 1484 3896 aliquos
1515 3822 1690 3879 aetus
1715 3819 2016 3896 forenses,
2078 3820 2185 3898 qui
2236 3837 2454 3881 omnes

576 3893 869 3977 ὤιοῗὸέιέἕ.
919 3918 1064 3973 sunt
1110 3911 1409 3991 prohibiti
1440 3916 1501 3973 et
1529 3912 1784 3972 invalidi
1832 3912 1883 3971 si
1919 3929 1991 3972 eo
2043 3912 2145 3973 die
2174 3914 2350 3989 fiant,
2385 3918 2455 3976 ut

916 4008 1162 4067 constat
1188 4023 1264 4064 ex
1293 4004 1652 4065 auctoribus
1703 4008 1766 4066 et
1808 4005 2092 4081 testibus,
2128 4023 2287 4084 quos
2345 4006 2453 4066 ad-

915 4098 1088 4159 ducit
1117 4100 1346 4159 Suarez
1375 4101 1526 4158 tom.
1588 4097 1634 4158 1.
1695 4095 1765 4157 de
1814 4096 2113 4179 Reliqione
2160 4101 2339 4160 tract.
2374 4114 2444 4159 11.

916 4209 1053 4269 cap.
1080 4194 1178 4252 30.
1214 4190 1266 4250 si
1322 4189 1488 4249 enim
1544 4207 1656 4268 per
1700 4190 2011 4267 ejusmodi
2066 4191 2450 4252 sententiam

914 4283 1255 4342 invalidam
1284 4282 1538 4361 aliquod
1567 4281 1870 4341 damnum
1898 4288 2222 4362 sequatur,
2273 4283 2447 4362 quod

915 4375 1192 4453 alioquin
1227 4374 1371 4454 jure
1420 4393 1544 4435 non
1572 4378 1964 4453 sequeretur,
2023 4375 2213 4436 debet
2254 4375 2451 4454 judex

913 4486 1027 4547 pro
1063 4468 1167 4528 illo
1207 4467 1439 4527 damno
1471 4467 1836 4539 restituere;
1872 4485 2052 4528 secus
2093 4486 2242 4528 vero
2296 4469 2347 4528 si
2377 4469 2449 4529 il-

914 4561 1025 4621 lud
1077 4560 1380 4620 damnum
1428 4560 1650 4620 eodem
1700 4559 1888 4620 modo
1945 4561 2123 4639 sequi
2178 4560 2449 4622 debebat

912 4654 1014 4714 die
1039 4653 1344 4731 sequenti,
1380 4652 1439 4711 in
1473 4670 1596 4730 qua
1625 4651 1791 4713 licite
1838 4657 1900 4713 et
1954 4653 2163 4713 valide
2199 4658 2447 4731 poterat

911 4747 1135 4807 eadem
1163 4745 1476 4806 sententia
1504 4745 1674 4805 ferri.
1711 4745 1992 4825 Denique
2036 4745 2205 4806 idem
2236 4745 2448 4806 dicen-

912 4839 1063 4899 dum
1093 4837 1210 4897 erit
1239 4836 1316 4897 de
1345 4837 1656 4898 sententia
1688 4837 1933 4916 prolata
1963 4856 2000 4897 a
2022 4837 2238 4916 judice
2285 4838 2444 4899 laico

911 4931 972 4990 in
1000 4930 1257 5008 templo,
1291 4930 1392 4990 vel
1435 4930 1570 4990 loco
1628 4947 1828 5005 sacro,
1891 4931 2215 5009 supposito
2277 4930 2444 5008 quod

912 5024 1017 5084 illa
1041 5024 1230 5083 etiam
1261 5023 1570 5083 sententia
1614 5023 1858 5084 ratione
1886 5023 2003 5083 loci
2054 5023 2218 5084 sacri
2248 5024 2327 5085 sit
2352 5023 2447 5083 in-

913 5116 1141 5192 valida,
1163 5116 1241 5176 de
1264 5134 1388 5195 quo
1419 5116 1586 5176 idem
1609 5118 1841 5177 Suarez
1871 5117 1977 5177 ubi
2007 5130 2193 5196 supra
2218 5117 2436 5179 lib.111.

912 5227 1049 5286 cap.
1085 5225 1170 5269 ιν.
1207 5227 1269 5269 n.
1308 5211 1403 5268 13.
1440 5210 1596 5268 Nam
1627 5209 1704 5269 de
1751 5210 1857 5269 illa
1885 5211 2193 5271 sententia
2223 5209 2445 5270 invali-

912 5301 1014 5377 da,
1051 5306 1113 5362 et
1158 5300 1236 5360 de
1279 5301 1659 5379 obligatione
1695 5303 1774 5362 ad
1815 5303 2272 5364 restituendum
2328 5321 2440 5381 pro

910 5394 1142 5455 damno
1165 5412 1240 5454 ex
1267 5393 1405 5472 ipsa
1451 5400 1687 5473 secum,
1718 5395 1943 5457 eodem
1999 5396 2186 5458 modo
2238 5395 2446 5456 dicen-

911 5487 1063 5548 dum
1081 5491 1194 5548 est.

2099 402 2201 461 DE
2242 403 2595 464 JUSTITIA
2640 406 2739 465 ΕΤ
2781 406 2980 465 JURE

3017 913 3434 998 ssscho
3500 917 3619 1001 ΙΙΙ.

2559 1213 2684 1275 Alii
2706 1213 2881 1291 modi,
2915 1214 3121 1294 quibus
3140 1225 3346 1297 peccat
3355 1216 3554 1297 judex
3592 1220 3981 1300 usurpatione
3993 1222 4107 1303 ju-

2865 1319 3005 1380 dicii
3025 1321 3148 1383 sine
3174 1320 3364 1383 debita
3374 1323 3807 1404 jurzkdictione.

2642 1586 3136 1664 Supponendum
3166 1591 3263 1649 est
3297 1605 3374 1648 ex
3429 1590 3576 1652 Soto
3608 1608 3668 1651 v.
3701 1589 3773 1652 de
3807 1591 4102 1671 justititia
4216 1615 4228 1671 4

2561 1696 2666 1756 qu.
2701 1694 2786 1739 1v.
2821 1682 2938 1738 art.
2970 1681 3024 1740 1.
3058 1679 3268 1741 Lessio
3300 1680 3364 1740 in
3380 1683 3676 1759 praesenti
3703 1684 3813 1746 lib.
3836 1686 3913 1747 11.
3953 1704 4094 1765 cap.
4137 1735 4228 1779 mi

2558 1786 2725 1830 xxlx.
2761 1769 2909 1830 dub.
2943 1775 3001 1831 6.
3037 1775 3101 1832 et
3124 1772 3263 1832 aliis
3291 1775 3745 1847 communiter3
3795 1778 4098 1858 multipli-
4174 1804 4228 1853 w,-

2559 1863 2714 1923 citer
2740 1863 3100 1941 contingere
3132 1865 3302 1944 quod
3344 1866 3571 1945 aliquis
3625 1868 3863 1931 habeat
3899 1870 4098 1951 juris-

2559 1955 2899 2016 dictionem
2926 1956 2988 2016 in
3047 1957 3262 2018 alium.
3312 1959 3524 2020 Primo
3580 1961 3998 2041 ordinariam,
4033 1971 4095 2028 ut

2559 2047 2842 2110 Pontifex
2873 2048 3064 2110 habet
3090 2049 3151 2109 in
3185 2068 3403 2112 omnes
3433 2052 3821 2116 Christianos
3846 2075 3863 2127 ς
3889 2076 4006 2117 rex
4034 2059 4093 2119 in

2557 2157 2704 2202 suos
2731 2141 3033 2217 subdit03,
3060 2147 3179 2205 etc.
3207 2145 3497 2206 Secundo
3528 2147 3892 2226 delegatam
3923 2169 3964 2210 a
3994 2170 4097 2211 su-

2557 2233 2825 2312 periore,
2863 2237 2931 2296 ut
2983 2233 3226 2314 legatus
3274 2239 3461 2317 Papae
3514 2240 3615 2299 vel
3664 2240 3768 2300 alii
3828 2242 4091 2307 similes.

2556 2329 2788 2405 Tertia,
2822 2347 2897 2388 ex
2922 2345 3230 2389 consensu
3258 2330 3535 2408 alterius,
3583 2333 3692 2411 qui
3736 2352 3804 2394 se
3834 2336 4096 2399 submit-

2555 2422 2649 2498 tit,
2685 2425 2754 2482 ut
2780 2421 3086 2498 contingit
3111 2422 3173 2481 in
3201 2421 3521 2500 judicibus
3550 2425 3802 2488 arbitris
3860 2430 3976 2507 qui
4024 2449 4094 2489 ex

2555 2531 2863 2575 consensu
2892 2513 3166 2592 partium
3196 2515 3701 2590 constituuntur;
3739 2519 3850 2599 qui
3881 2527 4091 2582 tamen

2555 2626 2679 2668 non
2712 2607 2945 2667 habent
2969 2607 3409 2669 auctoritatem
3438 2609 3779 2687 publicam,
3828 2620 3897 2675 et
3952 2615 4093 2676 licet

2538 2699 2797 2786 ‘possint
2813 2718 2927 2759 sua
2954 2699 3263 2761 sententia
3299 2700 3518 2779 ligare,
3551 2721 3675 2763 non
3705 2708 3927 2766 tamen
3958 2726 4090 2786 pos-

2553 2799 2700 2855 sunt
2726 2811 2951 2871 cogere
2978 2792 3060 2853 ad
3091 2811 3231 2853 eam
3259 2793 3665 2872 implendam,
3702 2801 3770 2858 ut
3790 2798 3987 2860 docet
4027 2802 4086 2862 S.

2553 2886 2777 2948 Thom.
2814 2886 2879 2945 in
2907 2886 3199 2964 praesenti
3228 2905 3333 2965 qu.
3367 2889 3605 2949 LXVII.
3638 2894 3758 2950 art.
3794 2907 3840 2952 1.
3894 2893 3998 2953 ad.
4030 2898 4086 2955 2.

2554 2981 2704 3041 Soto
2727 2979 2834 3039 ubi
2862 2997 3053 3058 supra
3073 2980 3248 3040 artic.
3282 2982 3341 3041 3.
3377 2981 3593 3041 etalii.
3627 2983 3891 3061 Quarto,
3917 2987 4092 3046 sorti-

2552 3077 2655 3135 tur
2688 3073 2827 3152 quis
2847 3072 3351 3153 jurisdictionem
3395 3074 3637 3135 ratione
3683 3076 3904 3139 delicti
3932 3098 4091 3141 com-

2554 3166 2725 3228 missi
2756 3167 2816 3226 in
2873 3164 3008 3246 ejus
3062 3166 3372 3228 territorio
3428 3185 3566 3248 cap.
3626 3168 3978 3249 Postulasti,
4033 3178 4092 3234 et

2554 3279 2693 3339 cap.
2728 3260 2837 3320 fin.
2881 3257 2951 3320 de
2997 3259 3135 3340 foro
3197 3261 3558 3341 competenti,
3620 3262 3699 3323 de
3746 3283 3880 3343 quo
3934 3267 4092 3327 ultra

2555 3355 2708 3415 alios
2743 3353 2941 3413 videri
2970 3357 3177 3432 potest
3204 3353 3489 3414 Sanchez
3536 3355 3644 3417 lib.
3709 3357 3814 3418 v1.
3869 3357 4084 3420 Consu.

2554 3466 2691 3526 cap.
2726 3463 2768 3507 1.
2801 3446 2953 3508 dub.
2986 3462 3091 3507 xv.
3126 3452 3189 3506 et
3232 3462 3360 3507 xvl.
3410 3448 3639 3521 Quinto
3666 3449 3916 3511 ratione
3945 3470 4089 3513 con-

2554 3544 2809 3615 tractus,
2843 3538 3163 3615 domicilii,
3196 3539 3296 3600 vel
3322 3541 3414 3599 rei
3470 3541 3549 3601 de
3602 3560 3727 3620 qua
3782 3542 4081 3622 litigatur.

2557 3635 2745 3695 Sexto
2776 3634 3016 3693 ratione
3044 3631 3314 3712 injuriae,
3365 3637 3435 3694 ut
3477 3634 3532 3694 si
3585 3634 3876 3697 subditus
3904 3638 4087 3698 unius

2553 3726 2849 3805 principis
2879 3743 3099 3805 passus
3125 3726 3207 3786 sit
3234 3724 3529 3805 injuriam
3579 3745 3615 3786 a
3643 3727 3901 3790 subdito
3938 3731 4088 3791 alte-

2552 3819 2702 3892 rius,
2761 3817 2865 3898 qui
2912 3818 3342 3897 interpellatus
3401 3819 3560 3880 nolit
3607 3821 3830 3899 punire
3901 3841 4086 3882 suum

2554 3911 2892 3987 subditum,
2951 3911 3180 3990 poterit
3207 3915 3419 3990 petere
3464 3911 3811 3974 vindictam
3863 3933 3905 3976 a
3979 3934 4086 3977 suo

2553 4004 2853 4084 principe.

2631 4098 2739 4158 His
2770 4095 3104 4176 suppositis
3132 4097 3351 4175 regula
3396 4098 3710 4175 generalis
3766 4105 3893 4174 est;
3951 4101 4088 4181 qui·

2551 4209 2820 4269 cumque
2846 4193 3092 4250 exercet
3113 4189 3618 4268 jurisdictionem
3666 4192 3733 4252 in
3783 4193 4083 4274 aliquem,

2551 4301 2741 4362 quam
2767 4281 3043 4362 legitime
3100 4301 3224 4343 non
3274 4282 3482 4357 habet,
3544 4291 3770 4363 peccat
3826 4291 4084 4365 peccato

2549 4375 2970 4454 usurpationis
2991 4374 3235 4454 judicii.
3268 4377 3427 4436 Hinc
3454 4378 3655 4439 oritur
3683 4380 3948 4458 vulgare
3978 4380 4087 4440 dn·
4127 4413 4138 4453 ἰ

2547 4470 2742 4544 bium,
2767 4487 2847 4527 an
2873 4468 3103 4529 Pilatus
3139 4470 3494 4547 peccaverit
3545 4470 3914 4551 hujusmodi
3944 4491 4089 4552 pec-

2548 4565 2687 4621 cato
2710 4560 3053 4640 judicando
3085 4561 3421 4637 Christum,
3452 4562 3531 4623 de
3557 4581 3682 4642 quo
3715 4571 3918 4644 agunt
3976 4569 4083 4627 Ca·

2539 4654 2736 4733 jetan.
2772 4656 2990 4733 quaest.
3024 4669 3211 4714 van.
3246 4658 3362 4715 art.
3402 4657 3457 4715 1.
3505 4656 3695 4718 Sotus
3741 4657 3846 4718 ubi
3894 4678 4088 4737 supra

2546 4747 2712 4809 dicto
2743 4747 2916 4808 artic.
2956 4750 3012 4808 1.
3047 4747 3280 4808 Suarez
3308 4764 3401 4808 111.
3459 4753 3623 4827 part.
3658 4755 3882 4831 quaest.
3918 4769 4082 4813 nvi.

2547 4840 2776 4919 disput.
2806 4855 3015 4900 xxxv1.
3040 4844 3192 4901 sect.
3240 4843 3295 4900 1.
3331 4845 3395 4902 et
3420 4841 3528 4901 lib.
3562 4858 3650 4903 ιν.
3686 4853 3895 4905 contr-a
3925 4865 4085 4905 etv-o-

2546 4952 2637 4993 res
2663 4932 2896 5014 Anylz'oe
2914 4951 3051 5012 cap.
3104 4949 3216 4995 vn.
3249 4934 3312 4993 in
3341 4934 3486 4996 fine.
3528 4937 3774 4999 Valent.
3825 4937 3893 4998 in
3926 4957 4089 5017 prae-

2544 5026 2705 5087 senti
2734 5025 3029 5105 disputat.
3065 5028 3137 5087 V.
3172 5030 3392 5106 quaest.
3447 5043 3491 5088 1.
3548 5036 3786 5107 puncto
3833 5033 3892 5092 1.
3934 5034 4087 5093 'rnr-

2544 5120 2756 5179 rianus
2778 5119 2839 5178 in
2860 5119 3155 5196 praesenti
3172 5118 3470 5197 disputat.
3503 5136 3718 5182 valn.
3745 5122 3900 5184 dub.
3940 5127 3997 5185 1.
4027 5128 4086 5183 et

2542 5212 2669 5287 alii,
2705 5228 2974 5291 quorum
3003 5211 3195 5291 aliqui
3229 5212 3449 5273 volunt
3469 5213 3741 5276 Pilatum
3787 5215 4083 5277 habuisse

2544 5323 2759 5365 veram
2781 5303 3284 5384 jurisdictionem
3316 5306 3537 5367 saltem
3569 5326 3643 5367 ex
3674 5309 4081 5370 concessione

2542 5397 2791 5459 Christi.
2825 5397 2944 5458 Alii
2975 5401 3184 5459 tamen
3217 5404 3454 5477 negant
3480 5399 3797 5477 habuisse,
3826 5402 3955 5462 nisi
3984 5420 4083 5481 po-

2539 5494 2829 5552 testatem
2885 5491 3331 5568 permissionis,
3367 5492 3650 5554 Christus
3693 5494 3859 5555 euim
3893 5495 4080 5556 etiam

2542 5592 2614 5644 ut
2641 5583 2830 5645 homo
2860 5583 3104 5646 ratione
3132 5583 3383 5646 unionis
3410 5602 3555 5646 cum
3584 5586 3789 5648 Verbo
3818 5593 3967 5650 erat
3991 5587 4077 5649 di·

4152 1845 4228 1897 suu

4132 4253 4221 4455 aziz
4216 4130 4222 4185 ἡ
