4263 6376
52 3018 104 3068 ’.α’
129 3021 197 3065 sini

52 3075 153 3117 mm

52 3128 172 3171 &biles

52 3188 134 3224 nin

53 3243 158 3280 utim-

1219 304 1691 366 DISPU'PATIO
1734 304 2008 379 XXXVI,
2057 305 2330 367 SECTIO
2382 308 2479 369 v1.

247 479 501 542 tentiam
532 483 823 557 teneant,
860 499 1076 541 omnes
1102 484 1314 543 tamen
1343 482 1619 544 fatentur
1647 500 1771 542 non

248 575 437 636 teneri
458 574 538 636 ad
561 575 980 636 obediendum
1002 594 1143 637 cum
1175 595 1247 637 eo
1270 577 1484 652 dubi0‚
1519 575 1771 655 quando

248 667 301 728 id
330 668 500 747 quod
532 668 894 747 praecipitur
936 673 1032 729 est
1059 669 1242 728 nimis
1284 669 1533 729 difficile
1563 669 1772 729 subdi-

252 766 329 835 te,
361 761 462 820 vel
492 780 793 840 magnum
824 762 878 821 ei
912 762 1213 822 damnum
1244 764 1444 838 affert,
1479 767 1548 824 ut
1574 762 1774 823 faten-

250 859 341 915 tur
387 854 429 913 ii
479 873 637 934 quos
685 856 867 917 affert
910 860 974 917 et
1022 856 1304 936 sequitur
1350 856 1632 918 Sanchez
1686 856 1774 916 ibi

251 967 412 1008 num.
448 952 551 1009 23.
610 953 672 1010 et
698 952 796 1010 24.
848 952 911 1009 et
937 950 1127 1011 Palao
1175 968 1348 1011 num.
1386 954 1482 1011 16.
1534 950 1681 1029 quia
1709 948 1769 1008 in

251 1041 429 1102 dubio
477 1041 815 1103 favendum
847 1046 942 1104 est
968 1062 1075 1104 reo
1101 1089 1116 1119 ,
1179 1047 1241 1105 et
1269 1043 1323 1103 ei
1353 1043 1430 1103 de
1462 1041 1637 1121 cujus
1667 1041 1773 1102 da·-

250 1153 386 1195 mno
417 1135 655 1213 agitur,
707 1139 769 1196 et
805 1136 952 1215 quia
978 1136 1313 1197 difficultas
1343 1137 1446 1197 illa
1477 1154 1603 1195 una
1630 1152 1774 1195 cum

252 1228 432 1288 dubio
476 1228 553 1288 de
581 1231 889 1307 potestate
937 1228 1286 1311 imperandi
1333 1229 1776 1309 praeponderat

250 1321 617 1400 possessioni
649 1321 1008 1400 superioris,
1044 1327 1108 1384 et
1133 1322 1301 1383 favet
1326 1322 1597 1384 libertati
1627 1321 1774 1382 sub-

252 1413 374 1475 diti.
430 1416 510 1475 Et
564 1415 850 1494 quamvis
906 1415 1190 1477 Sanchez
1245 1416 1414 1494 loqui
1464 1416 1768 1494 videatur,

251 1507 499 1587 quando
555 1525 656 1569 res
684 1512 1001 1587 praecepta
1041 1513 1205 1568 esset
1252 1509 1433 1568 valde
1479 1509 1769 1587 difficilis,

251 1605 348 1662 aut
369 1600 555 1661 nimis
571 1600 855 1677 molesta,
881 1604 989 1661 aut
1009 1603 1260 1661 afferret
1279 1602 1625 1679 periculum
1647 1622 1775 1662 ma-

251 1694 349 1772 gni
380 1694 594 1755 damni
625 1693 897 1773 proprii,
944 1694 1041 1753 vel
1074 1694 1352 1755 alterius,
1414 1695 1531 1755 Alii
1564 1700 1773 1756 tamen

250 1806 369 1847 non
398 1788 489 1848 ita
518 1790 920 1866 exaggerant,
956 1786 1062 1845 scd
1099 1787 1300 1847 solum
1331 1793 1571 1865 petunt,
1607 1788 1774 1867 quod

250 1882 465 1941 afferat
491 1899 684 1960 grave
715 1880 1015 1939 damnum
1048 1880 1320 1957 subdit0,
1355 1884 1541 1959 prout
1573 1880 1776 1961 loqui-

248 1979 342 2036 tur
372 1973 622 2035 Lessius
666 1972 807 2035 libr.
843 1990 913 2033 11.
962 1971 1031 2033 de
1057 1972 1328 2050 lustitia,
1379 1991 1519 2053 cap.
1553 1976 1769 2035 XXXI.

247 2067 391 2127 dub.
429 2084 524 2127 111.
559 2085 732 2127 num.
761 2069 855 2128 10.
892 2071 955 2127 et
983 2066 1044 2125 in
1068 2066 1350 2128 terminis
1379 2085 1559 2128 casus
1581 2066 1776 2127 nostri

246 2178 379 2238 cap.
407 2176 528 2221 xm.
566 2177 737 2220 num.
761 2163 859 2219 77.
896 2158 958 2218 in
987 2158 1133 2234 fine,
1168 2159 1276 2219 ubi
1306 2159 1482 2220 addit
1502 2160 1776 2221 rationes

245 2254 398 2313 alias
426 2253 597 2334 quod
627 2252 922 2312 nimirum
948 2252 1012 2311 in
1037 2252 1345 2313 solutione
1373 2253 1775 2331 vectigalium

245 2346 477 2407 subditi
505 2346 708 2424 magis
738 2351 954 2425 agunt,
990 2349 1058 2406 ut
1085 2345 1403 2407 debitores
1432 2365 1508 2406 ex
1537 2347 1599 2405 vi
1627 2364 1776 2406 con-

245 2444 500 2516 tractus,
536 2439 642 2519 qui
671 2439 834 2500 inter
852 2457 980 2515 eOS‚
1018 2439 1446 2517 etprincipem
1478 2439 1649 2501 initio
1682 2439 1778 2499 in-

245 2532 564 2609 tercessit,
599 2550 788 2611 quam
818 2536 887 2592 ut
914 2531 1146 2592 subditi
1179 2550 1330 2610 erga
1360 2532 1771 2610 superiorem,

245 2632 304 2687 et
328 2627 482 2705 quia
510 2625 773 2685 dubium
818 2624 881 2683 in
930 2624 1050 2684 hoc
1081 2642 1227 2685 casu
1261 2643 1382 2685 non
1410 2630 1539 2685 tam
1570 2643 1776 2685 versa-

243 2722 341 2781 tur
371 2718 540 2778 circa
570 2736 702 2778 rem
733 2721 1111 2796 praeceptam
1133 2764 1148 2794 ,
1188 2736 1376 2796 quam
1407 2718 1573 2779 circa
1600 2722 1777 2797 pote-

242 2816 466 2873 statem
497 2810 936 2890 praecipientis

320 2908 471 2965 Haec
501 2903 670 2964 dicta
714 2908 860 2964 sunt
901 2902 978 2963 de
1008 2902 1200 2963 dubio
1232 2903 1557 2981 negativo3
1609 2923 1775 2966 nunc

242 2997 582 3059 dicendum
612 3000 707 3058 est
734 2995 813 3056 de
842 2996 1033 3057 dubio
1054 2995 1320 3075 positivo
1352 2998 1603 3075 quando
1634 3003 1780 3061 sunt

240 3090 519 3152 rationes
549 3089 910 3168 probabiles
939 3107 1052 3168 pro
1076 3087 1338 3167 justitia,
1373 3095 1437 3150 et
1465 3108 1576 3167 pro
1607 3091 1775 3171 inju-

240 3183 411 3247 stitia
437 3181 694 3259 tributi,
754 3201 833 3243 an
880 3181 1077 3260 possit
1128 3180 1414 3244 subditus
1455 3182 1609 3245 illud
1649 3205 1773 3246 non

238 3277 507 3338 solvere.
540 3277 610 3336 In
641 3294 764 3355 quo
795 3294 945 3336 casu
967 3279 1199 3354 negant
1226 3275 1419 3355 aliqui
1439 3296 1620 3355 posse
1650 3298 1774 3340 non

239 3369 418 3441 solvi,
453 3369 544 3429 ita
572 3370 858 3448 vasquez
888 3369 1055 3429 dicto
1082 3370 1138 3447 ἕ.
1165 3385 1258 3429 111.
1294 3387 1467 3431 ηοω.
1492 3374 1589 3432 78.
1623 3373 1775 3432 Tur-

235 3462 453 3523 rianus
483 3461 654 3523 dicta
710 3461 871 3539 disp.
906 3463 1116 3524 XLVI.
1176 3462 1326 3523 dub.
1363 3479 1448 3524 vl.
1502 3483 1676 3526 num.
1709 3469 1770 3527 5.

235 3557 385 3634 quia
414 3556 565 3616 licet
593 3554 794 3615 solum
825 3555 1014 3632 dicat,
1049 3555 1111 3614 in
1143 3555 1335 3617 dubio
1368 3575 1503 3616 esse
1533 3557 1777 3637 obliga-

232 3650 477 3709 tionem
509 3647 830 3724 solvendi,
875 3648 987 3708 sed
1016 3652 1225 3709 tamen
1258 3668 1430 3710 num.
1464 3652 1523 3711 3.
1559 3668 1773 3712 casum

231 3744 657 3822 proposuerat
698 3741 775 3802 de
806 3741 998 3801 dubio
1028 3742 1295 3820 positivo
1314 3787 1331 3818 ,
1382 3744 1634 3822 quando
1664 3764 1772 3804 rex

229 3854 510 3915 sequens
541 3834 900 3912 opinionem
921 3834 1311 3914 probabilem
1331 3836 1634 3898 tributum
1665 3838 1774 3897 im-

230 3929 445 4008 ponit;
508 3927 675 3986 idem
718 3926 905 3988 docet
934 3928 1168 3989 Suarez
1212 3927 1352 3989 libr.
1388 3947 1447 3990 v.
1500 3927 1572 3990 de
1597 3929 1768 4010 leqib.

227 4041 286 4083 c.
322 4038 513 4084 xvm.
548 4040 720 4081 num.
755 4022 854 4082 20.

310 4115 441 4176 Alii
473 4119 684 4176 tamen
713 4113 922 4175 verius
966 4119 1198 4193 negant
1225 4115 1415 4176 talem
1445 4116 1775 4196 obligatio-

225 4227 407 4286 nem,
445 4207 558 4268 sed
588 4207 842 4283 dicunt,
894 4225 1080 4286 posse
1128 4208 1450 4270 subditum
1480 4209 1772 4288 amplecti

224 4302 603 4382 opinionem
650 4301 1044 4381 probabilem
1094 4303 1474 4363 contrariam
1505 4303 1581 4364 de
1612 4302 1776 4383 inju-

220 4395 408 4457 stitia
435 4394 685 4472 tributi,
730 4398 792 4455 et
819 4394 1064 4473 operari
1092 4395 1272 4474 juxta
1297 4394 1467 4457 illam
1498 4416 1622 4458 non
1653 4397 1778 4456 sol-

221 4488 468 4563 vendo,
503 4487 590 4548 ita
617 4505 910 4567 expresse
941 4490 1169 4548 Navar.
1217 4488 1323 4549 lib.
1360 4506 1454 4551 111.
1489 4488 1559 4549 de
1586 4490 1769 4552 restit.

219 4590 400 4663 part.
435 4581 541 4641 111.
601 4579 750 4641 dub.
788 4596 929 4642 xm.
985 4581 1049 4640 in
1078 4582 1233 4657 fine,
1294 4582 1578 4643 Sanchez
1607 4583 1774 4645 dicto

215 4676 336 4736 lib.
379 4690 471 4737 vl.
505 4673 564 4732 in
589 4672 870 4753 Decaloq.
906 4693 1041 4754 cap.
1077 4690 1172 4735 111.
1210 4693 1382 4736 num.
1407 4681 1466 4738 7.
1503 4680 1566 4737 et
1592 4696 1630 4737 a
1660 4677 1778 4736 for-

214 4768 375 4830 tiori
409 4766 576 4827 idem
607 4767 838 4829 docent
868 4771 1178 4847 quotquot
1204 4768 1422 4831 dicunt
1453 4769 1774 4831 subditum

214 4859 650 4942 probabiliter
662 4858 1053 4940 judicantem
1075 4880 1207 4922 rem
1228 4866 1607 4941 praeceptam
1638 4882 1775 4925 esse

211 4973 433 5035 supra
472 4958 849 5033 potestatem
893 4955 1352 5034 praecipientiS,
1412 4974 1594 5036 posse
1652 4975 1776 5018 non

215 5046 535 5121 obedire-3
588 5066 779 5126 quam
825 5049 1200 5109 sententiam
1245 5049 1371 5109 late
1410 5050 1636 5128 probat
1664 5053 1778 5113 Ca-

209 5140 496 5219 stropal.
547 5140 694 5201 dict.
743 5144 925 5202 tract.
959 5142 1005 5201 I.
1056 5140 1284 5220 disput.
1320 5158 1389 5202 11.
1436 5148 1649 5221 punct.
1686 5162 1772 5206 vr.

210 5253 414 5295 num.
446 5237 510 5295 5.
563 5236 626 5293 et
671 5233 804 5312 ipse
854 5235 1086 5296 Suarez
1119 5240 1271 5296 tom.
1307 5253 1367 5298 v.
1403 5235 1473 5297 de
1500 5239 1774 5316 censuris,

206 5329 400 5407 disp.
433 5329 541 5389 lv.
596 5332 746 5387 sect.
783 5344 866 5389 vr.
921 5346 1094 5390 ηοω.
1129 5332 1189 5391 6.
1241 5329 1305 5389 1η
1350 5332 1474 5392 fine
1521 5333 1775 5408 fatetur,

205 5441 355 5483 non
413 5438 551 5481 esse
604 5419 1052 5499 obligationem
1094 5421 1463 5502 obediendi,
1525 5426 1778 5505 quando

202 5516 462 5578 saltem
519 5514 848 5576 manifeste
897 5516 1223 5593 probabile
1271 5522 1364 5579 est
1410 5518 1778 5580 mandatum

3287 312 3400 370 03¹1

1874 500 2007 542 esse
2063 502 2253 563 supra
2310 488 2682 562 potestatem
2721 485 3162 564 praecipientis..
3222 488 3300 548 Et
3340 486 3403 546 in

1873 593 2021 636 casu
2050 576 2128 635 de
2160 577 2391 638 tributo
2415 578 2825 656 probabiliter
2853 578 3082 659 injusto
3114 598 3405 657 expresse

1872 669 1936 729 id
1958 669 2143 731 docet
2156 670 2404 731 Lessius
2426 671 2591 732 dicto
2613 690 2751 750 cap.
2778 673 3050 733 XXXlll.
3086 672 3234 732 dub.
3263 688 3399 733 vm.

1873 780 2044 823 num.
2077 767 2178 824 67.
2214 763 2448 841 dicensi,
2483 783 2617 825 esse
2649 782 3046 825 communem
3077 765 3404 825 doctorum

1874 856 2274 917 sententiam.
2308 855 2566 919 Malder.
2616 857 2765 919 item
2796 858 2857 919 in
2888 858 3178 937 praesenti
3213 863 3288 918 tr.
3325 860 3399 919 V.

1875 965 2011 1027 cap.
2048 966 2134 1009 vi.
2172 949 2322 1011 dub.
2359 954 2418 1010 4.
2453 954 2516 1011 et
2543 950 2646 1010 alii
2672 951 2885 1027 multi,
2938 969 3095 1030 quos
3123 951 3406 1030 congerit

1874 1040 2073 1101 Diana
2101 1059 2145 1102 1.
2180 1046 2332 1105 tom.
2366 1047 2547 1106 tract.
2582 1042 3055 1125 deparlamento,
3089 1044 3275 1107 resol.
3300 1047 3398 1104 22.

1875 1134 2187 1195 eteoclem
2219 1139 2369 1196 tom.
2406 1137 2480 1197 11.
2515 1142 2676 1214 part.
2712 1141 2787 1197 tr.
2823 1153 2916 1197 111.
2959 1137 3203 1198 miscell.
3237 1155 3407 1197 reso-

1871 1226 1984 1287 lut.
2019 1231 2118 1289 58.
2181 1229 2289 1288 ubi
2344 1247 2458 1308 per
2501 1246 2776 1290 errorem
2823 1229 3086 1291 fortasse
3116 1230 3403 1290 eamdem

1874 1320 2003 1379 fere
2036 1320 2480 1383 resolutionem
2511 1323 2738 1382 iterum
2768 1323 3080 1401 apposuit.

1955 1414 2282 1490 Probatur,
2311 1414 2458 1494 quia
2478 1415 2783 1493 imprimis
2803 1415 2981 1476 multi
3002 1416 3408 1495 probabiliter

1875 1506 2125 1583 dicunt,
2187 1507 2509 1569 subditum
2566 1508 2928 1587 opinantem
2996 1508 3408 1587 probabiliter

1875 1618 2010 1659 rem
2038 1606 2423 1680 praeceptam
2453 1620 2587 1662 esse
2619 1602 2929 1678 illicitam,
2975 1603 3074 1662 vel
3101 1601 3405 1662 excedere

1876 1693 2296 1771 praecipientis
2324 1698 2721 1774 potestatem,
2755 1712 2935 1773 posse
2970 1712 3093 1755 non
3124 1695 3400 1755 obedire.

1876 1786 2113 1847 Deinde
2145 1788 2186 1846 ii
2214 1787 2403 1848 etiam
2435 1787 2537 1866 qui
2570 1787 2814 1860 dicunt,
2849 1792 3000 1848 tuno
3027 1787 3227 1848 teneri
3257 1787 3407 1848 obe-

1876 1878 2032 1954 dire,
2066 1878 2387 1957 excipiunt
2413 1879 2667 1959 quando
2706 1898 2807 1940 res
2837 1884 3152 1957 praeoepta
3182 1879 3406 1939 diffici-

1873 1970 1949 2032 lis
1979 1975 2093 2048 est,
2123 1972 2221 2031 vel
2255 1974 2436 2033 affert
2462 1990 2655 2050 grave
2686 1970 3155 2032 incommodum
3185 1971 3403 2031 subdi-

1877 2067 1961 2141 to,
1999 2082 2189 2143 quam
2232 2065 2663 2145 exceptionem
2711 2065 2993 2126 Sanchez
3036 2084 3226 2144 snpra
3255 2064 3407 2125 alle-

1876 2162 2058 2236 gatus
2088 2158 2166 2218 de
2199 2161 2464 2237 utroque
2497 2157 2686 2218 dubio
2719 2162 2848 2218 tam
2878 2158 3180 2237 positivo,
3215 2176 3405 2237 quam

1877 2251 2168 2329 negativo
2198 2251 2447 2312 videtur
2475 2250 2844 2329 intelligere,
2877 2256 2943 2312 et
2972 2252 3136 2312 idem
3169 2252 3398 2312 Sanch.

1877 2343 1984 2404 lib.
2021 2361 2105 2405 vl.
2145 2342 2365 2404 Consil.
2402 2363 2540 2424 cap.
2576 2360 2670 2404 111.
2706 2344 2859 2404 dub.
2896 2347 2993 2406 10.
3030 2363 3134 2407 nu.
3172 2348 3228 2405 1.
3264 2362 3407 2405 cum

1879 2437 2027 2497 Soto
2057 2435 2128 2497 de
2156 2436 2351 2517 st‘qt'llo
2379 2437 2613 2497 memb.
2652 2453 2745 2498 111.
2782 2456 2888 2516 qu.
2927 2441 2982 2498 1.
3018 2438 3207 2515 dicit,
3266 2456 3408 2497 sen-

1877 2531 2138 2591 tentiam
2160 2529 2431 2609 judiciS,
2484 2548 2623 2610 quae
2670 2549 2795 2590 non
2839 2530 3117 2592 continet
3144 2531 3409 2590 manife-

1877 2628 2037 2686 stam
2066 2623 2436 2703 injustitiam
2457 2670 2472 2700 ,
2507 2624 2786 2703 obligare
2831 2625 3086 2704 quidem
3130 2643 3242 2702 pro
3272 2625 3406 2685 foro

1877 2721 2170 2792 externo,
2233 2735 2353 2777 non
2397 2721 2608 2778 tamen
2655 2735 2767 2796 pro
2809 2717 2945 2777 foro
2985 2718 3403 2792 conscientiae,

1878 2813 2120 2872 secluso
2160 2810 2458 2871 scandalo
2493 2830 2506 2870 :
2552 2830 2745 2889 quare
2775 2828 3129 2889 supponere
3159 2811 3410 2872 videtur

1878 2904 2047 2984 quod
2077 2902 2330 2984 quando
2360 2903 2773 2983 probabiliter
2814 2907 2909 2964 est
2954 2902 3219 2982 injusta,
3283 2922 3409 2964 non

1877 2997 2116 3076 obliget
2134 3014 2313 3058 reum
2342 2997 2403 3055 in
2429 2997 2566 3057 foro
2588 2996 2985 3058 conscientiae
3015 2996 3098 3057 ad
3116 2996 3410 3057 obedien·

1878 3088 2051 3151 dum.
2103 3089 2281 3163 Quod
2326 3089 2389 3149 in
2422 3108 2569 3150 casu
2614 3094 2825 3150 nostro
2862 3090 3059 3150 multo
3086 3088 3289 3167 magis
3318 3088 3409 3149 lo-

1877 3201 2019 3243 cum
2053 3182 2244 3244 habet
2266 3230 2280 3258 ,
2338 3181 2442 3243 ubi
2472 3182 2570 3243 lex
2598 3182 2816 3244 tributi
2848 3203 2972 3244 non
3002 3186 3132 3244 tam
3163 3182 3411 3244 videtur

1868 3276 2102 3355 judicis
2130 3276 2474 3352 sententia,
2523 3294 2712 3354 quam
2742 3275 2957 3354 petitio
2989 3276 3206 3352 debiti,
3240 3274 3408 3356 quod

1875 3369 2163 3430 subditus
2211 3388 2285 3428 ex
2331 3368 2476 3445 jure
2533 3373 2776 3429 naturae
2822 3368 2920 3429 vel
2969 3387 3042 3428 ex
3087 3373 3409 3430 contractu

1832 3524 1848 3529 ,
1876 3460 2141 3541 principi
2158 3461 2366 3533 debet,
2399 3463 2675 3540 utsupra
2697 3480 2771 3520 ex
2790 3462 2999 3522 Lessio
3029 3462 3404 3523 notavimus.

1878 3559 2222 3709 Ηιῖῐῗῖοτῑοι
2249 3647 2474 3727 primo,
2510 3647 2572 3708 in
2605 3666 2677 3708 eo
2701 3665 2872 3723 casu,
2909 3666 3032 3727 quo
3054 3647 3410 3726 prohabiles

1875 3746 2022 3804 sunt
2057 3741 2332 3803 rationes
2360 3759 2475 3820 pro
2499 3739 2780 3820 justitia,
2842 3744 2906 3801 et
2949 3758 3063 3821 pro
3105 3740 3410 3820 injustitia

1875 3835 2122 3911 tributi,
2170 3835 2519 3914 principem
2557 3833 2724 3895 licite
2754 3836 2969 3912 petere
2999 3837 3063 3894 et
3088 3833 3409 3895 subditum
3490 3818 3541 3901 1¹21
3562 3872 3586 3900 ο

1875 3928 2041 3991 licite
2071 3946 2303 4008 negare
2331 3927 2659 4004 tributum,
2708 3927 2856 4007 quia
2894 3930 3159 4007 uterque
3206 3927 3408 4006 sequi-

1872 4027 1976 4083 tur
2002 4021 2378 4083 sententiam
2423 4019 2847 4099 probabilem,
2906 4023 2971 4081 et
3023 4020 3161 4081 dari
3206 4023 3412 4098 potest

1875 4115 2108 4176 bellum
2155 4113 2395 4194 justum
2465 4133 2541 4174 ex
2610 4116 2875 4192 utraque
2921 4118 3098 4192 parte
3154 4118 3411 4192 propter

1875 4209 2296 4289 ignorantiam
2327 4207 2605 4269 veritatis
2628 4253 2644 4284 ,
2678 4225 2819 4286 quae
2846 4225 2922 4266 ex
2951 4226 3075 4267 una
3105 4212 3283 4286 parte
3313 4207 3409 4266 in-

1875 4302 2160 4364 tercedit.
2195 4302 2491 4374 Quamvis
2519 4305 2729 4362 autern
2746 4302 2935 4380 Vasq.
2972 4301 3136 4362 dicto
3169 4301 3319 4362 dub.
3344 4317 3404 4362 v.

1877 4414 2049 4457 ηοω.
2083 4399 2143 4457 6.
2177 4395 2384 4472 dicat,
2443 4394 2790 4473 principem
2837 4393 2899 4453 in
2928 4394 3163 4456 tributo
3210 4394 3413 4473 impo-

1877 4489 2083 4550 nendo
2123 4489 2353 4549 debere
2401 4487 2577 4569 sequi
2627 4488 3002 4549 sententiam
3032 4487 3414 4566 probabilio-

1876 4601 2032 4660 rem,
2068 4588 2131 4644 et
2160 4601 2285 4643 non
2315 4583 2519 4643 solum
2551 4581 2758 4641 minus
2783 4580 3174 4660 probabilem
3195 4628 3210 4658 ,
3264 4579 3411 4660 quia

1869 4676 2065 4758 judex
2092 4680 2223 4738 est:
2257 4676 2363 4736 alii
2390 4679 2598 4737 tamen
2623 4674 2860 4752 dicunt,
2895 4675 3044 4736 satis
3073 4693 3207 4734 esse
3237 4673 3287 4734 si
3319 4692 3411 4734 se-

1878 4776 2108 4852 quatur
2156 4771 2529 4832 sententiam
2569 4768 2961 4849 probabilem
3016 4767 3183 4829 circa
3222 4767 3412 4847 justi-

1876 4865 2030 4926 tiam
2057 4863 2274 4925 tributi
2302 4910 2317 4941 ‚
2350 4869 2420 4925 ut
2445 4863 2677 4924 fatetur
2705 4862 2993 4924 Turrian.
3046 4861 3213 4922 dicto
3255 4861 3405 4923 dub.

1879 4975 1965 5020 vr.
1997 4977 2058 5018 n.
2094 4959 2153 5017 3.
2189 4961 2252 5018 et
2278 4955 2574 5035 supponit
2590 4957 2837 5018 Lessius
2859 4957 3023 5017 dicto
3044 4973 3099 5017 c.
3130 4955 3404 5016 XXXIII.

1878 5051 2029 5112 duh.
2065 5066 2202 5110 v111.
2238 5069 2299 5110 η.
2336 5061 2347 5104 1
2375 5052 2433 5110 5.

1958 5144 2231 5206 Infertur
2256 5142 2573 5218 secundo,
2625 5142 2794 5221 quod
2846 5141 3186 5203 dicendum
3224 5132 3304 5202 sit
3331 5141 3409 5201 de

1877 5237 2221 5317 gabellario
2266 5236 2552 5314 exigente
2595 5239 2656 5296 et
2683 5235 3013 5314 colligente
3042 5234 3342 5296 tributum
3372 5253 3413 5296 a
3460 5281 3526 5377 ⁴⁴1¹:

1879 5330 2166 5404 subditis,
2202 5329 2280 5390 de
2310 5347 2432 5409 quo
2465 5328 2696 5390 Sanch.
2733 5328 2899 5390 dicto
2931 5329 3038 5390 lib.
3074 5346 3143 5390 11.
3184 5327 3404 5390 Consil.

1878 5443 2019 5504 cap.
2055 5422 2329 5486 1v.dub.
2377 5427 2435 5483 7.
2483 5425 2545 5483 et
2593 5421 2829 5482 Molina
2856 5421 3022 5482 dicta
3071 5421 3232 5501 disp.
3267 5425 3405 5482 674.

1879 5537 2052 5579 ηοω.
2084 5522 2145 5580 7.
2194 5536 2338 5579 cum
2370 5517 2543 5595 aliis,
2601 5534 2758 5596 quos
2799 5517 3103 5592 afferunt,
3166 5516 3407 5592 dicunt,

3559 5154 3637 5214 93

3562 5280 3758 5346 gabenu-

3588 5335 3757 5431 neduiob

3459 5388 3572 5432 licite
3603 5390 3758 5443 mgni.
