4263 6376
591 2599 696 2657 191

519 2722 652 2765 Penes
668 2724 787 2777 quem

504 2775 557 2817 sit
576 2775 798 2819 doniinium

565 2830 746 2893 poeuqiae

570 2889 735 2926 meniu.

591 4720 705 4779 192

535 4847 601 4889 An
621 4846 742 4888 liceat

491 4900 658 4953 exigere
693 4900 786 4954 plus

489 4954 540 4995 ad
579 4965 786 5007 aucmen-

491 5012 579 5048 tum
614 5006 783 5050 montis.

873 272 991 331 240

869 450 1153 524 sumptus
1199 443 1440 522 aliquos
1481 441 1669 502 faciat
1696 441 1758 500 in
1787 441 2052 520 gratiam
2085 445 2402 502 mutuata-

869 541 1125 614 riorum,
1161 555 1340 615 posse
1373 535 1608 594 eisdem
1638 534 1883 613 legibus
1912 534 2045 594 sine
2074 535 2224 595 vitio
2256 554 2402 593 usu-

866 649 952 691 rae
981 634 1257 690 montem
1288 629 1685 689 constituere.
1723 630 1812 687 lta
1833 646 1976 687 cum
1998 627 2395 703 aliisMolina‚

868 728 930 783 et
957 723 1131 784 Salas
1177 721 1328 781 locis
1372 720 1610 797 citatiS,
1665 720 1953 779 Rebellus
2000 720 2106 780 lib.
2146 717 2403 781 V111.de

865 816 1074 876 usuris.
1111 834 1215 893 qu.
1251 830 1387 873 xm.
1426 832 1597 873 num.
1651 829 1737 873 lv.
1771 813 2020 873 Lessius
2051 831 2223 871 num.
2259 815 2393 873 194.

866 908 968 988 qui
1003 907 1209 980 addit,
1261 907 1311 965 si
1361 905 1440 963 ad
1489 904 1656 964 hunc
1701 905 1889 964 finem
1923 905 2254 982 pecuniam
2283 904 2398 963 sub

863 1019 1052 1062 onere
1082 998 1345 1077 alicujus
1373 1016 1595 1057 census
1625 998 1967 1075 accepisset
1993 1044 2007 1073 ,
2059 1015 2240 1075 posse
2271 996 2399 1056 exi-

863 1111 1012 1172 gere
1042 1090 1489 1151 amutuatariis
1519 1094 1822 1168 quantum
1854 1107 2107 1149 necesse
2140 1094 2304 1149 esset
2331 1093 2401 1150 ut

862 1204 928 1246 se
958 1185 1318 1245 indemnem
1347 1186 1712 1261 praestaret,
1766 1186 1828 1241 et
1868 1182 1972 1241 alii
2021 1181 2398 1241 recentiores

862 1277 1281 1339 communiter
1307 1276 1476 1335 idern
1516 1274 1889 1336 concedunt.
1950 1274 2149 1334 Debet
2188 1279 2395 1334 tamen

862 1373 984 1432 hoc
1011 1369 1273 1447 intelligi
1305 1368 1546 1428 secluso
1580 1367 1898 1444 scandalo,
1934 1367 2100 1445 quod
2131 1384 2297 1444 saepe
2328 1366 2399 1427 ti-

863 1463 1017 1524 meri
1047 1468 1273 1541 potest,
1314 1465 1377 1521 et
1406 1459 1849 1539 prohibitione,
1882 1464 2069 1538 prout
2097 1459 2159 1517 in
2187 1458 2399 1518 multis

859 1557 1014 1618 locis
1060 1554 1430 1633 prohibetur
1473 1570 1550 1612 ne
1581 1551 1712 1611 sine
1759 1550 2057 1630 principis
2101 1550 2396 1611 facultate

860 1649 922 1709 id
953 1649 1084 1708 fiat.

939 1743 1028 1802 Ex
1060 1740 1241 1800 dictis
1270 1738 1553 1813 infertur,
1587 1736 1639 1796 si
1657 1735 1881 1815 aliquis
1907 1736 1970 1795 in
1999 1735 2270 1814 gratiam
2299 1753 2399 1796 eo-

858 1852 997 1895 rum
1042 1832 1146 1912 qui
1188 1836 1407 1891 mutuo
1439 1830 1754 1907 indigent,
1815 1829 1978 1888 hanc
2021 1847 2238 1889 curam
2279 1829 2395 1890 sibi

856 1930 1208 1987 assumeret
1249 1923 1575 2001 quaerendi
1627 1922 1868 2001 aliquos
1918 1921 2023 2000 qui
2081 1925 2389 1998 mutuent,

856 2037 1039 2099 posse
1069 2034 1182 2096 pro
1213 2016 1331 2076 hac
1360 2032 1512 2075 cura
1540 2018 1602 2075 et
1629 2032 1890 2073 munere
1921 2014 2389 2087 amutuatariis,

858 2110 1237 2189 stipendium
1261 2154 1276 2183 ,
1309 2108 1408 2167 vel
1438 2107 1707 2185 pretium
1737 2107 1833 2166 sui
1857 2105 2087 2165 laboris
2117 2106 2389 2183 exigere,

856 2206 920 2265 in
951 2218 1219 2283 qnorum
1248 2200 1518 2278 gratiam
1561 2217 1817 2278 operam
1856 2216 2035 2258 suam
2066 2199 2387 2277 expendit,

855 2302 926 2359 ut
971 2294 1223 2375 quando
1269 2293 1555 2370 indigent
1595 2292 1656 2350 in
1694 2294 1989 2368 promptu
2035 2291 2394 2351 inveniatur

856 2390 963 2470 qui
992 2390 1255 2448 mutuet.
1315 2386 1405 2445 lta
1437 2383 1704 2443 Palatios
1748 2401 1935 2461 quem
1966 2384 2149 2445 affert
2188 2388 2249 2444 et
2293 2402 2392 2443 se-

855 2482 1066 2562 quitur
1095 2479 1271 2541 Salas
1293 2495 1463 2536 num.
1497 2480 1556 2539 8.
1590 2493 1809 2535 versus
1828 2476 2040 2535 finem.

926 2573 1237 2647 Quaeritur
1255 2571 1478 2649 primo,
1504 2587 1697 2648 penes
1725 2586 1913 2647 quem
1933 2567 2014 2628 sit
2041 2567 2390 2628 dominium

851 2668 1014 2728 illius
1043 2662 1364 2744 pecuniae?
1419 2661 1889 2740 Respondetur,
1936 2678 2059 2719 non
2103 2678 2239 2719 esse
2269 2660 2389 2721 hoc

850 2759 1164 2840 peculiare
1194 2758 1256 2816 in
1277 2759 1522 2825 monte;
1555 2753 1723 2812 idem
1752 2752 1919 2812 enim
1963 2752 2159 2829 quaeri
2186 2755 2390 2829 potest

849 2854 930 2913 de
961 2852 1096 2912 aliis
1124 2849 1416 2929 operibus
1444 2845 1584 2925 piis,
1617 2864 1678 2905 v.
1712 2864 1773 2922 g.
1808 2845 1886 2904 de
1905 2844 2173 2922 pecunia
2204 2850 2266 2905 et
2293 2863 2386 2905 re-

849 2945 1082 3006 ditibus
1110 2941 1341 3002 relictis
1368 2940 1449 2999 ad
1497 2937 1805 2999 dotandas
1837 2936 2112 3014 virgines
2150 2955 2388 3015 paupe-

848 3056 972 3113 res,
1029 3036 1113 3097 ad
1167 3031 1565 3094 redimendos
1623 3029 1925 3108 captivos,
1988 3030 2068 3089 ad
2125 3029 2384 3090 alendos

846 3146 1155 3209 pauperes
1182 3124 1607 3200 scholasticOS‚
1642 3128 1761 3183 etc.
1809 3121 1889 3180 de
1919 3122 2145 3201 quibus
2189 3122 2385 3182 omni·

843 3224 961 3284 bus
988 3220 1180 3299 aliqui
1210 3218 1426 3278 dicunt
1448 3264 1463 3293 ,
1516 3215 1865 3276 dominium
1895 3233 2030 3275 esse
2061 3234 2256 3294 penes
2286 3220 2385 3276 to-

843 3321 974 3378 tam
1002 3315 1172 3374 illam
1202 3310 1717 3372 communitatem
1745 3325 2117 3387 pauperum,
2144 3309 2205 3367 in
2228 3326 2384 3386 quo-

843 3427 985 3469 rum
1030 3404 1432 3467 commodum
1479 3401 1854 3480 relinquitur
1898 3400 2040 3461 talis
2082 3400 2378 3478 pecunia;

842 3497 1450 3562 administrationem
1487 3512 1636 3554 vero
1666 3511 1822 3568 esse,
1857 3493 1954 3553 vel
1986 3510 2179 3572 penes
2219 3511 2384 3553 rem-

842 3592 1199 3672 publicam,
1253 3589 1351 3649 vel
1405 3605 1598 3666 penes
1644 3584 2011 3660 ecclesiam,
2061 3586 2161 3645 vel
2190 3604 2382 3664 penes

841 3689 1164 3766 patronos,
1198 3687 1317 3743 etc.
1353 3679 1729 3754 Aliidicunt,
1752 3679 1815 3737 in
1848 3678 2076 3738 nullius
2104 3678 2382 3740 dominio

840 3797 998 3854 esse,
1025 3777 1130 3837 sed
1156 3775 1353 3835 solam
1384 3770 1995 3831 administrationem
2024 3771 2104 3829 ad
2133 3789 2382 3849 rempu-

839 3871 1069 3931 blicam
1098 3867 1431 3947 pertinere.
1464 3864 1586 3924 Alii
1613 3862 1883 3942 denique
1913 3863 2148 3934 dicunt,
2185 3862 2381 3924 domi-

839 3963 1015 4024 nium
1042 3979 1177 4022 esse
1214 3978 1408 4038 penes
1438 3975 1582 4016 eum
1611 3954 1819 4016 locum
1850 3955 2024 4033 pium
2053 3954 2152 4014 cui
2185 3953 2380 4033 appli-

839 4063 981 4117 cata
1010 4059 1104 4114 est
1127 4053 1268 4114 talis
1297 4049 1585 4130 pecunia,
1620 4065 1764 4107 cum
1793 4047 2018 4125 quibus
2046 4048 2235 4108 sentit
2261 4046 2379 4107 Fil-

836 4147 1061 4209 liucius
1089 4145 1194 4205 ubi
1218 4162 1407 4222 supra
1436 4160 1608 4201 num.
1635 4144 1770 4200 174.
1811 4142 2019 4200 Potest
2046 4139 2212 4198 enim
2242 4157 2377 4198 esse

839 4258 1108 4320 persona
1134 4239 1299 4312 ficta,
1331 4236 1492 4295 sicut
1521 4231 2095 4293 haereditasvacans
2116 4236 2211 4292 est
2236 4249 2379 4308 per-

837 4351 993 4395 sona
1013 4331 1287 4412 juridica
1314 4333 1379 4389 et
1396 4328 1562 4401 ficta,
1597 4343 1791 4404 penes
1827 4343 2017 4402 quam
2047 4342 2377 4385 conserva-

835 4433 940 4489 tur
975 4423 1323 4486 dominium
1370 4421 1682 4481 bonorum
1730 4415 2032 4495 quamdiu
2080 4435 2206 4476 non
2246 4416 2374 4476 adi·

834 4526 958 4582 tur.
1020 4521 1150 4578 Hoc
1177 4522 1389 4578 tamen
1411 4559 1427 4589 ,
1483 4517 1552 4573 ut
1589 4511 1720 4572 dixi
1747 4557 1762 4587 ‚
1815 4528 2039 4588 parum
2068 4510 2263 4570 refert
2292 4509 2373 4569 ad

835 4611 1247 4693 propositum.

918 4705 1231 4779 Quaeritur
1257 4698 1556 4774 secundo,
1582 4716 1664 4758 an
1691 4697 1877 4756 liceat
1903 4695 1966 4753 in
1995 4698 2209 4755 monte
2239 4696 2369 4755 exi-

834 4817 986 4878 gere
1016 4815 1139 4858 non
1171 4795 1372 4856 solum
1404 4795 1707 4871 quantum
1753 4787 1985 4848 sufficit
2027 4787 2109 4846 ad
2140 4805 2373 4865 expen—

835 4912 970 4969 saS,
1003 4890 1115 4951 sed
1145 4889 1334 4950 etiam
1383 4884 1615 4963 aliquid
1659 4882 1741 4943 ad
1793 4880 2154 4958 augendum
2191 4898 2372 4940 mon-

833 4991 983 5061 tem,
1036 4987 1105 5043 ut
1159 4980 1355 5060 possit
1398 4976 1681 5056 pluribus
1728 4972 2090 5034 subveniri?
2124 4974 2373 5050 Negant

834 5076 1253 5138 communiter
1303 5068 1582 5146 theologi
1621 5073 1683 5128 et
1722 5065 1970 5140 merito,
2027 5066 2175 5144 quia
2216 5066 2370 5125 illud

767 5151 784 5166 ’
832 5169 1267 5231 essetlucrum
1297 5183 1372 5223 ex
1408 5167 1667 5231 mutuo;
1722 5158 1891 5237 quod
1939 5157 2196 5235 quidem
2242 5176 2366 5218 non

830 5264 902 5324 fit
926 5262 1166 5322 licitum
1195 5277 1270 5318 ex
1298 5276 1371 5318 eo
1416 5253 1586 5333 quod
1628 5251 1874 5311 lucrum
1921 5250 2074 5310 illud
2111 5251 2364 5311 ordine-

832 5359 934 5415 tur
961 5373 1000 5413 a
1028 5357 1353 5412 mutuante
1381 5348 1445 5407 in
1475 5346 1667 5405 alium
1694 5344 1883 5402 finem
1914 5342 2086 5420 pium
2106 5388 2121 5418 ‚
2156 5344 2258 5402 vel
2285 5343 2367 5403 ad

831 5447 1261 5522 eleemosynas
1301 5439 1542 5502 dandas
1572 5457 1589 5510 ;
1622 5453 1828 5514 neque
1872 5435 2040 5494 enim
2084 5439 2235 5495 sunt
2273 5436 2368 5495 fa-

2016 267 2117 326 DE
2159 266 2514 327 JUSTITIA
2557 267 2658 327 ΕΤ
2699 267 2898 329 JURE

2502 442 2723 501 cienda
2752 442 2919 502 mala
2950 448 3017 503 ut
3044 448 3385 522 sequantur
3410 444 3582 504 bona
3604 491 3621 520 ,
3672 448 3737 505 et
3762 445 3847 504 ita
3905 447 3997 505 ool·

2500 534 2713 614 ligitur
2758 554 2834 595 ex
2888 535 3249 597 definitione
3291 538 3517 597 Leonis
3559 539 3637 598 X.
3685 539 4001 616 approban-

2499 628 2578 687 tis
2606 632 2881 688 montem
2909 675 2924 705 ‚
2975 629 3026 688 si
3057 648 3131 689 ex
3156 635 3374 690 mutuo
3406 631 3651 690 nullum
3678 630 3765 690 illi
3794 631 4002 691 lucrum

2501 720 2774 781 advenit.

2579 816 2729 873 Duae
2760 819 2969 875 tamen
2999 816 3119 875 viae
3146 816 3514 894 excogitatae
3546 819 3695 877 sunt
3724 817 3885 892 apud
3912 819 4004 878 Sa-

2498 1094 2714 1151 mutuo
2745 1092 2855 1151 sed
2883 1092 3194 1152 vendatur
3214 1138 3230 1167 ,
3265 1094 3515 1170 quando
3560 1094 3703 1171 plus
3730 1094 3927 1167 valet,
3956 1102 4011 1155 ut
4064 1070 4121 1099 ⁸1

2498 1181 2802 1261 majorem
2845 1202 3205 1244 mensuram
3252 1186 3499 1245 solvant
3524 1185 3781 1263 quando
3830 1188 4013 1246 minus

2499 1274 2768 1348 valebit;
2828 1276 3135 1336 minorem
3190 1281 3401 1337 tamen
3459 1296 3650 1356 quam
3708 1279 3773 1337 in
3828 1280 4015 1356 rigore

2498 1372 2710 1443 posset
2736 1368 2817 1428 ab
2846 1368 2966 1428 illis
2995 1368 3200 1446 exigi,
3241 1373 3310 1429 ut
3338 1370 3548 1448 aliqua
3576 1371 3783 1449 gratia
3814 1371 3901 1430 eis
3925 1372 4015 1431 fiat

2499 1459 2687 1518 etiam
2718 1459 2779 1518 in
2819 1461 3019 1538 pretio
3073 1480 3086 1521 :
3140 1462 3308 1540 quod
3363 1461 3583 1523 saltem
3638 1463 3774 1522 fieri
3830 1469 4017 1542 posset

2499 1552 2749 1629 quando
2779 1571 2959 1613 mons
2986 1553 3119 1632 ipse
3150 1572 3274 1613 non
3304 1554 3567 1615 haberet
3586 1555 4015 1633 obligationem

2496 1645 2847 1720 mutuandi,
2881 1646 2992 1705 sed
3021 1650 3230 1724 posset
3258 1646 3448 1706 etiam
3476 1648 3863 1726 pauperibus
3889 1668 4018 1708 ven·

2496 1735 2667 1813 dere,
2702 1737 2904 1815 qualis
2932 1738 3092 1798 forte
3122 1742 3215 1799 est
3242 1756 3425 1799 mons
3453 1739 3825 1816 EborensiS,
3858 1740 4017 1818 cujus

2494 1829 2780 1890 meminit
2805 1829 3095 1890 Rebellus
3125 1832 3231 1891 ubi
3259 1850 3471 1911 supra.
3505 1832 3623 1892 Hic
3650 1837 3863 1893 tamen
3896 1852 4016 1893 mo·

2495 1922 2613 1981 dus
2666 1922 2935 2000 augendi
2991 1929 3270 1985 montem
3325 1942 3440 2002 per
3491 1925 3790 1985 accidens
3848 1932 4012 1999 esset,

2495 2031 2639 2072 cum
2671 2014 2893 2074 eodem
2923 2015 3111 2075 modo
3142 2021 3355 2094 posset
3382 2016 3687 2077 divitibus
3717 2025 4013 2091 mutuare,

2493 2106 2587 2166 vel
2621 2106 2891 2166 vendere
2920 2107 3192 2169 triticum
3224 2126 3297 2168 eo
3326 2113 3614 2187 tempore
3638 2158 3655 2186 ,
3699 2116 3767 2170 ut
3798 2111 4017 2189 recipe-

2492 2202 2590 2258 ret
2616 2204 2832 2277 postea
2861 2199 3170 2279 majorem
3210 2219 3574 2262 mensuram
3598 2250 3613 2278 ,
3648 2203 3702 2262 si
3734 2209 3935 2282 potest
3960 2203 4017 2261 il·

2491 2290 2596 2349 lud
2629 2291 3009 2369 pauperibus
3038 2293 3309 2352 vendere
3334 2340 3349 2370 ‚
3393 2312 3509 2354 nee
3557 2294 3705 2353 inde
3753 2296 4017 2374 sequitur

2492 2390 2730 2444 certum
2760 2389 3166 2462 augmentum
3195 2386 3424 2446 montis
3447 2433 3462 2462 ,
3516 2387 3667 2465 quia
3694 2387 3896 2465 major
3920 2388 4020 2447 tri·

2488 2475 2595 2535 tici
2621 2494 2918 2535 mensura
2945 2482 3163 2555 postea
3206 2496 3327 2539 non
3358 2479 3597 2540 valebit
3637 2480 3782 2559 plus
3810 2480 4013 2553 monti,

2491 2586 2681 2647 quam
2710 2572 2897 2628 antea
2925 2570 3133 2629 valere
3163 2571 3468 2648 potuisset
3496 2572 3733 2648 minor,
3767 2573 3820 2633 si
3848 2592 4017 2650 pecu-

2488 2660 2593 2720 nia
2636 2662 2931 2738 praesenti
2976 2661 3374 2723 vendidisset.
3429 2664 3732 2724 Secunda
3778 2666 3879 2724 via
3920 2684 4012 2723 au·

2485 2752 2678 2830 gendi
2703 2757 2981 2813 montem
3013 2758 3209 2828 esset,
3239 2755 3291 2813 si
3321 2756 3667 2834 quamdam
3700 2758 4010 2836 pecuniam

2485 2845 2789 2921 potuisset
2815 2846 3227 2923 negotiationi
3269 2865 3619 2925 exponere,
3668 2857 3736 2911 et
3778 2849 4007 2923 lucrari,

2486 2937 2696 3014 exigat
2737 2937 2975 2998 ratione
3021 2938 3176 2998 lucri
3221 2941 3521 3000 cessantis
3552 2960 3591 3001 a
3631 2944 4010 3003 mutuatariis

2483 3029 2720 3107 aliquid
2750 3030 2910 3089 ultra
2940 3030 3002 3090 id
3033 3031 3202 3109 quod
3232 3032 3481 3110 exigere
3508 3035 3676 3095 solet
3695 3037 3778 3095 ad
3808 3055 4010 3114 expen-

2483 3140 2584 3181 sas
2613 3126 2674 3183 et
2702 3123 3240 3183 conservationem
3272 3144 3470 3185 suam.
3504 3127 3603 3186 Ad
3655 3127 3783 3188 hoc
3824 3133 4005 3190 tamen

2483 3215 2681 3275 multa
2707 3216 3000 3276 videntur
3027 3218 3283 3295 requiri.
3336 3219 3547 3280 Primo
3575 3267 3590 3296 ,
3625 3222 3805 3300 quod
3853 3240 4007 3281 mons

2483 3306 2845 3384 deputasset
2863 3309 2996 3386 jam
3030 3309 3360 3386 pecuniam
3388 3311 3562 3371 illam
3592 3314 3677 3371 ad
3710 3315 4007 3390 negotian-

2483 3399 2634 3459 dum
2664 3404 2727 3460 et
2750 3400 3144 3462 lucrandum.
3181 3404 3471 3463 Secundo
3503 3451 3518 3480 ,
3554 3406 3734 3484 quod
3764 3425 3889 3467 non
3914 3406 4007 3465 ha·

2480 3492 2660 3552 beret
2712 3491 3160 3568 obligationem
3215 3496 3547 3556 mutuandi
3605 3499 3811 3574 gratis
3830 3546 3844 3575 ,
3900 3516 4003 3557 non

2482 3584 2789 3662 exigendo
2817 3584 3053 3662 aliquid
3085 3586 3248 3646 ultra
3278 3605 3609 3666 expensaS,
3645 3596 3770 3652 etc.
3792 3594 3843 3651 si
3864 3592 4001 3650 hane

2481 3676 2649 3735 enim
2675 3675 3121 3753 obligationem
3156 3678 3456 3753 haberet,
3510 3700 3640 3742 non
3674 3691 3879 3761 posset
3901 3684 3998 3742 ali·

2482 3768 2632 3846 quid
2662 3767 2829 3827 aliud
2859 3786 2973 3847 pro
3001 3769 3175 3830 lucro
3205 3778 3490 3834 cessante
3532 3776 3790 3853 exigere
3813 3824 3828 3852 ,
3872 3793 3998 3835 cum

2478 3860 2544 3919 id
2574 3865 2738 3921 esset
2764 3860 2826 3919 in
2855 3860 3142 3921 fraudem
3162 3882 3292 3922 suae
3323 3865 3752 3944 obligationis,
3786 3870 3994 3942 Tertio,

2479 3970 2604 4012 non
2656 3957 2918 4030 apparet
2964 3954 3120 4032 jam,
3178 3959 3495 4035 quomodo
3553 3962 3720 4021 ultra
3775 3963 3995 4021 lucrum

2476 4063 2727 4105 cessans
2756 4050 2969 4124 posset
2994 4047 3245 4108 solitum
3285 4051 3364 4109 ob
3408 4070 3723 4129 expensas
3767 4063 3826 4115 et
3860 4072 3997 4113 con-

2476 4138 2894 4198 servationem
2922 4139 3019 4198 sui
3047 4140 3298 4218 exigere
3319 4189 3336 4215 ,
3392 4162 3536 4203 cum
3578 4146 3716 4224 jam
3752 4144 3995 4226 pecunia

2473 4230 2582 4291 illa
2611 4249 2735 4291 non
2755 4237 3234 4294 conservaretur
3251 4234 3453 4295 solum
3471 4237 3552 4296 ad
3574 4241 3989 4312 mutuandum,

2476 4342 2680 4402 neque
2707 4323 2771 4382 in
2799 4324 3066 4401 gratiam
3096 4330 3646 4407 mutuatariorum,
3673 4334 3782 4392 sed
3807 4333 3875 4392 ad
3892 4350 3991 4390 ne-

2473 4415 2841 4495 gotiandum
2871 4421 2935 4477 et
2958 4417 3326 4478 lucrandam
3351 4441 3366 4491 ;
3419 4441 3618 4501 quare
3648 4425 3990 4486 mutuatarii

2472 4527 2599 4569 non
2627 4509 2929 4569 deberent
2957 4509 3201 4571 solvere
3230 4530 3538 4591 expensas
3566 4517 3764 4579 factas
3782 4518 3836 4577 in
3851 4535 3990 4578 con·

2470 4600 2822 4662 servatione
2851 4602 3155 4679 pecuniae.

2553 4694 2863 4767 Quaeritur
2916 4695 3119 4770 terti0,
3181 4696 3232 4756 si
3275 4718 3347 4758 ex
3400 4700 3505 4760 illa
3554 4705 3817 4780 pecunia
3855 4721 3984 4782 quoe

2471 4786 2666 4848 monti
2695 4787 2881 4847 datur
2903 4804 2940 4845 a
2969 4791 3365 4851 mutuatariis
3400 4794 3563 4854 ultra
3593 4803 3853 4872 sortem,
3886 4816 3985 4857 su·

2470 4879 2665 4958 persit
2689 4879 2753 4938 in
2783 4879 2906 4938 fine
2934 4881 3086 4939 anni
3115 4882 3398 4945 deductis
3446 4891 3737 4965 expensis
3765 4897 3823 4952 et
3846 4909 3984 4950 one-
4040 4845 4154 5004 ἓ

2470 4972 2642 5032 ribus
2670 4971 2919 5047 montiS,
2981 4974 3133 5051 quid
3190 4976 3268 5036 de
3310 4978 3417 5038 illa
3470 4981 3825 5043 faciendum
3867 4983 3983 5043 sit?

2472 5063 2827 5141 Respondet
2867 5063 3187 5126 Filliucius
3233 5068 3400 5131 dicto
3442 5090 3582 5150 cap.
3638 5092 3722 5136 1x.
3764 5097 3820 5136 n.
3854 5081 3976 5137 ¹72.

2468 5176 2593 5218 non
2622 5174 2804 5233 posse
2831 5156 3086 5216 retineri
3136 5158 3215 5219 ab
3262 5161 3400 5240 ipso
3449 5173 3665 5226 monte
3693 5215 3708 5243 ,
3758 5169 3861 5228 nisi
3902 5169 3980 5229 de

2468 5268 2773 5311 consensu
2802 5251 3326 5312 mutuatariorum
3352 5301 3368 5330 ,
3414 5256 3523 5314 sed
3556 5262 3977 5321 conserendam

2466 5343 2564 5401 vel
2594 5342 2655 5399 in
2687 5359 2835 5400 usus
2860 5358 3206 5419 pauperum
3237 5363 3274 5404 a
3304 5348 3533 5424 quibus
3581 5360 3826 5432 accepta
3860 5363 3973 5430 est,

2466 5434 2565 5494 vel
2588 5434 2652 5492 in
2692 5431 2930 5492 bonum
2975 5436 3206 5495 montis
3249 5441 3555 5518 tanquam
3598 5445 3687 5521 pii
3728 5447 3865 5522 loci,
3914 5447 3973 5507 in

4121 826 4135 853 s

2498 906 2590 966 las
2620 926 2679 966 n.
2718 910 2814 968 10.
2850 907 2927 966 ad
2976 907 3139 968 licite
3177 909 3533 985 augendum
3567 913 3868 968 montem.
3901 910 4005 969 Pri·
4060 824 4154 987 ἐς

2497 1016 2602 1057 ma
2631 1003 2758 1075 est,
2791 1000 2841 1059 si
2873 1000 3342 1077 indingentibns
3370 1001 3646 1061 triticum
3700 1020 3823 1061 non
3854 1001 4009 1061 detur
4042 1003 4149 1079 ’Ὗ
