4263 6376
754 289 830 348 64

750 469 854 526 tur
879 481 957 524 ex
981 460 1380 524 revocatione
1427 460 1653 541 prioris
1699 459 1927 541 injuste
1960 461 2166 522 facta:
2199 461 2281 522 ad

752 555 816 617 id
855 555 1070 636 procul
1101 553 1292 615 dubio
1336 573 1411 615 ex
1449 553 1691 634 justitia
1746 554 2079 615 tenebitur.
2130 554 2281 627 Quae

753 650 908 711 ratio
940 648 1171 709 habere
1203 647 1449 707 videtur
1478 647 1600 706 vim
1631 665 1756 708 non
1791 647 1994 708 solum
2046 647 2109 706 in
2140 666 2283 708 nos·

751 742 863 803 tris
891 739 1233 821 principiis,
1266 739 1376 800 sed
1408 739 1597 800 etiam
1644 739 1708 799 in
1754 740 2063 801 sententia
2117 739 2284 819 ejus-

750 833 895 894 dem
940 835 1246 913 vasquez,
1283 831 1388 912 qui
1417 831 1564 892 licet
1592 850 1730 911 cap.
1766 849 1861 893 111.
1920 829 1992 892 de
2045 840 2274 893 testam.

751 926 901 987 dub.
935 942 1002 986 11.
1036 926 1160 986 late
1188 925 1412 1004 probet
1431 924 1862 1004 juramentum
1891 943 2014 985 non
2056 925 2282 985 confir-

751 1037 923 1078 mare
953 1022 1343 1079 contractum
1401 1018 1661 1092 nullum,
1707 1023 1770 1078 et
1814 1017 2163 1077 invalidum
2218 1018 2282 1076 in

752 1111 994 1171 ratione
1024 1115 1401 1186 contractus,
1426 1127 1543 1169 nec
1572 1128 1648 1168 ex
1677 1128 1749 1170 eo
1794 1110 2095 1170 resultare
2125 1109 2280 1170 obli-

751 1203 1067 1282 gationem
1105 1201 1386 1282 justitiae,
1443 1201 1554 1261 sed
1601 1201 1802 1263 solum
1847 1201 2166 1280 religionis
2223 1206 2286 1263 et

752 1314 925 1356 num.
953 1298 1053 1356 35.
1081 1295 1271 1370 dicat,
1304 1298 1751 1355 testamentum
1794 1313 1868 1353 ex
1916 1293 2281 1373 juramento

752 1407 877 1449 non
906 1387 1288 1463 confirmari,
1323 1387 1373 1447 si
1426 1387 1507 1448 sit
1560 1387 1793 1447 factum
1823 1386 1955 1446 sine
1985 1387 2282 1447 solemni-

750 1486 915 1544 tate:
948 1483 1168 1560 postea
1184 1483 1395 1541 tamen
1427 1497 1599 1540 num.
1632 1481 1731 1540 38.
1766 1483 2007 1540 mutata
2037 1483 2282 1540 senten·

1898 285 2001 345 DE
2042 285 2397 347 JUSTITIA
2445 286 2544 345 ΕΤ
2586 285 2787 347 JURE

2380 462 2619 522 nullum
2665 462 2967 523 damnum
3012 463 3291 543 patiatur
3343 464 3423 525 ob
3470 463 3661 525 fidem
3701 464 3760 525 ei
3802 483 3928 527 non

2379 559 2715 632 servatam,
2751 574 2900 634 ergo
2916 556 2998 616 ad
3015 555 3133 618 boc
3160 560 3361 619 totum
3387 557 3702 619 tenebitur
3730 557 3929 619 haeres

2380 648 2612 708 secund
2626 667 2718 721 uS,
2755 653 2816 710 et
2854 667 2967 726 per
2994 667 3384 729 consequens
3415 667 3538 710 non
3569 650 3799 728 poterit
3819 652 3922 729 ju-

2380 745 2472 800 ste
2504 745 2566 801 et
2593 740 2756 801 licite
2787 740 2956 801 bona
3004 741 3108 800 illa
3151 742 3446 817 retinere,
3498 760 3620 802 non
3672 741 3925 821 quidem

2382 836 2639 910 propter
2682 832 2991 894 rationem
3034 832 3376 894 adductam
3425 853 3461 894 a
3508 836 3575 895 P.
3609 837 3920 913 vasquez,

2382 924 2551 1002 quod
2578 928 3019 986 testamentum
3041 926 3389 987 secundum
3424 926 3768 987 invalidum
3797 927 3925 988 fue-

2380 1017 2494 1092 rit,
2545 1022 2614 1078 ut
2639 1017 2873 1078 factum
2903 1021 3121 1079 contra
3149 1019 3627 1097 promissionem
3654 1018 3924 1080 haeredi-

2382 1108 2563 1182 tatis;
2608 1111 2719 1170 sed
2749 1111 2896 1188 quia
2923 1111 3074 1171 licet
3101 1111 3378 1172 validum
3423 1112 3646 1188 fuerit,
3692 1112 3918 1188 haeres,

2385 1200 2490 1279 qui
2511 1202 2675 1263 circa
2697 1202 2800 1261 illa
2827 1202 2992 1263 bona
3020 1221 3358 1283 personam
3386 1203 3665 1265 defuncti
3694 1223 3923 1285 reprae·

2381 1298 2607 1371 sentat,
2641 1295 2830 1356 debet
2859 1295 2993 1375 ejus
3022 1295 3233 1358 debita
3262 1296 3526 1371 solvere,
3560 1302 3749 1376 atque
3779 1297 3920 1358 ideo

2385 1386 2573 1448 debet
2625 1387 2826 1466 primo
2876 1389 3110 1449 haeredi
3169 1389 3529 1451 satisfacere
3587 1390 3649 1449 id
3695 1394 3916 1468 totum,

2384 1480 2552 1558 quod
2581 1480 2909 1541 defunctus
2953 1482 3010 1541 ei
3041 1501 3116 1541 ex
3136 1481 3381 1561 justitia
3411 1482 3684 1544 debebat
3713 1482 3793 1544 ob
3830 1484 3919 1543 in-

752 1574 859 1648 tia,
891 1573 1124 1634 fatetur
1150 1572 1363 1632 verius
1392 1589 1525 1632 esse
1556 1576 1947 1632 contractum
1996 1570 2141 1650 jure
2170 1571 2281 1631 hu·
2374 1571 2607 1650 juriam
2637 1573 3067 1650 promissionis
3097 1592 3222 1634 non
3252 1580 3539 1637 servatae.

750 1684 938 1727 mano
970 1665 1282 1725 irritatum
1307 1664 1370 1722 in
1390 1663 1672 1724 favorem
1701 1662 2018 1743 privatum
2047 1664 2280 1742 prima-

749 1759 865 1835 ri0,
901 1763 963 1820 et
989 1777 1110 1819 non
1144 1756 1441 1835 primario
1485 1756 1565 1817 ob
1623 1756 1905 1817 favorem
1960 1756 2283 1835 publicum

752 1850 1112 1913 confirmari
1159 1849 1542 1930 juramentO,
1598 1853 1661 1910 et
1708 1867 1929 1927 parere
1960 1849 2285 1928 obligatio-

658 1959 669 1975 ·
750 1962 894 2004 nem
916 1943 1200 2023 justitiae.
1235 1941 1417 2004 Unde
1448 1959 1620 2002 num.
1679 1943 1778 2002 39.
1841 1941 1992 2003 dicit
2041 1947 2285 2003 contra-

502 2878 574 2938 31

445 3060 673 3104 anteatin-

750 2038 875 2099 rias
905 2037 1215 2098 illationes
1268 2033 1655 2112 colligendas
1686 2052 1821 2094 esse
1866 2053 1942 2093 ex
1997 2033 2092 2109 iis,
2125 2053 2283 2113 quas

749 2129 922 2209 prius
954 2147 1029 2188 ex
1059 2126 1373 2189 contraria
1414 2125 1744 2201 sententia,
1780 2144 1969 2204 quam
2028 2130 2097 2186 ut
2148 2145 2288 2205 pro-

749 2223 950 2302 priam
981 2219 1379 2299 probaverat,
1413 2217 1777 2278 deduxerat.
1818 2217 2150 2279 Promissio
2180 2237 2284 2278 au-

749 2320 877 2376 tem
907 2331 1031 2374 non
1060 2311 1399 2372 revocandi
1428 2316 1870 2372 testamentum
1920 2309 2061 2389 jure
2118 2310 2286 2370 civili

747 2407 939 2467 irrata
968 2409 1061 2466 est
1089 2403 1385 2482 primario
1409 2403 1488 2462 ob
1508 2402 1788 2463 favorem
1808 2403 2122 2481 privatum
2143 2421 2284 2481 pro-

748 2497 1074 2573 mittentiS,
1107 2496 1270 2557 sleut
1296 2499 1687 2556 contractum
1717 2494 1976 2556 minoris
1998 2494 2078 2555 ob
2108 2513 2285 2554 eum-

749 2593 894 2653 dem
923 2590 1124 2651 solum
1154 2588 1466 2667 privatum
1495 2587 1776 2648 favorem
1808 2587 2158 2648 invalidum
2187 2606 2282 2648 es-

750 2705 838 2763 se,
873 2690 937 2746 et
960 2684 1102 2744 ideo
1124 2683 1486 2761 juramento
1516 2680 1874 2741 confirmari
1928 2681 1992 2740 in
2039 2681 2282 2742 ratione

750 2781 1128 2851 contractu8‚
1163 2774 1395 2836 fatetur
1416 2773 1500 2833 ibi
1531 2774 1697 2834 dicto
1721 2792 1893 2835 num.
1918 2777 2020 2836 38.

830 2869 1009 2933 Unde
1037 2867 1217 2930 tertio
1246 2866 1532 2945 arguitur
1559 2871 1775 2927 contra
1796 2867 1882 2943 id,
1917 2866 2083 2945 quod
2113 2866 2283 2926 idem

750 2969 970 3026 auctor
997 2961 1171 3036 dixit,
1208 2958 1459 3038 quando
1480 2960 1909 3038 juramentum
1939 2959 2056 3020 fuit
2082 2959 2284 3019 solum

751 3075 874 3117 non
904 3052 1242 3116 revocandi
1267 3051 1438 3130 prius
1466 3055 1908 3112 testamentum
1930 3098 1946 3129 ,
1987 3052 2037 3112 si
2066 3056 2286 3131 postea

750 3150 958 3211 illicite
987 3149 1335 3222 revocetur,
1380 3162 1561 3225 posse
1600 3144 1915 3206 haeredem
1937 3144 2284 3207 secundum

748 3244 1017 3305 retinere
1072 3238 1498 3300 haereditatem
1541 3258 1553 3300 :
1612 3238 1862 3317 quando
1916 3256 2064 3300 vero
2111 3239 2282 3317 jura-

745 3341 1028 3397 mentum
1056 3333 1173 3394 fuit
1198 3332 1275 3391 de
1297 3331 1433 3409 ipsa
1460 3330 1846 3407 haereditate,
1878 3350 2061 3410 posse
2092 3331 2282 3393 etiam

744 3429 1009 3491 fortasse
1039 3425 1387 3487 secundum
1415 3424 1733 3485 haeredem
1774 3425 2078 3500 retinere,
2138 3424 2283 3486 licet

745 3522 823 3583 de
879 3521 997 3583 hoc
1045 3518 1307 3579 dubitet.
1381 3519 1729 3595 Utrumque
1789 3521 2001 3581 autem
2057 3517 2282 3577 falsum

746 3634 879 3676 esse
905 3660 921 3690 ,
972 3615 1158 3691 atque
1202 3610 1343 3670 ideo
1373 3612 1828 3688 consequenter
1872 3609 1996 3669 dici
2024 3608 2275 3686 debere,

744 3706 913 3787 quod
933 3706 994 3764 in
1025 3707 1244 3764 neutro
1275 3720 1420 3763 casu
1444 3701 1645 3761 haeres
1672 3700 1984 3761 secundus
2010 3701 2280 3762 retinere

742 3800 939 3881 possit
982 3798 1187 3869 bona,
1238 3795 1542 3875 probatur
1588 3794 1811 3855 eodem
1855 3798 2274 3872 argumento:

742 3892 892 3972 quia
919 3910 993 3951 ex
1022 3889 1226 3969 prima
1254 3886 1663 3966 promissione
1685 3887 1899 3965 jurata
1930 3886 2129 3947 haeres
2159 3888 2278 3965 pri·

741 4004 880 4045 mus
909 3982 1153 4043 ratione
1176 3980 1517 4060 juramenti
1546 3980 2023 4059 promissionem
2053 3979 2281 4039 confir-

739 4076 968 4136 mantis
988 4075 1093 4153 jus
1121 4072 1375 4151 aliquod
1399 4071 1750 4149 acquisivit,
1782 4075 1845 4131 et
1864 4076 2124 4133 testator
2154 4089 2276 4131 non

741 4168 940 4229 solum
970 4186 1045 4227 ex
1076 4164 1401 4244 religione,
1434 4164 1544 4224 sed
1574 4164 1763 4224 etiam
1793 4182 1867 4224 ex
1896 4164 2142 4243 justitia
2169 4164 2281 4223 de·-

646 4306 653 4319 .
739 4262 846 4323 bet
872 4258 1348 4340 promissionem
1392 4274 1665 4331 servare,
1699 4256 1747 4316 si
1787 4275 1936 4335 ergo
1976 4274 2118 4316 eam
2146 4256 2280 4316 vio-

737 4355 825 4415 let
869 4358 931 4415 et
967 4356 1219 4413 revocet
1247 4349 1419 4428 prius
1465 4353 1940 4426 testamentum,
1982 4348 2278 4428 injuriam

738 4446 925 4508 infert
952 4445 1153 4525 primo
1195 4442 1464 4518 haeredi,
1499 4447 1685 4521 atque
1710 4441 1847 4502 ideo
1879 4442 2067 4502 debet
2098 4441 2155 4501 ei
2182 4460 2279 4501 re-

734 4540 990 4601 stituere
1045 4556 1158 4617 pro
1213 4534 1382 4597 omni
1425 4534 1656 4594 damno
1699 4534 2031 4595 subsecuto
2077 4554 2091 4594 :
2137 4554 2276 4614 quae

737 4631 1033 4710 obligatio
1054 4678 1069 4708 ,
1116 4648 1258 4691 cum
1294 4628 1375 4689 sit
1402 4646 1476 4687 ex
1497 4627 1742 4706 justitia
1764 4674 1779 4705 ,
1814 4628 2036 4689 transit
2063 4627 2143 4687 ad
2174 4628 2277 4687 de-

735 4725 931 4785 functi
960 4740 1353 4785 successores
1375 4738 1391 4796 ;
1422 4738 1571 4799 ergo
1596 4720 1796 4781 haeres
1825 4720 2061 4799 primus
2085 4720 2280 4782 habet

729 4817 835 4897 jus
881 4818 1182 4877 adversus
1229 4814 1631 4888 defunctum,
1685 4818 1748 4874 et
1792 4814 2093 4874 adversus
2142 4812 2278 4893 ejus

736 4927 1152 4984 successoreS,
1185 4911 1255 4967 ut
1282 4906 1401 4967 sibi
1433 4905 1778 4967 resarciant
1813 4906 2113 4966 damnum
2144 4907 2282 4966 illa-

735 5008 869 5064 tum
899 5021 975 5062 ex
1003 4999 1414 5080 promissione
1447 5016 1570 5059 non
1598 5003 1867 5074 servata,
1903 5004 1964 5059 et
1989 5018 2106 5078 per
2131 5017 2278 5059 con-

735 5113 1004 5174 sequens
1035 5094 1236 5154 haeres
1282 5092 1594 5153 secundus
1624 5091 1938 5152 tenebitur
1957 5138 1975 5165 ‚
2026 5092 2190 5153 sicut
2217 5095 2281 5153 et

738 5188 1070 5249 defunctus
1116 5187 1196 5247 ad
1239 5184 1639 5245 resarcienda
1683 5184 1788 5244 illa
1825 5185 2058 5244 damna
2084 5184 2280 5263 priori

738 5280 995 5355 haeredi,
1031 5279 1138 5359 qui
1170 5277 1465 5358 injuriam
1494 5296 1712 5356 passus
1742 5281 1835 5338 est
1867 5296 1880 5337 :
1917 5295 2041 5337 non
2070 5281 2279 5356 potest

735 5378 946 5435 autem
975 5373 1156 5434 aliter
1175 5389 1288 5450 pro
1311 5370 1540 5431 damno
1570 5370 1674 5430 illo
1705 5387 2137 5448 compensare,
2157 5369 2274 5430 nisi

736 5466 1124 5529 restituendo
1154 5464 1207 5525 ei
1240 5464 1693 5538 hoereditatem,
1720 5480 1843 5541 quo
1861 5461 2023 5523 facto
2045 5464 2173 5538 fiet,
2208 5467 2277 5524 ut

2460 1663 2679 1725 Merito
2702 1683 2852 1744 ergo
2885 1668 2950 1727 P.
2983 1666 3215 1727 Molina
3244 1667 3407 1728 dicta
3440 1668 3598 1747 disp.
3634 1669 3913 1747 cxxx1.§.

2383 1756 2566 1818 Salvo
2595 1766 2786 1817 autem
2811 1804 2826 1834 ,
2863 1763 2927 1819 et
2954 1776 3027 1819 ex
3069 1759 3201 1839 ipso
3233 1763 3403 1821 Less.
3440 1779 3578 1839 cap.
3603 1777 3728 1822 xlx.
3765 1760 3912 1822 dub.
3970 1807 4152 1849 Primus
4192 1807 4216 1849 h

2382 1867 2519 1912 vm.
2556 1869 2661 1910 nu.
2693 1853 2791 1912 98.
2845 1870 3110 1930 quorum
3141 1853 3517 1914 sententiam
3547 1853 3740 1914 refert
3768 1855 3918 1915 San·
3968 1873 4160 1956 ‘gd-‚¹5¹1
4187 1873 4217 1955 τι·

2382 1943 2532 2004 chez
2579 1942 2687 2006 lib.
2718 1944 2821 2004 111.
2855 1944 2914 2003 in
2942 1943 3221 2025 Decaloq.
3256 1964 3394 2025 cap.
3430 1964 3540 2008 xn.
3576 1967 3681 2008 nu.
3719 1949 3813 2009 18.
3858 1952 3920 2008 et
4008 1927 4219 2009 ςιεῖωὲῗικ

2382 2035 2630 2096 videtur
2661 2037 3013 2115 approbare
3042 2057 3148 2099 nu.
3174 2042 3272 2099 22.
3308 2039 3619 2115 dixerunt,
3656 2039 3717 2099 in
3747 2045 3918 2100 utro-
3994 2021 4218 2116 {3232}

2385 2147 2505 2207 que
2543 2129 2678 2189 foro
2717 2129 2946 2189 debere
2976 2130 3219 2210 impleri
3250 2132 3420 2211 prius
3448 2137 3912 2208 testamentum,
3986 2132 4218 2233 Ἢῗξὲζξ

2385 2221 2552 2301 quod
2578 2222 2825 2282 Lessius
2855 2222 3172 2301 explicuit,
3207 2243 3330 2284 non
3354 2224 3501 2303 quia
3538 2226 3776 2302 primus
3794 2224 3917 2284 hae-

2383 2333 2484 2374 res
2510 2333 2585 2374 ex
2614 2314 2676 2373 vi
2705 2314 3060 2376 testamenti
3100 2315 3434 2393 succedat,
3476 2317 3585 2377 sed
3619 2317 3764 2396 quia
3791 2316 3921 2377 hae-

2383 2426 2482 2466 res
2536 2406 2847 2466 secundus
2894 2407 3082 2468 debet
3132 2408 3492 2469 satisfacere
3541 2409 3767 2470 debitis
3813 2409 3917 2468 de·

2383 2498 2598 2574 functi,
2633 2503 2970 2579 antequam
2999 2503 3443 2561 testamentum
3473 2501 3730 2580 impleat
3762 2521 3776 2562 ε
3810 2500 3918 2561 de-

2383 2591 2489 2652 bet
2519 2609 2667 2669 ergo
2701 2591 2962 2652 reddere
3004 2592 3169 2653 bona
3206 2593 3409 2672 primo
3433 2593 3665 2654 haeredi
3698 2612 3820 2655 non
3850 2599 3920 2654 ut

2386 2684 2619 2745 haeredi
2639 2730 2654 2761 ,
2688 2684 2799 2744 sed
2847 2690 2915 2746 ut
2941 2685 3344 2763 promissario
3369 2732 3385 2762 ‚
3419 2687 3527 2765 qui
3555 2687 3793 2747 ratione
3822 2686 3919 2746 in·

2374 2776 2559 2856 juriae
2579 2777 2699 2837 sibi
2725 2777 2914 2838 illatae
2936 2777 3041 2857 jus
3069 2777 3259 2839 habet
3288 2779 3366 2838 ad
3405 2779 3571 2840 bona
3614 2779 3914 2841 defuncti.

2384 2873 2610 2930 Fateor
2642 2888 2791 2948 ergo
2823 2889 2965 2931 cum
2995 2871 3313 2931 communi
3339 2871 3444 2932 illa
3468 2873 3798 2949 sententia,
3832 2877 3919 2934 te-

2383 2966 2762 3023 stamentum
2789 2963 3137 3024 secundum
3167 2963 3444 3024 validum
3475 2983 3631 3040 esse,
3657 2984 3781 3026 non
3813 2965 3918 3025 ob-

2383 3059 2586 3116 stante
2611 3054 2968 3134 juramento
3000 3074 3121 3117 non
3158 3057 3499 3117 revocandi
3521 3058 3793 3136 primum
3819 3076 3918 3119 ac-

2383 3150 2627 3226 ceptato
2654 3194 2668 3223 ‚
2720 3151 2907 3228 atque
2955 3148 3094 3211 ideo
3124 3148 3331 3211 valide
3373 3149 3526 3211 illud
3556 3154 3917 3212 revocatum

2382 3242 2591 3317 fuisse,
2624 3240 2770 3302 licet
2795 3260 2917 3302 non
2948 3241 3112 3303 licite
3147 3262 3160 3302 :
3195 3243 3334 3303 dico
3383 3247 3632 3320 tamen,
3682 3262 3758 3303 ex
3795 3244 3916 3303 alio

2383 3334 2585 3413 capite
2613 3352 2867 3393 manere
2901 3334 3131 3395 haeredi
3164 3335 3609 3414 obligationem
3626 3336 3918 3396 servandi

2382 3427 2654 3506 primum
2695 3430 3138 3489 testamentum
3183 3431 3440 3507 propter
3467 3428 3760 3508 injuriam
3793 3430 3850 3489 ei
3880 3448 3917 3489 a

2382 3517 2675 3579 defuncto
2700 3518 2960 3580 illatam.

2461 3612 2723 3672 Multum
2754 3617 2967 3673 autem
2998 3612 3207 3689 refert,
3250 3613 3418 3692 quod
3447 3613 3685 3692 primus
3715 3613 3914 3675 haeres

4074 1684 4165 1740 32

4078 3626 4169 3685 33

2381 3721 2505 3764 non
2552 3704 2819 3782 accipiat
2862 3704 3030 3765 bona
3081 3709 3150 3766 ut
3191 3705 3392 3767 haeres
3435 3725 3508 3765 ex
3541 3710 3912 3768 testamento
4021 3749 4169 3802 Quid,
4210 3764 4223 3793 2

2379 3795 2604 3875 primo,
2643 3795 2752 3854 sed
2784 3800 2853 3855 ut
2879 3795 3154 3857 creditor
3182 3815 3257 3856 ex
3286 3796 3515 3877 injuria
3542 3799 3661 3859 sibi
3692 3799 3862 3860 illata
3895 3819 3908 3860 :
4009 3806 4221 3857 Promis*

2379 3906 2523 3947 nam
2546 3887 2594 3948 si
2624 3906 2724 3947 res
2745 3891 2980 3949 attente
3011 3889 3462 3965 consideretur,
3492 3910 3567 3950 ex
3598 3892 3714 3961 bac
3731 3892 3909 3951 diffie·
3965 3867 4223 3952 ”3¹33

2378 3980 2579 4040 rentia
2607 3980 2815 4059 plures
2836 3981 3091 4041 effectus
3122 3982 3417 4061 consequi
3440 3989 3720 4061 possunt.
3755 3984 3913 4044 Hinc
3964 3964 4223 4059 ‘¹3:⁰2ss2ss

2376 4071 2542 4132 enim
2569 4071 2770 4150 primo
2805 4072 3105 4150 sequitur,
3137 4074 3303 4152 quod
3335 4075 3387 4135 si
3415 4074 3477 4133 in
3509 4076 3707 4153 primo
3726 4081 3913 4137 testa·
4007 4071 4222 4112 mm*

2377 4170 2586 4225 mento
2619 4162 3099 4225 continebantur
3140 4166 3346 4244 pluria
3393 4167 3516 4227 alia
3560 4168 3801 4247 legata,
3852 4173 3916 4230 et

2378 4256 2695 4335 legatariis
2727 4274 2851 4316 non
2880 4256 2996 4317 fuit
3023 4258 3186 4320 facta
3211 4260 3542 4337 promissio
3556 4259 3765 4340 jurata
3788 4279 3912 4321 non

2377 4348 2717 4409 revocandi
2743 4349 2971 4427 legata,
2993 4350 3088 4410 vel
3117 4350 3165 4411 si
3198 4351 3360 4412 facta
3390 4352 3524 4424 fuit,
3545 4352 3661 4431 ipsi
3685 4354 3915 4415 nescie-

2376 4446 2555 4518 runt,
2604 4459 2719 4501 nec
2749 4446 3264 4521 acceptaverunt,
3312 4463 3428 4505 nec
3457 4446 3613 4506 alius
3656 4464 3770 4525 pro
3799 4447 3911 4523 eis„

2377 4534 2486 4596 sed
2517 4534 2628 4594 soli
2679 4534 2912 4593 haeredi
2938 4580 2954 4611 ,
3007 4540 3114 4597 aut
3153 4537 3287 4615 ipse
3329 4538 3499 4598 solus
3540 4539 3913 4618 acceptavit,

2378 4627 2545 4706 quod
2587 4645 2701 4687 sua
2743 4627 3074 4704 intererat,
3120 4635 3413 4690 revocato
3456 4635 3673 4709 postea
3713 4632 3916 4710 primo

2376 4722 2771 4796 testamento,
2807 4719 3008 4779 haeres
3038 4722 3349 4782 secundus
3378 4741 3502 4783 non
3531 4728 3780 4784 tenetur
3799 4725 3917 4785 sol-

2378 4831 2521 4872 vere
2568 4812 2776 4889 legata
2816 4813 2954 4888 illa,
3004 4812 3115 4873 sed
3162 4815 3365 4875 solum
3413 4815 3465 4875 si
3513 4834 3653 4895 quae
3700 4816 3918 4878 relicta

2376 4909 2521 4966 sunt
2572 4905 2636 4965 in
2691 4905 2966 4966 secundo
3023 4911 3440 4985 testamentO,
3500 4914 3563 4970 et
3620 4910 3921 4971 satisfacit

2377 4997 2584 5057 dando
2614 4998 2815 5075 primo
2864 4998 3098 5059 haeredi
3141 5006 3447 5079 quantum
3475 5001 3668 5081 ipsius
3693 5002 3920 5062 intere-

2375 5096 2474 5152 rat
2519 5108 2640 5150 non
2674 5096 3037 5153 revocatum
3086 5112 3217 5154 esse
3267 5093 3541 5172 primum
3585 5099 3919 5156 testamen-

2375 5189 2541 5256 tum;
2589 5184 2735 5261 quia
2778 5184 2945 5245 solus
2972 5185 3174 5246 haeres
3203 5187 3441 5265 primus
3484 5188 3693 5266 quoad
3734 5207 3918 5249 suum

2375 5277 2673 5337 interesse
2727 5295 2947 5354 passus
3005 5283 3098 5339 est
3152 5278 3482 5358 injuriam,
3537 5284 3600 5341 et
3645 5280 3920 5341 creditor

2375 5375 2469 5432 est
2517 5368 2834 5445 defuncti,
2892 5371 3133 5441 ratione
3206 5372 3448 5451 injuriae
3478 5419 3493 5449 ,
3554 5376 3622 5433 ut
3675 5372 3910 5434 dictum

2378 5470 2490 5525 est.
