4263 6376
88 786 144 844 12

89 966 210 1004 Μίο

88 2817 140 2875 13

92 2997 239 3037 nmi-

88 3103 242 3143 uniat

95 4215 149 4273 u

88 4443 231 4492 helina.

1294 331 1761 392 DISPUTATIO
1805 330 2021 404 XXIV,
2072 328 2347 388 SECTIO
2390 328 2435 386 1.
3369 327 3447 384 57

276 507 687 569 testificantur
711 505 775 567 in
805 511 1095 586 utroque,
1128 511 1201 567 ut
1246 523 1391 566 cum
1420 505 1557 565 aliis
1602 504 1813 566 multis

277 599 455 661 docet
488 600 757 677 Burgos.
792 598 871 658 de
902 601 1023 660 Paz
1058 597 1139 658 ad
1179 598 1303 676 leg.
1337 599 1442 658 111.
1481 597 1686 674 Tauri,
1738 613 1807 657 11.

277 696 446 769 parte
473 709 515 751 a
542 709 719 753 num.
755 693 932 752 1213.
982 708 1171 770 quem
1213 690 1495 769 sequitur
1532 689 1814 751 Sanchez

280 782 443 844 dicto
473 801 617 861 cap.
652 784 700 843 1.
734 783 927 844 dubio
955 799 1041 843 xl.

354 875 692 936 Dubitatur
740 879 960 954 quarto
1009 875 1087 934 de
1146 876 1520 936 testamento
1575 874 1808 934 militis.

277 970 362 1029 De
391 985 515 1046 quo
544 967 889 1028 dicendum
920 971 1031 1043 est,
1068 966 1300 1027 habere
1323 966 1464 1045 jure
1497 966 1816 1028 communi

276 1060 451 1139 plura
479 1060 812 1138 privilegia
845 1077 985 1139 quae
1029 1059 1427 1120 continentur
1466 1060 1530 1118 in
1559 1059 1815 1137 digestis

277 1156 336 1212 et
359 1152 600 1228 codice,
635 1157 701 1213 et
726 1152 919 1214 instit.
957 1151 1133 1212 titulo
1164 1150 1235 1211 de
1273 1159 1615 1214 testamento
1656 1150 1814 1211 mili·-

275 1244 408 1305 tari.
441 1248 719 1306 Possunt
741 1263 894 1323 ergo
925 1244 1075 1304 dum
1103 1248 1248 1305 sunt
1287 1245 1348 1304 in
1375 1244 1598 1305 bellica
1627 1262 1807 1322 expe-

274 1336 522 1411 ditione,
570 1337 784 1397 valide
835 1335 1045 1397 testari
1100 1354 1245 1396 cum
1290 1336 1532 1397 duobus
1571 1340 1815 1397 tantum

275 1428 532 1489 testibus
561 1428 863 1488 masculis
892 1427 991 1488 vel
1021 1428 1290 1504 feminis,
1325 1429 1433 1489 sed
1463 1433 1673 1489 tamen
1704 1430 1806 1488 ro-

275 1520 450 1599 gatis.
485 1523 705 1582 Potest
731 1521 921 1581 etiam
949 1520 1166 1581 testari
1193 1521 1394 1597 miles,
1420 1521 1566 1583 licet
1583 1521 1665 1582 sit
1680 1539 1814 1580 mu-

274 1619 370 1674 tus
398 1633 412 1673 :
445 1631 564 1674 nec
603 1613 798 1674 debet
839 1613 1018 1673 miles
1069 1631 1177 1674 ore
1207 1613 1460 1691 proprio
1492 1612 1812 1673 hoeredem

276 1705 616 1779 nominare,
662 1705 776 1765 sed
823 1705 1054 1766 sufficit
1079 1705 1129 1765 si
1182 1723 1579 1784 quocumque
1634 1705 1813 1783 signo

273 1796 334 1857 id
384 1797 799 1858 demonstret.
857 1798 1093 1871 Quibus
1140 1797 1483 1877 privilegiis
1534 1797 1816 1876 gaudent

276 1889 653 1970 quicumque
726 1890 791 1950 in
864 1891 1081 1952 castris
1160 1891 1588 1969 reperiuntur,
1671 1890 1818 1950 licet

295 1982 516 2044 milites
572 2001 706 2042 non
767 1982 929 2057 sint,
1013 1982 1204 2044 modo
1260 1983 1325 2042 iu
1388 1983 1524 2044 loco
1607 1983 1817 2044 hostili

274 2074 391 2134 sint
419 2092 434 2138 t
468 2078 921 2136 testamentum
966 2092 1114 2135 vero
1173 2092 1210 2134 a
1260 2074 1454 2136 milite
1509 2075 1571 2135 in
1630 2094 1817 2153 expe-

279 2165 506 2228 ditione
561 2168 807 2228 factum
850 2168 1129 2228 validum
1174 2172 1287 2244 est,
1339 2168 1391 2228 si
1428 2168 1607 2228 miles
1652 2168 1817 2230 intra

279 2276 527 2334 annum,
563 2277 694 2339 quo
724 2277 761 2319 a
788 2258 951 2320 bello
982 2264 1076 2321 est
1122 2277 1432 2337 reversus,
1483 2261 1811 2337 moriatur,

278 2369 448 2412 secus
475 2352 530 2412 si
556 2352 869 2414 moriatur
896 2355 1135 2431 postea.
1169 2353 1256 2413 De
1279 2352 1507 2432 quibus
1524 2353 1669 2413 vide
1685 2355 1814 2415 Mo-

278 2443 463 2504 linam
504 2445 745 2525 disput.
801 2448 936 2507 129.
971 2444 1076 2505 ubi
1108 2444 1294 2505 etiam
1325 2463 1469 2506 cum
1498 2446 1817 2507 communi

280 2536 542 2599 advertit
568 2540 1020 2599 testamentum
1049 2555 1261 2598 coram
1283 2556 1452 2617 rege,
1477 2542 1587 2599 aut
1604 2556 1817 2617 supre-

280 2647 376 2689 mo
415 2630 703 2709 principe
750 2631 986 2691 factum
1014 2629 1224 2690 valere
1267 2630 1506 2710 absque
1542 2632 1664 2691 alia
1717 2649 1818 2691 so-

278 2720 617 2798 lemnitate,
653 2742 730 2783 ex
759 2722 881 2800 leg.
919 2722 1205 2783 Omnium.
1239 2724 1306 2784 C.
1340 2722 1409 2783 de
1440 2725 1810 2786 testamentis.

355 2814 691 2876 Dubitatur
738 2814 977 2893 quintO,
1026 2834 1105 2874 an
1153 2816 1404 2893 quando
1436 2817 1573 2895 quis
1620 2818 1818 2879 voluit

281 2907 486 2967 testari
515 2908 582 2967 in
610 2907 882 2985 scriptiS,
936 2912 999 2968 ct
1044 2907 1243 2968 defuit
1287 2908 1540 2987 aliquod
1588 2928 1661 2969 ex
1708 2928 1817 2970 ne-

284 3000 561 3060 cessariis
589 3000 806 3061 valeat
831 3000 983 3059 illud
1011 3004 1455 3062 testamentum
1484 3007 1553 3062 ut
1582 3020 1814 3062 nuncu·

284 3092 580 3170 patirum,
614 3092 669 3151 si
701 3092 965 3153 aderant
994 3111 1132 3171 quae
1162 3093 1244 3153 ad
1291 3093 1444 3153 illud
1485 3096 1816 3172 requirun-

287 3184 415 3245 tur?
459 3184 859 3264 Respondeo,
909 3184 958 3245 si
1001 3185 1200 3245 voluit
1239 3185 1442 3246 solum
1489 3188 1706 3248 testari
1750 3187 1815 3247 in

287 3277 345 3337 in
427 3278 679 3356 scriptis
700 3324 715 3354 ,
815 3296 940 3338 non
1009 3278 1218 3337 valere
1293 3282 1364 3339 ut
1445 3281 1816 3359 nuncupati-

286 3387 447 3445 vum,
494 3370 643 3447 quia
702 3373 876 3430 actus
916 3369 1238 3448 agentium
1286 3387 1409 3430 non
1440 3370 1653 3432 valent
1697 3372 1814 3432 nisi

279 3459 448 3539 juxta
495 3479 720 3523 eorum
766 3462 1219 3523 intentionem:
1253 3462 1316 3522 in
1363 3463 1554 3523 dubio
1603 3468 1813 3524 autem

287 3554 677 3630 praesumitur
706 3553 973 3615 voluisse
1001 3554 1226 3633 ipsum,
1247 3555 1417 3634 quod
1429 3556 1670 3619 valeret
1687 3575 1814 3616 me-

285 3645 412 3706 liori
430 3646 622 3708 modo
654 3664 780 3726 quo
808 3650 1037 3725 posset,
1058 3647 1208 3726 quia
1219 3647 1645 3727 unusquisque
1659 3667 1816 3728 prae-

285 3738 539 3798 sumitur
582 3738 860 3799 noluisse
889 3738 1057 3818 quod
1105 3743 1269 3801 esset
1313 3740 1594 3816 irritum,
1629 3759 1816 3820 argu-

287 3835 485 3891 mento
513 3831 675 3910 legis
704 3848 800 3891 111.
835 3830 904 3891 de
932 3840 1268 3893 testamento
1293 3832 1517 3893 militis.
1570 3835 1661 3896 Ita
1690 3835 1814 3895 Ma-

287 3922 498 3999 tienzo,
538 3923 881 4002 Gregorius
907 3926 1137 4002 Lopez,
1187 3925 1554 4000 Menobaca,
1587 3931 1650 3987 et
1678 3928 1809 4005 alii,

286 4032 434 4093 quos
460 4016 675 4093 refert,
726 4022 793 4079 et
835 4017 1119 4096 sequitur
1164 4017 1445 4079 Sanchez
1474 4018 1583 4078 ubi
1627 4038 1818 4099 supra

290 4106 428 4168 duh.
464 4125 522 4171 x.

358 4201 692 4262 Dubitatur
717 4205 891 4262 sexto
922 4202 1002 4262 de
1031 4201 1358 4280 codicillis,
1388 4222 1579 4283 quam
1594 4204 1816 4265 solem-

293 4292 538 4355 nitatem
564 4286 939 4373 requirant'?
967 4297 1056 4355 De
1083 4295 1337 4356 nomine
1383 4296 1817 4357 codicillorum

289 4385 520 4447 erudite
551 4387 718 4447 ultra
746 4386 902 4447 alios
929 4387 1061 4465 agit
1078 4389 1149 4449 D.
1170 4390 1204 4450 J
1212 4388 1483 4468 osephus
1510 4390 1817 4450 Antonius

290 4476 362 4537 de
389 4479 565 4541 Salas
592 4479 660 4538 in
688 4497 801 4540 suo
833 4480 1079 4540 erudito
1116 4481 1570 4543 commentario
1603 4485 1818 4544 Petro-

291 4569 366 4628 nii
393 4571 627 4632 Arbitri
656 4571 719 4631 in
748 4572 1053 4650 praeludio
1097 4589 1166 4633 11.
1221 4591 1362 4651 pag.
1398 4576 1457 4635 3.
1491 4573 1600 4634 ubi
1642 4578 1819 4637 notat

294 4660 699 4723 Codicillorum
730 4682 957 4724 nomen
983 4664 1353 4726 translatum
1377 4666 1566 4726 fuisse
1592 4666 1672 4726 ad
1718 4685 1819 4728 sa-

289 4757 448 4832 tyras
492 4755 940 4835 significandas
967 4761 1225 4836 propter
1251 4758 1626 4834 libertatem,
1666 4760 1818 4838 quia

290 4846 346 4906 in
373 4849 588 4910 ultima
615 4849 936 4912 voluntate
967 4850 1175 4910 omnia
1204 4851 1329 4912 dici
1372 4851 1818 4929 permitteban-

289 4944 403 5000 tur.
435 4942 565 5019 Ego
598 4940 919 5018 adderem,
953 4946 1209 5019 propter
1236 4942 1541 5022 majorem
1562 4944 1819 5006 liberte-

289 5036 408 5094 tem
423 5051 613 5112 quam
632 5037 894 5095 testator
913 5033 1190 5095 habebat
1208 5036 1271 5094 in
1303 5035 1610 5113 codicillo,
1628 5055 1818 5115 quam

292 5123 350 5184 in
375 5130 768 5202 testamento,
821 5130 889 5188 ut
916 5127 1291 5190 videbimus
1343 5130 1430 5188 De
1469 5128 1610 5206 jure
1648 5148 1819 5190 com-

293 5219 456 5279 muni
484 5219 545 5280 in
572 5218 876 5281 codicillis
905 5237 1027 5280 non
1057 5223 1264 5300 potest
1276 5221 1409 5281 fieri
1432 5222 1671 5284 directa
1691 5222 1818 5283 hae-

293 5311 447 5372 redis
470 5312 795 5387 institutio,
818 5316 1074 5390 excepto
1103 5312 1297 5373 milite
1327 5313 1513 5392 quiin
1534 5315 1817 5376 codicillo

295 5408 486 5479 potest
508 5404 743 5466 di.ecte
776 5404 1093 5465 haeredem
1137 5404 1488 5483 instituere,
1522 5426 1726 5487 neque
1754 5409 1818 5468 in

297 5511 363 5556 co
389 5502 587 5574 potest
614 5496 948 5559 haereditas
977 5497 1191 5574 adimi,
1252 5499 1350 5559 vel
1377 5500 1514 5561 fieri
1542 5500 1817 5562 exhaere·

1913 503 2107 576 datie,
2142 503 2288 564 licet
2316 502 2512 581 possit
2540 500 2622 561 ibi
2652 498 3004 579 significare
3031 502 3294 560 testator
3320 498 3449 560 hoe-

1915 596 2135 656 redem
2157 596 2507 656 institutum
2525 593 2910 654 commisisse
2926 592 3161 670 aliquid
3182 591 3261 652 ob
3279 591 3447 671 quod

1917 688 2145 768 dignus
2198 692 2311 763 est,
2346 692 2416 748 ut
2443 686 2807 747 haereditate
2854 686 3154 763 privetur,
3201 688 3264 746 et
3289 684 3446 745 velle

1915 799 1981 841 se
2006 781 2175 859 quod
2207 780 2507 858 privetur,
2541 783 2604 839 et
2630 782 2778 839 tunc
2807 779 2854 839 si
2896 777 3266 856 probabitur
3294 777 3450 838 deli-

1915 877 2108 948 ctum,
2142 872 2491 950 privabitur
2523 891 2537 943 ;
2601 889 2739 950 quae
2787 874 3075 931 constant
3101 889 3176 929 ex
3201 870 3447 948 legibus

1910 964 2246 1026 Hoereditas
2266 1011 2281 1040 ,
2368 964 2592 1026 Codice
2673 962 2741 1024 de
2794 962 2867 1022 iis
2889 1010 2904 1039 ,
2980 962 3184 1044 quibus
3240 971 3303 1022 ut
3385 962 3446 1022 in

1910 1057 2120 1138 diqnie,
2167 1062 2228 1118 et
2256 1075 2331 1117 ex
2373 1056 2564 1118 instit.
2599 1056 2749 1117 Cod.
2785 1059 2846 1117 et
2874 1055 3132 1134 digestis
3159 1055 3224 1114 in
3252 1055 3445 1116 titulis

1911 1150 1981 1210 de
2007 1148 2307 1221 codicillis,
2344 1148 2501 1210 etde
2526 1149 2672 1228 jure
2697 1146 3117 1208 codicillorum.
3167 1147 3306 1208 Dixi
3335 1166 3447 1208 au-

1912 1247 2041 1304 tem
2085 1241 2321 1319 directe,
2370 1260 2492 1302 non
2526 1260 2706 1321 posse
2752 1240 2989 1301 institui
3036 1240 3352 1300 haeredem
3382 1239 3446 1300 in

1912 1335 2197 1396 codicillo
2254 1353 2269 1399 :
2327 1337 2533 1413 potest
2592 1334 2759 1393 enim
2804 1333 3013 1393 verbis
3063 1332 3328 1412 obliquis
3381 1332 3447 1393 id

1911 1428 2049 1487 fleri
2076 1446 2191 1506 per
2226 1427 2804 1502 fideicommissum,
2838 1443 2961 1505 quo
3004 1425 3147 1485 fidei
3179 1424 3447 1485 hoeredis

1913 1537 1989 1579 ex
2015 1522 2409 1596 testamento,
2443 1518 2543 1578 vel
2564 1518 2645 1579 ab
2675 1518 2965 1579 intestato
3012 1517 3443 1595 committitur,

1915 1615 1983 1671 ut
2011 1611 2297 1672 restituat
2324 1610 2755 1671 hoereditatem
2778 1610 2955 1670 alteri
2984 1629 3057 1669 ex
3088 1611 3143 1688 ἓ.
3172 1608 3297 1669 Sed
3308 1609 3450 1690 quia

1912 1703 2115 1780 lzoeres,
2170 1704 2360 1764 instit.
2408 1701 2477 1763 de
2514 1702 3050 1783 fideicommissario
3084 1700 3441 1764 lzaereditate.

1914 1797 2045 1855 Imo
2087 1795 2236 1859 licet
2288 1796 2352 1854 in
2407 1796 2697 1856 codicillo*
2746 1795 3158 1856 constituatur
3212 1794 3447 1857 directe

1914 1876 2306 1964 subs'titutuS‚
2341 1888 2471 1948 sive
2500 1888 2791 1967 pupillari
2843 1887 2973 1948 sive
3014 1887 3259 1966 vulgari
3301 1887 3449 1948 sub-

1914 1980 2254 2057 stitutione,
2309 1999 2383 2040 ex
2427 1980 2700 2059 benigna
2735 1980 2895 2060 juris
2938 1980 3447 2059 interpretatione

1914 2077 2202 2133 censetur
2223 2077 2484 2136 testator
2508 2073 2652 2134 fidei
2686 2073 2974 2149 hoerediS,
2999 2074 3129 2133 sive
3159 2073 3444 2149 instituti,

1914 2165 2043 2225 sive
2074 2165 2155 2224 ab
2199 2165 2490 2227 intestato
2538 2167 2952 2242 committere,
3003 2166 3301 2245 illumque
3345 2184 3451 2227 co-

1913 2276 2063 2336 gere
2092 2263 2164 2319 ut
2188 2259 2477 2321 restituat
2512 2259 2602 2319 illi
2647 2259 3102 2335 haereditatem,
3147 2258 3316 2338 quod
3361 2259 3450 2319 fa-

1915 2369 2057 2411 cere
2097 2354 2368 2428 tenetur,
2430 2356 2672 2414 retenta
2719 2357 2942 2432 quarta
2969 2352 3442 2425 Trebellianica,

1915 2446 1978 2504 et
2000 2442 2141 2504 ideo
2173 2448 2463 2506 censetur
2502 2444 2807 2506 indirecta
2845 2446 3046 2505 solum
3095 2445 3448 2506 substitutio

1915 2555 1990 2596 ex
2020 2536 2142 2615 leg.
2176 2536 2466 2612 Scoevola,
2502 2539 2563 2600 ff.
2596 2536 2677 2597 ad
2705 2537 3156 2612 Trebellianum,
3211 2538 3289 2597 de
3321 2556 3444 2617 quo

1914 2629 2113 2689 videri
2140 2632 2347 2707 potest
2373 2630 2603 2690 Melina
2632 2629 3444 2710 disp.124.§.D2ffereer-qo.

1919 2723 2130 2781 Potest
2170 2721 2320 2782 item
2392 2721 2712 2782 codicillus
2776 2722 2910 2783 fieri
2965 2725 3130 2798 ante,
3162 2722 3263 2782 vel
3310 2728 3450 2801 post

1913 2817 2380 2889 testamentum,
2415 2831 2530 2874 nec
2584 2815 2870 2875 revocari
2926 2819 3214 2876 censetur
3258 2818 3451 2876 testa-

1914 2910 2125 2966 mento
2156 2906 2582 2985 subsequenti,
2609 2907 2660 2966 si
2691 2907 2769 2967 de
2797 2908 3109 2968 contraria
3128 2907 3449 2968 voluntate

1914 3016 2038 3059 non
2069 3002 2333 3060 constet.
2390 2999 2455 3060 Si
2485 3017 2634 3060 vero
2680 3018 2844 3059 unus
2895 3000 3223 3060 codicillus
3271 2999 3449 3060 alteri

1913 3096 2243 3169 repugnet,
2261 3090 2555 3152 standum
2572 3095 2667 3152 est
2686 3092 3035 3169 posteriori.
3059 3092 3240 3153 Valet
3260 3088 3449 3152 etiam

1915 3182 2240 3245 codicillus
2284 3204 2407 3264 quo
2458 3184 2596 3264 quis
2657 3184 2913 3265 reliquit
2984 3185 3195 3265 legata
3241 3184 3451 3246 danda

1913 3277 1994 3338 ab
2024 3296 2098 3338 eo
2130 3278 2238 3358 qui
2264 3279 2325 3338 in
2356 3279 2535 3339 bonis
2564 3278 2698 3357 ejus
2730 3280 3101 3350 successerit
3135 3299 3149 3341 :
3188 3298 3328 3359 quae
3357 3282 3452 3340 te-

1915 3370 2165 3431 nebitur
2191 3371 2433 3432 solvere
2462 3376 2680 3455 postea
2709 3372 2912 3432 haeres
2933 3372 3123 3434 etiam
3151 3372 3231 3433 ab
3259 3373 3452 3432 intes-

1913 3467 2042 3525 tato
2072 3482 2149 3523 ex
2177 3465 2232 3543 ἓ.
2268 3481 2311 3527 1.
2345 3464 2538 3525 instit.
2572 3463 2959 3542 decodicillcs,
2985 3471 3049 3527 et
3071 3466 3198 3544 leg.
3232 3464 3310 3525 Si
3323 3466 3453 3546 quis

1915 3575 2043 3617 cum
2074 3565 2497 3634 testamentum,
2533 3560 2597 3622 ff.
2629 3558 2699 3619 de
2724 3558 2873 3638 jure
2890 3557 3308 3619 codicillorum.

1995 3649 2439 3728 Requiruntur,
2500 3655 2563 3712 et
2613 3650 2930 3712 sufficiunt
2975 3650 3054 3710 ad
3097 3650 3449 3712 codicillum

1917 3740 2046 3801 sive
2077 3743 2576 3820 nuncupativnm
2622 3743 2752 3803 sive
2793 3743 2855 3803 in
2888 3743 3133 3822 scrlptis
3174 3743 3450 3822 quinque

1916 3838 2127 3910 testeS,
2164 3834 2353 3895 etiam
2385 3853 2506 3896 non
2538 3836 2769 3914 rogati,
2796 3840 2859 3896 et
2881 3836 3130 3895 feminae
3155 3854 3169 3894 :
3198 3835 3450 3914 quando

1915 3943 2064 3985 vero
2098 3930 2194 3986 est
2229 3926 2292 3986 in
2330 3927 2596 4005 scriptis,
2634 3927 2973 4006 requiritur
3004 3927 3256 3988 testium
3304 3927 3453 3987 sub·-

1917 4017 2192 4096 scriptio,
2239 4023 2302 4080 et
2347 4020 2501 4079 nihil
2547 4020 2738 4096 aliud,
2788 4021 2909 4098 leg.
2961 4020 3159 4082 ultim.
3193 4019 3344 4081 Cod.
3385 4018 3456 4080 de

1916 4110 2218 4184 codicillis,
2255 4119 2317 4173 et
2357 4113 2412 4190 ἓ.
2449 4112 2668 4174 ultimo
2718 4113 2910 4174 instit.
2948 4111 3017 4173 de
3050 4111 3454 4193 fideicommis-

1913 4223 2033 4265 sar.
2067 4203 2331 4265 hoeredit.
2369 4205 2479 4265 sed
2523 4206 2585 4265 in
2658 4205 2942 4267 codicillo
3004 4224 3314 4267 caecorum
3346 4224 3456 4265 ne·

1917 4297 2170 4357 cessarii
2224 4302 2370 4358 sunt
2422 4302 2661 4377 septem
2701 4302 2892 4360 testes
2938 4303 3001 4359 et
3046 4298 3320 4374 tabellio,
3355 4297 3455 4358 vel

1918 4389 2074 4449 alius
2103 4390 2278 4451 testis
2304 4390 2443 4451 loco
2473 4390 2659 4467 illius,
2677 4395 2739 4451 et
2767 4391 2933 4451 idem
2954 4391 3122 4471 quod
3151 4390 3211 4449 in
3236 4408 3453 4451 eorum

1915 4486 2312 4558 testamentO,
2365 4501 2441 4542 ex
2485 4483 2609 4561 leg.
2643 4483 2777 4543 Hac
2805 4482 3248 4559 consultissima,
3298 4483 3447 4545 Cod.

1917 4574 2022 4655 qui
2046 4582 2386 4635 testamenta
2428 4576 2630 4656 facere
2667 4585 2931 4657 possunt.
2967 4575 3228 4649 Quando
3282 4575 3456 4636 codi-

1918 4667 2098 4726 cillus
2128 4668 2201 4727 fit
2230 4667 2394 4728 inter
2437 4667 2666 4728 liberos
2713 4669 2900 4729 modo
2932 4687 3120 4747 supra
3149 4668 3453 4746 explicato

1918 4759 2235 4821 sufficiunt
2254 4759 2377 4821 duo
2408 4764 2616 4837 testeS‚
2649 4766 2838 4840 prout
2865 4762 2952 4821 (16
2971 4764 3342 4822 testamento
3365 4761 3454 4820 di-

1918 4857 2083 4913 ctum
2115 4856 2229 4912 est.
2264 4852 2356 4913 Ad
2391 4854 2745 4915 codicillum
2774 4854 2962 4916 etiam
2982 4854 3196 4915 militis
3224 4853 3453 4914 sufficit

1917 4945 2083 5025 quod
2115 4945 2351 5005 dictum
2380 4951 2474 5008 est
2517 4947 2802 5009 sufficere
2831 4948 2911 5007 ad
2941 4948 3075 5026 ejus
3118 4950 3452 5007 testamen-

1915 5043 2071 5099 tum.
3088 5066 3090 5069 >

1997 5131 2332 5193 Dubitatur
2374 5132 2637 5211 septimo
2667 5132 2745 5192 de
2775 5133 3053 5194 clausula
3081 5131 3442 5209 codicillari,

1918 5242 2043 5304 qua
2089 5225 2228 5304 quis
2275 5225 2428 5286 dicit
2475 5225 2633 5285 velle
2679 5244 2746 5286 se
2794 5229 2861 5287 ut
2901 5226 2952 5286 si
3005 5228 3448 5286 testamentum

1917 5503 2067 5564 Haec
2095 5503 2375 5565 clausulo
2429 5498 2767 5585 aliquando
2798 5504 3041 5565 etiamsi
3070 5523 3196 5565 non
3241 5503 3323 5565 sit
3348 5521 3449 5564 ex-

3600 3656 3673 3714 15

3600 5152 3674 5209 15

1919 5318 2101 5377 'suum
2131 5317 2339 5378 valere
2363 5336 2485 5378 non
2515 5319 2710 5397 possit
2737 5322 2806 5379 ut
2833 5322 3272 5380 testamentum
3291 5364 3306 5392 ,
3339 5336 3448 5377 va·
3524 5277 3768 5373 ‹sslffiffiffn

1917 5409 2062 5470 leat.
2087 5413 2157 5470 ut
2211 5411 2555 5486 codicilluS,
2601 5429 2789 5490 quem
2844 5413 3135 5472 effectum
3192 5410 3442 5472 habeat.
3498 5396 3629 5491 ..31ζῖ

3631 5385 3701 5432 sit,
3722 5389 3766 5427 ct

3631 5438 3791 5480 ll'ectus.
