4263 6376
1190 333 1659 394 msPtJTA'rlo
1702 332 1891 409 XXV,
1940 333 2214 394 SECTIO
2260 334 2416 397 VIII.

226 509 427 588 utique
453 507 687 569 fructus
716 508 997 588 pignoris
1030 509 1476 588 aequivalentes
1503 508 1615 569 tibi
1638 527 1736 569 re-

227 605 408 664 tinere
442 620 549 679 pro
570 601 1026 681 quinquaginta
1064 603 1288 661 annuis
1316 602 1429 662 tibi
1484 602 1730 677 dehine,

227 716 338 756 non
367 695 780 773 computando
810 695 1046 755 fructus
1075 695 1215 756 illos
1237 697 1299 754 in
1329 700 1561 756 sortem
1591 713 1732 754 mu-

228 788 304 849 tui
333 786 480 850 dati.
512 787 573 848 Si
629 806 780 864 ergo
824 786 1063 865 aliquid
1107 788 1421 865 peculiare
1478 787 1733 848 domino

226 879 378 940 feudi
421 878 802 953 conceditur,
838 898 960 939 non
1016 886 1110 940 est
1157 881 1381 952 solum,
1416 880 1581 958 quod
1622 898 1735 959 pro

224 972 456 1032 servitio
500 970 709 1032 debito
739 976 801 1032 et
829 990 952 1031 non
1010 972 1284 1033 exhibito
1339 973 1536 1052 possit
1563 990 1735 1033 com·

226 1083 469 1144 pensare
497 1063 614 1123 sibi
646 1063 728 1123 ad
762 1064 1184 1143 aequalitatem
1215 1083 1291 1125 ex
1317 1065 1622 1126 fructibus
1639 1065 1735 1144 pi-

226 1175 442 1235 gnorls.

261 1249 424 1310 Ratio
438 1248 707 1327 denique
719 1266 758 1307 a
769 1249 959 1326 priori
977 1249 1246 1328 est,quia
1257 1268 1400 1309 cum
1413 1250 1739 1312 totumhoc

225 1340 562 1420 dependeat
590 1360 660 1400 ex
696 1340 1054 1402 conditione
1083 1342 1276 1418 feudi,
1312 1343 1375 1401 in
1406 1343 1588 1421 cujus
1617 1343 1739 1404 ins-

223 1433 491 1495 titutione
523 1433 643 1509 bae,
677 1437 739 1493 et
778 1434 917 1493 aliae
961 1434 1348 1495 conditiones
1403 1439 1742 1515 potuerunt

222 1526 463 1603 imponi,
495 1544 619 1586 non
652 1530 747 1586 est
773 1545 885 1586 cur
912 1545 1034 1586 non
1066 1528 1347 1607 potuerit
1377 1528 1512 1589 haec
1542 1528 1741 1589 facul-

223 1627 310 1679 tas
332 1636 468 1677 cum
497 1622 630 1679 tota
659 1618 765 1678 illa
807 1620 1166 1680 extensione
1197 1626 1260 1681 et
1285 1620 1570 1682 libertate
1628 1621 1740 1681 do-

223 1711 377 1770 mino
404 1711 573 1770 feudi
602 1712 870 1792 relinqui
892 1731 907 1783 ;
929 1717 991 1772 et
1018 1708 1342 1772 fatendu‘m
1374 1713 1624 1774 videtur
1653 1713 1742 1775 ita

223 1804 393 1862 fuisse
421 1804 730 1875 relictum,
764 1822 906 1863 cum
938 1804 1001 1863 id
1022 1804 1108 1864 ita
1137 1805 1302 1865 clare
1343 1806 1407 1865 in
1437 1808 1741 1867 Innocen-

221 1896 282 1957 tii
309 1896 505 1955 verbis
536 1897 746 1975 colligi
776 1896 1082 1958 videatur.
1146 1898 1325 1958 Ratio
1356 1903 1568 1960 autem
1593 1917 1738 1959 con-

223 1988 505 2066 gruentiae
537 1989 618 2048 ad
649 1987 801 2049 illud
831 1995 1084 2067 pactum
1132 1990 1574 2068 apponendum
1605 2010 1740 2052 esse

224 2082 444 2159 potuit;
504 2082 658 2160 quia
691 2081 986 2142 indecens
1041 2083 1375 2143 videbatur
1431 2083 1599 2162 quod
1647 2102 1742 2144 re-

224 2174 433 2233 deunte
485 2193 560 2234 re
604 2173 836 2234 feudali
863 2176 940 2235 ad
972 2194 1197 2235 manus
1228 2175 1465 2235 domini
1521 2176 1743 2237 directi

223 2272 277 2326 et
301 2266 678 2345 principaliS,
699 2267 832 2345 ipse
862 2286 984 2327 non
1017 2272 1085 2327 ut
1112 2268 1401 2328 dominus
1432 2287 1571 2329 eam
1630 2269 1742 2329 ad-

222 2359 610 2435 ministraret,
644 2360 754 2419 sed
784 2364 854 2420 ut
881 2360 1152 2419 alienam
1181 2380 1324 2420 cum
1361 2361 1740 2440 obligatione

224 2452 547 2513 reddendae
589 2452 850 2514 rationis
890 2453 968 2513 de
1021 2453 1328 2516 fructibus
1358 2474 1471 2515 suo
1527 2456 1741 2516 feuda·

222 2545 364 2605 tario
393 2550 454 2606 et
480 2546 777 2620 vassaIIO,
813 2546 990 2624 quasi
1036 2564 1132 2605 res
1162 2546 1268 2605 illa
1300 2548 1381 2607 ad
1427 2566 1741 2627 possesso-

224 2657 341 2697 rem
385 2657 504 2698 non
526 2639 894 2717 pertineret.

292 2731 607 2810 Objiciunt
633 2732 857 2810 primo,
884 2732 1028 2810 quia
1058 2751 1129 2793 eo
1158 2737 1439 2812 tempore
1461 2734 1741 2795 feudata-

132 2877 156 2904 π
226 2823 339 2884 rius
365 2843 486 2884 non
506 2830 679 2885 esset
710 2825 1116 2900 feudatariuS,
1151 2844 1292 2886 cum
1324 2845 1447 2886 non
1480 2827 1742 2890 haberet

227 2917 556 2978 dominium
587 2917 890 2978 directum
926 2936 1040 2977 nec
1071 2919 1241 2993 utile,
1278 2938 1392 2979 nec
1421 2919 1608 2980 etiam
1637 2940 1737 2982 res

132 2984 156 3013 ι
226 3010 471 3071 feudalis
526 3014 697 3071 esset
749 3011 995 3089 pignuS,
1031 3029 1173 3071 cum
1231 3013 1651 3089 possideretur
1703 3034 1742 3075 a

227 3103 460 3164 domino
477 3104 723 3164 directo
743 3107 804 3163 et
836 3103 1436 3183 utili.Respondetur
1449 3107 1740 3183 negando

225 3199 547 3277 seque'am,
584 3198 733 3276 quia
763 3197 1110 3257 dominium
1142 3199 1287 3258 utile
1301 3199 1519 3259 saltem
1549 3200 1611 3259 in
1635 3200 1741 3261 ha-

227 3289 343 3350 bitu
370 3295 584 3351 manet
613 3289 778 3368 apud
813 3289 1255 3362 feudatarium,
1277 3291 1381 3369 qui
1403 3291 1604 3352 soluto
1635 3293 1742 3353 de-

227 3381 339 3443 bito
369 3388 573 3460 potest
602 3383 832 3461 pignus
847 3390 1316 3462 recuperarc,et
1342 3383 1477 3463 ejus
1502 3384 1740 3447 fructus

225 3474 433 3534 deinde
460 3475 812 3554 percipere,
832 3480 894 3537 et
920 3475 1061 3535 ideo
1092 3476 1282 3537 etiam
1332 3476 1522 3538 habet
1550 3480 1741 3539 ratio-

227 3585 352 3626 nem
402 3568 705 3647 pignoris,
767 3574 1074 3646 quatenus
1151 3569 1508 3647 possidetur
1595 3589 1740 3631 cum

228 3659 585 3738 obligatione
618 3660 988 3720 restituendi
1016 3661 1168 3721 iilud
1184 3662 1554 3740 feudatariO,
1589 3682 1739 3742 quo-

227 3751 328 3812 ties
346 3752 542 3814 soluto
572 3753 786 3813 debito
818 3753 968 3812 illud
997 3753 1357 3815 redemerIt.

297 3846 577 3906 Secundo
627 3845 949 3923 objiciunt,
986 3846 1133 3924 quia
1187 3846 1533 3907 dominium
1590 3849 1740 3911 utile

228 3943 310 3998 est
335 3938 669 3998 feudatarii
697 3957 712 4009 ;
746 3956 894 4015 ergo
952 3943 1015 3998 et
1043 3939 1280 4000 fructus
1308 3946 1493 4001 erunt
1519 3941 1738 4019 ipsius».

229 4031 486 4108 Negatur
530 4030 1002 4109 consequentia,
1036 4031 1182 4110 quia
1212 4034 1561 4094 concedens
1606 4035 1743 4096 feu—

228 4121 361 4182 dum
389 4125 613 4202 potuit,
650 4127 718 4182 ut
744 4122 1189 4198 vidimu8,cum
1220 4124 1337 4184 hac
1367 4124 1740 4189 limitatione

229 4215 556 4275 dominium
616 4215 766 4275 utile
797 4215 1164 4292 concedere,
1200 4221 1267 4277 ut
1294 4217 1531 4279 fructus
1556 4219 1617 4277 in
1648 4224 1743 4280 ta—

230 4307 264 4365 li
284 4326 423 4368 casu
453 4309 534 4368 ad
566 4308 895 4367 dominum
926 4308 1145 4368 utilem
1173 4327 1296 4369 non
1328 4309 1737 4387 pertinerent.

230 4401 444 4460 Eodem
473 4400 667 4461 modo
687 4400 948 4461 solvitur
966 4401 1220 4461 tertium
1267 4408 1734 4482 argumentum,

231 4494 381 4571 quod
408 4494 456 4553 si
475 4494 598 4553 hoc
626 4492 689 4551 in
718 4492 902 4553 feudo
924 4494 1273 4554 admittitur
1292 4495 1552 4573 licitum,
1574 4496 1743 4558 idem

230 4586 339 4646 dici
367 4587 594 4665 poterit
623 4586 683 4645 in
707 4585 984 4663 quolibet
1012 4587 1738 4667 usufructurio,usuario,

230 4679 314 4737 vel
341 4680 743 4752 conductore,
778 4677 944 4756 quod
974 4678 1028 4737 si
1057 4677 1281 4739 dentin
1313 4679 1539 4758 pignus
1569 4699 1746 4740 eum-

230 4771 359 4830 dem
403 4772 669 4832 fundum
722 4769 976 4830 domino
1033 4769 1293 4843 directo,
1327 4772 1563 4833 fructus
1619 4791 1743 4833 non

229 4864 478 4925 debeant
530 4865 597 4924 in
645 4866 877 4924 sortem
905 4863 1276 4940 computari.
1310 4864 1745 4943 Respondetur

231 4958 381 5017 enim
406 4956 697 5036 negando
729 4955 1069 5033 sequelam,
1104 4957 1251 5033 quia
1271 4957 1335 5016 in
1366 4956 1438 5016 iis
1466 4962 1745 5018 contrac-

230 5048 400 5125 tibus,
446 5049 547 5109 vel
590 5047 1053 5121 donationibuS,
1105 5067 1228 5108 non
1260 5049 1593 5127 apponitur
1622 5050 1741 5110 tale

231 5148 484 5218 pactum,
516 5159 633 5201 nec
666 5139 896 5217 apponi
926 5144 1135 5218 posset
1160 5139 1225 5199 in
1253 5145 1574 5201 contractu
1597 5159 1742 5201 one·

232 5250 380 5308 roso,
412 5234 528 5293 nisi
566 5232 974 5293 diminuendo
1004 5233 1275 5309 pretium
1303 5239 1560 5310 propter
1588 5234 1741 5294 illud

232 5344 586 5403 gravamen:
649 5329 863 5404 posset
932 5329 1139 5384 tamen
1196 5329 1457 5386 testator
1524 5327 1740 5404 legans

234 5418 668 5479 usumfructum
695 5417 882 5478 alicui
902 5417 1022 5476 boc
1051 5416 1306 5492 addere,
1338 5421 1409 5480 ut
1435 5417 1487 5477 si
1516 5435 1739 5495 agrum

233 5507 479 5572 illumin
507 5512 733 5591 pignus
762 5509 997 5571 haeredi
1026 5509 1224 5585 daret,
1276 5516 1486 5588 posset
1538 5509 1738 5572 haeres

3250 345 3366 403 223

1834 509 2070 570 fructus
2098 511 2423 589 percipere
2481 531 2605 573 non
2658 516 3111 594 computandos
3139 518 3199 577 in
3235 538 3370 580 sor-

1834 607 1960 661 tem
1993 622 2007 674 ;
2045 622 2167 680 quo
2219 622 2367 665 casu
2396 606 2634 667 fructus
2686 627 2809 685 non
2869 609 3128 672 haberet
3169 611 3370 673 haeres

1834 700 2090 771 propter
2130 701 2439 773 mutuum,
2499 699 2609 759 sed
2666 719 2740 760 ex
2794 702 3115 764 voluntate
3178 710 3368 766 testa·

1836 787 2008 847 toriS.

1916 880 2125 940 Tertio
2157 879 2482 960 objiciunt,
2516 884 2661 961 quia
2686 887 2936 963 quando
2958 888 3212 950 feudum
3234 911 3371 970 pre-

1835 971 1921 1033 tio
1953 977 2234 1050 emptum
2264 980 2378 1050 est,
2413 993 2537 1035 non
2556 983 2818 1055 possunt
2845 980 3081 1042 fructus
3110 984 3199 1042 rei
3228 985 3367 1044 feu-

1835 1063 1990 1123 dalis
2020 1083 2056 1124 a
2087 1065 2342 1126 domino
2392 1066 2627 1130 directo
2675 1071 2914 1149 percipi
2954 1092 3076 1135 non
3107 1094 3369 1155 compu-

1835 1157 2008 1216 tandi
2036 1156 2096 1216 in
2121 1163 2375 1219 sortem.
2411 1160 2582 1220 Idem
2613 1166 2725 1237 est,
2760 1162 2811 1222 si
2831 1163 3214 1229 feudatarius
3234 1188 3369 1230 rem

1838 1248 2150 1309 feudalem
2180 1250 2624 1330 melioraverit,
2673 1256 2910 1316 fructus
2946 1260 3112 1319 enim
3140 1280 3215 1321 ex
3241 1281 3369 1323 me-

1838 1341 2223 1403 lioramentis
2268 1346 2708 1422 provenientes
2755 1348 2989 1412 debent
3041 1371 3074 1412 a
3117 1354 3369 1416 domino

1840 1434 2076 1495 directo
2107 1435 2171 1494 in
2200 1441 2432 1496 sortem
2465 1442 2847 1519 computari;
2894 1462 3044 1522 ergo
3075 1465 3277 1525 neque
3304 1448 3369 1509 in

1840 1525 1975 1586 aliis
2004 1529 2272 1590 casibus,
2334 1531 2466 1591 Hoc
2511 1539 2949 1610 argumentum
2996 1540 3198 1618 tangit
3249 1542 3371 1603 alia

1838 1619 2141 1698 requisita
2195 1620 2274 1679 ad
2328 1623 2694 1699 praedictam
2746 1630 3170 1707 exceptionem
3206 1680 3221 1710 ,
3291 1635 3370 1695 de
3475 1645 3496 1663 ⁰

1841 1712 2068 1789 quibus
2098 1711 2433 1775 dicendum
2463 1723 2557 1778 est
2589 1737 2602 1778 :
2637 1718 2755 1778 illis
2774 1725 2981 1781 tamen
3011 1727 3367 1805 suppositis,

1840 1804 2054 1881 negari
2086 1809 2291 1882 potest
2319 1810 2789 1887 consequentia,
2823 1814 2970 1891 quia
2997 1816 3255 1878 feudum
3284 1820 3373 1882 ita

1840 1896 2192 1957 institutum
2221 1903 2317 1959 est
2345 1904 2413 1960 ut
2442 1900 2732 1962 dominus
2761 1905 3032 1968 directus
3063 1928 3186 1970 non
3212 1931 3373 1973 sem-

1841 2006 1972 2067 per,
2025 1989 2136 2050 sed
2182 1989 2494 2069 aliquibus
2541 1995 2788 2055 casibus
2834 2002 3108 2078 exceptis
3135 2004 3372 2067 fructus

1840 2081 2159 2159 percipere
2189 2084 2384 2161 possit
2430 2103 2507 2144 ex
2532 2086 2721 2147 feudo
2771 2092 3186 2169 oppignorato
3236 2098 3374 2159 abs-

1840 2192 1961 2252 que
2018 2174 2397 2252 obligatione
2455 2182 2858 2258 computandi
2916 2184 3055 2247 illos
3111 2188 3174 2248 in
3242 2209 3372 2251 sor-

1840 2269 1989 2326 tem.

1919 2361 2030 2419 Est
2055 2377 2206 2437 ergo
2234 2363 2578 2424 secundum
2606 2367 2997 2447 requisitum,
3046 2375 3214 2447 quod
3242 2376 3374 2437 fru-

1841 2454 1974 2511 ctus
2004 2469 2127 2511 non
2157 2453 2281 2513 sint
2308 2472 2383 2514 ex
2424 2456 2911 2521 melioramentis
2955 2481 2995 2522 a
3023 2465 3370 2530 feudatario

1839 2543 2018 2603 factis
2051 2563 2064 2603 :
2100 2545 2267 2622 quod
2299 2545 2637 2609 admittunt
2656 2550 2942 2619 doctores
2965 2574 3181 2619 omnes
3201 2579 3374 2621 com-

1838 2634 2111 2695 muniter
2141 2638 2306 2715 apud
2337 2639 2631 2699 Molinam
2660 2643 2764 2701 ubi
2798 2663 2984 2725 supra
3018 2656 3235 2712 contra
3264 2655 3371 2715 So-

1845 2731 1996 2803 tum,
2055 2730 2465 2807 Aragonium,
2528 2737 2590 2793 et
2620 2736 2928 2815 Garziam,
2988 2760 3145 2820 quos
3193 2748 3375 2808 affert

1842 2822 2018 2883 Salas
2051 2840 2222 2881 num.
2254 2825 2314 2882 4.
2351 2824 2529 2884 Ratio
2560 2830 2772 2887 autem
2805 2848 2937 2891 esse
2968 2840 3192 2912 potest,
3228 2839 3375 2917 quia

1840 2913 2131 2973 dominus
2161 2914 2436 2975 directus
2481 2918 2684 2979 solum
2713 2928 2921 2999 potest
2963 2927 3201 2990 fructus
3241 2932 3375 2992 feu·-

1840 3006 1998 3066 dalis
2045 3006 2137 3065 rei
2185 3007 2319 3066 sine
2376 3008 2500 3068 ulla
2554 3011 2933 3091 obligatione
2985 3023 3304 3100 percipere
3355 3042 3371 3089 ε

1838 3099 2077 3160 fructus
2106 3104 2314 3159 autem
2348 3118 2423 3160 ex
2467 3104 2957 3170 melioramentis
3000 3131 3126 3173 non
3157 3115 3375 3176 viden-

1840 3196 1942 3253 tur
1968 3192 2177 3271 quoad
2216 3211 2355 3252 eam
2403 3201 2647 3274 partem
2690 3217 2824 3260 esse
2872 3220 2945 3261 ex
2999 3223 3068 3265 re
3115 3207 3369 3284 feudali,

1837 3284 1949 3345 sed
1978 3304 2054 3344 ex
2082 3285 2219 3345 aliis
2265 3286 2495 3348 additis
2539 3290 2629 3349 rei
2660 3291 2924 3367 feudali;
2986 3317 3182 3376 quare
3228 3301 3377 3363 licet

1839 3378 2142 3456 praedicta
2164 3377 2311 3458 jura
2361 3380 2513 3440 nibil
2543 3381 2621 3441 de
2678 3402 2750 3444 eo
2780 3403 2928 3446 casu
2957 3388 3188 3468 dicant,
3248 3413 3372 3454 non

1838 3475 1933 3531 est
1985 3470 2049 3529 in
2086 3469 2206 3531 hoc
2262 3490 2298 3531 a
2340 3474 2656 3535 communi
2713 3481 3021 3541 sententia
3074 3486 3376 3546 receden-

1839 3563 2012 3624 dum.

1918 3657 2199 3717 Tertium
2228 3659 2597 3736 requisitum
2627 3665 2741 3737 est,
2777 3665 2945 3741 quod
2961 3667 3217 3729 feudum
3248 3690 3371 3732 non

1839 3748 1918 3810 sit
1945 3749 2142 3826 pretio
2173 3749 2456 3811 habitum
2485 3772 2522 3812 a
2558 3753 2928 3833 feudatario,
2980 3760 3089 3819 sed
3136 3764 3367 3839 gratis;

1839 3841 2118 3920 alioquin
2149 3842 2382 3903 debent
2410 3843 2550 3921 ejus
2579 3845 2814 3908 fructus
2844 3867 2881 3908 a
2920 3851 3173 3914 domino
3204 3856 3371 3916 dire-

1840 3940 1940 3995 cto
1973 3934 2036 3993 in
2064 3938 2298 3995 sortem
2324 3939 2699 4015 computari,
2733 3943 2986 4018 quando
3010 3944 3161 4006 iUud
3188 3947 3250 4007 in
3283 3951 3369 4027 pi·

1839 4045 2001 4105 gnus
2030 4026 2276 4105 accipit.
2339 4030 2430 4088 Ita
2455 4031 2702 4090 Lessius
2731 4034 2834 4092 ubi
2879 4054 3090 4115 supra,
3142 4042 3373 4102 Navar-

1840 4138 1968 4195 ruS,
1989 4119 2422 4196 Covarruvias,
2444 4123 2743 4200 Navarra,
2766 4126 3032 4205 Gabriel,
3051 4131 3369 4212 Silvester,

1841 4213 2140 4290 Angelus,
2172 4212 2506 4291 Adrianus,
2554 4234 2711 4294 quos
2739 4219 2949 4291 refert,
3003 4228 3065 4285 et
3092 4229 3377 4306 sequitur

1844 4306 2023 4367 Salas
2054 4322 2226 4366 num.
2261 4308 2318 4366 2.
2380 4307 2611 4369 Melina
2640 4310 2747 4370 ubi
2788 4331 2997 4392 supra,
3051 4320 3159 4396 qui
3200 4321 3378 4383 addit

1844 4398 2011 4457 idem
2056 4415 2227 4473 esse,
2290 4397 2339 4457 si
2383 4399 2639 4460 feudum
2695 4403 2758 4462 in
2800 4413 3375 4485 compensationem

1843 4491 2211 4552 meritorum
2240 4495 2349 4551 aut
2394 4492 2838 4572 obsequiorum
2886 4504 3375 4577 praecedentium

1844 4584 2060 4644 datum
2109 4583 2345 4644 fuisset.
2409 4585 2588 4657 Quod
2636 4588 2684 4646 si
2732 4592 2960 4667 partim
3009 4595 3368 4676 liberaliter,

1844 4676 2071 4755 partim
2101 4676 2322 4754 preti0,
2376 4678 2473 4737 vel
2503 4685 2762 4757 propter
2807 4682 3111 4765 obsequia
3139 4710 3374 4769 praece-

1844 4768 2055 4829 dentia
2083 4769 2202 4829 fuit
2228 4769 2468 4847 datum,
2503 4773 2708 4848 portio
2737 4774 3055 4840 fructuum
3074 4801 3212 4860 quae
3240 4804 3374 4863 pre-

1844 4863 1928 4924 tio
1960 4866 2067 4921 aut
2093 4861 2330 4922 meritis
2358 4863 2857 4941 praecedentibus
2876 4875 3233 4951 respondet,
3267 4877 3373 4937 de-

1843 4955 1951 5015 bet
1975 4954 2328 5032 computari
2371 4955 2434 5014 in
2462 4960 2695 5016 sortem
2742 4977 2779 5018 a
2810 4959 3061 5025 domino
3109 4965 3367 5048 directo,

1841 5048 1942 5107 cui
1971 5046 2034 5106 in
2063 5047 2288 5125 pignus
2324 5052 2542 5125 postea
2571 5049 2790 5110 datum
2816 5053 2916 5113 sit.
2971 5057 3149 5118 Ratio
3180 5062 3367 5123 etiam

1841 5158 1976 5201 esse
2024 5144 2248 5216 potest,
2310 5141 2454 5218 quia
2500 5141 2646 5204 licet
2697 5144 2760 5202 in
2801 5145 2876 5204 iis
2923 5148 3171 5225 juribus
3217 5153 3370 5217 nihil

1840 5233 2028 5294 etiam
2057 5232 2136 5291 de
2166 5231 2286 5293 hoc
2313 5251 2462 5293 casu
2493 5234 2770 5309 dicatur;
2819 5239 2976 5300 ratio
3020 5246 3228 5305 tamen
3259 5266 3370 5308 na-

1839 5324 2057 5385 turalis
2086 5325 2396 5403 aequitatis
2424 5326 2489 5387 id
2518 5328 2729 5406 exigit,
2781 5347 2925 5389 cum
2967 5331 3028 5391 in
3061 5337 3369 5413 ejusmodi

1840 5417 2260 5478 contractibus
2302 5419 2581 5480 onerosis
2628 5438 2753 5481 non
2797 5423 3063 5499 soleant,
3121 5449 3235 5491 nec
3265 5434 3369 5494 de-

1836 5509 2028 5572 beant
2092 5508 2231 5571 haec
2284 5513 2654 5589 gravamina
2692 5516 2962 5593 apponi,
3025 5538 3141 5582 nec
3198 5522 3367 5603 juste

3521 2382 3636 2441 149

3419 2508 3538 2561 Quiri,
3560 2509 3595 2551 si
3624 2509 3719 2552 fru-

3438 2568 3529 2605 ctus
3546 2563 3628 2604 sint
3644 2575 3695 2605 cx

3420 2617 3717 2680 melioramen-

3522 3685 3637 3744 150

3420 3807 3537 3859 Quid.
3559 3809 3594 3851 si
3627 3809 3721 3852 feu-

3422 3861 3516 3924 dum
3532 3862 3608 3905 ruit
3618 3875 3720 3925 pre-

3420 3920 3521 3957 tium
3537 3916 3718 3960 habitum
