4263 6376
1200 362 1672 424 DISPUTATIO
1715 360 1962 437 XXXV,
2012 361 2286 424 SECTIO
2330 362 2434 424 1v.

232 540 401 599 desse
430 538 669 616 possint
701 557 716 599 ε
768 541 1024 616 propter
1050 555 1192 617 quae
1221 556 1347 600 non
1376 537 1594 599 debuit
1619 537 1752 616 pie-

231 634 320 692 tas
344 631 622 691 fidelium
649 630 960 709 impediri,
993 631 1246 709 quando
1267 631 1486 693 volunt
1514 650 1589 691 ex
1619 648 1755 707 pro·

230 723 374 803 priis
416 722 598 784 bonis
644 722 950 783 beneficia
978 723 1528 800 supernumeraria
1554 723 1756 800 erige-

230 835 312 888 re,
344 816 473 876 sine
504 816 881 894 obligatione
912 815 1183 894 eligendi
1211 816 1583 895 digniorem.
1617 815 1757 876 Alia

230 914 429 970 tamen
481 909 791 987 simplicia
833 908 1141 969 beneficia
1182 928 1305 969 non
1345 927 1757 988 supernume-

231 1002 405 1076 raria,
438 1001 490 1061 si
517 1001 1028 1079 permitterentur
1055 1002 1209 1080 erigi
1229 1002 1362 1062 sine
1379 1002 1757 1080 obligatione

233 1092 486 1170 eligendi
519 1094 937 1155 communiter
965 1094 1353 1173 digniorem,
1387 1094 1759 1174 praejudica-

230 1191 393 1246 retur
416 1185 586 1246 bono
616 1186 1087 1248 communitatis
1110 1233 1126 1263 ,
1167 1206 1310 1248 cum
1341 1187 1621 1248 Ecclesia
1649 1186 1759 1246 de·-

230 1278 455 1339 buisset
480 1277 735 1338 aliunde
765 1279 1096 1357 providere
1125 1280 1439 1341 ministros
1459 1279 1595 1339 illos
1615 1297 1758 1339 cum

231 1370 599 1450 obligatione
647 1371 917 1449 eligendi
960 1373 1377 1434 communiter
1417 1372 1754 1451 dignioreS.

233 1462 290 1525 Si
318 1480 464 1541 ergo
486 1462 851 1542 imperator,
874 1465 975 1524 vel
1004 1482 1113 1524 rex
1143 1465 1391 1527 dotaret
1417 1484 1634 1526 omnes
1664 1482 1759 1525 ec-

231 1555 440 1615 clesias
467 1554 862 1615 cathedrales
910 1555 1003 1615 sui
1056 1557 1235 1635 regni
1283 1575 1426 1617 cum
1465 1556 1758 1618 facultate

232 1647 491 1725 eligendi
520 1665 681 1725 quos
707 1647 895 1709 vellet
921 1648 1055 1709 sine
1084 1650 1209 1710 ullo
1241 1649 1506 1726 delectu,
1538 1667 1761 1729 seque-

230 1744 433 1801 rentur
459 1740 524 1799 in
553 1739 660 1801 illo
687 1759 883 1819 regno
912 1742 1315 1803 incommoda
1354 1761 1493 1822 quae
1538 1760 1761 1821 seque-

231 1838 434 1893 rentur
461 1832 526 1891 in
555 1837 688 1893 tota
718 1833 982 1894 ecclesia
1001 1881 1016 1906 ,
1068 1834 1119 1894 si
1160 1835 1240 1894 ad
1269 1834 1631 1913 hujusmodi
1657 1834 1759 1894 be-

231 1925 440 1985 neficia
468 1924 617 2002 eligi
646 1929 908 2003 possunt
936 1926 1150 2006 digni,
1199 1928 1444 1988 omissis
1476 1945 1755 1988 commu-

232 2017 380 2077 niter
405 2017 824 2096 dignioribuS,
859 2022 1047 2098 atque
1079 2020 1239 2081 adeo
1270 2020 1538 2081 multum
1565 2020 1627 2079 in
1660 2038 1759 2079 re-

232 2128 343 2188 gno
372 2109 474 2170 illo
506 2110 806 2170 Ecclesiae
835 2111 1026 2171 facies
1055 2111 1496 2190 deturparetur
1525 2132 1539 2174 ε
1592 2112 1760 2191 quod

231 2202 566 2281 periculum
598 2203 895 2265 Ecclesiae
932 2207 1215 2283 pastores
1244 2206 1605 2283 permittere
1636 2223 1760 2265 non

234 2294 475 2356 debent.

304 2388 475 2448 Dicet
500 2387 748 2467 aliquiS‚
783 2388 918 2449 haec
946 2389 1157 2451 omnia
1177 2390 1298 2451 dici
1329 2390 1488 2451 bene
1518 2392 1594 2451 ad
1627 2410 1763 2470 spe-

153 2537 161 2562 ,
235 2480 599 2541 culationem
629 2484 691 2542 et
718 2480 782 2540 in
811 2482 1158 2543 abstracto:
1186 2483 1262 2543 ad
1287 2484 1530 2561 praxim
1550 2488 1761 2546 tamen

154 2589 184 2617 ³⁸
234 2591 359 2633 esse
386 2573 634 2633 inutilia
693 2594 705 2634 :
768 2574 918 2653 quid
945 2575 1133 2636 faciet
1172 2594 1277 2636 rex
1311 2582 1418 2637 aut
1446 2577 1757 2656 princepS,

153 2645 160 2671 ¹
235 2665 328 2725 cui
349 2665 659 2727 incumbit
701 2666 779 2726 ad
823 2668 1020 2728 multa
1067 2668 1373 2730 beneficia
1401 2674 1651 2745 curata,
1703 2674 1765 2730 et

236 2757 530 2836 simplicia
560 2764 972 2836 praesentare,
1006 2766 1116 2822 aut
1142 2761 1293 2842 quid
1324 2762 1411 2821 illi
1442 2763 1763 2823 consulen-

236 2850 406 2922 dum,
441 2855 511 2912 ut
539 2851 755 2914 debito
784 2870 897 2914 suo
928 2853 1272 2914 satisfaciat
1311 2857 1372 2915 et
1413 2854 1764 2934 digniorem

234 2944 416 3019 possit
440 2944 725 3005 invenire
744 2946 774 3004 ?
803 2945 1174 3023 Respondeo
1204 2947 1264 3005 in
1299 2947 1537 3025 primis,
1558 2947 1608 3007 si
1639 2949 1765 3026 epi-

234 3036 395 3115 scopi
439 3037 660 3117 optimi
705 3043 946 3112 essent,
997 3043 1060 3099 et
1086 3039 1216 3100 zelo
1263 3040 1481 3102 salutis
1528 3041 1764 3100 anima-

233 3145 383 3205 rum,
442 3147 517 3192 ac
565 3130 896 3209 pastoralis
939 3130 1128 3192 officii
1175 3150 1329 3194 cura
1368 3137 1759 3212 praestanteS,

236 3240 408 3284 nemo
435 3225 664 3285 melius
693 3242 883 3304 quam
912 3224 1065 3303 ipsi,
1100 3231 1210 3288 aut
1238 3245 1429 3306 quam
1458 3245 1569 3305 per
1596 3227 1765 3306 ipsos

236 3314 532 3378 inveniret
561 3316 904 3396 digniores,
931 3335 1045 3397 pro
1076 3319 1296 3399 majori
1326 3321 1545 3382 notitia
1574 3338 1765 3399 quam

238 3410 647 3471 communiter
689 3410 926 3471 habent
965 3410 1044 3469 de
1088 3410 1373 3472 doctrina
1402 3416 1467 3473 et
1491 3412 1768 3473 moribus

237 3500 791 3566 ecclesiasticorum
813 3548 828 3579 ‚
880 3502 1106 3581 quibus
1134 3503 1266 3564 sine
1296 3505 1522 3565 affectu
1552 3504 1769 3566 amici-

240 3593 359 3670 tiae,
387 3599 495 3656 aut
522 3595 784 3656 alterius
813 3595 1270 3674 conjunctionis
1298 3597 1603 3659 beneficia
1629 3616 1769 3676 pos-

243 3690 372 3747 sent
398 3688 685 3748 conferre
733 3707 747 3748 :
807 3687 1067 3750 deberet
1104 3693 1315 3750 tamen
1348 3690 1671 3768 princepS,
1718 3691 1772 3751 si

236 3794 339 3854 per
361 3798 427 3840 se
457 3781 667 3859 ipsum
696 3781 927 3858 eligere
943 3781 1098 3856 vult,
1121 3780 1464 3842 humanam
1493 3784 1768 3862 aliquam

236 3870 613 3950 diligentiam
644 3872 945 3933 adhibere
970 3919 986 3949 ,
1043 3878 1112 3935 ut
1159 3874 1444 3936 notitiam
1492 3876 1769 3954 aliquam

234 3982 625 4026 communem
656 3966 920 4027 haberet
947 3966 1023 4026 de
1054 3968 1493 4028 ecclesiasticis
1513 3969 1676 4047 aptis
1706 3974 1770 4032 et

236 4056 496 4135 idoneis,
531 4077 609 4118 ex
639 4058 866 4137 quibus
896 4063 1022 4119 tres
1053 4061 1287 4120 classes
1316 4063 1575 4122 faceret.
1635 4062 1766 4122 Pri-

238 4169 397 4212 mam
426 4155 487 4213 et
517 4170 878 4229 supremam
907 4152 988 4211 ad
1019 4154 1438 4232 episcopatus,
1473 4172 1509 4213 a
1539 4154 1767 4235 quibus

243 4262 355 4305 non
386 4245 577 4305 debet
619 4243 947 4322 religiosos
1000 4245 1369 4321 excludere,
1430 4246 1492 4305 in
1541 4247 1767 4325 quibus

236 4337 643 4397 communiter
669 4336 896 4398 multos
923 4338 1221 4414 inveniet,
1255 4338 1508 4416 pietate,
1543 4339 1768 4401 doctri-

237 4446 340 4503 na,
386 4434 449 4491 et
472 4430 609 4489 zelo
639 4429 901 4490 eximios
923 4476 939 4506 ,
998 4431 1228 4511 quibus
1258 4432 1635 4510 pastoralem
1660 4450 1770 4493 cu-

236 4537 362 4579 ram
388 4525 521 4583 tuto
555 4522 945 4584 committere
986 4528 1224 4601 posset,
1280 4530 1344 4585 et
1380 4524 1769 4603 experientia

237 4617 467 4676 constat
496 4614 749 4694 quando
779 4615 1052 4694 religiosi
1096 4635 1221 4677 non
1250 4617 1372 4677 alio
1404 4618 1629 4678 affectu
1660 4617 1769 4677 hu·

238 4723 412 4766 mano
443 4707 779 4786 eliguntur,
818 4707 933 4767 nisi
968 4709 1047 4769 ob
1069 4710 1501 4788 praestantiam
1532 4710 1767 4771 doctri-

238 4815 327 4858 nae
354 4803 414 4860 et
439 4817 725 4876 morum,
777 4799 1039 4861 eximios
1085 4807 1148 4863 et
1194 4802 1616 4864 sanctissimos
1646 4803 1771 4881 epi-

239 4908 449 4971 scopos
478 4911 553 4953 ex
583 4892 702 4952 illis
730 4892 864 4953 fieri
888 4939 904 4969 ‚
976 4894 1082 4973 qui
1112 4894 1223 4955 toti
1258 4894 1550 4955 Ecclesiae
1581 4912 1765 4955 orna-

238 4990 439 5046 mento
471 4990 533 5046 et
563 4986 849 5063 exemplo
897 4991 1064 5062 sunt,
1121 4986 1289 5065 quod
1320 4987 1548 5048 nostris
1578 4987 1768 5048 etiam

237 5078 612 5155 temporibus
643 5077 879 5156 experti
919 5097 1156 5139 sumus.
1215 5078 1505 5139 Secunda
1554 5079 1768 5140 classis

241 5165 417 5230 debet
444 5189 579 5230 esse
621 5170 702 5229 ad
732 5169 1039 5230 beneficia
1068 5171 1366 5232 inferiora
1394 5176 1611 5233 curata
1635 5218 1651 5249 ,
1702 5173 1766 5232 in

241 5260 455 5337 quibus
483 5261 867 5341 majorzelus
896 5266 960 5324 et
988 5263 1273 5324 doctrina
1301 5265 1591 5342 exigitur.
1622 5267 1768 5326 'Per-

239 5351 320 5411 tia
357 5353 623 5434 denique
672 5354 753 5414 ad
801 5355 925 5415 alia
952 5354 1260 5417 beneficia
1288 5357 1615 5435 simplicia.
1678 5360 1768 5419 Ex

242 5445 454 5522 quibus
506 5447 806 5510 classibus
859 5449 1054 5509 semel
1088 5450 1437 5512 constitutis
1458 5497 1475 5528 ,
1522 5470 1648 5511 non
1676 5456 1771 5513 est

242 5536 418 5600 nimis
443 5541 815 5620 curandum,
869 5542 1041 5622 quod
1070 5541 1173 5604 hic
1200 5543 1301 5605 vel
1327 5543 1433 5604 ille
1461 5543 1634 5623 prius
1662 5545 1767 5606 eli-

3276 363 3393 423 585

1851 541 2040 616 gatur
2060 584 2077 615 ,
2128 557 2274 600 cum
2311 538 2550 618 possint
2579 539 2687 600 alii
2713 537 3058 618 prudenter
3082 539 3396 600 reservari
3480 585 3492 595 .

1854 630 1934 692 ad
1963 631 2087 692 alia
2115 632 2342 693 similia
2363 632 2674 694 beneficia
2719 635 2781 693 et
2821 633 3085 693 fortasse
3133 631 3395 691 meliora

1854 723 1976 784 cito
2009 728 2329 786 vacatura.
2391 727 2606 805 Neque
2653 724 2822 786 enim
2863 741 3165 803 magnum
3197 724 3398 783 eccle·-

1853 815 1961 876 siae
1990 816 2460 878 incommodum
2487 817 2692 878 timeri
2723 821 2930 896 potest
2949 862 2964 893 ‚
3010 816 3178 895 quod
3208 815 3395 895 paulo

1854 914 2000 969 ante
2031 908 2131 969 hic
2162 927 2352 988 quam
2377 910 2481 970 ille
2509 910 2689 986 aliuS,
2714 909 2824 988 qui
2851 909 3117 969 fortasse
3148 908 3399 987 dignior

1856 1005 1969 1076 est,
2003 1007 2471 1080 promoveatur.
2529 1005 2798 1063 Possunt
2842 1001 3034 1063 etiam
3082 1001 3397 1063 interdum

1856 1094 2162 1155 beneficia
2213 1095 2520 1173 simplicia
2573 1094 2838 1156 conferri
2898 1089 3400 1156 adolescentibus

1855 1186 2038 1246 bonae
2071 1186 2296 1248 indolis
2341 1191 2402 1248 et
2445 1187 2893 1266 expectationis
2920 1232 2936 1262 ‚
2983 1186 3210 1266 quibus
3256 1204 3399 1265 pro-

1857 1279 2036 1357 gredi
2066 1281 2305 1357 possint
2332 1280 2392 1340 in
2426 1280 2552 1341 suis
2581 1281 2822 1354 studiis,
2845 1284 2907 1340 et
2925 1279 3196 1358 aptiores
3220 1277 3399 1339 reddi

1859 1371 1939 1431 ad
1968 1371 2212 1451 majora
2239 1391 2503 1434 munera
2561 1393 2575 1432 ε
2633 1373 2675 1432 ii
2734 1373 2901 1433 enim
2955 1370 3273 1450 digniores
3299 1372 3400 1431 vel

1858 1483 2038 1544 aeque
2067 1465 2243 1544 digni
2286 1466 2526 1527 censeri
2570 1470 2866 1545 possunt,
2928 1484 3003 1527 ac
3054 1465 3156 1524 alii
3197 1463 3401 1543 magis

1858 1562 2171 1637 provectae
2202 1559 2436 1634 fetatis,
2471 1559 2549 1619 de
2590 1558 2817 1638 quibus
2862 1558 2922 1617 in
2964 1558 3241 1618 futurum
3275 1575 3400 1617 non

1857 1654 2034 1713 tauta
2053 1652 2398 1729 expectatio
2429 1651 2649 1711 haberi
2679 1654 2904 1730 potest.
2938 1653 3198 1729 Oportet
3211 1650 3402 1711 etiam

1858 1745 2222 1823 frequenter
2276 1761 2617 1805 concursus
2667 1744 2873 1803 facere
2915 1761 3028 1822 pro
3078 1740 3399 1803 beneficiis

1859 1836 2207 1916 praesertim
2237 1837 2490 1912 curati5‚
2537 1840 2599 1897 et
2629 1855 2752 1897 non
2791 1853 2935 1896 raro
2965 1854 3079 1914 pro
3108 1834 3401 1914 simpHci-

1860 1930 2011 2007 buS,
2064 1947 2188 2008 quo
2237 1934 2419 2008 pacto
2468 1929 2647 1989 facile
2703 1927 3017 2007 digniores
3074 1927 3404 1988 inveniun-

1859 2026 1983 2096 tur,
2018 2025 2081 2082 et
2112 2022 2501 2100 experientia
2532 2025 2774 2084 constat
2811 2021 3147 2082 canonicos
3163 2021 3270 2100 qui
3285 2021 3404 2082 hoc

1862 2119 2044 2194 pacto
2102 2115 2165 2175 in
2221 2116 2499 2176 ecclesiis
2567 2114 3032 2176 cathedralibus
3089 2112 3402 2192 Hispaniae

1863 2209 2213 2288 eliguntur,
2267 2209 2536 2287 optimos
2582 2227 2717 2269 esse
2765 2207 3044 2269 omnium
3075 2204 3403 2267 canonico-

1862 2320 2004 2362 rum
2050 2321 2063 2362 :
2112 2320 2306 2380 quare
2336 2302 2390 2362 si
2417 2301 2595 2362 multi
2637 2301 2756 2362 hoc
2784 2305 2966 2379 pacto
2998 2299 3399 2378 eligerentur,

1864 2394 2141 2474 capitula
2218 2395 2394 2455 brevi
2468 2398 2751 2472 tempore
2835 2392 3137 2472 majorem
3208 2391 3403 2452 multo

1864 2487 2294 2566 splendorem,
2348 2491 2409 2548 et
2459 2487 2704 2564 copiam
2750 2486 3064 2546 bonorum
3097 2483 3403 2563 capitula-

1862 2581 2026 2641 rium
2058 2578 2382 2639 haberent.
2433 2578 2549 2652 Qui
2578 2581 2788 2638 autem
2819 2577 2952 2638 sine
2983 2577 3110 2636 ulla
3139 2576 3407 2654 diligen-

1864 2673 1949 2734 tia
1999 2676 2109 2733 aut
2149 2672 2394 2733 delectu
2432 2671 2736 2731 beneficia
2790 2670 3146 2748 petentibus
3193 2668 3406 2729 confe-

1865 2768 2042 2840 runt,
2104 2765 2204 2825 vel
2233 2763 2309 2823 iis
2355 2781 2469 2842 pro
2500 2762 2726 2841 quibus
2759 2760 3242 2839 consanguinei,
3305 2760 3405 2820 vel

1866 2856 2053 2918 amici
2082 2857 2440 2935 postulant,
2496 2875 2622 2916 non
2652 2856 2812 2916 bene
2842 2855 3178 2915 consulunt
3206 2853 3407 2914 eccle—

1865 2952 1973 3012 siae
2004 2950 2136 3026 Dei,
2170 2953 2233 3011 et
2259 2949 2477 3010 timere
2508 2948 2624 3009 sibi
2654 2947 2874 3009 merito
2896 2949 3158 3025 possunt
3196 2946 3274 3006 de
3306 2964 3406 3006 ra-

1860 3045 2031 3106 tione
2060 3044 2124 3103 in
2156 3042 2256 3102 die
2287 3041 2513 3121 judicii
2560 3040 2869 3119 exigenda
2898 3039 2978 3099 ab
3010 3038 3161 3117 ipsis
3181 3085 3198 3116 ,
3251 3057 3407 3118 quo-

1863 3137 2050 3199 modo
2082 3134 2505 3198 ecclesiastica
2533 3132 2838 3195 beneficia
2871 3130 3320 3194 distribuerint.

1973 3511 2062 3574 De
2088 3530 2175 3589 εο,
2208 3511 2315 3593 qui
2337 3510 2673 3592 beneficium
2703 3511 2762 3571 in
2789 3510 3033 3572 alterius
3059 3509 3317 3591 qratiam

2476 3617 2791 3679 renuntiat.

1947 3874 2162 3932 Restat
2190 3888 2355 3930 nunc
2385 3869 2593 3929 dicere
2624 3869 2701 3929 de
2733 3887 2844 3945 ec,
2899 3866 3004 3947 qui
3034 3866 3409 3928 beneficium

1868 4244 2035 4305 enim
2061 4243 2142 4303 ad
2172 4242 2378 4302 minus
2406 4242 2469 4301 in
2501 4240 2780 4301 omnium
2809 4239 3120 4301 sententia
3144 4238 3407 4319 requiri-

1867 4342 1989 4399 tur.
2054 4339 2192 4397 Non
2239 4335 2424 4413 pauci
2452 4335 2700 4410 docent,
2755 4333 3046 4393 eamdem
3078 4331 3410 4411 obligatio-

1867 4449 2011 4492 nem
2069 4446 2204 4491 csse
2259 4428 2322 4487 in
2381 4426 2741 4506 resignante
2767 4473 2782 4502 ‚
2841 4445 2953 4486 seu
2983 4425 3406 4501 renuntiante,

1868 4543 2008 4603 quae
2039 4526 2134 4583 est
2162 4522 2222 4581 in
2255 4520 2663 4593 electoribus,
2711 4520 2797 4581 ita
2841 4521 3027 4581 Sotus
3063 4518 3173 4578 lib.
3209 4518 3310 4577 111.
3344 4516 3414 4578 de

1862 4616 2115 4697 justitia,
2151 4634 2211 4694 q.
2249 4630 2334 4675 vl.
2396 4617 2514 4674 art.
2548 4629 2617 4674 11.
2651 4613 2716 4672 iu
2741 4613 2888 4672 fine.
2948 4612 3267 4671 Navarrus
3296 4609 3411 4669 Mi-

1867 4709 2100 4770 scellan.
2140 4711 2239 4769 38.
2274 4706 2344 4767 de
2372 4713 2522 4767 orat.
2558 4724 2729 4765 num.
2763 4708 2821 4765 7.
2871 4703 3161 4777 Palatios,
3196 4705 3259 4762 et
3288 4703 3412 4762 Na-

1870 4820 2096 4876 varra,
2155 4799 2324 4877 apud
2356 4798 2637 4860 Sanchez
2681 4797 2846 4858 dicto
2878 4815 2931 4857 c.
2967 4812 3011 4857 1.
3044 4796 3100 4873 ἕ.
3135 4811 3219 4855 1v.
3255 4793 3406 4854 dub.

1868 4911 1980 4957 vn.
2021 4911 2193 4953 num.
2228 4896 2328 4952 77.
2379 4891 2637 4952 Addunt
2665 4892 2980 4951 Navarrus
3009 4892 3072 4949 et
3099 4889 3406 4964 vasquez,

1868 5006 1992 5048 non
2035 5003 2300 5064 peccare
2343 4984 2395 5045 si
2423 4983 2740 5044 renuntiet
2784 4982 2847 5041 in
2878 4981 3070 5040 alium
3103 4996 3281 5057 aeque
3313 4978 3410 5038 di-

1865 5098 2062 5161 gnum
2093 5097 2167 5139 ac
2196 5079 2328 5158 ipse
2378 5081 2550 5153 erat,
2611 5076 2760 5155 quia
2809 5075 2971 5134 sicut
3000 5077 3246 5151 poterat
3275 5072 3409 5149 ipse

1863 5173 2159 5249 retinere,
2194 5170 2425 5250 poterit
2453 5169 2646 5230 alium
2676 5186 2854 5248 aeque
2888 5166 3148 5246 dignum
3178 5163 3409 5226 substi—

1864 5270 2067 5327 tuere.

1947 5359 2066 5421 Alii
2094 5362 2305 5419 tamen
2337 5354 2754 5417 communiter
2781 5352 3035 5424 dicunt,
3088 5369 3211 5410 non
3261 5369 3408 5429 pec-

1868 5470 2034 5527 care,
2051 5451 2105 5512 si
2130 5449 2449 5511 renuntiet
2474 5447 2537 5506 iu
2568 5446 2842 5525 aliquem
2873 5444 3156 5523 dignum,
3178 5444 3408 5506 omisso

1868 5543 2161 5625 digniori.
2195 5545 2370 5604 Hanc
2398 5542 2614 5604 tenent
2639 5536 2962 5617 Salonius,
2997 5536 3313 5614 MercadO,
3348 5543 3412 5600 et

1866 3965 1930 4025 in
1986 3963 2242 4026 alterius
2288 3962 2559 4042 gratiam
2624 3961 2983 4035 renuntiat,
3042 3978 3122 4019 an
3181 3959 3412 4021 debeat
3457 3880 3672 4058 Quasi?
3673 4006 3757 4050 bn,

1867 4058 2055 4121 etiam
2086 4075 2369 4136 quaerere
2400 4056 2789 4134 digniorem,
2841 4072 2922 4114 an
2960 4071 3111 4113 vero
3142 4053 3411 4114 sufficiat
3484 4059 3598 4114 sntio
3626 4063 3729 4104 ταὶ·

1865 4149 2227 4212 renuntiare
2255 4148 2365 4224 illi,
2399 4166 2586 4253 quem
2617 4147 2877 4225 dignum
2914 4165 3048 4207 esse
3075 4146 3269 4219 novit,
3289 4145 3409 4205 hoc
3458 4114 3755 4211 ηέῗοίιιίἑοιῗᾶ
