4263 6376
634 1423 749 1482 196

533 1549 654 1599 Quid,
693 1548 728 1590 ai
749 1547 831 1589 do-

553 1602 664 1643 natio
681 1602 814 1643 suerat

547 1660 830 1696 remunerato·

589 1709 598 1717 ⁸
714 1709 726 1749 l
746 1708 799 1749 ob

760 1790 776 1807 ·
879 1781 1206 1860 distinguit
1237 1802 1250 1842 :
1285 1782 1380 1842 vel
1401 1781 1565 1841 enim
1588 1781 1907 1860 praecessit
1926 1798 2114 1841 causa
2136 1799 2209 1840 ex
2231 1786 2407 1858 parte

879 311 961 368 50

882 486 1093 545 nasset
1119 482 1199 543 ad
1244 483 1735 546 construendum
1772 482 2104 562 collegium
2150 501 2407 559 novum,

882 580 947 636 et
970 581 1188 655 postea
1219 577 1427 638 nescio
1454 597 1581 658 qua
1608 577 1686 637 de
1715 595 1904 637 causa
1924 577 2069 639 facti
2100 595 2246 637 eum
2274 594 2412 654 1100-

880 670 1128 745 3110101,
1180 675 1243 731 01
1268 671 1440 731 111031
1485 672 1913 745 meditaretur,
1965 672 2038 730 R.
2072 672 2141 730 Ρ.
2192 670 2412 729 Ν31135

881 763 1248 824 Vitellescus
1267 763 1580 825 societatis
1599 763 1907 841 generalis
1927 763 2220 823 facultate
2241 762 2413 839 prius

881 875 920 915 a
947 857 1119 934 Papa
1145 856 1337 917 Paulo
1367 858 1442 918 V.
1476 857 1752 932 obtenta,
1803 855 2206 915 donationem
2251 854 2409 913 inte-

880 965 1060 1026 gram
1083 947 1217 1027 jam
1263 955 1656 1028 acceptatam
1701 946 2038 1008 revocandi
2078 946 2185 1026 jus
2215 947 2414 1006 dona-

879 1039 1000 1101 tori
1029 1041 1354 1117 concessit,
1407 1041 1576 1120 quod
1606 1042 1686 1101 311
1734 1040 1869 1100 31115
1913 1040 2242 1100 laudatum
2268 1040 2404 1114 fuit,

879 1131 1025 1192 licet
1069 1133 1348 1194 Pontifici
1398 1134 1593 1194 nimia
1636 1133 1976 1193 liberalitas
2020 1133 2154 1191 visa
2199 1132 2406 1207 fuerit,

881 1229 946 1285 et
969 1224 1111 1286 ideo
1141 1224 1392 1286 difficile
1411 1244 1487 1286 ac
1511 1245 1677 1305 aegre
1705 1226 2068 1286 facultatem
2088 1242 2411 1285 concesse-

879 1317 982 1378 rit.

960 1410 1292 1471 Dubitatur
1319 1415 1514 1486 sext0,
1546 1428 1628 1471 an
1657 1411 1937 1470 revocari
1959 1409 2152 1487 possit
2171 1409 2252 1470 ob
2272 1428 2411 1487 pro-

878 1504 957 1563 lis
998 1504 1384 1565 nativitatem
1431 1502 1685 1564 donatio
1733 1503 2116 1581 praecedenS,
2168 1501 2409 1564 etiamsi

880 1596 1597 1672 fueritremuneratoria,
1628 1596 1728 1655 vel
1748 1595 1827 1656 ob
1851 1614 2105 1656 causam
2123 1595 2154 1655 ⁴?
2180 1595 2414 1656 Molina

878 1689 935 1767 ἓ.
967 1688 1222 1749 Dubium
1229 1698 1525 1769 postremo
1552 1697 1656 1764 est,
1688 1706 1833 1747 cum
1861 1688 1998 1748 aliis
2017 1706 2175 1767 quos
2205 1690 2403 1763 affert,

878 1875 1192 1951 (10333115,
1225 1876 1334 1954 (131
1360 1876 1460 1935 vel
1488 1893 1563 1934 ex
1592 1874 1999 1952 gratitudine,
2051 1874 2150 1933 vel
2182 1893 2256 1933 ex
2286 1873 2409 1934 alia

876 1969 1061 2029 simili
1090 1987 1282 2029 03353
1309 1968 1581 2028 debebat
1607 1967 1865 2043 donare,
1899 1972 1961 2027 et
1979 1970 2126 2027 tunc
2156 1967 2407 2028 donatio

878 2062 1085 2141 quoad
1142 2060 1293 2121 nihil
1347 2065 1697 2121 revocatur.
1758 2060 1872 2121 Vel
1919 2078 2044 2119 non
2090 2060 2409 2138 praecessit

877 2173 1067 2215 causa
1094 2172 1166 2213 ex
1197 2158 1375 2231 parte
1403 2152 1712 2227 (10333115,
1755 2151 1865 2212 5οᾱ
1893 2151 2095 2212 501331
2125 2170 2201 2211 ex
2228 2155 2405 2230 parte

876 2247 1209 2321 donatarii,
1239 2251 1302 2306 et
1329 2252 1477 2306 tunc
1504 2244 2031 2323 revocaripoterit
2050 2244 2273 2306 saltem
2308 2266 2404 2307 us-

876 2358 998 2420 que
1024 2340 1104 2401 ad
1132 2339 1444 2417 legitimas
1470 2338 1740 2398 filiorum
1781 2357 1796 2396 :
1847 2340 1917 2398 ut
1941 2338 1992 2397 si
2022 2338 2268 2399 donasti
2293 2357 2400 2400 ex-

872 2439 1106 2495 traneae
1134 2432 1195 2491 in
1244 2432 1476 2506 dotem,
1532 2434 1592 2490 et
1639 2434 1858 2508 postea
1902 2436 2241 2491 nascantur
2284 2432 2403 2493 sibi

872 2525 981 2585 filii
1008 2524 1405 2585 revocabitur
1426 2522 1678 2582 donatio
1701 2522 1909 2601 quoad
1939 2522 2250 2601 legitimas
2280 2524 2402 2585 sal-

868 2624 998 2679 tem
1025 2618 1318 2692 filiorum,
1354 2616 1579 2695 quibus
1604 2615 1993 2694 praejudicat.
2027 2617 2201 2677 Hanc
2230 2635 2399 2677 eam-

870 2711 1015 2770 dem
1045 2710 1516 2789 responsionem
1537 2708 1844 2786 approbat
1863 2708 2205 2768 Turrianus
2232 2708 2397 2770 dicto

869 2802 1019 2863 dub.
1056 2819 1126 2863 11.
1159 2801 1219 2861 in
1248 2803 1395 2861 fine.
1449 2800 1574 2862 Sed
1603 2800 1911 2862 diminuta
1940 2804 2051 2877 est,
2094 2801 2241 2879 quia
2272 2820 2397 2861 non

868 2895 1156 2973 explicat,
1196 2894 1306 2954 sed
1336 2894 1544 2954 adhuc
1571 2893 1869 2973 relinquit
1893 2893 2283 2971 ambiguum,
2317 2913 2398 2954 an

868 2987 1224 3048 revocanda
1266 2986 1348 3048 sit
1375 2987 1439 3046 in
1486 2989 1687 3046 totum
1718 2986 1994 3062 donatio,
2051 2986 2151 3046 vel
2196 2986 2396 3047 solum

866 3080 1078 3159 quoad
1124 3079 1433 3157 legitimas
1476 3078 1770 3153 filiorum,
1825 3078 2075 3156 quando
2113 3079 2233 3140 fuit
2262 3080 2396 3139 abs-

865 3191 988 3252 que
1017 3191 1207 3234 causa
1253 3191 1327 3231 ex
1368 3176 1547 3251 parte
1601 3170 1891 3233 donantis
1934 3172 2044 3233 sed
2091 3173 2293 3234 solum
2322 3193 2395 3234 01(

863 3271 1040 3344 parte
1067 3265 1451 3345 accipientis

944 3360 1140 3438 Igitur
1168 3358 1341 3436 iuxta
1386 3376 1483 3432 ea,
1535 3375 1675 3437 quae
1705 3357 1872 3418 dicta
1912 3362 2058 3419 sunt
2102 3359 2180 3418 de
2209 3378 2390 3420 revo-

863 3453 1111 3514 catione
1154 3451 1234 3512 ob
1276 3451 1821 3529 ingratitudinem,
1881 3450 2391 3530 distinguendum

860 3546 961 3605 hic
993 3544 1181 3606 etiam
1213 3549 1327 3604 est.
1378 3546 1537 3603 Nam
1565 3543 1666 3603 vel
1695 3545 2118 3604 remuneratio
2149 3545 2392 3607 excedit

857 3638 1102 3713 merita,
1128 3638 1212 3699 ita
1237 3640 1305 3697 ut
1324 3636 1403 3696 sit
1420 3655 1567 3696 vere
1587 3635 1863 3695 liberalis
1876 3635 2058 3715 juxta
2073 3636 2155 3696 ibi
2180 3637 2346 3699 dicta
2370 3659 2383 3699 :

856 3737 919 3792 et
946 3736 1094 3791 tunc
1133 3729 1417 3790 revocari
1460 3730 1691 3808 poterit
1726 3728 1935 3807 quoad
1979 3732 2182 3789 totum
2209 3729 2387 3790 illum

854 3842 1199 3899 excessum,
1242 3842 1367 3885 non
1409 3822 1616 3901 quoad
1654 3821 1720 3880 id
1757 3821 1819 3881 in
1851 3839 1975 3900 (130
2014 3836 2386 3900 correspon-

853 3916 960 3977 det
985 3916 1257 3989 meritis;
1302 3916 1403 3976 vel
1433 3933 1561 3975 non
1592 3913 1856 3988 excedit,
1903 3919 1966 3975 et
1992 3917 2141 3974 tunc
2173 3915 2383 3992 quoad

852 4007 1006 4067 nihil
1033 4011 1239 4085 potest
1266 4007 1569 4068 revocari.
1603 4005 1946 4084 Loquendo
1975 4024 2123 4066 vero
2157 4005 2236 4066 de
2268 4006 2386 4067 do-

850 4101 1105 4162 natione
1133 4101 1297 4161 facta
1339 4100 1420 4160 ob
1458 4117 1735 4174 causam,
1782 4117 1904 4159 non
1947 4099 2178 4177 poterit
2217 4117 2382 4161 com-

847 4194 1123 4256 muniter
1149 4192 1435 4254 revocari
1493 4211 1506 4252 :
1570 4190 1717 4270 quia
1745 4191 1878 4266 (105,
1925 4209 1986 4251 v.
2017 4211 2114 4271 gr.
2150 4191 2383 4254 donata

846 4292 1180 4364 extraneae,
1213 4286 1331 4348 fuit
1357 4304 1431 4345 ex
1452 4303 1642 4345 causa
1672 4301 1936 4344 onerosa
1954 4285 2102 4346 data
2126 4286 2374 4363 marit0,

845 4399 1039 4463 quare
1068 4398 1272 4459 neque
1302 4378 1381 4439 ab
1411 4381 1567 4456 ipso,
1602 4395 1805 4456 neque
1834 4376 1914 4436 ab
1939 4377 2072 4456 ejus
2100 4378 2243 4439 filiis
2270 4385 2380 4441 aut

842 4475 939 4551 iis,
991 4474 1095 4553 qui
1145 4470 1542 4550 aliquomodo
1584 4470 1665 4530 ad
1701 4470 1996 4530 maritum
2033 4470 2370 4549 pertinent,

842 4567 1040 4646 repeti
1068 4564 1316 4645 poterit.
1364 4564 1497 4635 Quo
1526 4563 1591 4622 in
1620 4581 1881 4623 numero
1908 4563 2160 4624 videtur
2185 4564 2374 4625 etiam

843 4679 1003 4721 uxor
1027 4661 1163 4737 ipsa
1192 4656 1635 4737 computanda,
1672 4656 1924 4734 expedit
1950 4657 2116 4717 enim
2146 4657 2371 4719 marito

841 4752 1013 4833 quod
1040 4769 1196 4812 uxor
1232 4755 1374 4829 post
1401 4748 1535 4829 ejus
1562 4754 1828 4809 mortem
1858 4767 1982 4809 303
2011 4754 2214 4828 egeat,
2260 4751 2370 4811 sed

838 4846 1070 4907 habeat
1101 4843 1265 4904 unde
1292 4843 1483 4914 vivat,
1519 4842 1740 4903 saltem
1771 4860 1844 4901 ex
1865 4859 1977 4901 sua
2008 4841 2175 4917 dote,
2213 4847 2275 4902 01
2304 4848 2372 4903 31

834 4940 913 4999 (10
956 4938 1063 4998 1113
1104 4936 1300 5016 possit
1338 4934 1532 4994 libere
1572 4933 1901 5013 disponere
1943 4938 2245 5013 tanquam
2289 4933 2367 4993 de

832 5032 1021 5093 rebus
1050 5031 1199 5090 5315.
1238 5027 1625 5089 Generaliter
1654 5027 1843 5089 etiam
1879 5027 2082 5086 omnis
2110 5026 2365 5087 donatio

831 5127 998 5186 facta
1048 5122 1128 5183 ob
1159 5139 1372 5181 veram
1418 5137 1671 5181 causam
1727 5124 1790 5180 et
1825 5118 2365 5197 proportionatam

830 5236 955 5277 non
983 5215 1235 5275 videtur
1259 5213 1545 5274 revocari
1574 5230 1777 5290 posse,
1826 5211 2026 5288 posita
2069 5229 2259 5270 03353
2288 5229 2365 5270 ex

828 5313 1004 5388 parte
1034 5306 1366 5380 donatarii,
1401 5305 1688 5384 quiajam
1716 5305 1926 5384 posuit
1945 5322 2019 5363 ex
2050 5311 2228 5382 parte
2247 5322 2362 5364 sua

826 5403 890 5461 id
921 5401 1001 5462 ad
1030 5399 1198 5479 quod
1227 5399 1442 5460 datum
1473 5401 1585 5472 est,
1633 5404 1692 5459 01
1719 5398 1981 5458 fortasse
2012 5396 2128 5456 nisi
2162 5396 2357 5456 dona-

824 5495 912 5557 tio
942 5494 1020 5554 ad
1051 5492 1323 5572 nuptiaS,
1375 5490 1474 5551 vel
1501 5491 1583 5550 ad
1610 5491 1886 5552 studium
1912 5488 2354 5568 praecessisset,

2036 302 2140 366 DE
2191 306 2539 367 JUSTITIA
2586 307 2687 366 ET
2726 307 2926 369 JURE

2512 501 2637 543 non
2668 483 3000 562 nupsisset,
3043 500 3159 543 nec
3187 482 3394 544 studia
3420 481 3897 560 aggrederetur.
3955 483 4037 542 Re

2511 580 2720 636 autem
2749 575 3013 654 integra,
3046 582 3109 637 et
3132 593 3323 636 causa
3352 575 3631 636 nondum
3661 576 3886 654 posita,
3920 593 4037 634 non

2509 671 2772 745 apparet
2810 686 2922 728 cur
2956 687 3081 729 non
3136 668 3331 747 possit
3372 668 3435 727 in
3492 672 3695 730 totum
3736 666 4034 742 revocari,

2511 778 2653 819 0331
2696 760 2904 820 adhuc
2939 760 3228 821 videatur
3269 779 3404 820 esse
3446 761 3702 821 omnino
3742 759 4035 839 gratuita,

2511 852 2820 929 siquidem
2875 852 3238 914 donatarius
3291 872 3407 914 nec
3453 853 3692 933 aliquid
3747 872 3818 912 ex
3866 858 4038 930 parte

2512 963 2625 1005 533
2647 945 2873 1023 posuit,
2907 963 3021 1005 nec
3038 945 3486 1025 obligationem
3503 947 3781 1025 aliquam
3808 963 4038 1005 novam

2511 1038 2802 1115 suscepit,
2854 1056 2980 1098 non
3009 1039 3176 1099 enim
3216 1040 3519 1118 obligavit
3559 1058 3625 1099 sc
3654 1044 3725 1099 ut
3756 1056 4038 1118 suppono

2510 1130 2591 1190 ad
2622 1130 2975 1209 ponendam
3013 1149 3292 1208 causam,
3339 1132 3448 1192 sed
3490 1131 3877 1211 disjunctim,
3928 1131 4039 1191 hoc

2512 1227 2633 1298 est,
2692 1223 2789 1283 vel
2820 1224 2900 1283 ad
2929 1224 3288 1302 ponendam
3317 1242 3605 1301 causam,
3648 1225 3747 1284 vel
3775 1222 4043 1284 redden-

2510 1315 2658 1374 dam
2685 1334 2819 1376 rem
2847 1316 3168 1393 donatam,
3228 1336 3419 1378 causa
3448 1335 3569 1377 non
3604 1317 3836 1396 posita;
3904 1334 4041 1394 quae

2512 1427 2635 1470 non
2663 1411 2759 1469 est
2792 1426 2953 1468 nova
2992 1409 3313 1487 obligati0‚
3360 1410 3460 1470 vel
3490 1428 3651 1470 onus
3680 1427 3943 1485 novum,
3984 1413 4042 1469 et

2511 1501 2650 1561 ideo
2681 1519 2805 1560 303
2835 1501 3106 1562 extrahit
3128 1502 3335 1563 adhuc
3364 1502 3768 1564 donationem
3798 1520 3837 1560 a
3870 1520 4039 1562 mere

2508 1594 2801 1672 gratuita,
2849 1600 2912 1654 et
2935 1612 3048 1672 per
3074 1612 3464 1673 consequens
3494 1613 3560 1654 re
3571 1594 3775 1655 vocari
3804 1595 4040 1672 poterit

2509 1685 2591 1747 ob
2618 1684 2855 1763 prolem
2881 1685 2961 1745 de
2989 1704 3152 1746 novo
3181 1692 3556 1766 susceptam.

2588 1777 2922 1838 Dubitatur
2946 1778 3234 1855 septimo,
3266 1799 3349 1840 an
3378 1779 3634 1841 donatio
3656 1779 3849 1840 etiam
3877 1780 4042 1841 facta
4156 1785 4172 1841 l

2508 1891 2548 1933 a
2571 1890 2693 1931 non
2725 1870 2993 1931 habente
3022 1871 3205 1948 filios,
3239 1873 3518 1933 revocari
3550 1872 3747 1951 possit
3761 1873 3902 1951 ipso
3933 1873 4040 1933 do·
4079 1909 4130 1950 Α,
4150 1923 4172 1959 5,

2508 1970 2722 2025 natore
2739 1964 2955 2041 postea
2972 1962 3251 2041 ingresso
3268 1965 3675 2044 religionem?
3703 1967 3856 2025 Pars
3874 1965 4038 2025 enim
4079 1975 4172 2065 ἐξ

2509 2057 2825 2118 affirmans
2846 2054 3098 2131 probari
3116 2057 3383 2133 videtur,
3417 2058 3567 2137 quia
3585 2058 4039 2119 monasterium
4081 2080 4171 2129 1,οα

2507 2151 2929 2231 aequiparatur
2953 2150 3127 2224 filiis;
3163 2155 3225 2211 et
3254 2150 3396 2211 ideo
3425 2152 3476 2211 si
3507 2149 3690 2212 Seius
3718 2150 4037 2212 institutus
4128 2135 4172 2267 's'

4095 2239 4171 2269 ΜΗ

2506 2246 2585 2306 511
2610 2245 2832 2323 1131105,
2865 2250 2928 2307 01
2953 2248 3249 2324 gravatus
3273 2249 3414 2322 post
3448 2250 3717 2305 mortem
3745 2245 3913 2304 Titio
3942 2264 4039 2303 re-

2503 2339 2758 2399 stituere
2786 2338 3237 2413 haereditatem,
3269 2337 3319 2397 si
3347 2336 3481 2397 sine
3508 2335 3721 2396 liberis
3751 2336 4037 2397 decesse-

2502 2431 2602 2506 rit,
2646 2431 2852 2492 adhuc
2879 2449 3003 2492 non
3034 2429 3385 2490 admittitur
3411 2429 3608 2490 Titius
3635 2429 4032 2505 substitutuS,

2504 2523 2554 2583 si
2584 2523 2763 2585 Seius
2790 2522 3241 2584 monasterium
3282 2521 3662 2582 succedendi
3706 2540 3910 2600 capax
3938 2522 4032 2581 in-

2500 2616 2804 2694 greditur,
2838 2620 2908 2676 ut
2933 2618 3177 2676 constat
3205 2633 3280 2674 ex
3310 2631 3447 2692 cap.
3482 2614 3555 2674 In
3569 2615 3921 2695 proesentia,
3956 2615 4032 2674 de

2500 2708 3002 2787 probationibuS,
3061 2707 3209 2786 quia
3263 2711 3526 2768 testator
3578 2707 4035 2768 monasterium

2498 2801 2899 2880 praesumitur
2924 2818 3068 2861 cum
3096 2800 3237 2861 filiis
3265 2804 3662 2879 computasse
3710 2820 3724 2860 :
3774 2818 3930 2878 ergo
3977 2804 4038 2861 et

2499 2893 2763 2955 donator
2800 2893 2962 2954 51031
2990 2891 3390 2971 praesumitur
3440 2891 3774 2953 excludere
3817 2910 4033 2953 casum

2497 2985 2689 3065 prolis
2717 2987 2966 3062 suturas,
3012 2986 3101 3046 sic
3128 2985 3528 3063 praesumitur
3556 2985 3895 3045 excludere
3924 3004 4030 3045 ca-

2496 3097 2634 3139 sum
2663 3079 2741 3138 de
2771 3079 3054 3158 ingressu
3098 3078 3483 3153 monasterii,
3534 3077 3635 3138 cui
3666 3095 3791 3137 non
3822 3078 4032 3139 minus

2496 3191 2684 3251 quam
2737 3172 2880 3233 filiis
2935 3171 3263 3233 nascituris
3314 3170 3641 3232 consulere
3700 3172 3910 3233 vellet.
3958 3174 4026 3233 P.

2492 3265 2770 3327 Thomas
2800 3265 3081 3327 Sanchez
3134 3265 3242 3325 lib.
3276 3266 3409 3326 vn.
3471 3265 3531 3323 in
3556 3263 3841 3344 Decoloq.
3887 3283 4026 3345 cap.

2492 3375 2585 3418 111.
2621 3378 2726 3418 33.
2758 3362 2856 3419 41.
2901 3357 3070 3429 dicit,
3115 3373 3235 3419 non
3266 3357 3551 3417 revocari
3590 3356 4024 3434 donationem,

2491 3469 2606 3511 nec
2635 3450 2697 3510 id
2727 3450 2805 3510 ab
2835 3451 3042 3529 aliquo
3085 3449 3301 3526 asseri,
3349 3448 3464 3510 sed
3500 3451 3915 3526 contrarium,
3950 3451 4027 3511 li-

2488 3546 2590 3603 cet
2616 3543 2806 3622 aliqui
2836 3543 2989 3603 falso
3021 3543 3288 3604 dixerint
3307 3543 3761 3604 monasterium
3791 3543 4029 3604 debere

2487 3634 2719 3695 habere
2748 3654 2927 3695 suam
2956 3635 3321 3714 legitimam,
3361 3635 3552 3715 idque
3581 3636 3846 3714 probat;
3893 3642 4029 3697 tum

2487 3729 2633 3807 quia
2654 3728 3101 3789 monasterium
3117 3746 3242 3788 non
3271 3734 3366 3789 est
3382 3729 3567 3804 filius,
3602 3747 3722 3788 nec
3750 3728 4029 3792 habetur

2484 3821 2620 3881 loco
2662 3821 2793 3897 filii,
2849 3826 2982 3881 tum
3015 3820 3204 3881 etiam
3249 3821 3396 3899 quia
3437 3821 3605 3881 dicta
3647 3820 3767 3892 lex,
3817 3821 4026 3882 Sinu-

2483 3932 2679 3993 quam,
2725 3912 3005 3992 loquitur
3044 3913 3122 3973 de
3156 3913 3320 3973 veris
3348 3913 3513 3990 filiis,
3562 3932 3689 3974 non
3720 3913 3801 3973 de
3829 3915 4021 3993 fietis,

2482 4006 2683 4086 qualis
2707 4010 2871 4067 esset
2896 4005 3367 4083 monasterium,
3401 4007 3646 4068 etiamsi
3677 4005 4027 4070 haberetur

2480 4098 2618 4160 loco
2648 4099 2779 4159 filii.

2561 4193 2871 4251 Caeterum
2900 4209 3024 4252 non
3055 4191 3304 4252 videtur
3330 4210 3431 4253 res
3460 4192 3597 4254 haec
3626 4192 3787 4252 adeo
3818 4197 4017 4272 certa,

2480 4289 2543 4345 et
2594 4284 2978 4354 communis;
3039 4302 3185 4344 nam
3238 4284 3409 4345 idem
3457 4285 3740 4346 Sanchez
3796 4292 4022 4365 postea

2478 4395 2616 4455 cap.
2649 4392 2777 4437 xv1.
2820 4395 2992 4439 num.
3024 4380 3122 4437 65.
3159 4380 3346 4438 0166,
3395 4379 3577 4438 affert
3607 4378 3898 4439 Felinum
3923 4381 4023 4440 di-

2477 4474 2744 4545 centem,
2790 4488 2923 4529 rem
2955 4470 3116 4531 hanc
3144 4470 3428 4549 indigere
3456 4471 3766 4548 examine,
3819 4491 4021 4551 quan-

2476 4563 2556 4623 do
2586 4566 2844 4624 testator
2874 4563 3049 4638 dixit,
3083 4563 3161 4623 Si
3180 4563 3303 4623 sine
3323 4562 3517 4624 libertis
3536 4563 3850 4642 decessero,
3882 4566 4019 4626 snb-

2472 4656 2649 4716 stituo
2682 4655 2918 4731 Titium,
2966 4661 3028 4718 et
3053 4656 3186 4735 ipse
3216 4659 3479 4717 testator
3505 4662 3723 4735 postea
3751 4658 4017 4738 religio-

2474 4767 2618 4808 nem
2645 4749 3064 4827 ingrediatur,
3106 4753 3168 4810 et
3197 4751 3522 4808 Ferretum
3555 4750 3901 4828 Patisium,
3952 4757 4018 4814 et

2468 4841 2625 4901 alios
2652 4841 2953 4917 dicentes,
3009 4842 3293 4902 revocari
3348 4841 3756 4902 donationem
3814 4863 4014 4923 quam

2469 4933 2693 5012 aliquis
2720 4934 2866 4995 fecit
2894 4934 3010 4995 sub
3040 4953 3115 4994 ea
3144 4934 3522 5011 conditione,
3557 4935 3608 4994 si
3629 4935 3763 4995 sine
3793 4936 4014 4998 liberis

2469 5025 2822 5102 decederet,
2873 5027 2921 5087 si
2974 5033 3191 5105 postea
3236 5028 3686 5089 monasterium
3726 5028 4016 5106 ingredi-

2466 5122 2588 5180 tur.
2624 5121 2803 5182 Unde
2831 5120 3046 5181 inferri
3074 5121 3342 5198 videtur,
3392 5120 3561 5200 quod
3590 5120 3757 5181 idem
3789 5123 4014 5183 dicen-

2466 5211 2618 5271 dum
2648 5211 2746 5289 sit,
2795 5212 3048 5292 quando
3080 5231 3221 5273 eam
3268 5213 3693 5274 conditionem
3741 5233 3865 5275 non
3897 5235 4011 5275 ex-

2464 5305 2700 5384 plicuit,
2760 5325 2906 5366 nam
2953 5307 3146 5382 taciti,
3206 5311 3270 5367 01
3314 5307 3588 5386 expressi
3635 5308 3860 5368 eadem
3909 5314 4012 5372 est

2463 5399 2642 5459 ratio.
2698 5399 2761 5460 Si
2793 5418 2940 5476 ergo
2971 5400 3035 5459 in
3065 5399 3400 5460 donatione
3430 5418 3678 5478 semper
3704 5400 3867 5461 inest
3896 5402 4008 5463 illa

2462 5492 2655 5553 tacita
2701 5491 2997 5568 conditio,
3050 5491 3268 5573 Sifilii
3308 5492 3457 5552 mihi
3495 5512 3610 5552 non
3653 5503 4002 5573 nascantur,
