4263 6376
88 528 115 569 si
131 540 217 588 mp-

88 586 216 621 niuis-

1272 339 1743 401 DISPUTATIO
1788 340 1976 416 XXV,
2027 341 2301 401 SECTIO
2347 342 2449 402 vl.

261 509 456 587 primo
504 530 586 570 an
634 513 825 591 possit
865 515 1113 592 exigere
1139 533 1252 594 pro
1283 516 1455 575 lucro
1484 518 1787 589 cessante,

88 645 218 686 ,m
261 607 361 686 qui
395 606 560 665 hanc
590 606 921 684 pecuniam
953 607 1376 668 destinaverat
1404 608 1482 666 ad
1512 608 1794 685 negotia-

88 687 215 739 ‘uchri

259 700 513 775 tionem,
550 699 740 759 aliam
781 704 991 758 tamen
1034 699 1260 775 habet,
1315 719 1439 779 qua
1486 700 1792 778 negotiari

261 792 472 870 possit,
531 791 645 850 sed
703 809 826 851 non
856 792 991 852 vult
1035 810 1172 851 eam
1213 793 1288 851 ad
1342 793 1791 869 negotiandum

261 884 621 945 destinare?
678 883 1146 962 Respondetur,
1208 886 1260 944 si
1289 904 1364 944 ex
1404 885 1573 963 justa
1603 903 1791 945 causa

259 980 421 1038 illam
451 977 788 1055 pecuniam
821 995 944 1036 non
974 978 1263 1055 exponit,
1318 978 1463 1056 quia
1492 978 1788 1038 nimirum

260 1090 388 1131 eam
420 1075 705 1129 reservat
733 1069 812 1127 ad
843 1069 1094 1128 familia·-
1123 1070 1663 1145 sustentationem,
1688 1071 1788 1129 vel

259 1168 332 1226 ad
373 1165 782 1225 necessitates
824 1180 964 1241 quae
1011 1162 1327 1241 inopinate
1375 1168 1635 1240 possunt
1689 1182 1786 1224 oc-

257 1277 500 1320 currere
525 1275 541 1333 ;
575 1262 820 1317 certum
850 1255 1094 1315 videtur
1127 1273 1307 1332 posse
1337 1274 1449 1333 pro
1480 1256 1583 1316 illo
1613 1257 1785 1317 lucro

254 1355 529 1411 cessante
561 1350 837 1427 exigere.
872 1348 1131 1419 Quando
1160 1365 1310 1407 vero
1340 1348 1576 1427 absque
1616 1349 1786 1428 justa

255 1463 434 1506 causa
466 1442 752 1502 decrevit
794 1441 964 1499 illam
1006 1440 1194 1500 aliam
1236 1442 1567 1518 pecuniam
1612 1442 1785 1503 lucro

255 1557 372 1598 non
403 1553 747 1615 exponere,
769 1540 977 1611 posset
1006 1551 1139 1592 esse
1169 1532 1374 1610 major
1402 1532 1734 1594 difficultas
1768 1552 1782 1598 ἰ

256 1630 313 1690 id
340 1635 550 1689 tamen
582 1626 941 1686 concedunt
968 1628 1283 1685 Navarrus
1314 1643 1451 1702 cap.
1488 1643 1640 1689 xvu.
1675 1647 1779 1687 nu.

253 1726 383 1783 212.
418 1721 656 1781 Melina
686 1720 848 1796 disp.
874 1721 1011 1779 306.
1037 1719 1092 1796 ξ.
1123 1716 1378 1778 Dubium
1407 1727 1517 1795 est,
1539 1721 1786 1780 Lessius

254 1834 417 1874 num.
442 1817 544 1875 87.
579 1811 867 1871 Palacios
893 1857 907 1886 ‚
954 1815 1017 1870 et
1046 1810 1332 1871 Valentia
1354 1859 1368 1887 ,
1404 1830 1560 1891 quos
1606 1814 1787 1874 affert

255 1907 422 1967 Salas
451 1906 607 1966 duh.
642 1921 746 1964 xx.
783 1921 953 1963 num.
988 1907 1045 1963 6.
1084 1903 1185 1982 qui
1219 1904 1506 1963 eamdem
1545 1909 1787 1965 senten-

251 1999 395 2060 tiam
423 1998 682 2057 videtur
711 1996 928 2075 sequi,
985 2014 1130 2055 narn
1178 1996 1323 2056 licet
1349 1997 1552 2057 solum
1590 1997 1778 2071 dicat,

255 2092 362 2150 hoc
390 2109 617 2151 verum
675 2108 811 2149 esse
867 2088 1118 2167 quando
1166 2093 1404 2149 certum
1434 2090 1531 2149 vel
1560 2090 1783 2169 proba-

249 2183 448 2243 babile
479 2187 575 2243 est
604 2182 915 2260 reliquam
956 2182 1287 2259 pecuniam
1327 2201 1450 2241 non
1483 2200 1616 2241 esse
1645 2201 1785 2241 mu-

252 2277 440 2337 tuanti
473 2276 534 2334 in
587 2274 1013 2351 negotiatione
1042 2274 1506 2346 sustinendam;
1554 2274 1603 2332 si
1634 2293 1781 2334 vero

252 2375 480 2429 certum
507 2368 590 2428 sit
620 2365 1052 2427 sustinendam
1075 2413 1090 2437 ‚
1126 2384 1250 2425 non
1289 2385 1470 2444 posse
1501 2368 1578 2426 de
1609 2366 1780 2428 lucro

251 2461 512 2539 pacisci:
564 2459 759 2519 credo
805 2464 1016 2519 tamen
1063 2476 1339 2518 errorem
1381 2459 1570 2519 fuisse
1600 2465 1782 2538 typo-

250 2553 466 2631 graphi
491 2552 938 2629 Ludgunensis
963 2597 977 2628 ,
1024 2550 1183 2611 sicut
1230 2555 1291 2611 et
1317 2552 1471 2611 alios
1500 2552 1780 2613 innume-

249 2664 345 2706 ros
371 2647 430 2705 in
459 2646 626 2705 libro
658 2645 788 2720 illo,
823 2644 927 2723 qui
956 2663 1067 2724 pro
1096 2643 1547 2704 substituendam
1573 2692 1587 2720 ‚
1628 2645 1780 2706 scri-

250 2739 362 2816 psit
386 2736 823 2809 sustinendam;
879 2736 1153 2814 alioquin
1192 2754 1408 2796 eorum
1440 2737 1777 2799 verborum

251 2851 457 2891 sensus
487 2831 753 2908 intelligi
786 2847 908 2889 non
931 2833 1154 2907 potest.
1191 2831 1269 2889 Et
1287 2829 1543 2908 quidem
1574 2831 1778 2909 placet

251 2924 375 2983 baec
403 2924 741 2999 sententia,
801 2922 948 3001 quia
991 2922 1200 2982 adhuc
1253 2923 1631 3000 verificatur,
1682 2925 1779 2984 lu-

251 3036 415 3076 crum
444 3035 696 3078 cessare
727 3034 916 3076 causa
944 3016 1143 3077 mutui
1179 3035 1192 3075 :
1226 3016 1456 3095 duplex
1485 3017 1651 3076 enim
1679 3017 1777 3076 lu-

251 3128 413 3169 crum
452 3110 540 3169 ibi
589 3114 828 3179 cessat3
889 3109 1154 3168 alterum
1202 3127 1278 3168 ex
1323 3110 1589 3188 pecunia
1636 3129 1776 3190 quae

249 3207 554 3275 remanet,
594 3208 658 3263 et
687 3202 824 3260 dari
853 3205 1097 3280 poterat
1126 3203 1530 3279 negotiationi
1561 3207 1623 3263 et
1652 3223 1775 3264 non

252 3295 463 3366 datur;
512 3299 575 3356 et
606 3295 729 3355 hoc
759 3299 922 3355 esset
951 3313 1024 3353 ex
1055 3294 1283 3372 injuria
1309 3300 1370 3355 et
1391 3295 1775 3374 negligentia

252 3387 474 3448 domini
502 3408 517 3460 ;
554 3389 826 3449 alterum
847 3405 995 3448 vero
1027 3406 1099 3447 ex
1129 3389 1396 3467 pecunia
1424 3407 1565 3468 quae
1590 3390 1777 3452 datur

251 3487 493 3557 mutuo,
547 3488 612 3541 et
659 3480 1030 3558 exponenda
1075 3480 1278 3542 fuerat
1305 3482 1512 3559 lucre,
1567 3486 1628 3543 et
1656 3482 1776 3543 hoc

253 3580 440 3636 cessat
468 3592 662 3634 causa
691 3573 891 3633 mutui
919 3592 934 3645 3
982 3591 1176 3652 quare
1207 3593 1318 3652 pro
1350 3575 1469 3635 hoc
1497 3576 1773 3637 secundo

253 3668 466 3727 deduci
493 3666 729 3747 poterit
757 3666 819 3724 in
865 3671 1118 3744 pactum
1165 3667 1399 3746 aliquid
1442 3669 1604 3729 ultra
1644 3688 1776 3730 sor-

255 3763 389 3821 tem.

325 3854 496 3916 Circa
533 3853 825 3914 eamdem
873 3852 1294 3914 conditionem
1333 3854 1631 3934 quaeritur
1675 3874 1772 3915 se-

188 4000 210 4011 -
254 3948 465 4023 cundo,
524 3967 606 4007 an
664 3945 910 4007 dicatur
974 3945 1215 4005 lucrum
1273 3965 1514 4007 cessare
1571 3948 1770 4008 mutui

251 4059 447 4118 causa,
478 4043 564 4102 ita
596 4044 666 4100 ut
703 4058 814 4118 pro
854 4057 927 4099 eo
956 4039 1153 4118 possit
1188 4039 1424 4119 aliquid
1454 4058 1490 4100 a
1520 4043 1771 4101 mutua-

254 4135 397 4194 tario
426 4135 613 4213 exigi,
650 4131 901 4212 quando
935 4132 1158 4211 aliquis
1186 4133 1459 4193 servavit
1489 4134 1767 4213 aliquam

252 4228 568 4304 pecuniam
599 4225 767 4304 apud
796 4244 860 4285 se
880 4272 894 4301 ‚
931 4244 1118 4304 quam
1148 4225 1289 4286 ideo
1323 4227 1521 4288 noluit
1547 4229 1627 4287 ad
1659 4248 1769 4288 ne-

251 4319 647 4398 gotiationem
679 4318 1013 4397 applicare,
1048 4324 1116 4379 ut
1146 4318 1407 4380 haberet
1434 4322 1514 4380 ad
1544 4339 1766 4382 manus

249 4413 562 4491 pecuniam
592 4430 705 4491 pro
736 4411 809 4472 iis
836 4412 940 4489 qui
969 4416 1186 4472 mutuo
1230 4414 1561 4490 peterent?
1591 4414 1764 4473 vide·

250 4508 341 4566 tur
364 4506 479 4566 hoc
504 4524 654 4566 casu
687 4523 809 4564 non
842 4522 1022 4582 posse
1048 4504 1292 4565 lucrum
1322 4525 1573 4567 cessans
1602 4508 1763 4587 exigi

251 4617 284 4658 a
309 4598 680 4659 mutuatario
716 4617 729 4658 :
764 4598 911 4675 quia
938 4597 1190 4676 quando
1234 4603 1521 4659 mutuum
1553 4601 1758 4680 datur,

244 4689 362 4769 jam
389 4691 655 4769 pecunia
699 4693 835 4750 erat
874 4707 909 4748 a
951 4690 1371 4767 negotiatione
1421 4692 1757 4770 abstracta,

251 4788 307 4843 et
330 4785 581 4845 fortasse
615 4784 826 4862 elapsa
868 4781 1002 4861 jam
1048 4782 1250 4844 suerat
1291 4786 1534 4845 occasio
1565 4805 1758 4865 nego-

248 4874 473 4936 tiandi:
517 4895 668 4956 ergo
714 4880 1002 4936 mutuum
1049 4895 1173 4937 non
1222 4881 1314 4938 est
1358 4896 1548 4938 causa
1600 4879 1759 4940 lucri

251 4972 550 5046 cessanti3‚
609 4988 752 5030 cum
808 4974 1095 5030 mutuum
1140 4970 1556 5050 subsequatur
1599 4973 1758 5032 lucri

251 5063 678 5136 cessationem;
730 5081 922 5142 quare
953 5062 1203 5142 quando
1235 5066 1499 5142 pecunia
1539 5071 1755 5127 mutuo

253 5152 455 5231 datur,
505 5175 630 5216 non
675 5157 841 5216 valet
886 5155 1025 5233 plus
1061 5160 1314 5234 propter
1342 5176 1518 5236 spem
1546 5159 1699 5218 lucri
1737 5179 1750 5220 :

252 5248 403 5308 nulla
446 5250 611 5309 enim
657 5249 792 5329 jam
833 5268 974 5328 spes
1018 5249 1175 5309 lucri
1221 5255 1504 5312 remanet
1543 5271 1613 5313 ex
1651 5253 1751 5313 tali

253 5343 531 5417 pecunia;
577 5363 725 5423 ergo
783 5363 905 5404 non
960 5343 1176 5405 titulus
1222 5342 1428 5424 justus
1467 5345 1755 5425 exigendi

253 5432 396 5494 ultra
424 5441 672 5499 sortem.

3301 333 3411 391 201

1969 516 2218 576 Lessius
2249 534 2417 576 num.
2444 519 2541 577 88.
2579 519 2642 576 et
2668 512 3094 592 sequentibuS‚
3128 509 3295 570 hunc
3322 526 3421 568 ca·

1890 626 2027 668 sum
2057 609 2280 671 dividit
2307 610 2370 669 in
2400 609 2553 668 alios
2583 608 2761 668 duos.

1975 701 2218 761 Primus
2249 707 2343 763 est
2365 749 2379 778 ,
2416 701 2667 780 quando
2698 699 2827 759 scio
2856 705 2918 758 te
2947 699 3167 775 postea
3194 693 3420 773 petitu-

1891 811 2029 851 rum
2060 797 2369 870 mutuum,
2430 800 2489 855 et
2547 794 2610 853 in
2666 792 2932 870 gratiam
2979 788 3068 850 tui
3116 786 3417 849 subtraho

1891 886 2297 962 negotiationi
2352 886 2684 965 pecuniam
2740 884 3016 962 aliquam
3071 885 3142 941 ut
3185 879 3416 959 possim

1887 977 1999 1038 tibi
2030 983 2248 1055 postea
2275 984 2584 1039 mutuare.
2619 980 2688 1038 In
2720 995 2841 1055 quo
2860 994 3009 1036 casu
3031 974 3201 1049 dicit,
3236 990 3418 1050 posse

1889 1070 2050 1130 ultra
2079 1075 2309 1132 sortem
2360 1071 2560 1149 exigi;
2622 1089 2744 1131 non
2802 1069 2949 1148 quia
3002 1066 3270 1147 pecunia
3313 1064 3419 1125 illa

1888 1163 2026 1240 plus
2053 1167 2204 1224 tunc
2233 1165 2475 1239 valeat,
2509 1182 2651 1223 cum
2691 1161 2823 1241 jam
2852 1159 3169 1222 transierit
3195 1176 3417 1237 oppor-

1885 1256 2119 1316 tunitas
2149 1256 2508 1335 negotiandi
2538 1261 2601 1316 et
2624 1253 2947 1325 lucrandi;
2983 1252 3092 1312 sed
3108 1252 3256 1331 quia
3274 1268 3416 1311 cum

1886 1348 2118 1409 damno
2148 1367 2288 1409 meo
2337 1349 2666 1426 pecuniam
2697 1365 2772 1407 ex
2817 1349 2983 1407 statu
3022 1344 3291 1404 fecundo
3336 1343 3417 1403 ad

1887 1445 2117 1501 statum
2148 1442 2422 1501 sterilem
2464 1441 2719 1515 reduxi,
2768 1444 2837 1501 ut
2875 1439 2989 1499 tibi
3037 1442 3410 1513 mutuarem‚

1885 1533 2227 1613 prudenter
2257 1534 2638 1613 conjectans,
2673 1538 2733 1593 te
2765 1532 2829 1591 id
2858 1549 3088 1609 cupere
3118 1535 3181 1592 et
3208 1533 3414 1591 ratum

1886 1626 2244 1687 habiturum
2281 1647 2293 1688 :
2326 1632 2476 1688 tunc
2504 1625 2690 1697 enim,
2721 1624 2869 1685 licet
2894 1628 3180 1685 mutuum
3209 1622 3414 1701 ipsum

1886 1736 2011 1779 non
2042 1719 2121 1780 sit
2149 1737 2339 1778 causa
2366 1718 2730 1778 immediata
2769 1715 2923 1776 lucri
2956 1715 3288 1790 cessantiS,
3323 1718 3418 1775 est

1884 1830 2073 1871 causa
2103 1811 2377 1872 mediata
2411 1832 2423 1871 :
2459 1829 2604 1870 nam
2650 1813 2937 1870 mutuum
2981 1807 3263 1867 futurum
3298 1805 3417 1867 fuit

1885 1922 2073 1964 causa
2127 1903 2538 1964 subtrahendi
2590 1902 2922 1981 pecuniam
2979 1900 3409 1979 negotiationi,

1885 2002 1948 2059 et
1974 1998 2314 2058 subtractio
2355 2001 2450 2057 est
2493 2014 2682 2057 causa
2712 1993 3014 2056 cessantis
3060 1991 3252 2065 lucri;
3289 2012 3415 2072 qua

1883 2091 2121 2151 ratione
2151 2090 2303 2150 dicit
2327 2089 2609 2150 excusari
2639 2106 2746 2149 eos
2767 2088 2870 2166 qui
2898 2086 3294 2165 praescientes
3314 2104 3414 2146 re-

1882 2194 2056 2262 gem·
2083 2184 2428 2261 petiturum
2482 2186 2793 2257 mutuum,
2853 2179 3185 2258 pecuniam
3232 2198 3412 2240 suam

1883 2276 2260 2337 subtrahunt
2287 2274 2737 2353 negotiationi,
2773 2278 2842 2335 ut
2867 2274 2929 2333 in
2973 2277 3267 2351 promptu
3298 2272 3409 2331 ha-

1883 2369 2073 2430 beant
2096 2375 2336 2432 tantam
2367 2368 2648 2446 pecuniae
2663 2384 2996 2442 summam,
3023 2370 3257 2444 quanta
3277 2385 3411 2426 mu-

1881 2467 1987 2524 tuo
2019 2483 2056 2522 a
2085 2482 2234 2541 rege
2265 2462 2549 2540 exigetur
2580 2482 2593 2522 :
2628 2465 2690 2521 et
2716 2459 2859 2520 ideo
2906 2463 3167 2537 possunt
3195 2463 3412 2536 postea

1881 2556 2167 2634 accipere
2193 2556 2437 2615 lucrum
2467 2571 2718 2614 cessans
2765 2553 2928 2613 ultra
2956 2556 3189 2614 sortem
3220 2569 3408 2630 quam

1879 2650 2015 2727 regi
2042 2648 2439 2709 mutuabunt.

1961 2740 2287 2802 Secundus
2317 2758 2497 2800 casus
2527 2743 2658 2816 est,
2710 2738 2962 2816 quando
3006 2756 3129 2798 non
3172 2736 3293 2797 scis
3330 2736 3409 2796 de

1879 2834 2088 2913 aliquo
2119 2833 2182 2893 in
2212 2832 2576 2913 particulari
2620 2835 2909 2892 mutuum
2952 2832 3261 2909 petituro;
3296 2829 3408 2890 sed

1877 2926 2023 3005 quia
2051 2926 2231 2986 multi
2256 2930 2475 3004 postea
2501 2929 2717 2985 mutuo
2746 2923 3138 3002 indigebunt,
3165 2922 3410 2983 subtra-

1876 3019 1974 3079 his
2003 3020 2335 3099 pecuniam
2367 3016 2808 3095 negotiationi,
2843 3020 2912 3077 ut
2939 3015 3138 3094 possis
3167 3016 3242 3075 iis
3271 3014 3411 3094 qui-

1878 3130 2147 3192 cumque
2177 3113 2319 3188 sint,
2355 3115 2681 3186 mutuare,
2730 3128 2854 3190 quo
2891 3126 3041 3169 casu
3069 3108 3219 3169 dicit
3265 3126 3410 3187 pro-

1874 3205 2082 3266 babile
2133 3205 2328 3265 videri
2359 3203 2527 3283 quod
2582 3203 2778 3281 possit
2829 3206 3049 3282 postea
3103 3202 3264 3280 exigi
3311 3203 3406 3263 lu-

1876 3316 2052 3359 crum
2109 3317 2361 3359 cessans
2385 3344 2400 3375 ,
2462 3296 2810 3376 praesertim
2880 3295 3260 3374 speculative
3313 3295 3407 3355 lo-

1877 3391 2124 3469 quendo
2152 3439 2167 3468 ,
2200 3391 2251 3451 si
2280 3390 2524 3451 animus
2554 3389 2896 3449 retineatur
2925 3387 3319 3466 negotiandi,
3352 3387 3404 3447 si

1874 3483 2141 3562 pecunia
2159 3484 2265 3542 illa
2295 3501 2420 3543 non
2449 3486 2665 3542 mutuo
2683 3481 2942 3542 daretur
2973 3500 2987 3540 ε
3021 3480 3293 3560 practice
3316 3484 3405 3542 ta-

1873 3594 2016 3636 men
2048 3580 2304 3654 propter
2331 3575 2680 3655 periculum
2721 3591 2845 3634 non
2890 3591 3024 3633 esse
3074 3573 3253 3634 facile
3293 3573 3407 3633 ad-

1872 3670 2246 3732 mittendum
2271 3690 2285 3742 ;
2318 3674 2462 3749 post
2489 3669 2723 3728 factum
2749 3670 2962 3728 tamen
2992 3684 3117 3727 non
3147 3684 3282 3727 esse
3318 3668 3405 3726 fa-

1872 3763 1987 3823 cile
2018 3765 2371 3842 cogendum
2404 3763 2480 3822 ad
2530 3761 3014 3836 restitutionem,
3062 3759 3404 3838 probabili-

1868 3861 2062 3917 tatem
2114 3861 2327 3918 autem
2374 3855 2559 3935 hujus
2601 3852 2923 3915 sententiae
2953 3853 3166 3914 multis
3210 3872 3403 3932 argu·

1866 3951 2093 4012 mentis
2123 3950 2453 4011 ostendere
2483 3952 2769 4008 conatur.
3189 4004 3195 4008 .

1950 4044 2259 4106 claritatis
2286 4043 2487 4122 gratia
2520 4058 2849 4120 possumus
2878 4039 3154 4119 primum
3182 4058 3398 4102 casum

1865 4139 1926 4200 in
1960 4141 2114 4201 alios
2145 4139 2303 4199 duos
2324 4134 2742 4197 subdividere.

1945 4235 2189 4292 Primus
2238 4234 2351 4306 est,
2384 4230 2432 4289 si
2464 4229 2622 4289 alius
2654 4227 2766 4288 tibi
2795 4226 2964 4288 dicat
2991 4244 3106 4306 ego
3135 4227 3396 4288 fortasse

1865 4332 2078 4407 postea
2136 4329 2353 4386 mutuo
2408 4321 2724 4400 indigebo,
2785 4324 2846 4382 et
2874 4319 3014 4380 ideo
3061 4320 3286 4380 vellem
3328 4325 3398 4382 ut

1863 4420 2193 4500 pecuniam
2213 4418 2278 4478 in
2300 4420 2591 4497 promptu
2625 4413 2921 4474 haberes:
2956 4412 3193 4472 sienim
3216 4432 3395 4474 casus

1864 4512 2226 4587 occurrerit,
2289 4515 2350 4571 et
2402 4514 2691 4570 mutuum
2732 4511 2967 4586 petam,
3014 4506 3254 4566 solvam
3282 4507 3395 4568 tibi

1862 4605 2107 4666 lucrum
2159 4605 2327 4684 quod
2376 4622 2449 4663 ex
2500 4602 2618 4661 hac
2654 4599 2935 4679 pecuniae
2973 4600 3392 4660 reservatione

1861 4699 2091 4778 perdiS.

1942 4790 2266 4851 Secundus
2309 4792 2421 4863 est,
2465 4785 2739 4866 quande,
2790 4802 2891 4844 me
2947 4784 3099 4845 nihil
3141 4784 3253 4845 tibi
3297 4786 3394 4845 di-

1860 4888 2060 4959 cente,
2089 4887 2158 4942 tu
2196 4881 2549 4960 praevidens
2583 4896 2789 4938 meam
2830 4878 3264 4938 necessitatem
3300 4877 3392 4937 fu-

1855 4982 2085 5049 turam,
2138 4974 2451 5036 subtrahis
2500 4970 2902 5050 negotiationi
2954 4970 3282 5048 pecuniam
3321 4975 3391 5030 ut

1858 5071 1918 5130 in
1973 5074 2267 5149 promptu
2318 5071 2535 5147 postea
2590 5064 2825 5124 babeas
2854 5063 2934 5123 ad
2982 5062 3134 5122 mihi
3177 5069 3389 5124 mutu-

1857 5165 2116 5239 andum,
2178 5162 2280 5242 qui
2337 5160 2586 5220 videtur
2642 5175 2775 5218 esse
2834 5157 3072 5234 primus
3124 5175 3305 5217 casus
3350 5176 3382 5217 a

1849 5258 2060 5319 Lessio
2085 5255 2343 5334 positus,
2365 5256 2426 5313 et
2445 5253 2578 5312 sine
2596 5252 2720 5312 ullo
2737 5250 3030 5329 scrupulo
3046 5249 3378 5311 admissus,

1852 5352 1930 5412 Et
1989 5349 2243 5429 quidem
2307 5347 2370 5407 in
2443 5346 2645 5424 prima
2699 5349 2878 5422 parte
2934 5341 3121 5421 hujus
3202 5361 3384 5405 casus

1853 5442 2093 5504 facilior
2120 5460 2220 5503 res
2251 5446 2381 5513 est;
2414 5438 2561 5518 quia
2595 5437 2729 5517 jam
2758 5435 3063 5515 praecedit
3089 5436 3383 5498 voluntas

3546 4044 3623 4101 92

3502 4165 3621 4217 Quid,
3653 4167 3689 4209 a

3472 4221 3726 4274 contempla-

3487 4273 3596 4315 lione
3617 4274 3710 4315 tulis

3447 4337 3631 4378 pemonae
3660 4340 3742 4369 ex·

3446 4383 3574 4422 tracta
3592 4381 3719 4423 fuerat
3728 4411 3738 4422 .
