4263 6376
1175 318 1648 381 DISPUTATIO
1693 318 2021 393 XXXVIII,
2075 319 2349 380 SECTIO
2392 319 2467 379 11.

221 493 512 575 atingun,
546 496 612 556 ct
639 493 811 572 dicit,
843 496 995 555 tunc
1023 494 1222 555 filium
1249 496 1328 555 ad
1386 496 1449 557 id
1506 495 1772 573 obligari

224 589 485 669 quando
517 607 646 650 non
673 592 768 649 est
810 588 1134 666 probabile
1172 588 1327 650 alios
1379 588 1775 651 denuntiatu-

223 700 338 744 ros
366 701 523 759 esse,
557 685 623 744 et
648 681 906 744 haeresis
935 681 1286 761 perniciosa
1340 687 1436 745 est
1479 680 1774 760 reipubli-

225 793 344 850 oae,
379 776 526 856 quia
556 779 737 854 pater
765 775 921 837 alios
949 775 1272 854 pervertit.
1306 775 1479 836 Alias
1509 783 1634 836 non
1680 773 1772 834 vi-

225 869 420 932 detur
461 873 614 931 tam·
649 868 877 930 durum
933 887 1091 930 onus
1141 869 1269 930 filio
1296 867 1769 947 imponendum,

225 962 337 1024 cui
391 980 467 1024 ex
521 962 836 1024 delatione
889 962 1087 1041 patris
1143 980 1445 1040 magnum
1473 962 1775 1023 damnum

222 1073 482 1134 semper
495 1056 800 1135 sequitur.
829 1055 1007 1129 Quod
1029 1054 1198 1115 idem
1218 1055 1447 1116 docent
1465 1053 1772 1118 Alexand.

223 1148 877 1228 AlensiS,VigueriuS,
931 1148 1204 1211 Palatios
1244 1147 1501 1226 Rubios,
1558 1147 1776 1208 Henri-

228 1258 417 1321 quez,
451 1243 800 1318 Simancas,
824 1242 1096 1302 Didacus
1125 1244 1336 1317 Perez,
1385 1246 1448 1302 et
1475 1241 1576 1301 alii
1608 1240 1777 1319 apud

230 1335 521 1398 Sanchez
561 1335 649 1396 ibi
703 1354 810 1396 nu.
840 1339 898 1397 9.
946 1338 1043 1396 An
1085 1353 1233 1396 vero
1274 1333 1507 1414 conjux
1551 1333 1780 1396 debeat

231 1428 611 1492 denuntiare
640 1430 975 1508 conjugem
1003 1427 1392 1501 haereticum,
1429 1428 1633 1490 videri
1670 1446 1779 1507 po·

229 1526 362 1584 test
387 1522 555 1584 idem
584 1523 784 1584 Diana
811 1522 964 1584 alios
991 1540 1293 1600 cogerens
1320 1522 1508 1583 resol.
1539 1525 1599 1584 5.
1626 1527 1688 1584 et
1713 1526 1773 1583 6.

318 1616 511 1677 Aliud
569 1615 831 1677 dubium
888 1634 1024 1677 esse
1058 1615 1218 1677 solet
1252 1615 1454 1695 magis
1488 1615 1780 1695 generale

140 1775 158 1785 ,
236 1709 326 1771 ad
358 1709 480 1770 alia
507 1709 734 1769 delicta
787 1708 996 1769 minus
1041 1709 1281 1787 gravia,
1335 1727 1414 1768 an
1466 1709 1510 1769 ii
1561 1727 1779 1770 omnes

140 1820 159 1849 ι
239 1803 356 1884 qui
387 1803 452 1863 in
476 1802 628 1882 jure
644 1808 1040 1879 ,excusantur
1067 1821 1103 1863 a
1130 1802 1520 1865 testificando
1568 1808 1787 1865 contra

140 1878 179 1958 '31
233 1897 538 1976 aliquem,
571 1901 945 1958 excusentur
972 1897 1161 1958 etiam
1182 1915 1218 1957 a
1250 1896 1677 1959 denuntiando
1708 1916 1784 1958 ex

140 1983 165 2068 ξ’
230 1990 304 2054 vi
331 1990 560 2052 horum
586 1989 956 2052 edictorum.
989 1990 1200 2070 Aliqui
1228 1990 1397 2051 enim
1437 1990 1784 2070 prohiben-

230 2087 344 2147 tur
369 2084 735 2164 simpliciter
771 2084 1092 2146 testificari
1136 2087 1355 2146 contra
1399 2088 1602 2146 certas
1647 2103 1784 2164 per-

231 2196 449 2254 sonaS,
481 2177 587 2238 alii
616 2196 741 2239 non
777 2176 1212 2257 prohibentur,
1248 2177 1359 2239 sed
1385 2181 1600 2240 tamen
1659 2197 1783 2240 non

230 2275 504 2351 possunt
532 2271 695 2351 cogi,
732 2275 795 2332 et
815 2271 935 2334 hoc
976 2276 1234 2351 propter
1279 2269 1787 2352 conjunctionem

233 2383 388 2426 cum
417 2364 524 2426 tali
556 2381 832 2443 persona
863 2384 876 2426 :
913 2364 1017 2425 alii
1051 2365 1322 2445 denique
1369 2370 1629 2445 propter
1672 2366 1788 2428 ho·
1845 2425 1850 2432 .

233 2476 464 2519 norem
491 2458 590 2519 vel
609 2461 864 2535 statum,
900 2462 970 2520 ut
997 2458 1276 2538 episcopi
1305 2464 1368 2521 et
1403 2459 1781 2536 sacerdotes,

179 2597 180 2600 η
231 2569 402 2631 quos
447 2569 667 2612 omnes
702 2551 988 2631 congerit
1030 2552 1261 2614 Sanch.
1315 2552 1483 2616 dicto
1506 2571 1644 2633 cap.
1711 2570 1781 2615 ιι.

232 2645 394 2707 dub.
453 2659 636 2707 xvm.
683 2649 748 2706 et
796 2664 912 2706 nos
954 2645 1236 2708 dicemus
1293 2647 1454 2726 disp.
1504 2646 1790 2728 sequenti

232 2743 504 2818 agentes
532 2739 611 2799 de
653 2739 937 2800 testibus
973 2739 1185 2818 Aliqui
1214 2759 1366 2819 ergo
1397 2741 1634 2818 dicunt,
1673 2741 1788 2802 hos

232 2850 465 2895 omnes
493 2832 800 2909 excusari,
835 2851 993 2912 quos
1029 2833 1219 2895 tacite
1262 2835 1455 2897 refert
1504 2835 1788 2897 Sanchez

234 2926 412 2988 dicto
444 2926 594 2987 dub.
628 2942 807 2987 xvm.
844 2945 950 2990 nu.
996 2929 1055 2988 8.
1108 2927 1336 3005 quibus
1382 2927 1532 2988 addi
1586 2931 1791 3006 potest

235 3018 497 3081 Gabriel
542 3019 797 3082 Pereira
823 3023 1005 3082 tract.
1042 3019 1312 3082 demanii
1337 3022 1503 3102 reqia
1531 3041 1670 3101 cap.
1721 3037 1783 3083 x.

231 3131 307 3174 n.
341 3115 441 3174 36.
472 3112 534 3175 id
563 3113 915 3174 concedens
944 3113 1022 3174 de
1062 3113 1160 3191 iis,
1195 3115 1303 3194 qui
1342 3116 1585 3177 ratione
1635 3133 1788 3176 con-

222 3206 585 3287 junctionis
614 3210 992 3269 excusantur
1019 3225 1061 3268 a
1085 3207 1502 3271 testificanda
1551 3209 1673 3271 Alii
1700 3214 1792 3271 ta-

231 3318 392 3362 men
422 3302 839 3362 communiter
866 3319 1025 3380 quos
1078 3301 1364 3380 congerit
1413 3305 1476 3363 et
1509 3302 1792 3382 sequitur

231 3394 415 3456 idem
445 3394 678 3457 Sancb.
713 3414 887 3456 num.
922 3399 981 3456 9.
1016 3395 1221 3456 solum
1267 3414 1375 3456 eos
1422 3397 1792 3475 conjunctos

233 3491 567 3563 excusant,
605 3488 857 3567 quando
888 3491 1035 3549 sunt
1081 3488 1183 3548 alii
1233 3489 1338 3568 qui
1385 3494 1647 3569 possunt
1686 3489 1792 3551 de·

232 3580 541 3642 nuntiare
571 3586 635 3643 et
679 3581 1179 3659 denuntiabunt,
1228 3583 1328 3643 vel
1363 3583 1614 3661 quando
1660 3582 1793 3643 sine

233 3691 480 3752 magno
512 3674 888 3737 detrimento
930 3675 1183 3754 proprio
1235 3675 1615 3738 denuntiare
1663 3695 1794 3737 non

231 3770 530 3849 possunt,
585 3768 754 3847 quod
802 3768 1249 3830 detrimentum
1323 3770 1687 3849 frequenter
1739 3769 1782 3828 ii

234 3861 571 3939 conjuncti
604 3861 827 3923 timere
855 3866 1139 3940 possunt,
1182 3867 1252 3924 ut
1304 3881 1417 3923 nos
1459 3864 1670 3926 statim
1707 3862 1796 3923 di-

235 3972 486 4015 cemuS.
520 3954 825 4015 Eamdem
855 3956 1230 4018 sententiam
1258 3960 1476 4017 tenent
1502 3956 1611 4018 alii
1641 3975 1797 4037 quos

238 4048 436 4108 affert
463 4049 527 4107 et
550 4047 832 4129 sequitur
862 4048 1170 4110 Dianam.
1197 4051 1361 4127 part.
1378 4057 1457 4109 tr.
1482 4048 1793 4112 v.miscell.

237 4139 436 4202 resol.
468 4142 569 4202 63.
605 4144 668 4201 et
697 4158 758 4202 v.
790 4146 953 4221 patt.
991 4149 1158 4203 tract.
1198 4158 1336 4204 x111.
1382 4142 1623 4205 miscell.
1674 4161 1793 4203 res.

236 4237 352 4296 67.
385 4232 492 4293 ubi
523 4251 771 4312 semper
799 4235 1031 4314 excipit
1058 4254 1134 4296 ea
1162 4254 1302 4315 quse
1357 4236 1672 4315 pertinent
1718 4236 1800 4297 ad

238 4326 530 4389 tribunal
560 4327 625 4389 S.
662 4327 887 4388 Officii.

335 4418 818 4498 Decimaquinta
845 4420 1165 4482 conclusio
1202 4441 1217 4481 ε
1249 4423 1313 4483 in
1371 4422 1468 4483 his
1512 4422 1802 4483 omnihus

141 4574 144 4589 λ
245 4511 510 4574 casibus
539 4513 926 4575 attendenda
953 4514 1143 4576 etiam
1173 4520 1339 4593 sunt,
1393 4519 1459 4577 ut
1504 4535 1670 4594 saepe
1708 4516 1804 4577 di-

140 4596 148 4610 *
240 4605 485 4682 ximuS,
517 4605 749 4666 damna
770 4624 911 4685 quae
940 4607 1345 4671 denuntiator
1372 4609 1492 4671 sibi
1522 4610 1701 4672 timet
1729 4629 1803 4671 ex

245 4698 732 4760 denuntiatione
761 4700 826 4759 in
855 4700 1119 4779 honore,
1152 4703 1303 4779 vita,
1340 4703 1439 4764 vel
1466 4703 1751 4781 pecuniis
1786 4723 1799 4763 ε

244 4808 388 4873 quo
444 4791 610 4852 enim
654 4792 791 4853 baec
839 4793 1132 4871 graviora
1181 4796 1435 4872 fuerint,
1486 4814 1562 4857 eo
1618 4796 1806 4859 debet

243 4902 397 4947 osse
424 4885 679 4964 gravius
735 4886 1056 4965 delictum,
1088 4893 1152 4950 et
1190 4888 1446 4969 majoris
1503 4890 1802 4951 momenti

241 4981 478 5040 eontra
503 4978 740 5040 bonum
772 4998 1126 5060 commune,
1154 4983 1235 5043 ad
1259 4982 1377 5045 hoc
1398 4987 1467 5045 ut
1493 4983 1808 5062 obligetur

244 5070 638 5133 denuntiare
676 5073 776 5134 vel
819 5075 1246 5153 manifestare,
1290 5080 1354 5138 et
1397 5076 1607 5137 subire
1649 5077 1804 5138 illud

245 5163 711 5227 detrimentum
738 5168 1085 5247 proprium,
1121 5169 1207 5230 ita
1235 5169 1417 5231 Avila
1445 5188 1635 5249 supra
1663 5189 1807 5232 cum

246 5257 423 5333 aliis,
458 5262 520 5319 et
553 5258 741 5321 latius
782 5261 1063 5322 Sanchez
1101 5262 1267 5325 dicto
1316 5282 1455 5343 cap.
1514 5278 1584 5325 11.
1647 5264 1800 5326 dub.

243 5367 415 5416 xxn.
450 5370 592 5413 cum
635 5354 939 5431 Navarro,
975 5356 1296 5430 Silvestre,
1334 5357 1595 5437 Ange10,
1657 5360 1809 5419 Cor-

244 5444 457 5521 duba,
491 5446 793 5524 Navarra,
821 5448 993 5525 Sot0,
1037 5453 1100 5511 et
1146 5451 1283 5511 aliis
1323 5450 1498 5512 varia
1540 5453 1809 5512 afferens

247 5538 555 5617 exempla
580 5539 769 5620 hujus
809 5541 1050 5620 damni,
1082 5545 1253 5624 quod
1305 5546 1583 5610 excusat.
1632 5545 1810 5608 Idem

3290 326 3407 384 755

1869 499 2087 557 tenent
2119 498 2354 572 Penna,
2391 497 2747 574 Fagundez,
2798 498 3241 576 SanctarellnS,
3285 501 3412 560 Ho-

1870 588 2201 663 mobonuS‚
2242 589 2468 666 Portel,
2506 590 2809 663 Peirinus,
2856 593 3145 668 Acunna,
3190 591 3414 654 Molfe-

1871 681 2022 757 siuS,
2053 683 2372 759 Lazarius,
2409 682 2603 744 etalii
2640 684 2806 763 apud
2855 685 3118 746 Dianam
3163 687 3320 747 tom.
3364 701 3408 745 1.

1871 776 2053 837 tract.
2088 774 2158 835 de
2185 773 2611 841 denunci'ation.
2644 777 2831 839 resol.
2867 782 2927 839 7.
2962 783 3181 840 contra
3206 780 3414 840 Bona-

1874 868 2080 929 cinam
2109 872 2173 928 et
2199 869 2438 930 Freitas
2468 889 2625 949 quos
2655 871 2740 931 ibi
2770 873 2967 932 affert.

1953 963 2386 1023 Decimasexta
2405 964 2719 1025 conclusio
2755 979 2768 1026 :
2803 965 2847 1024 ii
2871 964 3097 1043 quihus
3118 963 3414 1027 delictum

1875 1055 2112 1117 dictum
2143 1060 2236 1116 est
2263 1055 2325 1115 in
2356 1056 2746 1117 confessione
2764 1058 3224 1135 sacramentali,
3261 1078 3417 1119 nun-

1875 1167 2067 1230 quam
2104 1153 2367 1227 possunt
2410 1149 2814 1225 denuntiare;
2867 1151 3094 1230 quibus
3132 1168 3282 1212 vero
3325 1150 3420 1210 di-

1876 1247 2049 1305 ctum
2076 1247 2171 1303 est
2197 1262 2388 1304 causa
2416 1244 2673 1321 petendi
2693 1244 2956 1321 consilii,
2990 1245 3088 1307 vel
3128 1244 3413 1320 remedii,

1877 1340 1996 1399 etc.
2031 1335 2404 1416 regulariter
2442 1356 2570 1399 non
2604 1341 2917 1415 tenentur,
2954 1340 3022 1399 ut
3051 1338 3415 1415 advocatus,

1874 1430 2183 1507 medicus,
2229 1430 2617 1507 obstetrices,
2657 1431 3008 1509 theologuS,
3080 1435 3142 1492 et
3196 1430 3299 1491 alii
3345 1431 3423 1492 si-

1877 1524 2076 1586 miles.
2107 1526 2240 1586 Hoc
2283 1524 2450 1585 enim
2479 1528 2789 1586 secretum
2806 1529 3053 1604 oportet
3079 1523 3316 1585 servari
3345 1523 3424 1584 ad

1879 1617 2328 1680 commercium
2357 1617 2500 1679 vitae
2530 1618 2844 1679 humanae.
2879 1617 3019 1679 Dixi
3046 1617 3421 1699 requlariter,

1880 1713 2028 1792 quia
2057 1711 2309 1790 quando
2340 1730 2415 1771 ex
2431 1712 2844 1774 occultatione
2858 1715 3230 1791 sequeretur
3248 1712 3427 1772 dam-

1880 1825 2032 1867 num
2061 1805 2444 1883 reipublicae,
2476 1805 2576 1866 vel
2605 1805 2870 1885 alicujus
2899 1804 3091 1882 tertii,
3112 1804 3283 1884 quod
3312 1823 3425 1865 sua

1882 1899 2063 1978 culpa
2093 1899 2227 1959 vult
2254 1898 2483 1959 inferre
2512 1899 2616 1960 ille
2645 1899 3084 1960 damnificatur
3128 1898 3421 1978 injustuS,

1881 2010 2010 2055 non
2038 1997 2329 2053 tenemur
2355 2010 2471 2052 nec
2500 2010 2831 2070 possumus
2849 1992 2907 2052 ei
2921 1991 3113 2052 fidem
3142 2008 3421 2068 servare,

1884 2088 2034 2149 dum
2063 2086 2198 2164 ipse
2227 2104 2352 2146 non
2381 2086 2515 2150 vult
2542 2086 2621 2147 ab
2663 2085 2987 2146 inferendo
3028 2085 3257 2146 damno
3300 2102 3429 2145 ces·

1882 2199 2051 2258 sare,
2094 2179 2381 2241 videatur
2417 2178 2597 2241 Avila
2671 2179 2781 2239 ubi
2831 2197 3043 2259 supra,
3091 2183 3153 2240 et
3196 2177 3429 2242 Molina

1881 2280 2034 2338 tom.
2070 2289 2133 2337 v.
2159 2272 2231 2334 de
2237 2271 2478 2354 justitia
2507 2271 2666 2351 disp.
2712 2290 2773 2335 v.
2804 2291 2975 2334 num.
3013 2277 3071 2334 6.

1961 2367 2143 2433 Unde
2163 2366 2541 2446 rejiciendus
2572 2369 2666 2426 est
2706 2367 2891 2427 Sotus
2940 2366 3047 2427 lib.
3095 2364 3164 2426 de
3212 2372 3430 2425 sem’eto

1883 2461 2120 2524 memb.
2156 2477 2228 2528 11.
2284 2462 2507 2540 quaest.
2562 2475 2669 2520 vn.
2707 2458 2906 2520 concl.
2938 2462 2998 2519 4.
3030 2463 3094 2518 et
3128 2458 3235 2520 lib.
3278 2474 3338 2519 Χ.
3365 2456 3434 2519 de

1868 2554 2112 2637 justitia
2139 2556 2361 2633 quaest.
2398 2569 2508 2616 vu.
2543 2556 2660 2613 art.
2687 2555 2744 2613 1.
2771 2552 2851 2613 ad
2883 2555 2938 2612 1.
2976 2555 3038 2613 et
3085 2551 3212 2627 alii,
3269 2569 3427 2630 quos

1885 2653 2066 2711 affert
2093 2647 2374 2711 Sanchez
2397 2647 2563 2708 dicto
2592 2646 2701 2707 lib.
2739 2663 2824 2708 vl.
2858 2663 2995 2724 cap.
3034 2662 3103 2706 11.
3138 2645 3288 2705 dub.
3324 2661 3424 2705 xx.

1885 2763 1991 2804 nu.
2023 2745 2084 2805 3.
2119 2742 2397 2803 dicentes
2424 2739 2731 2816 absolute,
2778 2756 2904 2800 non
2941 2738 3223 2800 excusari
3273 2757 3434 2818 prae-

1887 2836 2085 2898 dictos
2114 2853 2152 2895 a
2182 2833 2614 2896 denuntiando
2644 2834 2746 2894 vel
2773 2832 3189 2908 testificanda,
3211 2831 3434 2893 etiam-

1885 2930 1938 2991 si
1966 2929 2264 2990 delictum
2291 2945 2418 2988 non
2448 2930 2669 3006 vergat
2696 2926 2759 2987 in
2797 2926 3100 2986 damnum
3142 2925 3429 3004 alicujus.

1888 3026 2087 3097 Quam
2117 3021 2491 3083 sententiam
2550 3018 2837 3099 plurimis
2893 3018 3182 3080 adductis
3225 3019 3433 3096 impu-

1887 3121 2040 3197 gnat
2062 3115 2233 3176 idcm
2265 3113 2545 3176 Sanc-hez
2561 3113 2670 3191 ibi,
2691 3117 2753 3175 et
2772 3112 3109 3191 Fagundez
3127 3114 3426 3190 praecept.

1890 3228 2026 3273 v111.
2058 3229 2197 3288 cap.
2231 3227 2309 3270 LI.
2336 3229 2396 3270 n.
2431 3213 2490 3270 7.
2526 3213 2588 3269 et
2631 3226 2770 3285 cap.
2824 3223 2930 3268 ιιι.
2971 3225 3077 3267 ιιιι.
3124 3210 3224 3267 24.
3280 3205 3436 3276 Quia

1887 3305 2092 3383 majus
2123 3303 2361 3363 bonum
2390 3301 2611 3379 procul
2637 3299 2826 3360 dubio
2878 3303 2992 3376 est,
3039 3299 3209 3378 quod
3248 3299 3436 3358 misc-

1887 3397 1972 3459 ris
2002 3414 2126 3457 non
2160 3394 2582 3474 praecludatur
2610 3393 2711 3453 via
2743 3391 3104 3453 consulendi
3151 3391 3437 3453 homines

1890 3491 2105 3552 doctos
2133 3493 2195 3550 et
2223 3487 2454 3567 probos
2484 3487 2566 3547 ad
2611 3485 2961 3548 remedium
3002 3502 3130 3547 suae
3167 3484 3436 3545 miseriae

1889 3582 2228 3662 spiritualis
2256 3581 2356 3642 vel
2388 3579 2754 3659 corporalis,
2790 3594 2981 3658 quam
3010 3579 3179 3658 quod
3210 3578 3437 3639 delicta

1889 3674 1998 3738 tali
2032 3674 2223 3736 modo
2278 3673 2531 3751 cognita
2582 3672 2956 3751 puniantur-3
2994 3670 3145 3732 dum
3196 3673 3433 3747 tamen,

1892 3772 1962 3830 ut
2017 3766 2307 3842 diximus,
2368 3766 2449 3826 ad
2502 3764 2835 3827 vitandum
2881 3763 3186 3824 damnum
3227 3763 3438 3824 adhuc
3500 3754 3506 3760 ’

1891 3861 2228 3924 imminens
2264 3878 2337 3920 ex
2368 3859 2553 3939 eulpa
2588 3857 3041 3920 committentis
3094 3861 3433 3933 secretum,

1894 3960 1959 4018 et
2003 3953 2274 4015 nolentis
2323 3970 2596 4026 cessare,
2642 3951 2926 4012 revelare
2981 3949 3201 4030 possit.
3260 3951 3440 4012 Unde

1894 4046 2416 4127 impedimentum
2472 4045 2661 4107 etiam
2698 4044 3014 4107 occultum
3060 4042 3440 4105 matrimonii

1896 4143 2012 4204 sub
2042 4144 2281 4203 secreto
2310 4140 2631 4218 cognitum
2661 4141 2871 4217 posset
2890 4157 2966 4201 eo
2998 4157 3147 4200 casu
3174 4137 3443 4199 revelari

1898 4236 1980 4297 ad
2035 4233 2504 4295 matrimonium
2556 4232 3052 4312 impediendum.
3111 4233 3210 4294 An
3267 4250 3439 4308 ver0,

1897 4329 2009 4408 qui
2036 4327 2152 4389 sub
2177 4327 2288 4388 tali
2318 4330 2557 4389 secreto
2584 4328 2779 4403 novit,
2817 4326 3232 4405 poenitentem
3264 4325 3443 4386 solli-

1899 4422 2160 4485 citatum
2190 4421 2269 4481 ab
2304 4421 2512 4501 aliquo
2543 4421 2949 4498 confessariO,
2983 4421 3211 4482 debeat
3236 4418 3443 4480 adhuc

1901 4515 2272 4577 denuntiare
2299 4515 2589 4577 videatur
2617 4515 2815 4577 Diana
2855 4519 3009 4576 tom.
3046 4530 3091 4576 1.
3137 4516 3320 4573 tract.
3376 4511 3447 4571 de

1900 4608 2136 4673 denunt.
2172 4629 2295 4670 reS.
2331 4613 2432 4671 24.
2466 4613 2693 4672 Totum
2724 4608 2891 4669 enim
2921 4607 3043 4668 hoc
3071 4607 3134 4666 in
3167 4625 3315 4667 casu
3345 4624 3447 4667 oc-

1902 4702 2182 4765 currenti
2201 4702 2619 4783 judicandum
2649 4707 2743 4763 est
2755 4701 2937 4781 juxta
2950 4700 3238 4779 regulam
3258 4719 3448 4779 supra

1901 4797 2195 4877 positam.

1983 4890 2258 4953 Adverte
2285 4892 2499 4951 tamen
2528 4907 2652 4951 non
2683 4907 2820 4951 esse
2858 4888 3030 4949 idem
3082 4888 3162 4950 de
3211 4907 3285 4950 eo
3341 4889 3447 4970 qui

1897 4983 2260 5065 juramento
2316 4983 2605 5063 promisit
2670 5001 2795 5044 non
2863 4982 3231 5044 denuntiare
3266 5004 3279 5044 :
3349 4983 3450 5043 hic

1906 5077 2074 5137 enim
2105 5077 2169 5137 in
2197 5076 2407 5138 multis
2435 5076 2684 5137 casibus
2714 5075 2902 5137 debet
2939 5075 3333 5152 denuntiare,
3384 5076 3449 5136 in

1906 5170 2136 5249 quibus
2191 5171 2299 5249 qui
2354 5170 2595 5249 accepit
2647 5169 2764 5229 sub
2794 5174 3036 5231 secreto
3082 5170 3319 5231 consilii
3352 5170 3451 5231 vel

1908 5263 2173 5324 remedii
2202 5263 2453 5342 petendi
2487 5281 2696 5340 causa,
2744 5281 2869 5323 non
2907 5267 3181 5341 tenetur,
3237 5267 3305 5325 ut
3340 5283 3455 5325 no-

1907 5358 2067 5420 tavit
2095 5358 2329 5420 Sancb.
2365 5358 2428 5416 d.
2463 5357 2570 5419 lib.
2605 5373 2689 5418 vl.
2729 5356 2949 5420 Consil.
2985 5375 3124 5435 cap.
3179 5374 3247 5419 11.
3297 5358 3447 5419 dub.

1908 5468 2037 5514 xxl.
2070 5469 2211 5513 cam
2249 5453 2531 5512 Navarra
2558 5450 2623 5511 in
2651 5469 2707 5512 c.
2754 5450 2918 5512 Inter
2976 5450 3175 5527 verba,
3229 5451 3448 5513 coroll.

1908 5562 2048 5611 xxv.
2080 5565 2188 5607 nu.
2234 5547 2377 5608 807.
2422 5545 2505 5606 ad
2534 5548 2594 5607 5.
2652 5544 2764 5624 qui
2818 5545 2987 5606 enim
3030 5545 3274 5607 seclusa
3309 5564 3456 5625 pro·

3563 977 3639 1035 37

3468 1103 3587 1156 Quid,
3610 1104 3645 1145 si
3677 1115 3763 1147 rem

3505 1162 3735 1212 acceperat,

3471 1211 3546 1255 sub
3584 1218 3762 1258 secreto.
