4263 6376
1129 316 1596 379 DISPU'PATIO
1641 316 1941 392 xxxvii,
1991 316 2264 380 SEGTIO
2310 319 2382 381 ΙΙ.

98 517 175 567 causa
209 513 300 573 pra
325 494 471 572 disp.
507 510 642 555 vm.
676 493 928 572 culpam
958 493 1274 571 duplicem
1305 511 1439 552 esse
1465 538 1481 568 ,
1534 491 1694 552 alte-

97 569 172 673 ᾗζῗ
208 605 316 646 ram
335 584 658 665 juridic'am
679 632 696 657 ,
747 587 1010 646 alteram
1058 586 1498 663 theologicam.
1563 585 1697 645 Pri-

97 690 124 717 ὓ
207 697 346 738 mam
371 679 720 739 considerat
755 677 986 757 jurista
1020 695 1034 741 :
1082 677 1424 737 secundam
1454 677 1693 738 theolo-

205 792 332 850 gus,
388 771 528 849 quia
576 771 840 831 involvit
884 774 1215 849 peccatum
1245 770 1375 830 sive
1403 769 1689 844 mortale,

204 866 311 924 sive
335 862 588 924 veniale.
650 864 886 923 Rursus
932 863 1119 940 culpa
1150 861 1421 941 juridica
1450 861 1572 920 alia
1600 864 1695 922 est

202 955 485 1031 latissima,
519 956 640 1015 alia
662 956 865 1032 latior,
902 956 1026 1016 alia
1044 955 1192 1030 lata,
1225 955 1350 1015 alia
1363 954 1539 1029 leviS,
1572 954 1695 1013 alia

201 1049 499 1109 levissima.
533 1050 664 1109 Hoc
685 1049 1005 1127 supposito
1028 1048 1369 1123 dubitatur,
1402 1066 1480 1107 an
1497 1046 1695 1126 judex

201 1144 455 1201 teneatur
491 1159 565 1200 ex
595 1141 777 1219 culpa
806 1140 1144 1216 levissima,
1196 1146 1258 1201 et
1284 1140 1440 1215 levi,
1490 1158 1570 1198 an
1599 1156 1693 1199 so·

203 1235 309 1293 lum
334 1252 401 1293 ex
429 1233 613 1310 culpa
640 1233 768 1293 lata
784 1232 814 1293 ?
839 1234 928 1293 De
949 1233 1070 1294 hoc
1099 1236 1309 1293 tamen
1331 1231 1567 1293 dictum
1594 1250 1694 1291 su-

201 1345 294 1404 pra
332 1326 552 1404 disput.
589 1342 724 1387 vm.
760 1324 830 1386 de
858 1325 1093 1405 injuriis
1134 1329 1284 1386 sect.
1318 1330 1377 1385 7.
1436 1327 1526 1385 Ex
1556 1324 1696 1403 qui-

202 1420 297 1479 bus

263 1512 450 1572 Infero
480 1511 683 1590 primo
705 1557 720 1585 ,
755 1512 870 1571 etsi
891 1510 1092 1590 judex
1119 1528 1346 1570 munus
1366 1508 1690 1588 judicandi

199 1604 433 1683 petierit,
466 1608 655 1682 atque
684 1604 929 1664 etiamsi
957 1604 1066 1664 alii
1097 1606 1306 1663 essent
1332 1602 1688 1679 digniores;

198 1698 325 1758 dum
349 1701 555 1758 tamen
586 1697 718 1775 ipse
745 1701 909 1757 esset
932 1696 1185 1774 dignus»,
1219 1699 1282 1756 et
1300 1694 1576 1756 debitam
1604 1694 1695 1753 di-

194 1790 485 1868 ligentiam
517 1789 837 1863 adhibeat,
872 1807 996 1849 non
1025 1807 1284 1868 peccare
1315 1789 1689 1849 mortaliter:

196 1900 291 1941 nec
319 1882 509 1942 teneri
539 1882 614 1941 ad
637 1881 1091 1943 restitutionem
1114 1881 1517 1952 damnorum;
1549 1880 1696 1959 quia

195 1976 472 2054 quidquid
517 1975 597 2036 sit
625 1976 703 2036 de
734 1979 987 2052 peccato
1018 1974 1304 2051 eligentis
1333 1992 1476 2033 eum
1506 1973 1569 2032 in
1592 1973 1697 2052 ju-

194 2068 391 2145 dicem,
425 2069 660 2129 electus
689 2071 899 2129 tamen
947 2071 1116 2128 tutus
1163 2071 1258 2127 est
1282 2066 1345 2125 in
1375 2066 1696 2127 conscien-

192 2162 282 2238 tia,
311 2168 375 2223 ut
401 2162 588 2223 docet
616 2162 764 2223 Soto
795 2161 902 2222 ΠΙ.
936 2158 1006 2220 de
1017 2159 1218 2240 justit.
1253 2178 1314 2239 q.
1349 2175 1435 2219 v1.
1469 2163 1585 2219 art.
1623 2175 1689 2218 11.

193 2256 404 2315 col.14.
439 2257 575 2314 Hoc
597 2252 994 2314 corollarium
1025 2257 1121 2313 est
1147 2257 1364 2313 contra
1384 2252 1695 2329 Angelum

190 2347 341 2408 verb.
374 2347 569 2427 culpa,
602 2347 656 2424 ἓ.
692 2348 836 2406 1..et
865 2345 1143 2407 Silvestr.
1188 2347 1244 2424 ἓ.
1278 2349 1335 2405 4.
1372 2344 1690 2420 docenteS‚

189 2439 435 2518 judicem
468 2439 577 2517 qui
599 2438 871 2498 officium
892 2438 1158 2517 petierit,
1192 2438 1389 2498 teneri
1419 2457 1492 2496 ex
1515 2437 1698 2515 culpa

190 2533 312 2608 levi,
345 2532 394 2591 si
424 2532 585 2591 alius
615 2530 973 2609 diligentior
1000 2530 1237 2590 fuisset.
1285 2532 1571 2590 Nostram
1601 2533 1697 2590 ta-

189 2643 312 2684 men
367 2622 721 2685 doctrinam
773 2623 968 2684 tradit
1020 2623 1263 2699 Burgos
1333 2623 1437 2682 ubi
1508 2641 1697 2700 supra

188 2737 339 2778 num.
376 2722 516 2779 ⁴74.
552 2721 616 2778 et
647 2734 821 2794 seqq.
882 2716 989 2795 qui
1035 2716 1213 2775 addit
1259 2715 1377 2775 hoc
1406 2715 1692 2794 intelligi,

188 2812 291 2871 nisi
329 2830 402 2871 ex
431 2810 578 2870 dolo
607 2809 706 2869 vel
751 2808 1094 2868 mendaciis
1141 2808 1361 2884 electi,
1420 2809 1578 2869 alius
1607 2808 1700 2867 di-

185 2905 351 2982 gnior
374 2903 598 2963 fuisset
625 2901 897 2977 relictuS,
932 2921 1006 2961 ex
1035 2901 1155 2979 leg.
1179 2917 1246 2961 11.
1282 2900 1348 2961 ff.
1375 2900 1700 2981 quodquis-

187 3015 283 3077 que
293 2996 479 3076 juris,
531 2999 594 3055 et
634 3013 709 3054 ex
740 2994 813 3053 iis
845 3012 985 3072 quae
1014 2994 1208 3055 tradit
1239 2995 1465 3054 Paulus
1497 2996 1692 3056 Castr.

183 3090 356 3152 Auth.
388 3086 606 3165 Hodie,
640 3089 706 3149 C.
741 3086 812 3147 de
833 3086 1018 3168 julite.

251 3183 448 3244 infero
482 3180 787 3258 secund0‚
818 3179 1097 3260 judicem
1126 3180 1232 3260 qui
1262 3199 1539 3241 errorem
1570 3199 1607 3240 a
1635 3199 1701 3240 se

99 3328 139 3354 e,
178 3277 396 3337 factum
443 3274 777 3353 agnoverit
811 3273 873 3332 in
904 3272 1337 3352 praejudicium
1375 3273 1696 3353 litigantiS,

97 3374 139 3461 2³0
181 3369 411 3432 etiamsi
438 3388 481 3429 a
510 3387 575 3427 se
603 3369 736 3427 sine
781 3365 958 3444 gravi
1005 3365 1190 3443 culpa
1240 3365 1441 3426 factus
1486 3366 1695 3440 fuerit,

97 3489 122 3515 n
175 3464 357 3524 teneri
387 3462 568 3523 illum
596 3478 871 3520 errorem
901 3459 1226 3537 impedire,
1261 3459 1312 3518 si
1340 3459 1496 3521 citra
1525 3476 1702 3518 suam

96 3541 134 3570 '''
175 3556 488 3617 infamiam
520 3553 778 3634 poterit;
839 3552 1007 3631 quod
1052 3553 1187 3611 fieri
1229 3556 1440 3630 posset
1484 3552 1703 3611 admo-

171 3650 364 3710 nendo
396 3647 643 3709 occulte
671 3650 915 3725 partem
941 3646 1194 3721 laesam,
1250 3648 1317 3707 ut
1342 3645 1459 3705 sibi
1487 3645 1704 3724 appel-

169 3742 387 3804 latione
417 3741 626 3802 aliove
655 3739 839 3798 simili
869 3738 1144 3798 remedio
1175 3739 1494 3813 consulat,
1523 3738 1703 3817 juxta

167 3854 234 3895 ea
260 3853 400 3915 quae
430 3834 500 3893 in
529 3831 716 3892 simili
744 3831 821 3890 de
850 3835 1006 3892 teste
1035 3831 1220 3892 docet
1247 3831 1523 3911 Cajetan.
1557 3836 1614 3892 2.
1637 3835 1694 3891 2.

167 3948 221 4007 q.
253 3945 385 3988 Lxx.
424 3929 547 3987 art.
579 3929 640 3985 4.
672 3929 736 3984 et
763 3941 901 4004 quae
929 3924 1262 3985 traduntur
1287 3925 1704 3986 communiter

163 4021 220 4080 in
247 4040 386 4100 cap.
422 4020 729 4081 Praeterea
748 4063 763 4093 ‚
797 4016 874 4076 de
902 4016 1165 4078 testibus
1195 4016 1514 4095 cogendis.
1577 4018 1702 4076 Ra-

165 4115 242 4174 tio
269 4119 492 4175 autem
522 4116 648 4187 est,
711 4110 861 4190 quia
900 4112 1100 4170 totum
1149 4109 1268 4170 hoc
1310 4110 1582 4188 pertinet
1619 4110 1700 4170 ad

161 4207 436 4268 debitam
468 4204 565 4264 sui
597 4202 875 4262 muneris
914 4202 1346 4262 executionem
1371 4247 1386 4277 ,
1447 4205 1511 4262 et
1554 4202 1704 4281 quia

161 4300 434 4379 alioquin
465 4297 515 4357 si
536 4297 687 4357 dum
716 4299 941 4374 potest,
968 4312 1090 4354 non
1110 4293 1371 4372 impedit
1396 4313 1579 4354 suum
1608 4314 1701 4354 er-

161 4411 382 4469 rorem,
431 4388 849 4469 imputabitur
869 4388 1001 4467 jam
1031 4388 1088 4446 ei
1119 4386 1298 4466 quasi
1323 4404 1704 4448 conservan-

160 4485 236 4558 ti,
278 4485 344 4544 id
375 4483 553 4562 quod
583 4484 842 4561 propter
868 4478 1391 4540 inadvertentiam
1421 4479 1702 4559 inculpa-

158 4576 343 4637 bilem
376 4576 556 4654 prius
586 4591 710 4634 non
740 4572 1187 4651 imputabatur.

487 5492 650 5554 Tou.
687 5491 816 5553 vll.

3213 328 3331 388 673

2269 826 2684 913 SEGTlo
2760 834 2844 915 ll.

1798 1122 2012 1185 Utrum
2035 1126 2234 1205 judex
2277 1131 2523 1191 existens
2567 1134 2627 1192 in
2649 1144 2887 1215 peccato
2916 1139 3189 1215 mortali,
3244 1140 3337 1200 vel

1872 1235 2397 1298 excommunicatus
2419 1284 2435 1314 ,
2463 1241 2645 1319 possit
2672 1241 2881 1315 valide,
2916 1252 2972 1304 et
2999 1244 3151 1306 licite
3162 1246 3334 1325 judi-

1874 1357 2026 1400 care.

1874 1604 1962 1664 De
1990 1604 2291 1667 existente
2328 1607 2390 1667 in
2421 1615 2677 1687 peccato
2707 1614 2955 1674 mortali
2999 1616 3117 1678 fuit
3156 1637 3332 1680 error
3517 1640 3557 1697 4

1794 1695 2182 1774 aliquorum,
2233 1701 2340 1778 qui
2369 1701 2697 1780 dicebant,
2750 1705 2924 1766 illum
2955 1727 3028 1768 eo
3060 1709 3193 1787 ipso
3226 1731 3331 1772 ca·
3409 1766 3444 1806 Α
3514 1779 3522 1787 ,
3567 1767 3577 1777 .

1795 1806 1931 1848 rere
1963 1790 2131 1849 omni
2152 1790 2583 1870 jurisdictione
2609 1842 2624 1871 ,
2684 1801 2746 1857 et
2790 1798 2925 1876 ejus
2953 1804 3328 1864 sententiam
3400 1766 3657 1874 iussiggtlfffini

1795 1899 1930 1941 esse
1962 1882 2225 1960 irritam,
2260 1890 2329 1945 ut
2357 1887 2638 1948 referunt
2665 1890 3019 1953 Waldensis
3049 1898 3132 1956 to.
3155 1897 3228 1957 11.
3263 1895 3333 1956 de
3381 1874 3675 1970 θῗζὶξκῗῖἶζῖῗῖ

1790 1993 2042 2036 sac-ram.
2076 1993 2130 2036 c.
2170 1993 2263 2038 111.
2299 1983 2361 2038 et
2389 1980 2536 2040 Soto
2566 1980 2627 2040 in
2658 1983 2759 2043 IV.
2795 1983 2856 2044 d.
2894 2002 2937 2046 1.
2972 2005 3074 2065 qu.
3114 2006 3173 2049 v.
3209 1995 3325 2051 art.

1795 2070 1854 2127 5.
1919 2085 2106 2146 quam
2141 2069 2329 2129 etiam
2359 2071 2572 2134 docuit
2598 2076 2987 2139 Armacanus
3029 2079 3098 2141 de
3124 2091 3327 2161 quoest.

1793 2160 2190 2220 Armenorum
2218 2162 2324 2223 lib.
2358 2180 2416 2223 x.
2453 2182 2590 2242 cap.
2625 2170 2684 2226 4.
2743 2169 2854 2229 Hic
2904 2175 3112 2232 tamen
3160 2194 3337 2236 error

1796 2253 2130 2313 damnatus
2160 2259 2256 2316 est
2288 2256 2351 2315 in
2381 2257 2643 2318 concilio
2675 2263 3129 2326 Constantiensi
3176 2286 3330 2331 sess,

1794 2363 1931 2405 vm.
1951 2349 2030 2406 et
2054 2362 2160 2408 xv.
2193 2352 2255 2407 et
2281 2348 2688 2427 impugnatur
2714 2370 2753 2412 a
2781 2356 3095 2432 praedictis
3118 2366 3331 2422 aucto-

1795 2439 1970 2498 ribus
1999 2444 2063 2499 et
2089 2458 2125 2497 a
2162 2441 2222 2500 S.
2260 2440 2482 2502 Thom.
2510 2459 2595 2504 lv.
2637 2443 2858 2506 Contra
2875 2458 3070 2527 yentes
3099 2470 3193 2514 ca.
3222 2458 3304 2513 '1¹7
3314 2499 3328 2515 .

1797 2531 2084 2592 videatur
2114 2532 2400 2593 Valentia
2428 2534 2492 2592 in
2523 2538 2815 2613 praesenti
2862 2540 3021 2620 disp.
3058 2545 3131 2604 V.
3171 2564 3231 2625 q.
3266 2563 3327 2608 x.

1797 2628 2012 2702 punct.
2044 2627 2101 2684 3.
2164 2626 2273 2704 qui
2320 2625 2439 2686 hoc
2482 2647 2555 2686 cx
2598 2629 2917 2708 Scriptura
2954 2636 3017 2695 et
3046 2636 3335 2699 Patribus

1799 2716 2053 2793 probat,
2089 2718 2321 2778 Suarez
2351 2718 2456 2779 lib.
2492 2721 2592 2781 ΙΙΙ.
2630 2720 2701 2781 de
2729 2721 2899 2803 leqib.
2935 2743 2990 2786 c.
3026 2743 3085 2788 x.
3140 2733 3203 2790 et
3229 2731 3338 2791 alii

1798 2808 1977 2869 multi
2008 2828 2165 2887 quos
2194 2811 2478 2888 congerit
2506 2813 2683 2874 Salas
2712 2815 2871 2895 disp.
2909 2835 3019 2880 vn.
3062 2819 3131 2881 de
3161 2821 3330 2901 leqib.

1800 2904 1951 2961 sect.
1987 2905 2082 2962 15.
2119 2904 2296 2971 Ratio
2329 2907 2537 2963 autem
2568 2922 2603 2964 a
2634 2906 2826 2983 priori
2856 2916 2952 2971 est
2972 2956 2987 2986 ,
3023 2914 3190 2992 quod
3221 2914 3335 2975 do—

1799 2992 2064 3053 minium
2095 2998 2158 3057 et
2177 2994 2531 3071 jurisdictio
2580 2997 2879 3060 fundatur
2906 3002 2969 3062 in
2998 3003 3194 3067 libero
3225 3007 3334 3068 ho-

1802 3084 1985 3144 minis
2012 3086 2294 3161 arbitriO,
2328 3088 2497 3166 quod
2528 3107 2651 3149 non
2683 3091 3024 3155 destruitur
3052 3116 3163 3175 per
3191 3118 3337 3178 pec-

1800 3183 2031 3254 catum,
2054 3197 2203 3257 ergo
2226 3179 2385 3241 sicut
2404 3185 2581 3258 pater
2609 3183 2685 3243 ad
2698 3184 2816 3245 huc
2847 3193 2987 3264 post
3006 3198 3336 3267 peccatum

1800 3275 2018 3331 manet
2056 3276 2265 3349 pater,
2317 3277 2381 3333 et
2424 3273 2616 3336 habet
2645 3282 3015 3354 potestatem
3048 3283 3110 3343 in
3140 3285 3332 3358 filios;

1801 3363 1889 3423 ita
1915 3364 2203 3441 superior
2230 3371 2443 3427 manet
2468 3369 2755 3447 superior
2783 3377 2843 3433 et
2864 3372 3055 3435 habet
3070 3381 3335 3453 potesta-

1802 3459 1930 3516 tem
1960 3456 2024 3515 in
2053 3457 2356 3518 subditos
2416 3463 2467 3521 A
2513 3463 2838 3539 posteriori
2889 3466 3076 3526 etiam
3109 3471 3338 3547 proba-

1803 3551 1923 3624 tur,
1959 3549 2105 3627 quia
2135 3549 2409 3628 alioquin
2441 3553 2594 3613 nihil
2624 3561 2789 3617 esset
2814 3562 3055 3619 certum
3085 3561 3145 3620 in
3179 3583 3339 3642 prae-

1802 3641 1999 3718 ceptis
2025 3643 2449 3718 superiorum:
2480 3664 2821 3726 numquam
2859 3651 3026 3712 enim
3051 3660 3338 3717 constare

1802 3738 2008 3811 potest
2053 3733 2130 3794 de
2173 3736 2377 3812 gratia
2417 3740 2479 3798 et
2519 3740 2847 3802 sanctitate
2894 3746 3335 3827 praecipientia,

1802 3844 1876 3886 ac
1902 3845 2016 3905 per
2042 3844 2432 3906 consequens
2488 3849 2737 3910 semper
2782 3834 3212 3901 dubitaremus
3262 3843 3338 3904 de

1801 3921 1935 3998 ejus
1965 3924 2295 3997 potestate,
2329 3922 2497 3999 quod
2527 3929 2692 3984 esset
2717 3943 3018 4005 magnum
3046 3932 3338 3996 inconve-

1800 4013 1978 4071 niens
2005 4011 2084 4072 ad
2113 4011 2393 4088 regimen
2426 4013 2793 4078 humanum.

1881 4104 2038 4164 Hinc
2077 4104 2265 4164 etiam
2295 4105 2633 4166 dicendum
2663 4113 2786 4186 est,
2820 4130 2933 4190 per
2957 4134 3025 4175 se
3068 4118 3334 4198 loquen-
3522 4151 3560 4210 5

1801 4197 1904 4273 do,
1938 4196 2213 4276 judicem
2243 4204 2638 4275 peccatorem
2684 4206 2813 4262 tam
2845 4206 3332 4273 ecclesiasticum

1800 4306 1990 4369 quam
2031 4290 2397 4350 saecularem
2420 4337 2435 4366 ,
2487 4311 2610 4352 non
2654 4312 2918 4372 peccare
2949 4300 3012 4358 in
3040 4303 3335 4367 adminis-

1798 4381 2065 4443 tratione
2098 4381 2191 4441 sui
2223 4384 2536 4461 muneriS,
2587 4386 2676 4447 ita
2704 4387 2885 4450 docet
2918 4393 2979 4452 S.
3015 4394 3239 4459 Thom.
3273 4399 3335 4460 in

1796 4475 2090 4552 praesenti
2120 4479 2341 4552 quaest.
2374 4477 2501 4537 LX.
2536 4483 2652 4539 art.
2688 4497 2756 4540 11.
2792 4482 2871 4541 ad
2901 4486 2958 4544 3.
2994 4485 3190 4565 Cajet.
3223 4490 3331 4567 ibi,

1799 4568 1948 4628 Soto
1979 4567 2082 4627 111.
2118 4566 2190 4627 de
2200 4567 2441 4648 justitia
2471 4589 2574 4648 qu.
2613 4587 2697 4632 ιν.
2733 4578 2849 4634 art.
2883 4580 2942 4637 2.
2978 4578 3056 4637 ad
3086 4582 3144 4640 3.
3195 4584 3341 4661 quia

1796 4658 2061 4719 reddere
2092 4660 2273 4720 alteri
2315 4661 2380 4721 id
2427 4663 2595 4740 quod
2626 4664 2684 4723 ei
2712 4665 3011 4746 debetur,
3073 4691 3196 4733 non
3250 4681 3343 4737 est

1796 4757 1971 4812 actus
2001 4752 2351 4830 prohibitus
2374 4757 2707 4833 peccatori,
2734 4775 2883 4837 ergo
2911 4780 3025 4823 nec
3048 4769 3223 4827 actus
3244 4768 3343 4848 ju-

1797 4844 1944 4904 dicii
1974 4845 2077 4923 qui
2110 4849 2205 4905 est
2234 4850 2409 4906 actus
2434 4846 2712 4926 justitiae.
2776 4851 2913 4911 Dixi
2942 4858 3154 4918 tamen
3178 4907 3192 4936 ,
3232 4880 3344 4941 per

1795 4955 1855 4997 se
1885 4936 2166 5017 loquendo
2211 4958 2224 4998 :
2282 4939 2430 5017 quia
2476 4960 2589 5018 per
2634 4943 2927 5004 accidens
2975 4954 3180 5026 potest
3229 4953 3343 5014 ali-

1798 5030 2052 5109 quando
2100 5050 2237 5090 esse
2278 5036 2607 5110 peccatum
2644 5053 2837 5112 grave
2877 5045 3134 5117 propter
3164 5063 3343 5107 scan-

1797 5123 2011 5182 dalum
2045 5140 2058 5186 :
2093 5130 2358 5203 possunt
2385 5126 2553 5185 enim
2582 5127 2918 5206 aliquando
2950 5134 3182 5197 subditi
3203 5158 3342 5217 gra·
3442 5145 3451 5150 “

1795 5215 1957 5276 viter
1985 5217 2423 5293 scandalizari,
2445 5223 2508 5279 et
2534 5218 2614 5278 ad
2643 5219 3100 5299 impatientiam
3131 5236 3194 5291 et
3223 5233 3345 5294 alia

1797 5313 2058 5385 peccata
2086 5308 2328 5371 incitari
2356 5308 2640 5371 videntes
2661 5310 2942 5390 judicem
2962 5364 2978 5394 ,
3031 5321 3129 5382 vel
3171 5325 3346 5402 prin-

1798 5400 2003 5478 cipem
2031 5401 2255 5462 eodem
2284 5406 2542 5478 peccato
2572 5404 2827 5480 gravius
2855 5408 3150 5474 infectum
3179 5462 3192 5492 ,
3229 5437 3343 5496 pu-

2942 5507 3021 5565 43

3386 4278 3419 4319 Λ
3428 4291 3452 4319 n
3467 4277 3578 4318 licite
3587 4289 3685 4331 pos-

3388 4332 3441 4373 sit
3478 4331 3680 4384 judicare.
