4263 6376
1153 302 1626 364 DISPU'I'ATIO
1669 300 1916 377 xxvn,
1965 301 2243 364 SEGTIO
2286 301 2334 363 1.

154 482 250 560 jus
292 498 475 541 omne
518 480 598 540 ad
644 481 1033 559 pensionem,
1085 481 1234 561 quia
1292 480 1444 541 nihil
1503 479 1675 539 aliud

161 579 425 652 emptum
467 579 561 635 est
607 575 721 634 nisi
756 576 863 653 jus
911 593 986 635 ex
1029 593 1095 634 re
1140 575 1245 634 illa
1287 573 1675 654 percipiendi

162 666 534 745 pensionem.
579 667 870 729 Secundo
920 668 1127 728 differt
1160 687 1174 728 :
1213 668 1360 748 quia
1389 667 1451 727 in
1483 686 1673 727 censu

164 758 330 819 misto
356 777 767 837 possessores,
803 760 883 819 ad
914 779 1071 840 quos
1102 780 1200 822 res
1230 760 1674 840 hypothecatae

162 854 490 926 transeunt,
547 870 671 912 non
701 858 964 930 possunt
1003 853 1270 932 obligari
1308 854 1385 913 ad
1435 854 1677 914 solven-

162 943 296 1003 dam
343 944 732 1021 pensionem,
794 945 913 1005 nisi
967 944 1140 1023 prius
1191 966 1228 1006 a
1276 946 1560 1008 debitore
1616 949 1680 1007 et

164 1035 468 1097 venditore
513 1056 761 1114 censuS,
814 1038 913 1098 vel
955 1038 1091 1117 ejus
1123 1038 1480 1100 haeredibus
1510 1043 1681 1119 peta-

165 1136 272 1205 tur,
308 1128 409 1207 qui
438 1129 493 1189 si
523 1130 648 1190 alia
678 1130 848 1190 bona
881 1130 1178 1207 habeant,
1213 1133 1381 1192 unde
1409 1132 1674 1207 solvant,

165 1239 273 1281 non
314 1226 519 1299 potest
556 1223 794 1283 recurri
838 1224 920 1283 ad
966 1223 1376 1303 liypotheca5‚
1428 1243 1567 1305 qum
1598 1224 1679 1284 ad

162 1314 302 1375 alios
316 1332 708 1392 possessores
737 1316 1160 1390 devenerunt;
1196 1318 1334 1379 haec
1363 1319 1531 1378 enim
1553 1336 1679 1379 non

164 1412 456 1482 tenentur,
492 1409 611 1468 nisi
644 1427 816 1486 casu,
851 1429 975 1489 quo
1006 1410 1255 1472 debitor
1283 1430 1359 1471 ex
1388 1411 1525 1471 aliis
1554 1430 1679 1473 non

165 1498 342 1578 possit
378 1500 508 1559 suis
545 1501 732 1562 bonis
771 1503 1033 1564 solvere.
1092 1504 1274 1565 Circa
1301 1504 1420 1565 hoc
1467 1509 1679 1565 tamen

236 1592 508 1653 Dubitari
534 1594 698 1656 solet
724 1595 949 1673 primo,
984 1615 1063 1656 an
1094 1615 1318 1658 census
1347 1597 1454 1677 qui
1483 1597 1561 1657 de
1592 1596 1682 1656 fa·

166 1688 254 1744 cto
280 1686 569 1747 constitui
599 1688 803 1748 solent
828 1688 953 1750 sint
979 1707 1150 1749 mere
1179 1691 1400 1766 reales,
1434 1708 1512 1749 an
1534 1707 1681 1751 vero

113 1792 123 1871 ξ
166 1778 333 1853 misti,
365 1778 449 1840 ita
480 1784 552 1839 ut
580 1779 1016 1843 deficientibus
1068 1784 1257 1844 etiam
1302 1784 1491 1844 rebus
1538 1802 1684 1845 cen-

165 1868 301 1945 sitis,
350 1870 411 1929 in
461 1872 695 1950 quibus
737 1892 960 1935 census
1017 1876 1499 1953 constituuntur,
1546 1895 1681 1937 ma-

166 1968 295 2023 neat
318 1963 618 2043 obligatio
647 1967 994 2044 personalis
1022 1968 1084 2028 in
1115 1969 1438 2030 venditore
1458 1970 1538 2030 ad
1567 1969 1685 2030 sol-

166 2056 376 2117 vendas
434 2059 816 2136 pensiones?
860 2061 1068 2140 Aliqui
1098 2062 1334 2139 dicunt,
1368 2082 1503 2124 esse
1537 2063 1688 2123 mis-

166 2154 268 2224 tos,
299 2149 382 2209 ita
410 2154 640 2214 Covar.
684 2154 789 2215 ΙΙΙ.
840 2153 1069 2216 Verior.
1097 2174 1235 2236 cap.
1270 2173 1379 2217 vn.
1415 2175 1587 2218 num.
1622 2159 1682 2218 5.

166 2248 219 2301 et
240 2246 294 2303 6.
327 2244 537 2321 SotuS,
577 2247 889 2323 Salonius,
916 2249 1232 2325 Mercado,
1258 2256 1320 2311 et
1346 2250 1450 2310 alii
1479 2250 1688 2329 plures

166 2354 304 2414 quos
328 2338 520 2399 refert
547 2343 612 2399 et
634 2340 917 2419 sequitur
945 2342 1122 2402 Salas
1143 2342 1291 2403 dub.
1322 2359 1541 2404 xxxm.
1578 2363 1683 2405 nu.

165 2434 215 2489 2.
244 2429 356 2489 Alii
388 2430 604 2508 plures
635 2432 872 2506 dicunt,
916 2453 1051 2495 esse
1097 2436 1296 2495 reales
1324 2454 1552 2513 mei-OS,
1574 2437 1689 2498 nisi

165 2523 525 2582 contrarium
561 2524 941 2602 explicetur3
998 2527 1145 2606 quia
1185 2528 1246 2587 id
1289 2530 1459 2608 quod
1490 2535 1585 2591 est
1613 2530 1691 2591 de

166 2619 367 2674 natura
393 2622 764 2678 contractus
793 2636 917 2679 non
948 2624 1041 2680 est
1083 2638 1338 2681 necesse
1388 2623 1556 2701 quod
1587 2642 1694 2684 ex-

166 2706 433 2784 plicetur;
488 2715 591 2770 est
616 2716 827 2771 autem
858 2712 936 2772 de
967 2716 1192 2773 natura
1220 2713 1405 2793 hujus
1451 2721 1696 2777 contra·

165 2804 304 2875 ctuS,
335 2796 503 2880 quod
535 2809 844 2880 pereunte
876 2823 943 2865 re
976 2806 1077 2866 cui
1118 2806 1401 2870 adhaeret
1426 2810 1693 2872 servitus

165 2899 219 2952 et
242 2892 530 2970 obligatio
565 2894 647 2955 ad
680 2897 1069 2975 pensionem,
1112 2905 1330 2977 pereat
1360 2901 1687 2981 obligatio,

164 2984 239 3043 ita
262 2985 399 3046 Mol.
431 2986 602 3064 disp.
636 2990 775 3052 383.
810 3009 960 3050 num
987 2995 1046 3052 8.
1071 2992 1342 3070 LessiuS,
1372 2995 1687 3073 Rebellus,

164 3079 341 3140 Tolet.
373 3080 625 3157 Valent,
678 3082 934 3163 Rodrig.
971 3086 1164 3163 Vega,
1217 3090 1281 3147 et
1302 3087 1408 3148 alii
1453 3088 1687 3168 plures,

165 3190 304 3250 quos
330 3174 514 3235 affert
543 3174 718 3236 idem
750 3177 929 3239 Salas
960 3198 1131 3241 num.
1172 3183 1227 3242 1.

233 3267 754 3347 Distinguendum
799 3276 1011 3333 tamen
1053 3273 1331 3351 videtur,
1392 3294 1538 3336 nam
1584 3277 1692 3338 ubi

164 3366 249 3421 est
278 3367 526 3441 recepta
579 3364 751 3425 bulla
797 3365 884 3426 Pii
929 3367 1157 3441 Quinti,
1210 3374 1272 3430 et
1313 3369 1450 3430 aliae
1504 3370 1691 3431 bullae

170 3455 543 3532 Pontificum,
581 3476 706 3518 non
736 3464 1073 3521 censentur
1116 3462 1411 3523 constitui
1442 3481 1687 3540 censuS,

166 3549 265 3607 nisi
294 3567 431 3609 cum
450 3550 922 3613 conditionibus
942 3554 1024 3614 ibi
1050 3555 1403 3633 assignatiS,
1425 3575 1692 3636 quarum

168 3639 286 3702 haec
312 3646 403 3704 est
433 3662 586 3721 una,
635 3649 704 3706 ut
730 3651 1032 3724 pereunte
1073 3666 1141 3707 re
1190 3649 1428 3709 censita
1470 3654 1693 3728 pereat

165 3755 367 3799 census
397 3742 467 3799 ut
495 3744 722 3817 postea
758 3737 1132 3815 videbimus,
1182 3758 1383 3830 neque
1434 3741 1556 3802 hoc
1584 3761 1693 3803 ne-

165 3837 299 3910 gant
324 3837 618 3893 auctores
639 3832 856 3910 primae
886 3833 1231 3894 sententiae.
1267 3834 1384 3895 Ubi
1402 3853 1548 3895 vero
1569 3835 1691 3896 illae

166 3924 334 3985 bullae
364 3928 626 4003 nocepta
659 3943 782 3984 non
832 3928 996 4001 sunt,
1032 3929 1094 3986 et
1123 3930 1361 3987 attento
1392 3928 1525 3988 solo
1547 3929 1692 4007 jure

167 4025 409 4096 naturae,
443 4038 521 4078 ex
555 4038 672 4079 usu
702 4023 766 4080 et
792 4019 1242 4080 consuetudine
1272 4020 1691 4100 interpretan-

168 4113 237 4171 da
288 4119 380 4175 est
431 4132 615 4174 mens
660 4112 1214 4177 contrahentium:
1261 4133 1408 4175 nam
1454 4119 1692 4177 attento

163 4204 287 4285 jure
312 4213 579 4283 naturae,
629 4225 754 4267 non
783 4211 1007 4283 regnat
1042 4207 1263 4268 saltem
1293 4207 1356 4267 in
1386 4208 1694 4270 sententia

169 4301 457 4377 probabili
505 4318 735 4360 census
762 4299 1006 4376 mistus,
1041 4318 1165 4379 quo
1196 4300 1554 4379 hypotheca
1583 4302 1695 4362 de-

171 4400 260 4453 tur
284 4395 483 4454 solum
517 4393 580 4454 in
641 4392 991 4453 subsidium
1022 4397 1085 4454 et
1131 4393 1214 4454 ad
1262 4394 1688 4471 securitatem,

169 4488 211 4544 si
279 4506 550 4564 persona
612 4503 738 4546 non
797 4485 1055 4546 solverit
1111 4505 1124 4547 ε
1182 4504 1377 4565 quare
1432 4492 1696 4566 possunt

168 4577 383 4639 habere
448 4579 617 4640 hanc
672 4583 948 4640 mentem
1003 4578 1066 4637 in
1115 4577 1247 4657 ipso
1296 4584 1619 4642 contractu
1676 4600 1690 4642 :

169 4673 319 4733 unde
346 4675 395 4733 si
430 4692 581 4733 usus
612 4671 713 4747 sit,
749 4675 818 4732 ut
844 4671 1034 4732 etiam
1063 4671 1469 4749 pereuntibus
1500 4672 1695 4752 hypo-

169 4765 372 4842 thecis,
405 4770 679 4844 cogatur
707 4764 954 4825 debitor
973 4763 1054 4823 ad
1080 4763 1449 4824 solvendum
1466 4782 1539 4824 ex
1561 4764 1696 4826 aliis

166 4858 352 4935 bonis,
388 4859 804 4938 judicandum
833 4861 926 4919 est
953 4856 1121 4938 quod
1146 4856 1326 4936 juxta
1356 4857 1518 4918 hanc
1547 4876 1699 4919 con-

168 4952 552 5015 suetudinem
582 4957 648 5013 et
692 4952 808 5011 hac
852 4955 1061 5012 mente
1104 4953 1568 5012 contraxerunt.
1631 4952 1699 5013 Si

168 5052 363 5108 autem
410 5047 491 5108 de
525 5051 751 5107 neutra
796 5043 1245 5106 consuetudine
1275 5048 1537 5120 constet,
1571 5044 1699 5105 col-

168 5138 477 5219 ligendum
527 5139 590 5199 id
640 5139 757 5200 erit
784 5157 858 5197 ex
887 5136 1116 5214 verbiS,
1152 5155 1299 5196 nam
1345 5137 1398 5197 si
1446 5137 1696 5197 nomine

170 5231 532 5311 hypothecae
571 5230 665 5291 usi
697 5235 863 5308 sunt,
897 5230 1033 5290 haec
1062 5228 1264 5307 magis
1283 5228 1531 5289 videtur
1560 5228 1699 5289 dari

168 5325 240 5385 ad
295 5325 700 5386 securitatem
743 5328 805 5384 et
846 5340 1200 5402 supponere
1249 5321 1698 5400 obligationem

170 5419 577 5496 personalem.
638 5418 707 5479 Si
732 5435 879 5478 vcro
924 5416 1125 5477 solum
1162 5415 1400 5477 dictum
1428 5419 1524 5476 est
1549 5433 1701 5476 con-

170 5512 328 5573 stitui
357 5517 421 5573 et
448 5511 642 5572 vendi
686 5529 943 5572 censum
991 5528 1179 5588 super
1204 5509 1311 5571 tali
1340 5528 1427 5582 re,
1481 5509 1695 5584 domo,

3204 309 3320 369 335

1778 478 1875 539 vel
1929 478 2147 555 fundo,
2207 482 2326 540 etc.
2377 479 2570 540 verba
2626 480 2921 543 videntur
2966 482 3320 561 significare

1777 572 1979 632 solum
2026 590 2284 632 censum
2324 573 2581 651 realem,
2616 593 2739 654 quo
2788 576 2991 636 solum
3020 575 3210 636 vendi
3239 576 3325 635 vi-

1777 664 1960 726 detur
1970 664 2075 745 jus
2104 665 2186 724 ad
2217 665 2683 744 percipiendam
2712 669 3080 747 pensionem
3108 688 3185 728 ex
3212 669 3321 730 tali

1775 777 1864 833 re,
1898 763 2086 837 atque
2115 758 2256 818 ideo
2293 777 2361 818 re
2393 766 2723 838 pereunte,
2757 761 2986 840 peribit
3013 761 3165 822 illud
3188 761 3317 841 juS,

1777 851 1936 912 sicut
1965 851 2125 931 perit
2151 852 2418 912 servitus
2447 853 2631 913 realis
2646 860 2947 933 pereunte
2975 874 3044 916 re
3065 855 3162 916 cui
3187 860 3324 917 erat

1778 945 1986 1006 affixa.
2043 948 2140 1005 An
2170 962 2315 1005 vero
2348 948 2409 1004 in
2467 951 2680 1007 nostra
2735 950 3044 1010 sententia
3100 949 3314 1028 possit,

1776 1056 1889 1118 per
1918 1056 1984 1098 se
2032 1038 2374 1116 loquendO,
2423 1039 2608 1099 vendi
2655 1058 2878 1102 census
2926 1042 3034 1122 qui
3083 1061 3210 1104 non
3240 1043 3322 1104 sit

1776 1129 1983 1205 realis,
2013 1129 2368 1190 videbimus
2397 1131 2580 1193 infra.
2615 1132 2771 1194 Hinc

1858 1224 2146 1299 Infertur,
2181 1223 2244 1282 in
2274 1241 2463 1284 censu
2494 1243 2666 1285 mere
2695 1227 2870 1303 reali,
2906 1227 2957 1288 si
2986 1246 3087 1287 res
3117 1228 3315 1289 censi·
3502 1237 3541 1295 6
3639 1244 3648 1253 ·

1777 1320 1856 1378 tae
1887 1320 2211 1377 transeant
2239 1316 2318 1375 ad
2350 1317 2504 1377 alios
2525 1337 2935 1397 possessoreS,
2970 1325 3317 1399 emptorem
3366 1358 3410 1400 εἰ
3429 1360 3664 1417 mom„

1779 1427 2001 1469 census
2021 1427 2144 1469 non
2164 1427 2346 1488 posse
2373 1427 2561 1487 agere
2580 1411 2660 1470 ad
2670 1431 2884 1474 versus
2905 1413 3313 1490 venditorem,
3368 1417 3422 1507 'J
3459 1419 3664 1512 ῗίτὲξζξ·

1784 1502 1878 1562 vel
1898 1503 2033 1580 ejus
2063 1501 2346 1562 haeredes
2375 1520 2487 1582 pro
2519 1504 2825 1582 exigenda
2854 1507 3175 1584 pensione,
3209 1507 3320 1568 sed
3509 1522 3519 1531 '
3626 1503 3662 1533 ·'

1780 1595 2081 1655 adversus
2110 1613 2496 1672 possessores
2533 1614 2778 1675 rerum,
2822 1600 2887 1659 in
2917 1600 3145 1678 quibus
3182 1618 3323 1661 cen·

1780 1707 1886 1749 sus
1914 1688 2287 1749 constitutus
2338 1694 2494 1764 erat,
2529 1689 2610 1748 ad
2640 1709 2798 1769 quos
2839 1692 3024 1753 simul
3053 1712 3197 1753 cum
3223 1712 3325 1754 re-

1781 1781 1899 1841 bus
1928 1781 2080 1859 ipsis
2097 1780 2319 1843 transit
2339 1781 2637 1860 obligatio
2660 1784 2943 1845 solvendi
2965 1787 3320 1865 pensioneS,

1784 1893 1924 1953 quae
1971 1874 2159 1933 rebus
2206 1873 2428 1951 inerat,
2481 1880 2551 1936 ut
2597 1881 2815 1938 contra
2846 1880 3064 1941 Covar.
3099 1879 3327 1958 probat

1782 1966 1943 2027 bene
1970 1966 2205 2027 Molina
2231 1966 2294 2027 d.
2329 1967 2488 2047 disp.
2522 1970 2658 2030 383.
2694 1988 2866 2031 num.
2901 1975 2959 2034 9.

1864 2059 2198 2121 Dubitatur
2238 2064 2450 2120 tamen
2479 2062 2776 2140 secundo,
2809 2064 2862 2125 si
2891 2083 2990 2125 res
3020 2065 3144 2127 illae
3174 2084 3323 2127 cen-

1785 2153 1918 2215 sitae
1938 2154 2001 2212 in
2031 2171 2222 2213 censu
2247 2172 2419 2214 mere
2445 2155 2595 2214 reali
2653 2161 2974 2219 transeant
3002 2159 3081 2219 ad
3112 2162 3327 2237 plures

1786 2263 2199 2325 possessores,
2253 2246 2414 2307 inter
2442 2266 2598 2326 quos
2627 2248 2841 2311 divisa>
2871 2257 3037 2328 sunt,
3083 2271 3162 2312 an
3191 2270 3327 2313 cre-

1789 2340 1954 2401 ditor
1979 2338 2177 2417 possit
2210 2358 2246 2398 a
2280 2339 2539 2418 singulis
2582 2341 2829 2421 exigere
2850 2348 3095 2423 partem
3124 2345 3329 2407 solum

1788 2451 1900 2512 pro
1930 2436 2066 2493 rata
2096 2431 2291 2510 partis
2318 2432 2407 2491 rei
2452 2434 2728 2511 censitae,
2768 2455 2908 2514 quae
2938 2437 3018 2497 ad
3047 2438 3329 2517 singulos

1793 2525 2111 2603 pervenit?
2141 2527 2362 2585 Covar.
2387 2525 2525 2586 loco
2546 2527 2737 2589 citato
2767 2528 2973 2604 docet,
3000 2548 3124 2590 non
3142 2548 3326 2609 posse

1798 2637 1836 2679 a
1854 2617 2116 2696 singulis
2131 2617 2294 2695 exigi
2308 2623 2504 2679 totam
2527 2620 2894 2697 pensionem
2917 2641 2931 2683 ε
2952 2622 3012 2681 in
3033 2621 3328 2684 hocenim

1793 2710 1999 2771 differt
2044 2710 2180 2770 haec
2229 2709 2585 2789 hypotheca
2613 2712 2694 2773 ab
2725 2714 2881 2790 aliis,
2925 2715 2987 2775 in
3020 2716 3248 2794 quibus
3290 2735 3328 2777 a

1791 2802 2051 2882 singulis
2079 2807 2285 2882 potest
2329 2804 2600 2865 creditor
2645 2804 2927 2868 debitum
2972 2812 3177 2869 totum
3204 2809 3330 2870 exi-

1790 2914 1939 2975 gere
1969 2913 2044 2955 ex
2070 2896 2391 2956 communi
2419 2896 2747 2958 doctorum
2775 2901 3106 2978 sententia,
3147 2901 3330 2981 juxta

1789 2990 2016 3069 legem,
2050 2988 2294 3064 Moschi,
2330 2990 2392 3050 ff.
2428 2988 2654 3070 dejure
2677 2990 2829 3072 fisce.
2862 2994 3097 3055 Molina
3116 2995 3179 3056 d.
3215 3015 3323 3058 nu.

1790 3086 1849 3145 9.
1882 3100 2025 3142 cum
2054 3083 2329 3142 Navarro
2360 3086 2423 3142 et
2450 3082 2586 3142 aliis
2635 3086 2946 3162 concedit,
2999 3105 3037 3147 a
3066 3088 3330 3167 singulis

1789 3173 2252 3255 possessoribus
2297 3194 2480 3254 posse
2527 3177 2904 3240 creditorem
2949 3183 3144 3243 totam
3176 3200 3332 3260 pen-

1789 3269 2028 3330 sionem
2076 3269 2347 3347 exigere,
2400 3269 2573 3330 etita
2622 3290 2738 3332 usu
2784 3279 3110 3352 receptum
3166 3293 3326 3336 esse.

1791 3362 1968 3434 Quod
1992 3366 2204 3423 tamen
2235 3361 2487 3422 difficile
2517 3368 2610 3425 est
2654 3371 2912 3445 propter
2938 3364 3002 3426 id
3032 3367 3203 3448 quod
3233 3367 3328 3429 di-

1790 3474 2002 3517 cemus
2031 3455 2193 3515 infra
2220 3460 2372 3517 sect.
2413 3473 2525 3517 vn.
2562 3475 2734 3518 num.
2770 3461 2909 3521 108.

1871 3548 2182 3611 Dividitur
2225 3567 2440 3609 rursus
2487 3568 2710 3610 census
2756 3551 3221 3631 consignativus
3265 3554 3330 3616 in
3513 3563 3549 3621 Ἰ

1790 3660 2046 3704 censum
2101 3642 2538 3719 redimibilem,
2597 3662 2784 3722 quem
2822 3646 3113 3707 venditor
3169 3647 3331 3708 redi·
3379 3689 3536 3733 consus
3564 3687 3676 3730 md„

1790 3753 1961 3795 mcre
1990 3739 2196 3814 potest
2240 3735 2484 3796 reddito
2514 3736 2715 3814 pretio
2744 3743 3024 3817 accepto,
3067 3744 3130 3800 et
3156 3739 3219 3799 in
3249 3740 3333 3800 ir-
3381 3742 3656 3838 affligit&

1790 3828 2226 3901 redimibilem,
2246 3828 2353 3906 qui
2381 3829 2682 3907 appellari
2713 3831 2902 3891 etiam
2932 3832 3091 3894 solet
3116 3851 3336 3913 perpe·
3660 3824 3673 3838 ⁹

1791 3925 1957 3999 tuus»,
1990 3922 2054 3981 in
2084 3939 2208 4000 quo
2253 3939 2375 3980 non
2430 3920 2621 3982 habet
2648 3922 2937 3985 venditor
2972 3925 3332 3987 facultatem

1790 4016 1965 4075 illum
1994 4014 2382 4087 redimendi;
2435 4019 2641 4093 potest
2667 4021 2880 4077 tamen
2916 4035 2990 4077 ex
3022 4036 3332 4081 consensu

1792 4107 2091 4188 emptoris
2127 4107 2303 4167 illum
2331 4107 2664 4184 redimere,
2699 4109 2859 4170 sicut
2888 4111 3152 4190 quilibet
3181 4131 3327 4174 con-

1792 4207 2025 4263 tractus
2055 4219 2131 4261 ex
2178 4218 2484 4261 consensu
2531 4202 3035 4265 contrahentium
3083 4205 3336 4268 dissolvi

1790 4299 2017 4374 potest.
2052 4293 2387 4355 Dubitatur
2416 4298 2649 4371 autem,
2683 4312 2761 4354 an
2792 4295 2855 4354 in
2887 4296 3078 4358 dubio
3109 4317 3339 4377 praesu·

1791 4388 2056 4448 mendus
2085 4387 2165 4448 sit
2192 4405 2414 4447 census
2461 4387 2851 4465 redimibilis,
2885 4389 2985 4450 vel
3031 4390 3337 4453 irredimi·

1791 4480 1911 4541 lis?
1939 4483 2159 4542 Covar.
2195 4479 2300 4541 lib.
2363 4496 2456 4542 111.
2507 4479 2740 4543 Varior.
2762 4483 2949 4561 capit.
2975 4500 3036 4546 x.
3064 4503 3236 4547 num.
3270 4491 3332 4549 4.

1794 4576 1858 4634 et
1883 4575 2027 4634 Ant.
2064 4574 2292 4634 Gomez
2334 4577 2512 4634 tract.
2546 4572 2617 4634 de
2643 4574 2900 4635 censibus
2930 4593 2985 4641 0.
3019 4594 3079 4639 v.
3132 4597 3239 4641 nu.
3274 4582 3331 4642 1.

3394 1531 3445 1560 an
3484 1525 3636 1575 singuli

3372 1578 3586 1616 tene-mur
3622 1577 3665 1618 in

3424 1627 3615 1671 solidum.

1795 4666 2029 4741 dicunt,
2089 4666 2598 4742 praesumendum
2639 4687 2775 4728 esse
2842 4668 3332 4748 irredimibilem,

1793 4759 1940 4839 quia
1967 4763 2220 4838 pactum
2250 4758 2327 4819 de
2353 4761 2854 4823 retrovendendo
2874 4781 2994 4824 non
3019 4764 3339 4842 praesumi·

1794 4859 1894 4915 tur
1929 4852 1991 4912 in
2041 4851 2422 4928 venditione,
2455 4853 2576 4913 nisi
2619 4855 2922 4933 probetur
2958 4858 3000 4917 1.
3036 4873 3105 4918 11.
3148 4859 3216 4919 C.
3268 4856 3339 4919 de

1783 4954 1978 5029 pactas
2006 4945 2159 5005 inter
2184 4955 2359 5027 empt.
2410 4955 2465 5009 et
2507 4947 2722 5010 vendit.
2754 4949 2876 5010 Alii
2903 4949 3143 5027 dicunt,
3176 4970 3339 5030 pree-

1796 5039 1952 5101 sumi
2001 5038 2440 5116 redimibilem,
2490 5040 2606 5101 nisi
2660 5059 2736 5102 ex
2783 5042 3157 5121 conjecturis
3186 5060 3336 5104 con-

1798 5132 2056 5195 trarium
2103 5131 2456 5210 colligatur,
2491 5134 2579 5194 ita
2628 5134 3028 5211 Binsfeldius,
3077 5141 3142 5196 et
3164 5135 3337 5197 Moli·

1797 5243 1990 5301 naeus,
2025 5226 2374 5303 quosaffert
2393 5230 2456 5287 et
2471 5225 2754 5304 sequitur
2783 5227 3122 5288 Salasdub.
3144 5245 3331 5291 xxxv.

1799 5338 1905 5379 nu.
1937 5321 1997 5378 4.
2031 5317 2182 5396 quia
2223 5317 2713 5379 irredimibilitas
2741 5318 2805 5379 in
2833 5338 3025 5380 censu
3053 5325 3147 5382 est
3166 5321 3338 5384 odio-

1800 5430 1891 5488 sa,
1924 5414 1987 5471 et
2010 5410 2151 5470 ideo
2174 5410 2466 5488 praesumi
2497 5430 2621 5472 non
2651 5410 2839 5472 debet
2867 5412 2986 5472 nisi
3013 5413 3332 5492 probetur.

1799 5505 1931 5582 Ego
1948 5502 2254 5580 imprimis
2270 5503 2349 5563 ad
2368 5502 2868 5566 circumstantias
2885 5507 3337 5570 attendendum
