4263 6376
1145 301 1615 364 DISPUTATIO
1661 301 1904 375 XXXV,
1954 300 2229 362 SECTIO
2274 302 2347 360 V.

209 476 754 556 nuntientepiscopo
785 480 1208 556 quotcumque
1237 478 1319 539 ab
1349 478 1445 538 his
1474 474 1683 537 idonei

201 572 428 652 judicati
454 570 695 631 fuerint.
728 593 756 628 υ

272 666 331 725 ln
359 665 464 724 hoc
490 668 725 724 certum
754 669 869 741 est,
904 666 1212 744 imprimis
1240 684 1422 745 posse
1455 663 1687 725 exami-

206 763 419 817 natores
438 758 617 817 etiam
638 775 761 817 non
783 758 1200 836 interrogatos
1216 759 1536 819 declarare
1561 776 1684 818 non

204 851 374 910 solum
399 849 612 928 dignos
651 850 762 910 sed
809 851 999 912 etiam
1046 851 1363 929 digniores
1388 898 1404 928 ,
1464 870 1684 930 quem-

202 943 329 1002 libet
351 941 680 1002 secundum
707 943 977 1023 gradum
1006 962 1211 1020 suum,
1247 947 1310 1005 et
1336 944 1569 1024 optime
1599 945 1686 1004 fa-

202 1039 379 1095 cturos
403 1034 453 1094 si
498 1033 558 1093 id
583 1034 838 1098 faciant.
883 1038 1136 1098 Certum
1178 1036 1366 1098 etiam
1410 1037 1680 1112 videtur,

198 1127 321 1188 licet
330 1126 809 1189 examinatorum
825 1128 1194 1207 suffragium
1216 1129 1295 1191 sit
1314 1129 1680 1205 decisivum,

200 1219 375 1298 quoad
394 1219 695 1297 judicium
725 1222 803 1282 de
834 1222 1174 1301 dignitate,
1215 1225 1278 1283 et
1316 1222 1679 1298 idoneitate,

198 1319 355 1390 atque
381 1311 514 1373 ideo
541 1314 872 1393 episcopus
902 1333 1026 1376 non
1046 1315 1247 1394 possit
1275 1315 1507 1394 eligere
1538 1334 1682 1376 eum

197 1404 378 1482 quiab
419 1406 944 1468 examinatoribus
1000 1426 1125 1468 non
1171 1407 1501 1487 judicatur
1542 1409 1679 1470 ido·

194 1515 356 1568 neus;
388 1515 597 1559 eorum
616 1503 827 1560 tamen
855 1501 1221 1577 suffragium
1253 1518 1376 1560 non
1408 1519 1543 1563 esse
1573 1503 1683 1563 de·

193 1590 440 1664 cisivum,
467 1591 575 1651 sed
604 1592 808 1652 solum
837 1593 1257 1654 consultivum
1296 1595 1504 1673 quoad
1547 1614 1683 1655 ma-

185 1683 358 1759 jorem
383 1683 782 1762 dignitatem,
825 1690 888 1746 et
916 1685 1035 1746 hoc
1064 1685 1267 1746 solum
1293 1687 1543 1748 videtur
1583 1689 1678 1748 in·

191 1774 408 1835 tendere
433 1775 534 1836 illa
560 1777 902 1839 declaratio
944 1779 1449 1856 congregationis
1490 1781 1678 1842 modo

190 1867 441 1929 adducta.
475 1871 714 1946 Quare,
764 1870 912 1931 licet
958 1871 1416 1933 examinatores
1463 1892 1681 1935 omnes

188 1958 429 2022 dicerent
455 1962 730 2040 aliquem
757 1981 895 2024 esse
925 1963 1296 2042 digniorem,
1331 1971 1544 2044 posset
1572 1968 1678 2027 ad-

189 2051 288 2112 huc
320 2054 636 2134 episcopus
666 2055 898 2134 eligere
945 2055 1139 2116 alium
1186 2057 1267 2117 ab
1310 2057 1547 2119 eisdem
1590 2060 1678 2120 di-

184 2164 346 2222 gnum
366 2148 732 2225 judicatum,
768 2148 1059 2224 dicendo,
1095 2167 1162 2210 se
1192 2150 1367 2210 illum
1389 2151 1676 2230 judicare

184 2240 352 2317 magis
377 2240 690 2302 idoneum.
725 2243 859 2302 Hoc
886 2241 1051 2301 enim
1093 2240 1402 2321 judicium
1439 2245 1518 2304 de
1547 2263 1676 2306 ma-

177 2329 281 2408 jori
304 2332 626 2395 idoneitate
644 2334 841 2395 voluit
854 2334 1202 2396 Concilium
1218 2353 1543 2397 reservare
1559 2338 1676 2398 soli

182 2423 465 2504 episcopm
526 2431 593 2488 et
636 2427 883 2503 merito,
939 2430 1074 2487 tum
1120 2428 1268 2506 quia
1307 2428 1582 2508 alioquin
1612 2431 1674 2490 in

182 2515 278 2576 hac
324 2519 618 2581 electione
671 2538 796 2581 non
853 2520 992 2597 plus
1041 2519 1306 2581 haberet
1346 2521 1673 2602 episcopus

179 2627 338 2687 quam
365 2613 824 2673 examinatoros
859 2632 872 2673 ε
907 2616 1042 2674 tum
1072 2612 1295 2686 etiam,
1343 2614 1488 2692 quia
1530 2633 1674 2677 con-

179 2702 385 2781 tingere
414 2710 650 2783 potest,
695 2709 766 2767 ut
796 2705 1082 2785 quamvis
1128 2723 1242 2783 per
1272 2723 1534 2767 examen
1564 2709 1675 2769 ali-

177 2794 291 2872 quis
316 2797 664 2859 inveniatur
705 2798 949 2859 doctior
992 2797 1163 2874 aliie,
1224 2798 1552 2878 episcopus
1580 2805 1675 2861 ta-

172 2904 294 2947 men
320 2889 560 2950 aliunde
590 2890 749 2951 sciat
778 2891 902 2952 alia
927 2890 1171 2966 merita,
1209 2909 1348 2969 quae
1375 2891 1567 2951 alium
1597 2911 1670 2952 ex

173 2981 493 3058 approbatis
546 2983 823 3044 reddunt
875 2983 1240 3062 simpliciter
1286 2985 1488 3063 magis
1536 2985 1671 3047 ido-

173 3092 331 3134 neum
355 3075 433 3136 ad
457 3076 579 3138 tale
608 3076 1024 3147 beneficium;
1080 3094 1273 3154 quare
1320 3095 1445 3137 non
1486 3096 1670 3156 opor-

172 3166 268 3229 tuit
292 3168 557 3248 obligare
590 3169 958 3248 episcopum
993 3168 1073 3229 ad
1103 3169 1493 3250 sequendum
1505 3171 1673 3251 judi-

170 3260 309 3321 cium
335 3263 827 3326 examinatorum
871 3263 1037 3325 circa
1066 3262 1372 3342 majorem
1401 3248 1671 3343 dig'nita-

171 3355 274 3412 tem
301 3355 585 3434 eligendi.

235 3447 329 3507 His
356 3448 713 3527 suppositis,
748 3466 889 3527 quae
936 3452 1109 3510 certa
1136 3449 1449 3527 videntur,
1501 3450 1666 3511 addo

168 3537 427 3617 ulterius,
475 3559 605 3605 non
645 3540 845 3601 videri
879 3559 917 3600 a
947 3542 1219 3603 Concilio
1249 3542 1513 3621 obligari
1542 3543 1669 3622 epi-

165 3650 396 3712 scopum
425 3635 505 3695 ad
550 3636 965 3714 quaerendum
1004 3635 1314 3713 judicium
1352 3637 1669 3697 examina-

166 3730 342 3786 torum
369 3729 531 3789 circa
550 3729 854 3807 majorem
879 3727 1271 3807 dignitatem,
1296 3747 1498 3809 neque
1521 3747 1669 3790 exa-

165 3818 466 3883 minatores
493 3820 696 3883 teneri
727 3820 808 3881 ad
836 3820 991 3881 illud
1022 3821 1444 3883 exhibendum
1474 3823 1668 3882 refra-

165 3917 320 3987 gante
347 3914 659 3993 episcope.
709 3914 975 3975 Intentio
1019 3914 1186 3974 enim
1237 3914 1495 3976 Concilii
1537 3916 1667 3975 exi-

165 4004 335 4079 gentis
388 4006 847 4068 examinatores
904 4007 1037 4067 sola
1092 4007 1212 4068 fuit
1238 4052 1254 4082 ,
1313 4007 1480 4086 quod
1537 4026 1663 4069 non

165 4102 441 4160 erraretur
466 4100 531 4160 in
562 4119 630 4160 re
659 4100 817 4161 tanti
864 4099 1163 4161 momenti
1208 4099 1498 4177 eligendo
1530 4100 1665 4162 ine-

167 4192 273 4265 ptos
298 4196 358 4253 et
380 4192 706 4271 indignos„
758 4211 884 4254 non
934 4196 1144 4253 tamen
1176 4193 1373 4254 voluit
1418 4193 1665 4255 electio-

167 4299 297 4359 Jem,
329 4290 398 4346 ut
423 4286 716 4362 diximus,
750 4284 1140 4348 committere
1171 4285 1429 4366 arbitrio
1469 4290 1533 4347 et
1564 4288 1664 4365 ju-

167 4372 297 4436 iicio
324 4379 845 4454 examinatorum,
878 4377 988 4439 sed
1018 4378 1211 4439 solius
1252 4378 1524 4458 episcopi
1551 4425 1566 4456 ,
1602 4383 1666 4441 et

167 4470 323 4531 rerba
350 4472 482 4551 ipsa
503 4472 765 4535 Concilii
792 4472 962 4532 clara
989 4475 1155 4547 sunt,
1188 4489 1334 4533 cum
1353 4472 1554 4533 solum
1573 4473 1662 4533 di-

167 4566 237 4623 zat
277 4566 723 4628 renuntiandos
795 4583 931 4626 esse
979 4564 1057 4625 ab
1131 4566 1662 4628 examinatoribus

167 4672 285 4732 [uos
314 4657 572 4720 idoneos
593 4657 1038 4739 judicaverint.
1076 4660 1210 4718 Hoc
1261 4677 1414 4736 ergo
1458 4659 1662 4719 solum

167 4748 451 4830 episcopus
478 4752 560 4813 ab
591 4752 680 4811 eis
708 4769 992 4830 quoerere
1021 4755 1271 4812 tenetur
1305 4770 1380 4811 ex
1407 4750 1468 4811 vi
1498 4754 1661 4812 Con-

167 4841 275 4904 eilii.
303 4845 477 4917 Quod
508 4850 720 4907 autem
748 4862 864 4905 nec
892 4844 1146 4905 aliunde
1176 4847 1488 4921 teneatur,
1522 4863 1662 4923 pro·

167 4935 264 4994 sari
293 4942 532 5015 potest,
583 4938 731 5017 quia
763 4937 1005 4998 secluso
1034 4942 1348 5016 praecepto
1379 4937 1654 5011 Concilii,

167 5027 450 5109 episcopus
474 5077 490 5107 ,
537 5049 651 5110 per
678 5048 745 5091 se
775 5029 1121 5109 loquendo,
1173 5048 1296 5090 non
1329 5029 1662 5091 tenebatur

169 5122 577 5185 examinatores
605 5122 930 5199 adhibere,
987 5122 1136 5202 quia
1177 5141 1322 5183 cum
1368 5123 1501 5201 ipse
1549 5141 1662 5202 per

169 5212 392 5291 eipsum
445 5221 659 5296 posset
713 5215 1103 5291 examinare,
1165 5219 1228 5276 et
1280 5233 1659 5293 cognoscere

170 5306 533 5381 ,ptitudinem
574 5309 988 5388 singulorum,
1037 5313 1101 5369 et
1149 5308 1315 5369 adsit
1358 5308 1654 5384 examini,

170 5415 247 5459 on
276 5406 366 5462 est
395 5420 508 5462 cur
534 5402 765 5463 debeat
809 5388 873 5461 in
920 5403 1040 5462 hoc
1085 5419 1152 5461 se
1194 5402 1510 5463 remittere
1554 5400 1658 5481 ju·

170 5491 282 5553 ,icio
333 5495 621 5573 aliorum,
681 5494 788 5573 qui
845 5494 1107 5555 fortasse
1161 5496 1389 5555 affectu
1442 5493 1653 5573 aliquo

3207 307 3312 366 591

1786 478 1992 537 minus
2021 477 2263 538 sincero
2294 477 2473 538 aliter
2502 475 2902 557 judicabunt.
2938 478 3156 551 Quoad
3185 479 3323 541 ido-

1788 570 2083 631 neitatem
2110 588 2261 630 vero
2295 588 2419 630 non
2466 574 2671 648 potest
2718 589 2843 631 non
2894 571 3074 649 sequi
3104 591 3324 633 eorum

1779 663 2126 742 judicium,
2176 663 2322 740 quia
2362 662 2443 723 ad
2483 662 2601 723 hoc
2643 681 2682 723 a
2725 663 2998 724 Concilio
3029 663 3322 743 astringi-

1787 760 1909 817 tur.

1867 851 2082 924 Porro,
2116 865 2240 912 nec.
2260 847 2430 926 ipsos
2457 848 2920 909 examinatores
2953 848 3217 927 obligari
3237 849 3321 909 ad

1786 940 2231 1002 declarandum
2261 940 2611 1019 digniorem
2633 942 2923 1020 episcopo
2945 942 3160 1018 invito,
3184 961 3323 1021 pro-

1785 1034 1921 1094 bari
1951 1037 2193 1114 potest,
2245 1034 2394 1113 quia
2441 1053 2555 1094 nec
2585 1038 2881 1096 tenentur
2910 1054 2985 1094 ex
3018 1035 3316 1111 Concilio,

1786 1133 1854 1187 ut
1881 1130 2124 1188 constat
2151 1144 2225 1187 ex
2256 1128 2390 1206 ejus
2420 1127 2624 1188 verbis
2647 1173 2663 1204 ,
2698 1145 2900 1206 neque
2933 1128 3120 1190 etiam
3151 1148 3226 1189 ex
3257 1129 3320 1188 vi

1784 1219 1877 1279 sui
1907 1218 2094 1279 officii
2128 1239 2143 1279 :
2180 1219 2322 1298 quia
2355 1219 2473 1297 ipsi
2503 1237 2629 1279 non
2657 1224 2803 1280 sunt
2832 1220 3132 1281 electores
3155 1266 3171 1297 ,
3206 1221 3319 1282 sed

1785 1313 1985 1373 solum
2014 1313 2435 1387 consultore5‚
2487 1317 2549 1374 ct
2583 1311 2865 1391 judiceS,
2897 1313 3180 1392 inquam,
3213 1331 3315 1376 so-

1782 1405 1914 1465 lum
1945 1404 2113 1466 circa
2140 1404 2567 1480 idoneitatem,
2603 1423 2726 1465 non
2756 1404 2924 1466 circa
2955 1425 3313 1479 excessum;

1783 1499 2170 1559 consultores
2198 1516 2347 1558 vero
2377 1502 2446 1559 ut
2473 1499 2715 1577 possint
2738 1498 3045 1560 instruere
3075 1501 3320 1579 episco-

1782 1608 1952 1667 pum,
1979 1590 2028 1650 si
2058 1590 2141 1651 ab
2170 1609 2244 1651 eo
2267 1589 2729 1668 interrogentur
2759 1610 2773 1651 :
2808 1609 2931 1652 uon
2959 1592 3126 1652 enim
3153 1593 3317 1654 circa

1782 1681 1902 1743 hoc
1956 1685 2259 1761 punctum
2316 1683 2701 1744 consultores
2756 1684 3114 1758 necessarii,
3173 1704 3315 1746 cum

1781 1794 1907 1835 non
1936 1780 2223 1836 teneatur
2249 1777 2577 1856 episcopus
2599 1794 2706 1837 eos
2735 1778 3060 1838 consulere
3090 1778 3190 1838 vel
3221 1778 3317 1841 in·

1778 1872 2097 1946 terrogare
2128 1868 2297 1928 circa
2326 1886 2649 1929 excessum
2674 1914 2690 1946 ,
2742 1869 2854 1929 sed
2883 1874 3030 1930 sunt
3063 1871 3312 1931 consul-

1778 1965 1946 2021 tores
1977 1961 2309 2023 voluntarii
2339 2006 2355 2037 ,
2388 1979 2547 2040 quos
2577 1965 2785 2040 potest
2813 1963 3142 2042 episcopus
3170 1982 3317 2024 con-

1777 2054 2003 2129 sulere,
2035 2053 2085 2113 si
2116 2053 2303 2130 velit,
2338 2054 2528 2115 etiam
2556 2054 2724 2115 circa
2755 2073 3099 2116 excessum.
3135 2055 3317 2136 Ejus-

1776 2146 1949 2207 modi
1977 2150 2188 2207 autem
2218 2146 2644 2223 consultores»,
2700 2148 2807 2226 qui
2854 2148 3049 2209 libere
3093 2167 3312 2210 consu-

1775 2241 2009 2315 luntur,
2045 2257 2167 2299 non
2195 2243 2488 2300 tenentur
2515 2239 2853 2300 obtrudere
2895 2259 3076 2302 suum
3111 2242 3317 2302 consi·-

1776 2331 1929 2391 lium
1959 2332 2149 2393 etiam
2178 2332 2390 2393 invitis
2436 2335 2499 2392 et
2541 2351 2665 2392 non
2714 2333 3090 2411 petentibus.
3136 2334 3316 2407 Quod

1776 2425 2137 2486 confirmari
2169 2443 2205 2484 a
2233 2424 2474 2486 fortiori
2504 2429 2710 2503 potest
2746 2444 2822 2486 ex
2861 2425 3147 2488 doctrina
3177 2445 3315 2488 car-

1777 2515 1999 2577 dinalis
2032 2517 2270 2579 Paleoti
2314 2516 2383 2577 de
2433 2536 2603 2577 sacro
2630 2519 2965 2579 consistorio
2995 2525 3158 2598 part.
3204 2522 3307 2582 lv.

1773 2614 1994 2689 quaest.
2030 2628 2073 2671 1.
2109 2610 2409 2685 dicentis,
2445 2610 2796 2671 cardinales
2829 2611 3247 2691 interrogatos
3274 2632 3313 2673 a

1773 2704 2073 2765 Pontifice
2098 2703 2164 2763 in
2192 2702 2560 2764 consistorio
2590 2703 2668 2762 de
2711 2703 3016 2782 dignitate
3044 2704 3310 2784 alicujus

1774 2795 2045 2874 eligendi
2074 2795 2138 2856 in
2168 2795 2532 2875 episcopum
2554 2840 2572 2871 ,
2614 2814 2738 2856 non
2785 2795 3055 2874 obligari
3108 2797 3188 2856 ad
3219 2798 3309 2857 di-

1772 2888 2041 2949 cendum
2070 2906 2203 2949 esse
2236 2887 2427 2948 alium
2455 2887 2805 2965 digniorem
2830 2908 2845 2961 ;
2881 2889 3027 2967 quia
3049 2889 3169 2968 ipsi
3185 2908 3308 2952 non

1770 2986 1917 3042 sunt
1944 2980 2245 3042 electores
2264 3027 2279 3056 ,
2314 2980 2424 3041 sed
2456 2980 2791 3041 consiliarii
2823 2983 3042 3062 Papae,
3095 2987 3160 3044 et
3187 3002 3311 3044 non

1770 3073 1999 3134 debere
2028 3073 2147 3133 nisi
2172 3072 2440 3133 fideliter
2469 3074 2850 3151 respondere
2881 3075 2962 3134 ad
2984 3093 3059 3136 ea
3080 3076 3158 3136 de
3178 3076 3310 3156 qui-

1768 3167 1885 3228 bus
1914 3167 2400 3245 interrogantur.
2436 3167 2641 3239 Quare
2680 3184 2824 3227 cum
2870 3169 3151 3231 Pontifex
3182 3188 3307 3231 non

1770 3261 2133 3338 interroget,
2193 3259 2310 3320 nisi
2356 3278 2437 3319 an
2485 3259 2776 3338 judicent
2817 3260 2996 3321 illum
3043 3262 3308 3340 dignum

1769 3353 2131 3431 episcopatu
2153 3397 2169 3428 ,
2220 3351 2302 3411 ad
2347 3351 2466 3412 hoc
2495 3351 2697 3412 solum
2726 3357 3021 3415 tenentur
3049 3373 3311 3434 respon-

1768 3445 1917 3506 dere
1938 3490 1954 3521 ,
1990 3457 2057 3506 ut
2084 3461 2199 3505 suo
2226 3444 2472 3504 muneri
2502 3445 2905 3507 satisfaciant.
2939 3448 3106 3525 Ergo
3135 3448 3310 3508 simi-

1766 3538 1907 3599 liter
1946 3537 2428 3613 examinatores,
2469 3555 2614 3598 cum
2654 3538 2858 3598 solum
2902 3538 3302 3619 interrogan-

1765 3635 1868 3693 tur
1895 3631 1973 3691 de
2021 3630 2325 3709 dignitate
2373 3631 2875 3692 examinatorum
2898 3677 2914 3708 ,
2966 3632 3050 3693 ad
3099 3632 3161 3692 id
3207 3652 3302 3694 so·

1767 3723 1896 3782 lum
1922 3723 2306 3801 respondere
2334 3722 2569 3785 debent
2595 3727 2663 3784 ut
2692 3741 2806 3783 suo
2840 3724 3088 3784 muneri
3120 3726 3301 3787 satis·

1766 3817 2018 3877 faciant.

1845 3909 2027 3971 Addo
2057 3913 2291 3986 tamen,
2327 3909 2663 3988 aliquando
2694 3910 3059 3989 episcopum
3073 3912 3301 3973 debere

1765 4004 2222 4065 examinatores
2252 4003 2639 4081 interrogare
2669 4004 2748 4064 de
2776 4004 3069 4083 digniori,
3105 4024 3300 4086 quan·

1767 4095 1844 4157 do
1876 4096 2112 4157 scilicet
2137 4097 2466 4176 episcopus
2495 4095 2628 4175 ipse
2658 4097 2914 4158 aliunde
2951 4117 3078 4160 non
3106 4099 3303 4161 habe-

1764 4193 1861 4251 ret
1888 4189 2176 4252 notitiam
2199 4235 2215 4267 ,
2262 4207 2377 4250 nec
2421 4190 2684 4251 modum
2714 4190 3098 4252 informandi
3125 4212 3191 4253 se
3223 4194 3302 4253 de

1764 4283 2057 4363 digniori.
2090 4285 2246 4345 Cum
2278 4282 2445 4344 enim
2473 4284 2803 4367 episcopus
2821 4285 3051 4347 debeat
3070 4285 3301 4365 eligere

1763 4378 1964 4456 magis
2016 4376 2319 4438 idoneum
2375 4394 2452 4437 ex
2506 4378 2904 4457 approbatis,
2966 4379 3158 4441 debet
3214 4380 3305 4440 uti

1763 4470 1987 4530 mediis
2007 4470 2377 4531 necessariis
2408 4470 2489 4530 ad
2520 4470 3020 4549 dignoscendum
3051 4473 3303 4552 dignio-

1762 4582 1896 4625 rem
1930 4584 1944 4625 :
1980 4583 2175 4643 quare
2204 4563 2254 4623 si
2287 4563 2456 4623 aliud
2485 4564 2764 4624 medium
2796 4583 2921 4626 non
2952 4565 3165 4641 habet,
3192 4566 3303 4626 de·

1760 4657 1869 4718 bet
1887 4657 2197 4737 judicium
2227 4657 2724 4717 examinatorum
2753 4658 3104 4737 exquirere,
3135 4659 3302 4721 etita

1760 4752 2120 4830 frequenter
2174 4750 2411 4812 faciunt
2463 4750 2743 4830 episcopi
2789 4752 2992 4828 multi,
3054 4757 3126 4815 ut
3169 4772 3300 4813 suae

1762 4843 2126 4922 obligationi
2184 4843 2407 4904 melius
2474 4843 2882 4905 satisfaciant.
2944 4844 3298 4924 Aliquando

1760 4937 1950 4997 etiam
1976 4936 2094 5014 ipsi
2125 4937 2583 5001 examinatores
2616 4955 2692 4997 ex
2720 4955 2809 5011 se,
2846 4936 2991 4998 licet
3009 4937 3298 5014 explicite

1760 5047 1885 5090 non
1913 5028 2399 5108 interrogentur,
2450 5029 2684 5091 debent
2725 5028 3036 5109 judicium
3085 5029 3162 5089 de
3208 5031 3297 5090 di—

1758 5121 1961 5201 gniori
1994 5122 2305 5201 explicare
2340 5141 2354 5182 ε
2388 5122 2539 5201 quia
2583 5122 2830 5201 quoties
2871 5121 2949 5181 de
2980 5123 3298 5183 contraria

1758 5215 2079 5276 voluntate
2111 5214 2388 5295 episcopi
2429 5231 2549 5277 non
2581 5218 2861 5291 constat,
2912 5233 3295 5294 praesumere

1760 5308 1994 5369 debent
2019 5308 2227 5388 ipsum
2260 5306 2417 5368 velle
2445 5308 2605 5368 scire
2634 5326 2758 5369 non
2789 5309 2994 5370 solum
3023 5309 3295 5387 dignita-

1754 5402 1903 5476 tem,
1936 5401 2049 5461 sed
2077 5399 2268 5462 etiam
2308 5400 2615 5479 majorem
2656 5400 3028 5480 dignitatem
3075 5420 3298 5464 eorum

1754 5492 1861 5572 qui
1908 5493 2246 5554 examinati
2296 5497 2463 5554 sunt.
2512 5494 2718 5565 Quare
2769 5493 3038 5555 dicendo
3090 5496 3294 5556 solum

3448 3918 3525 3977 67

3392 4042 3624 4096 Aliquando

3350 4094 3473 4138 debet
3491 4096 3651 4141 evisco-

3350 4160 3428 4203 pus
3464 4149 3651 4191 interro-

3352 4214 3467 4256 gare,
3490 4209 3534 4244 οι
3569 4202 3652 4257 ipsi

3378 4256 3622 4351 „⁰335”
