4263 6376
104 2847 181 2984 {15}AE
104 2675 180 2825 2:32.

104 4063 160 4106 h-

105 4121 154 4160 aa

104 4183 133 4212 ΙΙ

104 4222 153 4266 liri

105 4277 175 4320 tle-

104 4341 140 4374 Ι.

1186 328 1660 393 DISPUTATIO
1701 330 1919 412 XXVI,
1967 337 2244 406 SEGTIO
2286 346 2388 411 Vl.

233 494 368 574 quia
392 495 571 559 aliter
597 499 868 562 vendere
896 506 1006 564 aut
1033 520 1242 567 emere
1270 525 1396 567 non
1423 510 1629 586 potest
1647 527 1747 571 co-

229 587 384 666 gitur
423 589 844 654 involuntarie
872 595 935 655 in
963 598 1235 674 pretium
1262 600 1566 680 injustum
1596 621 1746 663 con-

228 681 462 745 sentire.

298 778 578 854 Arguunt
605 781 850 857 666116,
884 782 1033 861 quia
1059 782 1156 844 lex
1185 787 1388 865 potuit
1404 788 1741 850 transferre

224 866 551 929 dominium
568 874 631 931 et
643 871 793 931 dare
806 872 909 952 jus
927 876 1007 936 ad
1020 894 1344 940 excessum
1357 881 1555 958 illum,
1580 881 1743 943 sicut

229 960 285 1020 in
311 962 773 1040 praescriptione
803 965 911 1028 dat
931 967 1036 1047 jus
1064 989 1257 1049 supra
1284 992 1420 1034 rem
1440 974 1734 1035 alienam.

230 1054 668 1133 Respondetur‚
728 1057 781 1116 si
826 1060 995 1120 mala
1046 1062 1170 1124 fide
1225 1065 1397 1126 laesio
1440 1067 1571 1145 fiat,
1613 1085 1739 1127 non

226 1163 389 1225 posse
414 1146 551 1225 lege
571 1147 746 1227 justa
771 1149 836 1210 id
866 1155 1223 1235 approbari,
1258 1158 1406 1237 quia
1432 1158 1552 1220 hoc
1578 1163 1742 1222 esset

225 1238 415 1299 fovere
440 1239 608 1301 furta
636 1246 700 1303 et
726 1248 1005 1321 peccata.
1058 1248 1124 1310 Si
1152 1255 1363 1313 autem
1408 1251 1575 1313 bona
1614 1251 1739 1313 fide

224 1331 355 1407 fiat,
384 1331 590 1395 adhuc
636 1336 819 1397 multi
863 1344 1097 1418 negant
1139 1341 1344 1422 legem
1372 1345 1645 1424 potuisse
1675 1344 1736 1405 id

225 1424 554 1501 approbare
575 1472 594 1503 ,
629 1445 774 1489 cum
804 1448 930 1490 non
965 1433 1237 1496 militent
1281 1436 1555 1498 rationes
1596 1455 1736 1517 quae

221 1520 350 1577 sunt
390 1536 501 1595 pro
552 1523 1027 1601 praescriptione
1051 1571 1067 1602 ,
1144 1545 1371 1606 nempe
1414 1529 1738 1608 negligen-

222 1608 299 1669 tia
349 1609 744 1673 dominorum
764 1661 780 1690 ,
858 1620 921 1679 et
991 1637 1067 1678 ne
1139 1624 1440 1681 maneant
1500 1620 1736 1683 incerta

222 1719 411 1761 rerum
439 1703 742 1784 dominia,
775 1727 914 1787 quae
939 1710 1216 1773 rationes
1234 1731 1360 1773 non
1389 1713 1737 1791 procedunt

220 1793 411 1856 inhoc
440 1803 769 1861 contractu
822 1801 886 1863 in
935 1822 1057 1883 quo
1104 1806 1544 1868 contrahentes
1597 1808 1731 1886 ple-

218 1905 461 1967 mmque
490 1890 789 1968 ignorant
820 1894 1060 1973 justum
1104 1898 1413 1976 valorem,
1460 1903 1522 1960 et
1557 1900 1731 1961 brevi

220 1983 474 2059 tempore
521 1983 874 2047 advertitur
913 1988 1085 2050 laesio
1136 2009 1150 2051 ε
1201 1991 1252 2052 si
1301 1990 1465 2051 enim
1517 1992 1728 2053 elaba-

217 2076 307 2133 tur
326 2074 576 2154 longum
605 2080 855 2157 tempus
875 2127 892 2157 ,
938 2081 1073 2163 J‘am
1100 2084 1216 2145 erit
1242 2084 1418 2146 locus
1447 2087 1730 2165 praescri-

219 2164 419 2243 ptioni.
473 2170 758 2249 Denique
803 2172 1109 2254 quidquid
1163 2177 1244 2238 sit
1287 2177 1365 2238 de
1423 2178 1724 2258 possibili,

219 2257 287 2317 de
311 2258 464 2321 facto
492 2261 669 2340 leges
696 2281 822 2324 non
852 2265 1162 2330 dederunt
1185 2270 1308 2331 tale
1330 2268 1457 2349 jus,
1490 2270 1600 2332 sed
1632 2289 1727 2332 so-

219 2351 332 2411 lum
356 2359 668 2432 negarunt
693 2358 1003 2420 actionem
1026 2408 1042 2437 ,
1094 2361 1159 2422 in
1186 2362 1321 2425 foro
1361 2367 1616 2426 externo
1649 2363 1730 2425 ad

218 2443 480 2507 vitandas
506 2448 672 2510 11165.

289 2538 567 2600 Secunda
616 2543 955 2607 difficultas
1002 2549 1133 2620 est,
1186 2565 1263 2607 an
1313 2550 1589 2611 ecclesia}
1631 2551 1729 2612 vel

221 2630 422 2692 minori
443 2633 829 2699 defraudatis
845 2639 1013 2700 circa
1029 2640 1357 2701 dimidium
1379 2643 1533 2721 justi
1548 2643 1731 2721 pretii

217 2720 381 2783 detur
399 2726 750 2789 restitutio?
778 2732 980 2809 Negat
1008 2732 1185 2793 Salas
1214 2732 1364 2794 dub.
1411 2751 1609 2797 xxvn.
1659 2754 1723 2798 n.

220 2817 269 2876 3.
300 2834 432 2877 cum
460 2819 599 2881 aliis
632 2840 790 2901 quos
820 2825 1038 2902 affert,
1090 2825 1304 2887 dicens
1347 2828 1728 2889 contrariam

216 2910 564 2973 sententiam
622 2915 862 2975 nullum
935 2915 1167 2977 habere
1222 2918 1723 2998 fundamentum,

218 3017 342 3062 cum
366 3002 552 3065 etiam
573 3003 721 3087 jure
751 3008 1051 3070 canonico
1090 3009 1262 3089 leges
1301 3011 1422 3072 111ae
1460 3012 1584 3075 sint
1609 3032 1722 3092 ap-

214 3094 497 3174 probatas,
529 3104 603 3161 ut
638 3104 884 3163 constat
910 3121 984 3162 ex
1029 3102 1091 3163 d.
1136 3121 1276 3182 cap.
1327 3102 1475 3166 Cum
1502 3104 1720 3184 dilecti,

217 3190 320 3249 eto.
352 3187 502 3255 Cum
529 3212 730 3256 causa.
764 3196 1159 3258 Contrarium
1188 3200 1398 3259 tamen
1429 3201 1726 3278 supponit

214 3278 343 3341 Mol.
372 3282 432 3344 d.
465 3285 630 3366 disp.
663 3289 802 3350 350.
834 3288 896 3348 in
931 3289 1056 3350 fine
1076 3334 1092 3366 ,
1136 3292 1199 3350 et
1225 3290 1332 3351 alii
1360 3292 1538 3352 multi
1568 3311 1725 3372 quos

216 3374 373 3436 affert
399 3376 562 3439 idem
596 3380 796 3443 SalaS.
844 3383 1114 3444 Possunt
1139 3386 1350 3444 autem
1382 3383 1720 3462 conciliari,

213 3470 273 3527 ut
300 3467 432 3530 licet
470 3470 590 3532 illis
645 3491 769 3533 non
805 3475 1499 3552 competatjremedium
1539 3476 1723 3539 dictae

214 3557 350 3638 legis
386 3566 447 3623 2.
472 3565 539 3625 C.
574 3564 649 3625 de
673 3566 927 3627 rescend.
962 3567 1178 3629 vendit.
1223 3570 1605 3632 concedatur
1632 3574 1722 3632 ta-

213 3669 338 3713 men
356 3657 702 3718 remedium
734 3660 1027 3739 generale
1055 3660 1463 3723 restitutionis
1483 3662 1547 3722 in
1566 3662 1721 3725 inte·

211 3762 390 3825 grum,
423 3750 589 3829 quod
613 3753 914 3831 competit
928 3752 1017 3814 eis
1031 3753 1468 3817 universaliter
1481 3755 1545 3816 in
1570 3775 1719 3838 qua·

211 3836 344 3901 libet
369 3844 604 3904 enormi
635 3844 911 3907 laesione.

189 3977 196 3988 .
278 3933 470 3995 Tertia
499 3935 834 3998 difficultas
868 3956 1004 3999 esse
1035 3942 1276 4018 potest,
1312 3960 1391 4001 an
1420 3942 1603 4004 laesus
1632 3943 1721 4005 ci-

211 4025 294 4082 tra
321 4025 641 4089 dimidium
663 4028 819 4108 justi
848 4031 1031 4110 pretii
1067 4032 1264 4110 possit
1292 4053 1614 4097 recurrere
1635 4037 1718 4098 ad

207 4114 455 4191 judicem
498 4120 1025 4202 ecclesiasticum,
1077 4128 1146 4186 ut
1186 4127 1429 4189 ratione
1476 4131 1719 4208 peccati

212 4211 512 4289 compellat
524 4214 955 4277 adversarium
970 4217 1052 4278 ad
1060 4220 1515 4281 restitutionem
1529 4223 1716 4284 etiam

210 4316 308 4378 per
331 4307 667 4369 censuras?
712 4310 1148 4389 Respondetur
1177 4313 1551 4376 affirmative
1575 4361 1591 4392 ,
1640 4316 1717 4376 si-

212 4399 302 4456 cut
324 4397 382 4457 in
409 4399 542 4461 aliis
574 4403 850 4481 peccatis
877 4404 1247 4465 mortalibus
1277 4411 1497 4468 contra
1532 4406 1716 4487 justi-

207 4485 336 4547 tiam
364 4490 424 4551 id
448 4493 583 4554 fieri
618 4498 857 4573 potest,
910 4499 973 4557 et
1013 4495 1101 4557 ita
1142 4497 1448 4578 fatentur,
1476 4502 1708 4564 Navar.

209 4579 436 4645 Covarr.
469 4587 815 4663 AlmainuS‚
863 4590 1086 4665 SotuS‚
1137 4591 1448 4669 SaloniuS,
1499 4593 1717 4655 Rebel-

206 4670 306 4748 163,
349 4677 555 4755 etalii,
589 4698 745 4760 quos
774 4684 955 4743 affert
984 4685 1048 4745 et
1083 4684 1366 4763 sequitur
1399 4685 1575 4747 Salas
1604 4686 1712 4748 ubi

207 4782 374 4843 supra
398 4789 569 4835 num.
605 4777 666 4836 4.

274 4859 580 4941 Excipitur
606 4866 809 4945 primo
839 4886 878 4930 a
909 4870 1195 4932 doctrina
1224 4872 1475 4949 tradita,
1512 4891 1712 4953 quan-

104 4980 128 5022 ,3
210 4947 279 5010 do
312 4956 623 5019 exceditur
660 4959 931 5037 pretium
981 4963 1121 5041 1636
1164 4969 1447 5026 taxatum
1498 4985 1512 5025 :
1559 4971 1710 5028 tunc

115 5036 154 5075 sit

105 5099 150 5127 ῑ.

104 5151 142 5192 30

104 5205 134 5235 fl·

209 5044 348 5104 enim
380 5049 620 5111 etiamsi
646 5052 817 5113 laesio
870 5073 996 5116 non
1040 5057 1120 5118 sit
1171 5059 1333 5118 ultra
1380 5059 1708 5120 dimidium

209 5138 396 5215 pretii,
427 5142 610 5204 datur
658 5146 819 5207 actio
868 5149 1056 5209 etiam
1105 5150 1167 5210 in
1222 5152 1355 5211 foro
1403 5156 1701 5215 externo:

206 5228 339 5305 tum,
374 5235 514 5311 quia
533 5237 802 5315 pretium
832 5258 869 5298 a
903 5241 1042 5320 lege
1089 5246 1341 5305 taxatur
1386 5264 1498 5323 pro
1535 5250 1708 5307 utro-

206 5337 308 5397 que
336 5323 461 5386 foro
491 5345 506 5392 ε
537 5332 671 5389 tum
702 5333 890 5392 etiam
916 5335 1068 5413 quia
1087 5340 1239 5398 tunc
1253 5355 1378 5398 non
1400 5338 1586 5399 datur
1608 5358 1707 5400 oc-

205 5414 352 5477 casio
376 5417 603 5498 litibus,
646 5441 789 5484 66111
820 5428 1091 5506 pretium
1106 5429 1187 5493 sit
1205 5433 1467 5508 certum,
1503 5434 1566 5494 et
1584 5431 1703 5492 cla-

487 5515 642 5577 Tou.
678 5517 809 5580 Vll.

3259 376 3378 439 289

1846 512 1976 575 rius
2023 527 2437 599 cognoscatur
2485 527 2681 596 laesio.
2730 538 2825 600 Ita
2873 542 3038 605 Petr.
3081 548 3370 616 Ledesm.

1846 608 2065 672 Covar.
2098 614 2320 694 Mexia,
2355 620 2723 691 Emmanuel
2753 634 2815 694 et
2833 633 2958 713 alii,
2985 656 3141 719 quos
3169 645 3370 726 affert,

1845 703 1907 760 et
1933 704 2214 783 sequitur
2241 710 2417 773 Salas
2449 734 2511 778 n.
2542 722 2603 783 5.

1922 794 2244 877 Excipitur
2267 809 2566 889 secundo,
2601 815 2653 874 si
2673 816 2842 883 laesio
2863 821 3025 886 intra
3041 826 3372 895 dimidium

1833 884 1983 965 justi
2013 893 2194 970 pretii
2225 901 2548 981 contingat
2574 908 2718 971 dolo
2748 919 3372 990 contrahentisttunc

1841 980 2007 1041 enim
2064 992 2364 1068 competit
2396 994 2544 1059 laeso
2601 1003 2762 1066 actio
2820 1007 2881 1068 in
2919 1012 3053 1075 foro
3113 1022 3368 1083 externo

1838 1078 2055 1136 contra
2084 1077 2505 1166 deceptorem,
2539 1091 2579 1153 l.
2616 1112 2659 1156 1.
2690 1098 2747 1177 ἓ.
2780 1100 3170 1187 Persuadere,
3204 1114 3267 1175 ff.
3302 1114 3373 1176 de

1835 1183 2000 1228 servo
2027 1184 2303 1255 corrupto
2325 1223 2341 1254 ,
2388 1181 2429 1242 l.
2463 1182 2811 1270 Eleqanter,
2841 1195 2898 1274 ξ.
2933 1197 3166 1282 Siquis
3193 1206 3371 1287 affir-

1835 1263 2102 1341 maverit,
2136 1268 2201 1345 ff,
2233 1268 2303 1331 de
2328 1271 2481 1353 dola,
2514 1278 2555 1338 1.
2587 1279 2880 1365 Julianus,
2903 1291 2959 1369 ἓ.
2992 1291 3365 1378 Sivenditor,

1837 1354 1899 1412 et
1923 1353 1980 1432 ξ.
2015 1355 2163 1420 idem
2190 1360 2465 1428 Julianus
2487 1416 2502 1446 ,
2537 1373 2601 1434 ff.
2637 1375 2715 1436 de
2746 1384 2866 1444 act.
2910 1390 3102 1464 empt.
3136 1389 3178 1452 l.
3216 1391 3362 1472 ideo,

1835 1444 1903 1506 ff.
1936 1447 2144 1528 locati,
2178 1453 2220 1517 l.
2256 1459 2677 1545 universorum,
2711 1470 2779 1532 ff.
2814 1472 2884 1535 de
2909 1495 3106 1541 rerum
3124 1503 3368 1564 permu-

1836 1540 2072 1604 tatione.
2106 1548 2243 1607 Imo
2277 1549 2398 1614 hoc
2429 1573 2579 1619 casu
2608 1560 2844 1628 laedens
2872 1588 2997 1631 non
3027 1573 3219 1638 habet
3246 1579 3366 1640 616-

1833 1631 2125 1715 ctionem,
2165 1640 2272 1701 sed
2303 1640 2510 1726 loesuS,
2542 1655 2612 1714 ut
2636 1657 2736 1716 vel
2754 1664 3111 1729 contractus
3138 1671 3367 1732 rescin-

1833 1722 2040 1804 datur,
2071 1732 2171 1791 vel
2199 1738 2472 1812 pretium
2502 1745 2843 1812 reducatur
2887 1756 2965 1816 ad
2998 1762 3234 1822 statum
3256 1766 3363 1843 ju-

1831 1819 2022 1897 stum,
2057 1826 2127 1884 ut
2154 1843 2297 1887 cum
2346 1831 2481 1893 aliis
2510 1837 2655 1901 Mol.
2702 1842 2862 1924 disp.
2904 1850 3044 1914 352.
3097 1860 3159 1917 et
3186 1858 3364 1919 Salas

1831 1911 1938 1971 ubi
1967 1932 2157 1994 supra
2187 1937 2357 1984 num.
2399 1929 2456 1987 7.
2493 1930 2650 2001 Quid
2681 1941 2892 2000 autem
2932 1951 3227 2023 operetur
3255 1950 3364 2013 do-

1827 2002 1924 2064 lus
1954 2007 2122 2069 circa
2148 2010 2316 2075 116116
2346 2023 2758 2106 66611661661,
2783 2030 3017 2095 dictum
3049 2044 3144 2103 est
3169 2060 3364 2123 supra

1830 2095 1989 2178 disp.
2021 2118 2176 2166 xxu.
2208 2104 2278 2166 de
2305 2115 2690 2179 contractibus
2718 2121 2783 2182 in
2812 2133 3127 2192 communi
3153 2180 3169 2211 ,
3203 2142 3357 2201 sect.

1829 2206 1916 2252 v1.
1952 2211 2159 2274 neque
2188 2207 2435 2278 oportet
2461 2205 2689 2273 iterum
2721 2214 2823 2279 hic
2850 2227 3157 2300 repetere.

1909 2287 2231 2367 Excipitur
2258 2295 2445 2359 etiam
2473 2301 2554 2363 ab
2582 2306 2915 2392 aliquibus,
2940 2321 3192 2396 quando
3224 2325 3363 2404 quis

1828 2376 2032 2440 sciens
2080 2382 2331 2448 laeditur
2383 2392 2547 2454 ultra
2593 2397 2924 2467 dimidium
2957 2408 3112 2489 justi
3151 2417 3357 2495 pretii,

1830 2489 1953 2551 quo
1984 2492 2131 2536 casu
2164 2497 2286 2540 non
2315 2492 2672 2566 competere
2702 2497 2759 2556 ei
2789 2500 3101 2564 actionem
3130 2508 3193 2568 in
3222 2510 3359 2572 foro

1829 2568 2122 2645 externo,
2157 2569 2372 2636 dicunt
2402 2578 2594 2659 aliqui
2636 2590 2803 2665 apud
2835 2593 3011 2656 Salas
3041 2596 3125 2658 ibi
3154 2620 3260 2663 nu.
3294 2607 3354 2666 8.

1829 2657 1975 2718 Haec
2003 2661 2216 2722 tamen
2259 2672 2540 2748 exceptio
2585 2675 3063 2749 fundamentum
3109 2691 3173 2753 in
3216 2694 3361 2775 jure

1827 2767 1953 2809 non
1983 2751 2194 2833 habet,
2228 2776 2370 2819 cum
2400 2761 2569 2844 leges
2595 2778 2969 2849 generaliter
2994 2783 3355 2868 loquantur,

1828 2847 1896 2904 ut
1925 2862 2067 2904 cum
2096 2847 2254 2911 alius
2294 2855 2506 2919 multIs
2546 2865 2772 2941 probat
2814 2870 2939 2936 late
2983 2876 3151 2939 idem
3182 2883 3359 2945 Salas

1825 2934 1962 2998 loco
1992 2940 2201 3008 citato·

3518 854 3599 916 86

3473 979 3593 1033 Qum.
3628 980 3665 1024 st

3455 1033 3692 1078 intercessit

3499 1088 3638 1132 dolus.

2283 3378 2708 3474 ssscrlo
2788 3393 2931 3488 vn.

1818 3666 2058 3752 Aliquis
2083 3693 2268 3757 casus,
2301 3683 2507 3762 quibus
2537 3687 2693 3754 licite
2709 3708 2907 3776 potest
2941 3704 3114 3767 vendi
3151 3717 3208 3770 et
3242 3712 3358 3775 emi

2063 3799 2245 3862 supra
2274 3789 2367 3849 vel
2387 3790 2549 3873 infra
2569 3801 2825 3878 pretium
2835 3805 3091 3885 justum.

1895 4042 2104 4125 Aliqui
2131 4050 2547 4134 multiplicant
2573 4080 2753 4127 casus
2781 4075 3012 4146 praeter
3037 4076 3345 4145 intentum

1815 4137 2196 4220 quaestionis,
2229 4163 2289 4205 v.
2323 4165 2384 4226 g.
2421 4152 2661 4216 ratione
2689 4162 2885 4239 copiae
2916 4175 3268 4250 emptorum
3286 4183 3349 4241 et

1815 4233 1878 4289 et
1903 4233 2330 4312 pecuniarum,
2366 4246 2428 4304 et
2449 4243 2742 4323 [penuriae
2767 4253 3108 4342 1166161616,
3157 4287 3344 4349 quem

3514 4111 3591 4174 87

3393 4235 3523 4281 caus
3566 4235 3690 4293 aium

3393 4291 3692 4345 nonperuneu-

1815 4337 2029 4383 casum
2057 4327 2236 4403 ponit
2261 4332 2377 4392 sub
2408 4334 2526 4399 hoc
2570 4340 2751 4407 titulo
2793 4349 3040 4416 Lessius
3069 4358 3219 4424 dub.
3253 4382 3340 4428 1v.
3412 4345 3546 4387 ‘⁶¹⁰¹
3567 4345 3673 4387 '³⁸⁰⁶

3520 4396 3549 4439 6
3676 4430 3689 4443 .

1813 4431 1876 4474 11.
1910 4417 2008 4478 30.
2046 4418 2172 4480 Sed
2199 4422 2532 4507 immerito,
2558 4434 2705 4513 quia
2726 4437 2860 4517 jam
2885 4449 3036 4509 tunc
3057 4469 3181 4514 non
3201 4475 3348 4519 ven·
3407 4407 3518 4453 w
3551 4410 3672 4442 m

1813 4505 1979 4567 ditur
2006 4528 2108 4572 ras
2136 4512 2331 4591 pluris
2362 4538 2550 4600 quam
2579 4529 2805 4610 valeat,
2840 4555 2982 4601 cum
3009 4542 3073 4604 in
3091 4544 3212 4609 illis
3232 4551 3346 4612 cir-

1812 4604 2198 4667 cumstantiis
2227 4610 2405 4672 valor
2431 4623 2794 4687 accreverit.
2831 4629 3005 4696 Sicut
3024 4638 3211 4701 etiam
3226 4646 3346 4706 mi-

1810 4708 1928 4752 nus
1955 4694 2122 4758 valet
2148 4699 2524 4769 adveniente
2567 4718 2874 4781 mercium
2920 4729 3098 4806 copia
3128 4737 3191 4796 et
3234 4754 3344 4817 pe·

1810 4784 1992 4846 nuria
2028 4796 2381 4868 emptorum
2438 4818 2512 4861 66
2566 4811 2868 4892 pecuniae,
2928 4837 3115 4899 quem
3153 4828 3343 4891 etiam

1811 4894 2026 4938 casum
2055 4881 2222 4944 idem
2241 4889 2490 4953 Lessius
2520 4910 2850 4967 enumerat
2876 4927 3048 4979 num.
3081 4920 3178 4981 36.
3213 4922 3341 4984 Ν66

1808 4971 1997 5032 6116111
2024 4977 2295 5054 pertinet
2323 4984 2403 5043 ad
2452 4994 2839 5068 propositum
2881 5020 3060 5067 casus
3083 5055 3098 5085 ,
3151 5032 3336 5090 quem

1808 5066 1988 5127 affert
2015 5087 2187 5132 num.
2221 5076 2319 5137 37.
2354 5083 2605 5155 quando
2633 5092 3006 5156 contrahens
3025 5105 3341 5171 condonat

1806 5157 2119 5222 defectum
2150 5167 2247 5226 vel
2277 5187 2598 5234 excessum
2627 5183 2829 5257 pretii.
2857 5189 3030 5251 Tunc
3058 5197 3223 5258 enim
3238 5219 3339 5262 res

1806 5268 1929 5310 non
1960 5254 2189 5317 emitur
2214 5264 2464 5341 proprie
2506 5268 2700 5345 pluris
2727 5294 2917 5354 quam
2946 5285 3187 5367 valeat,
3221 5296 3333 5356 sed

1802 5345 2002 5423 pretio
2023 5346 2194 5426 justo
2219 5397 2235 5429 ,
2269 5359 2331 5415 et
2358 5375 2645 5424 excessus
2672 5364 2958 5449 donatur,
2992 5380 3090 5440 vel
3121 5401 3154 5443 e
3184 5404 3334 5450 con-

1802 5439 1899 5499 tra
1927 5458 2071 5517 pars
2094 5444 2188 5506 rei
2214 5449 2506 5514 venditur
2531 5474 2643 5534 pro
2670 5463 2870 5539 pretio
2892 5465 3078 5551 justa,
3113 5480 3173 5540 et
3187 5499 3331 5559 pars

2938 5567 3012 5627 19
