4263 6376
92 3790 243 4057 ³5:22?

92 5327 138 5385 15

1225 332 1694 394 DISPUTATIO
1739 331 2009 407 xxvlfl,
2058 330 2332 391 SECTIO
2377 330 2451 389 11.

287 506 444 569 multo
470 523 590 583 pro
618 504 739 565 illis
767 506 1012 567 lucrum
1042 506 1203 586 exigi
1229 552 1244 581 ,
1293 524 1486 586 quam
1531 524 1644 585 pro
1676 524 1786 584 pe-

287 599 433 661 cunia
447 597 701 677 majori,
716 598 894 677 cujus
909 600 1387 661 commoditates
1401 598 1786 678 frequentius

286 690 709 765 desiderantur,
769 695 827 752 et
872 690 1015 751 ideo
1062 692 1446 770 frequentius
1494 708 1675 771 posse
1722 691 1784 749 in

288 787 642 845 contractum
673 784 904 844 afferri.

348 874 428 936 Ad
457 876 719 935 tertium
739 875 1044 938 Valentiae
1075 880 1519 954 argumentum
1540 877 1788 937 desum-

288 974 428 1047 ptum
445 986 521 1026 ex
551 985 627 1027 eo
671 968 841 1046 quod
882 986 996 1046 pro
1038 968 1266 1029 minori
1303 973 1557 1029 moneta
1583 972 1787 1048 pote-st

289 1060 463 1120 haberi
494 1060 776 1121 triticum
799 1060 967 1120 idem
992 1062 1159 1141 quod
1183 1080 1295 1140 pro
1316 1061 1563 1140 majori,
1597 1066 1784 1140 atque

288 1153 399 1213 ideo
423 1152 736 1232 :equalem
787 1172 921 1214 esse
965 1153 1197 1214 debere
1242 1154 1565 1233 utriusque
1623 1154 1784 1213 valo-

288 1263 410 1319 rem,
439 1263 587 1305 cum
619 1250 881 1324 uterque
909 1246 991 1307 sit
1015 1246 1272 1325 aequalis
1303 1246 1406 1306 uni
1436 1246 1658 1307 tertio:
1689 1264 1788 1306 re-

285 1338 612 1417 spondetur,
646 1337 954 1417 imprimis
981 1338 1204 1398 salsum
1235 1356 1370 1398 esse
1401 1338 1781 1411 universum,

288 1430 422 1509 quod
463 1449 593 1490 non
623 1430 822 1507 possit
864 1448 978 1508 pro
1024 1435 1277 1491 moneta
1313 1430 1537 1508 majori
1570 1428 1787 1489 haberi

286 1541 526 1601 unquam
559 1523 701 1601 plus
745 1523 933 1583 tritici
963 1540 1152 1602 quam
1186 1541 1298 1601 pro
1336 1523 1585 1583 minori.
1632 1524 1787 1584 Cum

284 1617 418 1675 enim
441 1619 696 1692 emptor
722 1616 918 1693 possit
944 1617 1108 1675 nolle
1138 1615 1288 1676 dare
1319 1620 1638 1677 monetam
1659 1632 1787 1675 ma-

280 1707 447 1786 jorem
476 1726 594 1784 pro
624 1708 836 1767 valore
866 1708 1070 1768 solum
1098 1708 1329 1786 legali,
1362 1709 1477 1769 sed
1505 1726 1789 1769 commu-

285 1804 391 1860 tare
416 1818 528 1877 pro
562 1799 844 1877 pluribus
874 1800 1139 1861 monetis
1167 1800 1548 1876 minoribus,
1596 1817 1789 1880 quam

285 1892 394 1969 lege
418 1895 727 1952 statutum
755 1892 874 1965 sit;
908 1898 1368 1973 consequenter
1395 1894 1626 1972 poterit
1649 1898 1789 1953 tan-

284 1991 390 2045 tum
416 1984 601 2045 tritici
634 1985 792 2045 velle
838 2003 951 2063 pro
997 1990 1253 2047 moneta
1282 1985 1539 2065 majori,
1590 2005 1791 2064 quan-

283 2081 391 2138 tum
414 2076 636 2137 haberi
664 2082 877 2156 posset
910 2097 1023 2156 pro
1051 2079 1335 2157 pluribus
1375 2078 1495 2140 illis
1522 2078 1789 2140 monetis

283 2169 625 2242 minoribus,
661 2171 1112 2233 interveniente
1142 2171 1444 2249 implicita
1473 2177 1790 2250 permuta-

284 2263 422 2323 tione
448 2266 723 2324 monetae
769 2263 1028 2342 majoris
1077 2283 1189 2342 pro
1219 2263 1500 2342 pluribus
1526 2264 1645 2324 illis
1673 2264 1790 2324 mi-

283 2355 533 2430 noribuS,
572 2362 639 2416 ut
666 2360 883 2434 postea
903 2357 1205 2417 (1100111115.
1241 2357 1586 2417 Deinde-ad
1606 2376 1789 2435 argu-

283 2454 536 2508 mentum
567 2448 835 2509 dicimus
855 2494 870 2525 ,
903 2456 1220 2512 monetam
1249 2449 1553 2529 majorem
1585 2450 1789 2528 dupli-

282 2558 396 2600 cem
442 2540 726 2601 valorem
785 2542 1049 2616 habere3
1108 2543 1375 2605 alterum
1429 2542 1492 2602 in
1546 2543 1787 2604 ratione

282 2633 516 2712 praecisa
559 2641 857 2710 monetae,
902 2635 1168 2698 alterum
1214 2635 1678 2697 consideratum
1721 2640 1790 2697 ut

281 2745 553 2787 mercem.
591 2727 652 2788 Si
686 2746 836 2805 ergo
866 2728 1306 2790 consideratur
1331 2728 1533 2789 solum
1562 2733 1631 2790 ut
1658 2746 1789 2789 mo-

282 2824 424 2896 neta,
458 2820 717 2899 aequalis
747 2820 870 2882 erit
898 2821 1128 2881 valoris
1157 2840 1300 2882 cum
1331 2821 1548 2881 decem
1579 2839 1790 2882 mone-

281 2911 373 2986 tis,
406 2932 466 2971 v.
498 2931 559 2989 g.
606 2912 1006 2973 inferioribus
1039 2933 1054 2973 :
1101 2914 1153 2973 si
1193 2918 1402 2975 tamen
1438 2914 1793 2975 considere-

281 3009 366 3065 tur
395 3006 666 3066 secundo
696 3005 905 3081 modo,
940 3006 1134 3067 habet
1174 3006 1483 3085 aequalem
1512 3006 1792 3067 valorem

280 3115 404 3156 cum
432 3098 761 3159 duodecfm
791 3099 891 3159 vel
920 3098 1222 3159 tredecim
1250 3098 1518 3160 monetis
1544 3099 1792 3160 inferio-

279 3190 430 3250 ribus
463 3210 477 3251 :
509 3208 703 3271 quare
732 3191 784 3250 si
811 3190 931 3251 hoc
957 3191 1144 3251 modo
1177 3191 1628 3270 consideretur,
1664 3211 1789 3254 non

279 3287 364 3343 est
387 3283 642 3362 aequalis
676 3286 771 3344 10.
804 3283 1072 3345 1110110115
1096 3284 1519 3361 inferioribuS,
1555 3303 1668 3346 nec
1689 3285 1793 3346 tri-

279 3376 426 3451 tico,
477 3375 646 3455 quod
689 3395 802 3455 pro
834 3376 952 3436 illis
981 3375 1198 3437 haberi
1229 3381 1481 3456 posset,
1546 3381 1609 3438 et
1647 3377 1789 3439 ideo

280 3487 381 3527 nec
399 3473 487 3528 est
501 3468 826 3547 aequalitas
846 3486 990 3529 eum
1007 3471 1355 3546 1180101110,
1379 3488 1581 3550 neque
1603 3470 1791 3531 etiam

281 3560 423 3620 inter
449 3580 532 3622 se.
569 3561 730 3621 Hinc

349 3654 541 3714 Infero
569 3653 777 3733 primo
804 3653 1043 3715 licitum
1085 3673 1121 3714 a
1164 3655 1405 3717 fortiori
1439 3674 1572 3717 esse
1602 3674 1792 3735 pecu·

283 3745 434 3805 niam
485 3765 595 3826 pro
653 3747 921 3824 pecunia
980 3765 1123 3807 cum
1177 3747 1350 3809 lucro
1406 3754 1786 3827 permutare,

281 3839 510 3916 quando
566 3839 837 3917 pecunia
884 3839 988 3899 illa
1034 3859 1175 3919 quae
1222 3840 1284 3899 in
1334 3841 1790 3919 permutatione

282 3931 582 4011 accipitur,
617 3951 740 3993 non
775 3932 966 3993 habet
993 3933 1269 3993 valorem
1300 3934 1565 4012 legalem
1596 3935 1654 3993 in
1688 3934 1789 3995 illo

280 4023 425 4100 loco,
455 4026 592 4086 11001
625 4025 858 4087 habeat
885 4026 1163 4086 valorem
1193 4026 1255 4085 in
1284 4026 1421 4087 loco
1453 4026 1573 4088 alio
1603 4028 1793 4089 etiam

280 4117 502 4189 vicino;
552 4124 704 4180 tunc
734 4117 901 4178 enim
944 4119 1157 4179 licebit
1203 4138 1342 4180 eam
1400 4137 1511 4199 pro
1565 4119 1789 4181 minori

281 4210 472 4270 valore
498 4211 783 4290 accipere
815 4230 1003 4290 quam
1034 4211 1264 4272 habeat
1293 4212 1355 4271 in
1384 4213 1520 4273 loco
1553 4212 1660 4273 ubi
1689 4232 1791 4274 cu-

281 4300 464 4379 ditur,
512 4309 573 4364 et
618 4303 1144 4364 118110118110110111
1175 4310 1443 4365 moneta}
1477 4325 1492 4365 :
1542 4311 1610 4367 ut
1648 4323 1791 4367 cum

281 4393 406 4455 aliis
429 4397 698 4457 fatentur
725 4396 956 4458 Melina
987 4397 1147 4476 disp.
1182 4401 1317 4459 399.
1353 4397 1415 4457 in
1447 4399 1553 4459 fin.
1588 4402 1652 4460 et
1679 4400 1793 4459 Sa-

281 4486 366 4546 las
392 4487 526 4548 dub.
561 4505 658 4549 111.
711 4507 885 4550 num.
918 4492 977 4550 6.
1032 4489 1189 4562 Quia
1219 4508 1364 4551 cum
1409 4491 1495 4552 ibi
1524 4491 1793 4570 pecunia

281 4578 382 4640 illa
404 4581 667 4641 valorem
697 4581 966 4660 legalem
1009 4600 1129 4642 non
1163 4582 1420 4658 habeat,
1465 4584 1794 4645 attenden-

281 4671 390 4732 dus
421 4679 509 4736 est
554 4674 723 4735 solus
763 4674 939 4734 valor
969 4675 1270 4737 naturalis
1307 4696 1319 4736 ε
1363 4675 1553 4736 debet
1580 4680 1790 4736 tamen

279 4764 500 4828 lucrum
535 4786 672 4828 esse
714 4767 1110 4828 moderatum
1142 4768 1324 4845 juxta
1359 4767 1791 4830 difficultatem

281 4860 721 4938 transportandi
753 4879 860 4921 eas
892 4860 1187 4938 pecunias
1216 4860 1278 4920 in
1310 4860 1517 4922 locum
1549 4861 1653 4922 ubi
1687 4881 1794 4922 va-

281 4950 461 5011 lorem
487 4953 754 5032 legalem
782 4953 1020 5014 habent
1051 4973 1063 5015 ε
1099 4971 1239 5033 quae
1270 4952 1606 5014 difficultas
1634 4954 1792 5015 adeo

282 5042 487 5121 exigua
513 5064 644 5107 esse
673 5050 920 5125 posset,
957 5051 1026 5109 ut
1054 5046 1374 5107 modicum
1405 5047 1649 5107 lucrum
1679 5065 1792 5125 pro

283 5153 354 5195 ea
382 5144 570 5214 posset
594 5138 821 5218 accipi,
856 5145 923 5200 ut
951 5139 1233 5217 praedicti
1265 5144 1554 5200 auctores
1576 5140 1794 5200 adver-

288 5231 434 5289 tunt.

366 5322 545 5385 lnl‘ero
574 5323 853 5385 secundo
877 5369 892 5399 ,
929 5323 1079 5403 quid
1109 5323 1454 5383 dicendum·
1493 5324 1572 5387 sit
1613 5325 1676 5385 in
1719 5343 1795 5387 ea

285 5416 622 5492 quaestione,
658 5437 740 5477 an
769 5417 832 5475 in
861 5417 1078 5476 ordine
1101 5416 1287 5478 etiam
1317 5417 1396 5477 ad
1418 5417 1787 5496 emptiones,

285 5513 349 5565 et
374 5507 704 5571 debitorum
736 5509 1077 5570 solutiones
1107 5510 1303 5588 possit
1352 5511 1614 5589 pecunia
1645 5530 1791 5590 pro-

3294 325 3410 388 393

1884 509 2024 584 pter
2050 506 2357 584 majorem
2384 506 2721 586 puritatem
2741 551 2756 581 ,
2806 504 2905 564 vel
2948 503 3100 564 alias
3129 518 3406 563 commo·
3457 519 3623 563 uuum
3656 534 3755 565 me-

1886 598 2112 660 ditates
2139 598 2335 677 pluris
2364 598 2659 660 aestimari
2680 644 2696 673 ‚
2745 614 2934 677 quam
2963 596 3045 656 sit
3071 594 3206 674 ejus
3234 594 3412 654 valor

1881 690 2022 767 lege
2050 693 2318 753 taxatus,
2380 694 2445 752 In
2492 710 2618 770 qua
2665 690 3010 770 quaestione
3038 689 3250 768 plures
3279 688 3405 747 DD.

1884 783 2224 844 sententias
2253 786 2442 845 refert
2471 783 2646 845 Salas
2675 783 2825 843 dub.
2860 798 2947 842 lv.
2994 787 3056 840 et
3083 780 3215 859 ipse
3252 797 3314 839 11.
3347 780 3406 838 3.

1883 880 2089 954 putat,
2117 895 2185 935 se
2215 876 2404 935 aliam
2434 876 2748 936 diversam
2778 874 2991 953 sequi,
3036 872 3148 933 sed
3192 887 3413 931 revera

1884 985 2101 1028 omnes
2128 968 2297 1027 idem
2328 969 2564 1045 dicunt,
2599 974 2663 1030 et
2690 966 3043 1028 differentia
3070 966 3198 1025 tere
3229 981 3414 1042 supe-

1884 1061 2035 1121 rerit
2063 1061 2142 1120 (10
2169 1061 2358 1122 modo
2388 1061 2711 1141 loquendi.

1968 1153 2170 1214 Prima
2226 1153 2536 1215 sententia
2588 1154 2858 1215 refertur
2911 1152 3125 1212 dicens
3157 1197 3171 1225 ,
3245 1150 3412 1230 quod

1884 1246 2073 1307 etiam
2103 1246 2183 1305 ad
2213 1246 2562 1324 emptiones
2604 1251 2666 1307 et
2694 1245 3047 1306 debitorum
3077 1242 3414 1304 solutiones

1883 1338 2146 1418 pecunia
2178 1339 2398 1399 melior
2429 1339 2623 1417 pluris
2651 1337 2948 1399 aestimari
2990 1335 3189 1415 possit
3224 1352 3416 1415 quam

1884 1430 2163 1492 inferior.
2199 1450 2309 1509 pro
2340 1450 2465 1510 qua
2493 1433 2675 1492 affert
2700 1434 2869 1492 Cano
2900 1435 2962 1491 et
2980 1428 3225 1490 Medina
3247 1426 3415 1507 apud

1888 1524 2064 1586 Salas
2104 1523 2212 1584 ibi.

1967 1615 2259 1678 Secunda
2287 1615 2596 1676 sententia
2640 1615 2703 1675 id
2729 1615 3020 1676 concedit
3043 1614 3108 1674 in
3137 1630 3417 1674 commu-

1885 1708 2225 1771 tationibus
2250 1753 2265 1783 ,
2315 1707 2377 1766 in
2409 1708 2636 1787 quibus
2675 1708 2914 1768 nullum
2942 1707 3225 1768 debitum
3256 1723 3419 1784 prae-

1886 1801 2080 1876 cedit,
2131 1803 2202 1860 ut
2226 1818 2371 1860 cum
2425 1799 2630 1860 denuo
2673 1801 2899 1861 emitur
2937 1818 3135 1880 equus
3164 1802 3415 1860 centum

1887 1893 2159 1953 nummis
2187 1893 2424 1968 aureis,
2461 1897 2650 1970 negat
2678 1910 2824 1953 vero
2854 1891 3105 1972 quando
3135 1890 3418 1950 debitum

1885 1986 2237 2066 proecedit:
2288 2003 2348 2046 v,
2382 2004 2445 2062 g.
2498 1986 2547 2045 si
2596 1985 2872 2046 debebas
2918 1985 3085 2044 mille
3127 2000 3417 2044 nummos

1887 2083 2258 2157 argenteOS,
2310 2082 2373 2138 et
2417 2079 2605 2139 solvis
2649 2078 2712 2138 in
2755 2096 2906 2137 auro
2932 2123 2948 2154 ,
3009 2094 3133 2137 non
3184 2075 3419 2156 poteris

1887 2176 2252 2249 computare
2283 2189 2542 2246 aureos,
2579 2171 2697 2231 nisi
2727 2170 2908 2250 juxta
2935 2169 3212 2231 valorem
3241 2169 3419 2246 lega·

1885 2266 2009 2326 lem
2042 2283 2229 2344 quem
2251 2263 2505 2340 habent,
2542 2282 2654 2342 pro
2677 2283 2804 2343 qua
2832 2266 3177 2324 afferuntur
3194 2260 3413 2322 Ledes.

1888 2364 1952 2419 et
1977 2359 2222 2418 Bannes
2252 2356 2404 2417 ibid.
2454 2360 2593 2437 Ipse
2621 2362 2833 2418 autem
2864 2356 3041 2418 Salas
3069 2373 3242 2416 num.
3278 2371 3321 2415 1.
3354 2354 3418 2413 in

1887 2452 1994 2511 fin.
2028 2454 2092 2511 et
2118 2468 2288 2513 num.
2315 2452 2372 2511 3.
2405 2450 2574 2526 dicit,
2608 2468 2744 2510 rem
2770 2453 3046 2510 taxatam
3076 2467 3189 2527 per
3214 2448 3419 2526 legem

1888 2542 2218 2603 duodecim
2250 2542 2594 2620 argenteis,
2649 2542 2746 2602 vel
2776 2540 2954 2621 cujus
2981 2540 3250 2620 pretium
3276 2539 3416 2599 vul-

1887 2654 2036 2714 gare
2066 2634 2189 2696 sint
2218 2634 2551 2695 duodecim
2583 2635 2888 2713 argentei,
2923 2651 3048 2694 non
3078 2650 3262 2712 posse
3294 2630 3418 2691 emi

1889 2746 2079 2789 aureo
2109 2726 2288 2806 cujus
2318 2727 2588 2806 pretium
2620 2726 2818 2805 legale
2848 2726 2973 2787 sint
3000 2724 3293 2786 undecim
3324 2743 3419 2784 ar-

1887 2820 2096 2900 gentei
2117 2867 2131 2895 ,
2169 2819 2287 2879 nisi
2317 2821 2478 2879 facta
2509 2819 2680 2897 prius
2711 2819 3174 2898 permutatione
3203 2836 3422 2878 mone-

1887 2920 1969 2976 110
1997 2916 2311 2991 argentea:
2359 2931 2472 2990 pro
2522 2930 2743 2988 aurea,
2802 2913 2900 2973 vel
2947 2911 3162 2973 addita
3206 2910 3423 2971 condi-

1888 3007 2058 3069 tione
2079 3053 2093 3082 ,
2141 3005 2307 3085 quod
2338 3006 2449 3067 ssat
2474 3005 2616 3066 talis
2644 3004 3019 3084 permutatio
3050 3022 3192 3064 cum
3220 3003 3417 3080 lucro,

1892 3104 2078 3177 atque
2107 3097 2249 3158 ideo
2282 3115 2404 3157 non
2428 3116 2610 3177 posse
2632 3098 2772 3177 plus
2792 3098 2991 3176 accipi
3019 3116 3132 3176 pro
3158 3096 3424 3177 pecunia

1889 3191 2121 3271 puriori
2155 3192 2252 3251 vel
2282 3192 2728 3268 commodiori,
2759 3210 2948 3271 quam
2976 3191 3056 3253 sit
3082 3192 3221 3270 lege
3248 3196 3424 3252 taxa-

1889 3291 2045 3360 tum,
2082 3285 2142 3344 in
2176 3285 2395 3345 ordine
2422 3284 2504 3345 ad
2534 3284 2655 3345 8118
2682 3330 2697 3359 ,
2741 3284 2852 3344 sed
2881 3283 3083 3344 solum
3114 3285 3177 3344 in
3207 3283 3425 3344 ordine

1890 3378 1970 3438 ad
2001 3377 2269 3438 cambia.
2317 3379 2517 3439 Affert
2555 3382 2765 3438 autem
2804 3396 2917 3456 pro
2957 3377 3075 3438 hac
3116 3376 3426 3438 sententia

1890 3470 2084 3549 Cajet.
2118 3471 2434 3546 Lessium,
2472 3470 2719 3531 silvest.
2754 3472 3016 3531 Navarr.
3052 3471 3183 3532 Sot.
3216 3469 3418 3531 Tolet.

1891 3568 1953 3625 et
1980 3563 2159 3624 alios.

1971 3655 2105 3716 Dixi
2138 3659 2370 3731 tamen,
2405 3654 2517 3714 has
2547 3670 2764 3716 omnes
2783 3656 3122 3717 sententias
3138 3656 3268 3715 fere
3301 3672 3421 3715 non

1890 3767 2072 3828 posse
2096 3748 2212 3808 nisi
2229 3748 2289 3806 in
2307 3748 2495 3808 modo
2512 3747 2808 3827 loquendi
2828 3748 3177 3809 dissentire.
3195 3750 3423 3808 Omnes

1892 3841 2056 3902 enim
2078 3840 2373 3915 fatentur,
2408 3859 2590 3918 posse
2617 3840 2806 3901 etiam
2836 3841 2895 3901 in
2919 3841 3233 3919 emptione
3260 3841 3421 3900 110110

1893 3938 2238 4011 emptorem
2291 3933 2533 3993 solvere
2583 3933 2644 3992 in
2677 3952 2829 3993 auro
2852 3981 2868 4010 ‚
2919 3933 2971 3993 si
3002 3934 3082 3994 ad
3109 3933 3170 3992 id
3203 3951 3326 3993 non
3356 3951 3422 3992 se

1893 4025 2231 4104 obligavit,
2268 4030 2457 4104 atque
2487 4025 2645 4086 adeo
2676 4025 2729 4084 si
2755 4024 2817 4084 in
2847 4026 3114 4104 gratiam
3144 4025 3424 4086 vendito-

1890 4120 1976 4180 ris
2003 4119 2065 4178 in
2096 4136 2248 4178 auro
2288 4119 2529 4192 solvat,
2583 4136 2763 4196 posse
2818 4119 2990 4197 prius
3037 4125 3423 4180 commutare

1893 4230 2182 4272 nummos
2210 4229 2434 4271 aureos
2464 4230 2608 4272 cum
2637 4213 2950 4290 argenteis
2970 4231 3112 4274 cum
3131 4214 3327 4288 lucro,
3363 4219 3425 4276 et

1890 4306 1977 4367 ita
2007 4305 2336 4383 pauciores
2365 4322 2592 4365 aureos
2621 4305 2773 4365 dare
2797 4355 2811 4381 ‚
2861 4324 3050 4384 quam
3099 4306 3291 4366 dandi
3331 4325 3427 4367 es-

1891 4402 2029 4459 sent
2050 4396 2229 4477 juxta
2260 4397 2537 4457 valorem
2566 4398 2858 4476 legalem.
2896 4401 3130 4460 Rursus
3149 4399 3425 4460 secundo

1890 4509 2110 4552 omnes
2145 4489 2533 4565 concedunt,
2581 4490 2746 4568 quod
2787 4490 2837 4551 si
2882 4491 3130 4553 debitor
3156 4491 3428 4553 debebat

1890 4583 2131 4644 solvere
2161 4582 2328 4642 mille
2358 4588 2692 4660 argenteos
2724 4583 2783 4642 in
2813 4602 2968 4645 auro
2993 4631 3008 4660 ,
3060 4603 3185 4646 non
3232 4584 3430 4664 possit

1891 4695 2117 4753 cogere
2157 4675 2533 4737 creditorem
2582 4675 2660 4734 811
2710 4678 3129 4755 acceptandos
3174 4696 3421 4753 aureos,

1893 4768 2010 4828 nisi
2031 4768 2214 4848 juxta
2245 4785 2463 4827 eorum
2494 4768 2772 4827 valorem
2803 4769 3070 4847 legalem
3090 4816 3105 4845 ,
3140 4771 3427 4848 quamvis

1893 4862 1954 4922 in
1985 4860 2231 4922 cambio
2281 4860 2474 4938 pluris
2520 4860 2910 4922 aes-timetur:
2968 4861 3049 4920 ad
3098 4861 3215 4921 hoe
3260 4864 3424 4922 enim

1894 4954 2286 5032 potissimum
2314 4953 2386 5014 fit
2401 4953 2659 5028 taxatio,
2695 4957 2759 5014 et
2775 4952 3187 5033 valorlegalis
3217 4956 3279 5013 in
3300 4974 3427 5015 mo-

1893 5052 2072 5120 neta,
2126 5051 2196 5107 ut
2222 5045 2496 5106 creditor
2542 5064 2666 5106 non
2715 5050 3005 5106 teneatur
3046 5065 3157 5124 pro
3201 5048 3426 5126 majori

1893 5139 2105 5199 valore
2159 5138 2327 5198 illam
2360 5143 2712 5216 acceptare.
2764 5138 2969 5198 Tertio
3001 5157 3217 5199 omnes
3249 5140 3425 5203 facile

1893 5232 2261 5307 concedent,
2296 5250 2417 5290 non
2454 5250 2634 5310 posse
2666 5231 2804 5308 plus
2834 5232 3242 5311 accipisupra
3262 5235 3425 5295 valo-

1892 5343 2025 5384 rem
2052 5325 2342 5402 legalem,
2377 5324 2428 5383 si
2457 5325 2726 5403 pecnnia
2755 5324 2858 5385 illa
2889 5326 3111 5386 melior
3139 5328 3428 5387 conside*

1892 5424 2065 5478 retur
2092 5418 2295 5477 solum
2327 5421 2394 5476 ut
2421 5417 2721 5494 pec-unia,
2776 5422 2837 5478 et
2882 5418 3222 5477 secundum
3256 5420 3426 5479 valo-

1895 5529 2027 5571 rem
2057 5511 2256 5571 solum
2300 5528 2487 5589 quem
2534 5509 2726 5569 habet
2772 5509 3115 5572 formaliter
3143 5517 3212 5572 ut
3241 5531 3422 5591 pecu—

3484 574 3565 617 1101·
3590 586 3641 617 an
3677 574 3719 617 in

3459 628 3736 743 ...ᾜέἒζᾷᾓ

3476 734 3733 848 „tam

3459 840 3754 935 *balad*

3593 3665 3667 3723 16

3472 3789 3749 3852 Conciliantur

3498 3849 3686 3885 auctores
3699 3856 3741 3885 111

3486 3897 3564 3939 hoc
3584 3901 3751 3952 puncto.
