4263 6376
1238 346 1706 408 DISPUTATIO
1751 348 2023 422 XXVIII,
2071 347 2345 409 SECTIO
2388 348 2517 409 vn.

762 440 792 467 0

300 515 433 576 alias
460 516 760 594 pecunias
787 517 870 578 ibi
915 523 1058 580 actu
1100 521 1197 580 vel
1225 520 1575 584 virtualiter
1617 521 1814 583 habe-

301 613 379 668 ret
406 627 421 680 ;
454 626 579 687 que
601 627 753 670 casu
798 611 1038 672 nullum
1069 616 1162 674 est
1217 614 1698 676 fundamentum
1729 614 1809 674 ad

303 718 499 759 verum
527 705 595 762 et
619 702 786 762 reale
815 704 1064 764 cabium
1095 706 1563 768 celebrandum.

369 794 430 853 ln
458 791 580 853 hec
623 813 775 872 erge
809 815 956 857 casu
1011 817 1135 858 nen
1192 799 1584 860 admittimus
1645 819 1811 861 cam-

303 884 454 944 bium
481 903 788 957 recursae;
820 889 1064 950 admitti
1095 894 1305 951 tamen
1346 896 1555 971 petest
1582 892 1645 952 in
1675 893 1812 953 aliis

304 979 714 1055 suprapositis„
748 980 893 1041 licet
916 987 1171 1061 prepter
1216 985 1564 1061 periculum
1610 985 1814 1047 mutui

304 1073 358 1130 et
400 1089 607 1131 usurae
638 1072 936 1150 palliatae,
972 1080 1035 1135 et
1071 1076 1430 1137 intentionis
1459 1077 1611 1137 nihil
1641 1077 1810 1138 aliud

301 1162 569 1237 faciendi,
623 1165 745 1224 nisi
772 1165 1095 1244 obligandi
1124 1169 1545 1246 campsarium
1577 1171 1657 1230 ad
1688 1171 1812 1231 sel-

302 1254 552 1314 vendum
583 1256 647 1315 in
689 1258 911 1318 eedem
967 1259 1102 1320 lece
1158 1279 1301 1321 eum
1339 1262 1535 1338 lucre,
1584 1262 1809 1325 merite

301 1346 596 1425 prohiberi
627 1355 838 1426 posset
866 1351 1183 1411 cambium
1240 1353 1414 1429 illud,
1466 1360 1529 1415 et
1583 1373 1808 1417 censu-

300 1437 532 1498 lendum
589 1441 670 1500 sit
722 1443 1177 1520 campseribuS‚
1212 1449 1282 1506 ut
1341 1445 1419 1506 ab
1462 1446 1566 1506 illo
1613 1449 1811 1511 absti-

305 1536 488 1605 neant,
521 1536 593 1592 ut
636 1540 899 1595 monent
927 1536 1136 1614 plures
1165 1555 1241 1597 ex
1298 1537 1656 1600 doctoribus
1703 1542 1807 1620 qui

303 1622 432 1682 illud
459 1641 587 1684 nen
618 1624 942 1699 damnant,
976 1628 1222 1688 Lessius
1269 1648 1442 1691 num.
1473 1635 1572 1692 71.
1609 1632 1813 1693 Filliu-

304 1714 414 1776 eius
441 1734 545 1777 nu.
578 1719 719 1778 438.
754 1723 818 1779 et
843 1719 970 1796 alii,
1005 1720 1436 1782 damnandum
1451 1728 1660 1785 tamen
1683 1744 1810 1785 nen

304 1809 713 1886 csse,quande
742 1829 867 1871 nen
907 1812 1071 1888 ficte,
1106 1814 1214 1873 sed
1247 1833 1391 1874 vere
1449 1820 1512 1876 et
1561 1817 1814 1879 realiter

302 1899 438 1960 fiunt
473 1900 595 1962 illae
626 1919 847 1963 omnes
874 1905 1398 1982 transmissiones»,
1445 1907 1805 1983 solutioneS,

302 1994 764 2071 acceptationeS,
798 2000 862 2056 et
900 2001 1257 2059 contractus
1310 2017 1501 2078 supra
1554 2019 1812 2062 enume-

303 2084 422 2145 rati.

370 2177 635 2239 Probent
661 2179 889 2258 prime,
923 2200 996 2241 ex
1024 2182 1208 2243 Brevi
1240 2182 1331 2244 Pii
1360 2185 1433 2246 V.
1469 2203 1581 2263 pre
1611 2186 1812 2247 Bene-

304 2269 695 2348 niensibus,in
721 2291 848 2351 que
876 2273 986 2335 dat
1014 2273 1131 2333 illis
1152 2275 1510 2338 facultatem
1532 2278 1810 2357 erigendi

304 2361 488 2422 forum
515 2363 766 2440 cambii,
818 2369 881 2427 et
932 2367 1283 2445 approbare
1335 2369 1586 2431 videtur
1642 2368 1813 2438 cam-

303 2452 459 2514 bium
494 2472 786 2534 recursae‚
819 2456 971 2518 dum
1010 2458 1194 2520 dicit:
1238 2460 1397 2521 «Che
1427 2462 1571 2539 ogni
1603 2482 1810 2541 perse-

304 2564 371 2606 ua
397 2564 581 2625 pessa
609 2547 724 2608 dar
738 2549 961 2611 denari
988 2569 1026 2612 a
1055 2552 1324 2627 cambio,
1358 2572 1392 2614 e
1421 2554 1552 2614 fare
1600 2556 1717 2616 che
1748 2556 1805 2617 lc

302 2639 502 2701 lettere
530 2640 702 2701 siano
732 2643 1075 2721 recapitate
1133 2662 1321 2723 sopra
1349 2645 1550 2706 d'esse
1581 2647 1807 2723 datori,

305 2731 463 2792 ecesi
494 2733 712 2794 tenerli
742 2752 815 2794 su
846 2735 1097 2813 cambii,
1130 2736 1335 2798 finche
1365 2755 1632 2800 saranne
1660 2741 1813 2800 rim-

303 2822 516 2884 bersati
547 2824 628 2885 da
657 2826 759 2887 chi
788 2827 1025 2888 havera
1051 2847 1234 2908 prese
1286 2830 1304 2889 i
1362 2830 1655 2893 denari.»
1693 2835 1814 2894 Cu-

298 2915 384 2996 jus
412 2917 614 2980 brevis
629 2921 699 2980 fit
725 2921 961 2982 mentio
991 2923 1157 3002 apud
1188 2925 1559 3002 Navarrum,
1611 2930 1673 2987 et
1703 2927 1806 3001 Sa,

304 3028 444 3088 quos
473 3012 662 3073 refert
690 3013 1008 3074 Filliueius
1038 3034 1099 3075 n.
1153 3016 1293 3077 432.
1355 3020 1418 3077 et
1470 3017 1810 3080 Comitelus

304 3104 455 3164 dicta
486 3124 590 3183 qu.
624 3122 729 3166 xv.
765 3125 827 3166 n.
868 3109 961 3168 10.
996 3109 1261 3169 testatur
1313 3127 1379 3169 se
1433 3110 1810 3188 impressum

303 3196 442 3257 illud
469 3198 695 3259 vidisse
724 3200 1026 3276 VenetiiS,
1075 3205 1137 3262 et
1189 3202 1562 3282 impressum
1620 3205 1810 3265 etiam

305 3294 569 3351 servatur
594 3291 659 3350 in
690 3296 903 3354 nestro
934 3293 1196 3373 collegio
1245 3313 1443 3356 sacrae
1494 3297 1818 3374 poeniten-

304 3381 480 3443 tiariae
534 3385 856 3461 Remanae‚
904 3390 973 3446 ut
1027 3390 1290 3448 testatur
1343 3387 1511 3447 idem
1566 3388 1807 3450 Filliuc.

305 3474 396 3536 ibi.
443 3479 568 3536 Nec
598 3478 968 3557 responderi
1021 3484 1227 3558 petest
1281 3498 1425 3540 cum
1480 3481 1806 3557 Gemitele,

301 3566 438 3627 illud
463 3568 650 3629 fuisse
681 3569 1078 3649 privilegium
1108 3572 1255 3632 selis
1309 3573 1812 3634 Bononiensibus

304 3678 669 3721 cencessum.
705 3664 884 3738 Nam,
937 3668 1007 3723 ut
1058 3662 1219 3724 bene
1276 3664 1482 3744 arguit
1537 3667 1713 3727 Salas
1744 3666 1806 3727 d.

305 3751 434 3814 dub.
466 3771 620 3815 xvu.
657 3774 761 3816 nu.
794 3755 1244 3817 6.sicambium
1274 3776 1544 3819 recursae
1567 3763 1662 3822 est
1677 3778 1816 3821 usu·

305 3846 536 3919 rarinm,
564 3866 691 3908 nen
721 3850 924 3927 potuit
969 3850 1254 3910 Pontifex
1308 3851 1653 3912 concedere
1682 3853 1809 3932 pri·

307 3938 576 4018 vilegium
624 3941 1122 4004 Bononiensibus
1178 3944 1509 4004 exercendi
1564 3964 1806 4007 usuras.

306 4030 461 4103 Quod
516 4052 735 4094 rursus
785 4035 1162 4096 confirmant
1242 4054 1314 4096 ex
1389 4036 1811 4099 declaratione

307 4126 789 4205 congregationis
844 4127 961 4187 sub
1019 4129 1202 4206 Greg.
1238 4129 1398 4190 xm.
1445 4146 1588 4189 cum
1643 4130 1812 4190 enim

305 4217 801 4298 Archiepiscepus
868 4221 1350 4282 Panormitanus
1395 4222 1811 4284 consuluisset

309 4308 670 4387 Pontificem,
719 4329 800 4370 an
843 4312 1154 4373 cambium
1213 4330 1482 4375 recursae
1538 4315 1816 4395 prohibi-

303 4404 421 4461 tum
445 4403 661 4466 fuisset
699 4405 878 4465 Bulla
937 4406 1027 4466 Pii
1057 4408 1130 4467 V.
1164 4407 1243 4467 de
1295 4406 1559 4468 cambiis
1609 4408 1809 4469 relata

306 4495 454 4572 apud
504 4499 854 4557 Navarrum
905 4497 967 4557 in
1020 4498 1285 4559 manuali
1325 4517 1464 4578 cap.
1509 4516 1664 4561 xvn.
1698 4518 1804 4562 nu.

304 4587 425 4648 300.
453 4588 514 4648 in
541 4608 668 4669 qua
696 4589 894 4650 multa
923 4590 1170 4652 cambia
1215 4592 1624 4654 declarantur
1673 4611 1810 4654 esse

306 4678 470 4758 sicca,
498 4700 872 4761 responsum
911 4683 1028 4744 fuit
1055 4701 1220 4745 anne
1254 4688 1410 4747 1574
1461 4686 1615 4765 (nen
1644 4703 1813 4745 anne

309 4773 463 4834 1584.
517 4779 587 4836 ut
640 4793 754 4854 per
792 4794 1070 4836 errorem
1119 4778 1332 4838 retulit
1381 4777 1722 4856 Filliueius)
1775 4782 1821 4837 a'

307 4866 802 4947 Congregatiene,
835 4869 897 4927 in
953 4869 1088 4930 haec
1131 4871 1346 4932 verba.
1390 4891 1418 4927 «
1447 4872 1807 4949 Congrege-

305 4959 382 5020 tie
419 4962 476 5021 S.
508 4963 578 5021 D.
639 4964 713 5023 N.
773 4963 1036 5039 censuit,
1096 4962 1458 5043 hujusmodi
1495 4963 1810 5023 cambium

305 5052 503 5114 litteris
529 5053 618 5114 Pii
677 5057 752 5117 V.
800 5055 996 5116 felicis
1044 5056 1499 5118 recordationis
1553 5056 1811 5116 minime

309 5146 752 5226 comprehendi.
773 5170 800 5204 υ
833 5148 936 5209 Sic
964 5148 1155 5210 refert
1176 5149 1465 5210 Salonius
1492 5152 1692 5227 quaest
1721 5165 1806 5209 lv.

309 5235 371 5295 de
395 5238 634 5316 cambiis,
668 5244 787 5301 art.
823 5257 892 5301 11.
926 5245 1311 5302 controvers,
1349 5245 1445 5304 Η.
1480 5240 1587 5301 ubi
1631 5243 1814 5303 affert

309 5329 612 5407 epistelam
666 5333 1094 5394 cardinalium
1149 5331 1666 5413 congregationis
1729 5332 1812 5395 ad

311 5424 577 5485 eumdem
645 5425 1204 5505 Archiepiscepum
1268 5426 1521 5487 missam
1546 5471 1562 5504 ‚
1633 5425 1811 5505 cujus

310 5516 741 5599 transumptum
761 5537 828 5579 se
857 5518 1087 5579 vidisse
1117 5523 1400 5582 testatur.

1993 521 2284 584 Secunde
2321 521 2590 601 probant
2614 520 2985 597 rationibus,
3044 537 3201 599 quas
3247 536 3441 597 supra

1910 613 2349 691 indicavimus,
2382 619 2444 676 et
2471 632 2689 676 omnes
2729 613 3114 674 reducuntur
3131 610 3213 672 ad
3243 610 3441 689 expli-

1913 707 2184 768 candum
2215 707 2530 787 quomedo
2560 707 2626 766 in
2652 706 2774 767 hoc
2802 704 3048 766 cambio
3092 703 3439 766 observen-

1911 803 2013 860 tur
2034 818 2249 860 emnes
2278 798 2665 860 conditiones
2704 797 2782 858 ad
2842 814 3059 856 verum
3115 795 3437 856 cambium

1912 892 2228 971 requisitae
2297 911 2309 951 ε
2391 891 2562 970 qued
2618 889 2913 969 explicari
2980 889 3168 950 etiam
3233 892 3440 966 petest

1913 984 2207 1062 exemplo
2237 984 2638 1060 venditioniS,
2673 1001 2798 1063 qua
2827 985 3139 1042 mercator
3170 980 3439 1060 requisi-

1911 1080 2012 1138 tus
2037 1076 2115 1137 de
2143 1082 2361 1139 mutue
2384 1077 2592 1137 dando
2620 1075 2978 1153 respondet,
3013 1092 3079 1134 se
3109 1091 3232 1133 nen
3257 1091 3438 1152 pesse

1909 1173 2199 1229 mutuum
2229 1169 2418 1241 dare;
2478 1186 2684 1229 emam
2712 1173 2946 1237 tamen,
2992 1166 3217 1245 inquit,
3275 1183 3314 1226 a
3348 1168 3432 1241 te,

1911 1262 1961 1321 si
1992 1262 2143 1341 quid
2174 1262 2367 1322 habes
2406 1260 2819 1333 vencendum,
2875 1263 2936 1319 et
2973 1258 3173 1338 pretio
3204 1257 3439 1335 peteris

1910 1355 2204 1434 praesenti
2231 1353 2581 1415 necessitati
2604 1353 2878 1415 obviare.
2913 1353 3069 1412 Cum
3099 1354 3309 1411 autem
3332 1350 3435 1410 ille

1908 1447 2067 1508 alius
2113 1447 2267 1507 nihil
2331 1447 2732 1507 vendendum
2815 1444 3066 1519 habeat,
3114 1443 3297 1504 effert
3352 1442 3438 1503 illi

1909 1544 2244 1600 mercator.
2277 1540 2407 1617 Ege
2437 1538 2551 1599 tibi
2599 1537 2869 1598 vendam
2903 1536 3140 1597 credite
3196 1552 3438 1597 merces

1909 1649 2106 1705 meaS,
2168 1649 2324 1708 quas
2380 1628 2611 1708 peteris
2657 1634 2724 1690 tu
2755 1632 2995 1707 postea,
3045 1626 3095 1688 si
3138 1626 3433 1702 volueris,

1909 1723 2086 1799 mihi,
2121 1723 2220 1782 vel
2248 1722 2386 1782 aliis
2412 1722 2707 1801 praesenti
2738 1720 3004 1799 pecunia
3042 1719 3335 1794 vendere,
3377 1723 3441 1779 et

1911 1815 1996 1876 ita
2018 1815 2315 1893 pecunias
2344 1814 2624 1874 habebis.
2663 1814 2795 1887 Quo
2842 1812 3068 1892 posite,
3101 1810 3206 1891 qui
3249 1829 3435 1891 pecu-

1911 1907 2016 1967 nia
2056 1907 2317 1985 indiget,
2378 1906 2531 1968 emit
2583 1907 2661 1967 ab
2723 1906 2857 1983 ipse
2916 1922 3157 1965 merces
3200 1902 3436 1965 credite

1910 1999 2110 2079 pretio
2153 2000 2323 2078 juste
2370 2017 2641 2074 summe,
2678 2002 2739 2059 et
2781 2002 2999 2076 postea
3046 1999 3271 2075 sponte
3317 2014 3436 2057 nec

1911 2092 1991 2152 ad
2026 2091 2145 2152 hoc
2176 2110 2213 2151 a
2241 2096 2590 2152 mercatore
2628 2091 2937 2169 obligatus
2967 2091 3150 2151 effert
3171 2088 3426 2150 easdem

1910 2203 2153 2246 merces
2181 2183 2384 2244 eidem
2412 2183 2723 2245 venditori
2752 2182 2952 2261 pretio
2975 2182 3150 2261 juste
3173 2181 3388 2242 infime
3419 2200 3434 2241 ε

1912 2278 2018 2358 qui
2047 2281 2428 2352 contractus,
2478 2277 2528 2337 si
2568 2295 2710 2337 vere
2740 2279 2803 2337 et
2842 2275 3084 2336 sincere
3124 2275 3255 2351 fiat,
3313 2292 3440 2335 nen

1910 2369 2284 2448 reprobatur
2339 2369 2401 2428 in
2437 2369 2571 2429 fere
2612 2367 3032 2443 conscientiae,
3067 2371 3137 2428 ut
3166 2365 3437 2426 vidimus

1908 2466 2167 2540 agentes
2196 2460 2272 2520 de
2303 2461 2615 2538 emptione
2646 2463 2708 2519 et
2728 2457 3439 2532 venditione,licetmer-

1910 2559 2084 2615 cater
2110 2552 2267 2614 sciat
2295 2556 2639 2629 emptorem
2668 2550 2879 2612 statim
2921 2550 3120 2628 pretio
3148 2549 3350 2610 viliori
3382 2548 3438 2610 ei

1910 2645 2311 2706 venditurum
2342 2644 2593 2704 easdem
2622 2661 2885 2706 merces,
2945 2642 3175 2704 Similis
3228 2646 3439 2703 autem

1910 2738 2158 2799 videtur
2186 2736 2286 2797 hic
2306 2736 2531 2797 cambii
2564 2739 2942 2811 contractuS,
2976 2753 3099 2815 que
3151 2752 3442 2813 campser

1910 2831 2026 2891 scit
2052 2829 2473 2908 campsarium
2503 2829 2706 2889 nullas
2752 2828 3113 2888 habiturum
3141 2826 3439 2905 pecunias

1911 2923 2242 2985 Placentia».
2279 2922 2359 2983 ad
2389 2922 2781 2995 solvendum,
2817 2940 2996 2999 pesse
3039 2924 3251 2980 tamen
3303 2919 3440 2986 illas

1909 3016 1995 3077 ibi
2022 3015 2278 3092 habere,
2309 3015 2673 3093 accipiendo
2704 3033 2810 3074 eas
2841 3013 2920 3073 ad
2980 3031 3212 3073 nevum
3269 3030 3434 3073 cam-

1911 3109 2084 3169 bium
2122 3109 2202 3168 ab
2231 3108 2453 3168 eedem
2521 3126 2871 3186 campsere,
2905 3111 2968 3167 et
3024 3107 3111 3167 ita
3163 3105 3242 3166 de
3272 3104 3437 3168 facto

1910 3203 2190 3264 futurum
2220 3220 2388 3262 esse:
2424 3202 2654 3280 peterit
2681 3201 2914 3280 quippe
2969 3200 3194 3262 efferre
3221 3198 3309 3259 illi
3335 3217 3439 3277 pe·

1911 3296 2128 3357 eunias
2158 3294 2488 3356 Placentiae
2537 3294 2617 3354 ad
2675 3312 2906 3355 nevum
2936 3293 3252 3354 cambium
3284 3292 3442 3353 dan-

1912 3388 2046 3465 das,
2082 3388 2307 3467 quibus
2337 3387 2609 3467 primum
2665 3387 2983 3448 cambium
3024 3385 3246 3463 solvat,
3300 3402 3439 3464 quae

1911 3481 2192 3559 pecuniae
2230 3480 2494 3540 diversae
2545 3479 2670 3541 sint
2708 3479 2786 3539 ab
2819 3478 2913 3554 iis,
2944 3498 3100 3558 quas
3145 3478 3207 3538 in
3236 3477 3437 3557 prime

1912 3572 2157 3635 cambio
2188 3571 2242 3632 ei
2274 3570 2467 3647 dedit,
2502 3570 2663 3632 sicut
2696 3570 2751 3633 si
2792 3571 2981 3631 velles
3011 3590 3046 3630 a
3076 3588 3177 3630 me
3226 3588 3436 3631 emere

1910 3669 2135 3741 vesteS,
2170 3669 2231 3725 et
2257 3681 2502 3724 careres
2529 3663 2816 3742 pecunia,
2848 3679 3095 3740 possem
3124 3662 3441 3741 tibipecu-

1909 3758 2081 3819 niam
2111 3760 2328 3817 mutue
2360 3758 2582 3816 efferre
2611 3772 2737 3835 qua
2790 3772 2965 3816 meas
2993 3757 3196 3815 vestes
3240 3773 3435 3830 emas,

1912 3869 2051 3930 quae
2069 3849 2345 3910 venditio
2378 3866 2500 3908 nen
2532 3847 2840 3922 eritficta,
2876 3847 2982 3908 sed
3012 3865 3162 3907 vera
3191 3850 3254 3907 et
3304 3866 3439 3907 rea-

1909 3943 2006 4019 lis,
2039 3961 2181 4003 cum
2213 3960 2335 4001 nen
2366 3958 2538 4000 emas
2567 3943 2772 4001 vestes
2818 3939 3085 4019 pecunia
3130 3957 3292 4015 mea,
3327 3939 3439 4000 sed

1909 4040 2020 4097 tua
2048 4053 2237 4114 quam
2266 4037 2548 4093 mutuam
2580 4050 2616 4091 a
2644 4050 2745 4092 me
2776 4032 3029 4110 accipiS.
3065 4031 3167 4092 Sic
3198 4031 3259 4091 in
3290 4049 3440 4093 casu

1911 4135 2122 4190 nostre
2152 4125 2464 4187 cambium
2493 4125 2764 4204 primum
2795 4129 3031 4185 nonest
3058 4124 3295 4202 fictum,
3330 4124 3437 4185 sed

1911 4238 2154 4295 verum,
2213 4237 2357 4280 cum
2418 4219 2696 4280 solvatur
2737 4217 3101 4295 Placentioe,
3156 4236 3281 4279 nen
3336 4236 3441 4298 pe-

1909 4314 2092 4375 cunia
2122 4312 2465 4392 campseris
2490 4313 2601 4373 sed
2632 4311 2986 4389 campsarii,
3021 4310 3128 4390 qui
3167 4329 3308 4371 eam
3348 4310 3439 4372 ibi

1909 4427 2022 4488 per
2039 4406 2388 4467 secundum
2418 4405 2733 4466 cambium
2762 4403 2995 4483 accipit
3023 4421 3059 4463 a
3089 4422 3437 4484 campsere,

1911 4504 1974 4561 et
2018 4499 2167 4561 facit
2195 4517 2394 4575 suam,
2430 4503 2493 4559 et
2536 4501 2755 4577 postea
2804 4496 3077 4577 pecunia
3122 4497 3259 4576 jam
3326 4516 3443 4558 sua

1910 4592 2095 4654 solvit
2123 4592 2396 4670 primum
2415 4590 2753 4666 cambium,
2788 4595 2851 4651 et
2878 4593 3169 4652 remanet
3196 4589 3444 4651 debitor

1908 4685 2100 4747 solius
2130 4684 2412 4762 pecuniae
2452 4702 2566 4763 per
2605 4682 2950 4743 secundum
2996 4682 3310 4743 cambium
3338 4700 3445 4744 ac-

1910 4782 2130 4858 ceptae.

1991 4873 2169 4931 Nunc
2214 4872 2452 4930 restant
2497 4868 2796 4930 solvenda
2843 4867 3074 4946 aliqua,
3109 4887 3248 4948 quae
3294 4869 3442 4931 huic

1911 4962 2261 5025 contractui
2299 4967 2721 5040 opponuntur,
2774 4960 3073 5041 quaesere
3103 4979 3177 5020 ex
3215 4980 3431 5041 supra-

1913 5056 2096 5116 dictis
2125 5055 2329 5115 seluta
2357 5060 2520 5115 sunt.

1991 5148 2198 5208 Primo
2232 5147 2400 5206 enim
2427 5146 2751 5226 objiciunt,
2784 5150 2985 5207 tetum
3016 5146 3136 5207 hec
3165 5146 3298 5207 fieri
3330 5164 3441 5225 pe·-

1911 5240 2098 5302 cunia
2148 5239 2336 5300 solius
2391 5239 2755 5318 campseriS,
2804 5257 2944 5319 quae
2992 5239 3179 5300 datur
3224 5242 3438 5301 Remae

1911 5334 1990 5395 ad
2023 5331 2362 5407 cambium,
2396 5336 2459 5392 et
2486 5351 2608 5411 qua
2637 5332 2804 5392 idem
2833 5332 3150 5392 cambium
3180 5332 3442 5393 solvitur

1914 5424 2268 5486 Placentiae.
2301 5424 2398 5485 Ad
2441 5425 2562 5485 hec
2591 5428 2798 5485 tamen
2822 5423 2957 5503 jam
2988 5423 3279 5501 vidimuS,
3314 5443 3440 5485 nen

1912 5518 2044 5581 lieri
2101 5520 2318 5598 postea
2374 5517 2746 5579 solutionem
2794 5518 3127 5580 Placentiae
3175 5518 3440 5597 pecunia

3326 345 3447 405 425*

3587 5164 3663 5222 90

3528 5288 3751 5331 Solvuntur

3516 5347 3752 5396 emiment-
3761 5371 3771 5383 .
