4263 6376
1137 350 1608 413 msPU'rA'rlo
1651 350 1895 426 XXXII,
1944 349 2220 412 SBGTIO
2262 349 2336 411 11.

189 529 321 587 sect.
349 528 405 586 4.
457 527 518 585 5.
567 527 626 585 et
662 527 723 586 6.
774 524 883 585 ubi
924 542 1065 604 quae
1106 525 1210 586 hic
1247 525 1689 587 desiderantur

190 618 334 679 circa
384 616 807 693 praelationem
865 622 928 678 et
970 618 1255 679 ordinem
1306 618 1689 680 creditorum

190 710 337 771 dicta
362 708 555 768 videri
583 713 867 788 possunt.

260 801 517 879 Pignori,
571 805 635 869 et
685 801 1060 881 hypothecae
1124 803 1350 884 subjici
1403 807 1685 884 possunt,

190 913 311 974 qnae
336 897 589 973 possunt
614 895 823 972 vendi,
848 900 911 958 et
930 915 1070 975 quae
1129 902 1276 957 sunt
1310 897 1373 957 in
1420 916 1528 977 spe
1574 897 1691 958 sub

190 1007 252 1047 ea
277 986 617 1048 conditione
647 988 1054 1067 oppignorari
1082 995 1363 1068 possunt.
1398 994 1520 1052 Res
1553 1009 1693 1051 cor-

189 1080 429 1160 porales,
461 1083 523 1140 et
576 1080 1023 1159 incorporaleS,
1066 1082 1277 1158 qualia
1331 1087 1478 1144 sunt
1522 1082 1688 1162 jura,

189 1179 356 1252 atque
386 1171 523 1232 ideo
554 1173 804 1251 pignus»,
844 1174 1013 1254 quod
1043 1176 1208 1254 apud
1248 1179 1308 1236 te
1357 1175 1552 1235 habes
1590 1175 1694 1235 de-

189 1264 381 1326 bitoris
430 1264 543 1341 tui,
596 1266 1001 1344 oppignorari
1049 1286 1086 1327 a
1142 1271 1202 1328 te
1245 1286 1461 1329 rursus
1491 1271 1698 1345 potest

190 1357 377 1419 alteri:
408 1361 514 1419 tuo
544 1362 755 1420 autem
786 1359 1068 1421 debitore
1083 1360 1197 1421 tibi
1225 1362 1524 1432 solvente,
1559 1378 1698 1421 ces-

189 1455 271 1512 sat
292 1451 555 1512 secundo
614 1452 1074 1532 oppignoratiO,
1125 1454 1271 1533 quia
1321 1472 1444 1515 non
1500 1453 1695 1513 habes

191 1545 426 1623 amplius
459 1545 565 1623 jus
609 1545 672 1605 in
707 1564 775 1605 re
823 1545 948 1622 illa,
996 1546 1163 1626 quod
1206 1548 1409 1625 possis
1445 1546 1692 1626 pignori

192 1638 339 1698 dare.
370 1638 633 1699 Nomina
661 1638 849 1700 etiam
880 1639 1256 1715 debitorum,
1282 1659 1388 1700 seu
1422 1658 1562 1720 quae
1583 1639 1697 1700 tibi

192 1730 489 1805 debentur,
520 1732 758 1809 poteris
789 1731 1228 1810 oppignorare,
1282 1737 1345 1793 et
1383 1738 1532 1794 tunc
1573 1733 1697 1812 pri-

192 1842 310 1882 mus
327 1822 566 1884 debitor
596 1825 869 1886 monitus
899 1843 934 1883 a
954 1825 1228 1886 secundo
1246 1825 1554 1886 creditore
1571 1844 1695 1886 non

194 1919 372 1994 potest
394 1915 636 1976 solvere
698 1918 901 1997 primo
949 1918 1263 1994 creditori,
1303 1937 1449 1978 nam
1480 1936 1695 1979 secun-

195 2008 292 2068 dus
317 2007 497 2071 habet
518 2008 649 2089 jus,
675 2014 744 2071 ut
772 2010 1054 2071 debitore
1101 2010 1374 2072 secundo
1409 2028 1534 2071 non
1580 2011 1698 2072 sol-

195 2106 370 2177 vente,
402 2102 614 2181 exigat
643 2103 925 2165 debitum
968 2121 1004 2163 a
1040 2104 1242 2182 primo
1286 2104 1590 2180 debitore,
1628 2108 1699 2165 ut

194 2194 293 2254 sibi
317 2199 696 2275 compenset,
731 2200 793 2257 et
821 2196 991 2276 quod
1021 2200 1306 2275 superest
1329 2197 1558 2258 reddat
1585 2214 1696 2257 suo

194 2287 451 2350 debitori.
487 2290 894 2351 Ususfructus
925 2291 1113 2350 etiam
1143 2292 1391 2370 pignori
1428 2290 1564 2350 dari
1593 2308 1699 2369 po-

195 2386 313 2456 test,
343 2384 403 2443 et
427 2381 865 2460 hypothecari,
893 2389 1080 2464 atque
1110 2385 1300 2445 etiam
1332 2383 1699 2463 emphyteu-

194 2472 280 2548 sis,
309 2492 426 2535 non
452 2478 668 2534 tamen
700 2476 958 2537 feudum
986 2477 1119 2537 sine
1150 2494 1456 2537 consensu
1495 2476 1698 2537 domi-

194 2565 243 2624 ni
269 2566 497 2643 directi,
532 2586 677 2647 cap.
711 2571 757 2629 1.
793 2569 857 2630 in
898 2571 1098 2650 princ,
1149 2569 1219 2630 de
1243 2568 1482 2650 prohib.
1525 2569 1696 2632 alien.

194 2677 289 2736 per
314 2660 677 2721 Federicum
701 2662 924 2742 juncta
963 2663 1177 2724 Glossa
1203 2662 1293 2723 ibi
1325 2662 1498 2724 verb.
1547 2681 1703 2722 com·—

193 2752 458 2813 merdam.
497 2754 863 2816 Jurisdictio
902 2755 1089 2817 etiarn
1118 2755 1480 2834 temporalis
1522 2755 1701 2834 oppi-

194 2845 419 2922 gnorari
449 2847 545 2907 vel
579 2847 989 2926 hypothecari
1032 2853 1256 2927 potest,
1304 2866 1447 2908 cum
1495 2848 1574 2909 sit
1603 2867 1703 2909 res

197 2937 524 3000 vendibilis,

264 3033 398 3102 Quae
424 3032 619 3093 vendi
647 3051 772 3094 non
817 3037 1097 3113 possunt,
1132 3034 1533 3114 oppignorari
1580 3052 1702 3094 non

196 3130 445 3202 possunt,
477 3125 643 3188 sicut
670 3145 784 3187 nec
815 3127 918 3187 alii
943 3127 1093 3187 dare
1142 3127 1389 3207 pignori
1416 3131 1698 3206 possunt,

195 3217 418 3298 nisiqui
460 3226 726 3298 possunt
779 3220 967 3282 etiam
998 3220 1290 3282 alienare.
1342 3223 1465 3281 Res
1492 3225 1703 3281 tamen

194 3310 482 3388 Ecclesiae,
500 3312 652 3374 licet
670 3331 791 3373 non
811 3314 1049 3392 possint
1068 3313 1346 3390 alienari,
1372 3332 1487 3374 nec
1515 3314 1705 3374 etiam

193 3405 594 3483 oppignorari,
628 3410 738 3468 aut
762 3407 987 3486 subjici
1008 3406 1379 3485 hypothecae
1410 3407 1700 3486 speciali;

193 3502 427 3574 possunt
452 3501 668 3559 tamen
698 3498 923 3578 subjici
943 3499 1315 3578 hypothecae
1334 3500 1610 3578 generali
1639 3499 1703 3559 in

193 3591 613 3667 contractibus,
644 3610 799 3670 quos
819 3592 972 3652 alias
992 3592 1228 3671 praelati
1263 3596 1521 3670 possunt
1547 3593 1703 3652 cele-

192 3682 372 3744 brare.
402 3687 436 3747 J
445 3704 515 3745 us
538 3688 928 3763 patronatuS,
964 3703 1087 3764 qua
1116 3685 1237 3746 tale
1267 3689 1382 3761 est,
1416 3703 1539 3745 non
1587 3700 1700 3763 po-

192 3778 296 3835 test
320 3777 562 3856 pignori
592 3777 751 3854 dari,
776 3778 937 3838 bene
966 3782 1176 3839 tamen
1208 3777 1414 3857 quoad
1437 3776 1543 3856 jus
1564 3797 1705 3856 per-

193 3869 438 3948 cipiendi
465 3870 712 3932 reditus
741 3860 983 3950 aliquos
1010 3871 1384 3949 temporales
1418 3871 1546 3949 juri
1594 3889 1705 3950 pa-

191 3965 450 4024 tronatus
480 3964 852 4043 deputatos;
886 3964 1011 4024 imo
1051 3963 1195 4025 licet
1224 3962 1369 4024 villa
1413 3963 1511 4023 vel
1562 3981 1705 4041 pos-

192 4056 474 4117 sessiones
494 4057 725 4136 quibus
737 4058 841 4136 jus
862 4060 1228 4135 patronatus
1251 4074 1561 4116 annexum
1584 4060 1698 4131 est,

192 4149 643 4227 oppignoretur,
669 4167 794 4210 non
822 4154 1032 4211 tamen
1081 4154 1176 4210 est
1219 4149 1701 4229 oppignoratum

185 4239 275 4317 jus
313 4243 730 4319 praesentandi
783 4243 864 4302 ad
903 4242 1211 4302 beneficia
1257 4242 1698 4318 ecclesiastica,

193 4340 251 4393 ut
273 4339 509 4397 constat
536 4354 613 4396 ex
643 4353 782 4414 cap.
807 4334 857 4397 C
860 4355 957 4394 um
986 4333 1358 4407 Bertlzoldus,
1390 4333 1460 4394 de
1484 4343 1702 4395 senten-

190 4426 261 4485 tia
286 4434 336 4487 et
359 4447 422 4489 re
432 4427 733 4509 judicata.
770 4428 833 4489 Si
862 4431 1071 4489 tamen
1102 4428 1277 4488 locus
1326 4427 1428 4487 ille
1471 4427 1701 4488 venda-

190 4522 297 4595 tur,
345 4524 411 4581 ut
462 4520 678 4583 debito
732 4521 1014 4597 satisfiat,
1067 4519 1163 4599 jus
1218 4523 1585 4598 patronatus
1641 4524 1704 4581 et

190 4614 595 4689 praesentandi
623 4614 759 4674 loco
792 4631 1107 4673 annexum
1136 4613 1355 4673 transit
1370 4613 1444 4672 ad
1467 4616 1702 4691 empto·

190 4722 328 4782 rem,
359 4708 506 4786 quia
552 4706 971 4768 accessorium
1016 4705 1299 4786 sequitur
1334 4705 1699 4784 principale,

190 4800 244 4858 et
278 4798 457 4860 debet
512 4804 867 4879 competere
920 4817 1170 4878 semper
1218 4798 1471 4860 domino
1540 4798 1703 4861 illius

188 4889 315 4952 loci.
338 4892 639 4954 Videatur
660 4893 892 4955 Molina
908 4892 1067 4971 disp.
1091 4894 1231 4953 529.
1260 4892 1315 4970 ς.
1354 4890 1560 4965 Quoad
1568 4892 1697 4972 jus,

189 4988 244 5043 et
268 4983 418 5064 disp.
449 4988 591 5047 530.
626 4986 689 5045 in
739 4986 1002 5066 princip.
1036 4984 1290 5047 Mobilia
1335 4984 1521 5045 etiam
1563 5004 1705 5064 pre-

188 5074 331 5135 tiosa
368 5078 562 5139 cultui
601 5078 814 5139 divino
857 5078 1085 5153 dicata,
1134 5082 1201 5139 ut
1238 5076 1484 5155 caliceS,
1527 5097 1703 5141 casu-

188 5167 277 5245 lae,
317 5175 701 5246 ornamenta,
750 5175 867 5233 etc.
931 5189 1055 5231 non
1099 5173 1360 5249 possunt
1404 5171 1704 5251 oppigno-

187 5263 321 5339 rari,
355 5264 469 5324 nisi
525 5282 602 5324 ex
655 5283 843 5325 causa
893 5264 1264 5339 necessaria,
1297 5264 1398 5324 vel
1436 5265 1515 5324 ad
1546 5265 1707 5325 redi-

187 5356 432 5417 mendos
459 5358 770 5436 captivos3
796 5362 858 5420 et
885 5376 1028 5418 cum
1056 5357 1351 5418 facultate
1381 5357 1699 5437 requisita,

189 5449 423 5525 quando
454 5468 530 5511 ea
557 5450 910 5513 necessaria
931 5449 1009 5512 sit
1028 5468 1139 5528 pro
1170 5450 1261 5510 rei
1289 5450 1608 5529 qualitate,
1643 5454 1706 5513 et

187 5541 393 5621 pretio-

3209 345 3329 407 839

1866 529 2066 588 Homo
2095 527 2255 588 liber
2281 544 2407 587 non
2436 530 2643 606 potest
2668 524 2915 606 pignori
2961 523 3123 600 dari,
3156 537 3213 585 c.
3249 538 3318 584 ιι.

3454 525 3534 585 28

1786 618 1858 680 de
1873 620 2114 700 piqnor.
2149 619 2262 681 nisi
2296 619 2547 699 quando
2577 638 2721 680 oum
2761 621 2985 696 captus
3023 619 3208 692 esset,
3254 633 3323 676 se
3373 646 3477 700 Qum
3507 650 3560 693 d„
3589 651 3670 693 ho„

1786 712 1852 772 in
1873 713 2098 792 pignus
2128 712 2238 773 dat
2265 712 2442 773 alteri
2468 712 2734 773 solventi
2760 711 3031 789 pretium
3073 709 3324 769 redem-
3373 702 3483 747 “¹¹⁰⁰
3520 704 3668 747 “bm-

1787 805 2038 883 ptionis,
2070 804 2274 866 donec
2301 804 2570 882 pretium
2600 806 2658 865 ei
2686 805 2994 878 restituat,
3044 802 3143 862 vel
3185 818 3325 862 ser-

1789 899 2018 959 viendo
2049 898 2414 960 satisfaciat.
2464 900 2676 959 Potest
2716 896 2907 958 etiam
2946 895 3085 973 lege
3113 895 3326 973 aliqua

1791 991 2054 1070 obligari
2094 990 2365 1066 debitor,
2402 990 2507 1069 qui
2537 990 2779 1051 solvere
2818 1003 2942 1049 non
2979 990 3204 1067 potest,
3244 987 3325 1046 ad

1790 1085 2190 1146 serviendum
2219 1082 2533 1160 creditori,
2554 1082 2881 1161 donecpro
2907 1080 3123 1141 debito
3145 1078 3328 1139 satis-

1791 1178 2000 1252 faciat,
2058 1181 2128 1237 ut
2182 1176 2424 1238 notavit
2467 1174 2700 1236 Molinu
2749 1173 2920 1234 diem
2965 1172 3128 1252 disp.
3179 1174 3322 1234 530.

1794 1273 2006 1332 Potest
2029 1271 2216 1332 etiam
2244 1269 2433 1330 «homo
2463 1268 2625 1328 liber
2651 1267 2790 1327 dari
2815 1267 3003 1327 obses
3028 1266 3094 1326 in
3135 1279 3329 1326 causa

1793 1363 1961 1439 belli,
1991 1366 2061 1424 ut
2088 1367 2287 1423 stetur
2314 1362 2512 1440 pactis
2548 1359 2870 1440 promissis
2904 1377 2918 1420 ε
2951 1359 3187 1439 quibus
3230 1362 3326 1420 ta-

1792 1475 1939 1517 men
1973 1456 2213 1518 violatis
2241 1455 2374 1516 sine
2403 1455 2539 1535 ejus
2567 1454 2772 1532 culpa,
2805 1467 2930 1514 non
2973 1455 3181 1531 potest
3224 1468 3329 1513 oc-

1794 1550 1939 1626 cidi,
1977 1550 2276 1625 mutilari,
2322 1553 2433 1610 aut
2473 1546 2815 1623 verberari,
2861 1550 3066 1625 potest
3116 1550 3328 1606 tamen

1792 1644 1973 1703 bonis
1999 1641 2253 1722 spoliari
2309 1645 2375 1702 ¹et
2428 1641 2719 1716 detineri,
2753 1655 2827 1701 ac
2873 1655 3092 1700 servus
3135 1638 3329 1700 etiam

1793 1735 1950 1812 fieri,
1982 1735 2031 1795 si
2064 1735 2455 1797 Christianus
2483 1749 2608 1793 non
2638 1733 2738 1794 sit.

1876 1832 2031 1888 Rem
2068 1828 2359 1902 alienam,
2389 1827 2457 1885 in
2506 1843 2633 1905 qua
2676 1824 2917 1885 nullam
2955 1824 3060 1904 jus
3106 1822 3322 1900 habeS,

1795 1922 2209 2001 oppignorare
2240 1938 2366 1981 non
2394 1923 2595 1999 poteS,
2620 1919 2736 1979 nisi
2761 1919 3194 1980 consentiente
3221 1918 3331 1978 do-

1792 2015 1994 2087 mino;
2030 2016 2250 2093 estque
2297 2012 2595 2092 obligatio
2637 2012 2834 2088 nulla,
2880 2011 3000 2072 nisi
3040 2011 3332 2073 dominus

1793 2112 1998 2168 ratum
2027 2107 2292 2168 habeat:
2343 2107 2477 2185 ipso
2523 2109 2736 2167 autem
2777 2110 2984 2168 ratum
3027 2105 3325 2180 habente,

1796 2199 2235 2261 retrotrahitur
2258 2199 2618 2262 ratihabitio
2649 2198 2729 2259 ad
2760 2198 2927 2258 diem
2954 2197 3335 2278 oppignora-

1794 2294 1983 2354 tionis
2008 2294 2216 2369 factae,
2251 2311 2377 2353 non
2405 2297 2618 2353 tamen
2649 2293 2714 2353 in
2741 2291 3180 2372 praejudioium
3208 2295 3337 2353 ter-

1796 2385 1887 2462 tii,
1921 2385 2022 2445 cui
2049 2389 2333 2463 tempore
2370 2385 2740 2446 intermedio
2781 2397 2879 2444 res
2911 2383 3135 2444 eadem
3171 2389 3338 2445 esset

1800 2477 2246 2557 hypothecata,
2281 2482 2351 2537 ut
2380 2494 2525 2537 cum
2553 2477 2691 2536 aliis
2717 2475 2952 2538 Molina
2981 2477 3143 2554 disp.
3187 2479 3328 2537 529.

1798 2575 1941 2651 post
1967 2569 2370 2648 principium.
2405 2569 2582 2631 Sicut
2603 2573 2819 2630 autem
2846 2569 3139 2630 venditor
3163 2573 3335 2629 tene-

1800 2668 1902 2726 tur
1929 2663 2005 2723 de
2036 2662 2369 2739 evictione,
2405 2661 2660 2741 quando
2715 2679 2819 2722 res
2873 2661 3130 2723 vendita
3159 2677 3335 2722 oom-

1801 2758 2039 2836 peritur
2091 2756 2315 2833 aliena,
2362 2756 2451 2816 ita
2502 2754 2753 2816 debitor
2799 2754 3052 2835 quando
3101 2755 3335 2834 pignus

1800 2849 2117 2910 invenitur
2171 2848 2444 2909 alienum
2499 2848 2873 2910 convenitur
2910 2847 3155 2909 actione
3191 2863 3342 2927 qua·

1802 2942 1946 3003 dam
2001 2942 2424 3021 pignoratitia,
2473 2945 2544 3003 at
2598 2953 2731 3001 rem
2778 2939 3048 3001 alienam
3079 2940 3338 3020 aequalis

1803 3036 2029 3097 valoris
2056 3036 2298 3115 pignori
2322 3034 2635 3115 subjiciat,
2667 3035 2711 3095 l.
2769 3034 2915 3095 Rem
2957 3033 3232 3110 alienam,
3267 3036 3332 3096 ff.

1802 3129 1872 3190 de
1883 3129 2181 3211 piqnorat.
2217 3128 2430 3190 action.
2466 3143 2605 3208 quae
2637 3127 2826 3188 etiam
2847 3127 3009 3188 actio
3040 3126 3340 3206 competit

1801 3229 2017 3285 contra
2050 3241 2215 3299 eum,
2252 3224 2355 3302 qui
2385 3221 2815 3283 aurichalcum
2856 3220 3101 3300 pignori
3137 3220 3331 3297 dedit,

1802 3318 2045 3396 fingens
2076 3335 2212 3377 esse
2246 3334 2492 3392 aurum,
2519 3319 2752 3394 praeter
2777 3315 3012 3375 crimen
3027 3314 3337 3375 stelliona-

1802 3414 1923 3485 tus,
1957 3414 2020 3470 et
2047 3409 2182 3488 ejus
2212 3427 2431 3488 poenas
2460 3424 2616 3488 quas
2645 3407 2925 3469 incurrIt.

1882 3505 2279 3577 Procurator,
2311 3502 2362 3562 si
2389 3502 2652 3562 liberam
2682 3501 2936 3561 omnino
2965 3510 3177 3560 rerum
3223 3499 3337 3559 ad-

1802 3596 2325 3657 ministrationem
2356 3594 2606 3671 habeat‚
2637 3611 2764 3654 non
2809 3591 3011 3654 solum
3064 3592 3144 3651 ad
3183 3608 3336 3652 oon·-

1803 3693 2038 3750 tractus
2094 3706 2392 3749 onerosos
2451 3687 2562 3748 sed
2616 3687 2812 3747 etiam
2864 3686 2948 3746 ad
3001 3684 3329 3764 gratuita&

1803 3784 2008 3861 potest
2036 3782 2200 3841 intra
2220 3780 2537 3842 facultatis
2562 3778 2793 3841 limites
2829 3794 2931 3839 res
2961 3777 3195 3838 domini
3226 3796 3333 3855 op-

1803 3874 2161 3954 pignorare.
2212 3874 2279 3934 Si
2329 3876 2541 3934 autem
2584 3872 2944 3933 facultatem
2987 3870 3219 3931 habent
3255 3869 3335 3930 ad

1802 3970 2159 4028 contractus
2190 3983 2510 4041 onerosoS,
2545 3983 2671 4025 non
2699 3981 2846 4025 vero
2878 3963 2959 4023 ad
3004 3963 3332 4042 gratuitos,

1800 4059 2028 4139 poterit
2056 4059 2118 4118 in
2150 4057 2481 4119 utilitatem
2513 4056 2748 4118 domini
2781 4056 2916 4134 ejus
2958 4068 3061 4116 res
3089 4053 3336 4135 pignori

1802 4152 1973 4224 dare,
2009 4170 2135 4212 non
2165 4169 2313 4211 vero
2343 4151 2407 4211 in
2429 4168 2608 4211 suam
2637 4149 2992 4225 utilitatem,
3023 4149 3171 4229 quia
3215 4147 3339 4209 hoo

1802 4249 1963 4305 esset
2019 4244 2295 4316 donare3
2360 4244 2411 4304 si
2465 4243 2697 4303 habeat
2731 4241 3338 4303 administrationem

1799 4336 2215 4398 universalem
2242 4337 2350 4397 sed
2385 4355 2506 4397 non
2534 4335 2821 4413 liberam,
2849 4336 3079 4414 poterit
3104 4350 3205 4396 res
3232 4335 3339 4396 do-

1799 4431 1949 4491 mini
1980 4430 2419 4509 oppignorare,
2452 4429 2501 4489 si
2529 4429 2818 4490 dominus
2837 4429 3077 4490 solebat
3102 4428 3333 4504 facere,

1800 4542 1978 4585 secus
2004 4523 2054 4584 si
2086 4542 2210 4583 non
2237 4523 2500 4600 solebat,
2534 4523 2576 4584 l.
2627 4521 2730 4583 Vel
2753 4522 3175 4596 univers-orma,
3200 4520 3337 4599 jun-

1801 4621 1901 4678 cto
1947 4617 2003 4695 ς.
2039 4615 2456 4692 antecedenti,
2490 4617 2554 4676 ff.
2589 4613 2661 4675 de
2691 4615 2931 4695 pt'qnor.
2988 4613 3230 4674 cottone.
3272 4613 3338 4673 Si

1803 4727 2166 4770 oeconomus
2195 4727 2296 4768 res
2336 4708 2575 4768 domini
2620 4708 2869 4787 pignori
2897 4707 3006 4768 det
3045 4706 3339 4767 creditori

1801 4802 2113 4881 ignoranti
2145 4819 2280 4861 esse
2309 4801 2602 4875 alienam,
2629 4818 2752 4860 non
2779 4800 3207 4861 consentiente
3221 4815 3338 4858 neo

1800 4899 2005 4956 ratum
2071 4894 2342 4954 habente
2416 4893 2691 4968 dominc,
2741 4893 3018 4954 creditor
3068 4892 3337 4952 retinere

1802 4991 2008 5067 potest
2055 4988 2306 5066 pignus,
2358 4987 2410 5047 si
2456 4987 2725 5066 pecunia
2772 4986 2888 5045 sub
2942 5002 3017 5045 eo
3075 4985 3335 5064 pignore

1803 5082 1971 5157 data,
2005 5098 2309 5141 conversa
2335 5080 2452 5140 fuit
2481 5080 2543 5139 in
2574 5078 2814 5140 domini
2838 5077 3190 5153 utilitatem,
3220 5076 3263 5137 1.
3284 5094 3329 5136 ι.

1804 5176 1869 5236 C.
1901 5173 1957 5233 si
1979 5173 2154 5234 alien.
2186 5192 2278 5233 res
2300 5173 2469 5254 piyn.
2491 5172 2553 5233 Si
2571 5175 2780 5233 tamen
2801 5171 3028 5251 pignus
3056 5170 3336 5230 nonduin

1803 5266 1921 5328 fuit
1946 5266 2241 5326 creditori
2270 5266 2592 5339 traditum,
2617 5282 2741 5325 non
2759 5267 3018 5342 cogetur
3047 5262 3336 5324 dominus

1807 5358 1885 5419 ad
1906 5358 2057 5418 illud
2087 5358 2487 5434 tradendum,
2519 5356 2632 5417 sed
2660 5356 2737 5416 ad
2769 5356 3137 5417 solvendum
3165 5355 3336 5435 quod

1805 5451 1869 5511 in
1900 5450 2035 5529 ejus
2063 5451 2392 5512 utilitatem
2422 5466 2793 5511 conversum
2823 5453 2936 5510 est.
2972 5449 3037 5512 Si
3063 5462 3215 5509 vero
3241 5448 3339 5508 ni·

1806 5544 1893 5605 hil
1920 5544 1984 5604 in
2011 5543 2148 5626 ejus
2176 5544 2506 5607 utilitatem
2534 5559 2906 5605 conversum
2934 5547 3048 5620 est,
3083 5542 3183 5604 vel
3210 5558 3334 5604 non

3481 3510 3561 3569 30

3402 3634 3662 3687 Procurator,

3384 3689 3452 3731 vel
3491 3689 3679 3730 minister

3384 3742 3678 3837 ‘'wi-⁸³3⁸·

3451 3848 3616 3903 pignus.
