4263 6376
1227 340 1696 403 msPU'rA'rlo
1740 341 1986 416 xxxa,
2036 307 2309 404 sac'rlo
2354 342 2402 403 1.

241 524 365 583 543.
396 520 448 598 ἓ.
500 514 663 578 Illud
685 516 924 577 observa
945 562 960 592 ,
1012 515 1065 577 si
1105 515 1436 596 fidejussor
1465 517 1570 597 qui
1602 536 1753 578 con-

241 614 491 686 venitur,
527 609 788 689 excipiat
813 614 1098 689 tempore
1129 613 1481 688 opportuno
1508 655 1524 686 ,
1558 629 1746 689 quan·

243 708 313 769 do
339 705 436 766 alii
466 703 763 764 solvendo
795 707 1015 779 erant,
1069 706 1131 763 et
1174 706 1349 782 petat
1389 706 1458 764 ut
1505 703 1585 763 ab
1615 703 1752 763 aliis

242 817 356 860 suae
383 797 567 858 etiam
596 800 805 875 partes
835 799 1149 875 petantur,
1182 795 1328 857 licet
1354 800 1572 875 postea
1599 796 1755 857 fiant

240 894 594 969 impotentes
616 936 631 965 ,
682 888 981 968 prodesse
1030 888 1461 968 exceptionem
1489 888 1750 969 fidejus-

241 985 372 1060 sori,
404 983 509 1062 qui
537 981 745 1043 debito
788 991 1072 1061 tempore
1103 981 1377 1060 excepit,
1421 985 1484 1043 et
1509 983 1754 1043 monuit

240 1076 644 1154 damnumque
665 1074 946 1135 futurum
967 1073 1316 1149 creditoriS,
1351 1079 1419 1135 ut
1442 1074 1754 1152 colligitur

240 1188 306 1229 ex
331 1169 369 1228 l.
392 1167 552 1228 Inter
564 1185 677 1243 ece,
698 1168 756 1245 ἓ.
782 1165 929 1228 Cum
950 1167 1122 1243 inter,
1157 1168 1220 1227 ff.
1246 1165 1317 1226 de
1332 1166 1594 1247 fidejuss,
1620 1170 1748 1229 Un-

239 1262 308 1321 de
322 1261 367 1321 si
384 1261 511 1320 dies
522 1260 805 1320 solvendi
814 1261 949 1340 jam
965 1259 1310 1335 advenerit,
1332 1262 1392 1318 et
1404 1260 1750 1337 periculum

238 1355 327 1429 sit,
346 1372 419 1413 ne
438 1354 594 1414 alter
609 1352 944 1432 fidejussor
968 1353 1279 1432 impotens
1299 1351 1621 1429 reddatur,
1642 1353 1751 1432 qui

240 1465 387 1506 nunc
429 1450 648 1523 potens
678 1450 804 1521 est,
856 1444 1085 1506 sufficit
1111 1445 1162 1505 si
1193 1445 1349 1505 alter
1376 1445 1749 1507 creditorem

239 1537 585 1616 tempestive
615 1541 871 1599 moneat
898 1541 961 1597 et
987 1538 1303 1616 requirat,
1338 1541 1406 1598 ut
1438 1539 1749 1599 actionem

239 1630 474 1706 dividat,
500 1634 564 1692 et
582 1630 847 1691 intentet
862 1631 1161 1691 adversus
1182 1630 1441 1707 socium,
1473 1632 1748 1710 alioquin

237 1742 336 1783 suo
363 1722 589 1783 damno
619 1723 893 1783 futuram
921 1723 1378 1802 impotentiam,
1413 1728 1480 1786 ut
1508 1743 1583 1784 cx
1609 1724 1650 1783 l.
1676 1724 1753 1785 Si

237 1814 540 1892 contendat,
567 1816 789 1894 juncta
814 1816 1044 1894 glossa,
1080 1819 1141 1875 et
1170 1817 1511 1877 summario
1532 1863 1547 1892 ,
1581 1818 1645 1876 ff.
1679 1815 1750 1877 de

235 1908 558 1989 fidejussor.
611 1927 755 1968 cum
786 1909 1083 1986 Gregorio
1113 1910 1318 1987 Lopez
1366 1909 1602 1987 colligit
1633 1909 1751 1971 ibi-

238 2001 364 2061 dem
402 2001 654 2065 Molina.
713 2002 892 2074 Ouod
949 2000 998 2062 si
1047 2001 1321 2062 creditor
1349 2001 1628 2079 dubitet,
1689 2006 1751 2064 et

239 2094 433 2156 timeat
460 2095 635 2155 litem
659 2093 944 2155 inutilem
966 2093 1098 2154 fore
1117 2094 1414 2155 adversus
1435 2095 1610 2172 alios,
1646 2095 1682 2154 d
1691 2114 1750 2155 e

237 2187 326 2248 'oet
350 2187 683 2266 fidejussor
710 2187 814 2266 qui
845 2187 1245 2263 convenitur,
1279 2192 1578 2266 praestare
1608 2206 1749 2248 cau-

238 2280 447 2341 tionem
491 2281 572 2340 de
603 2280 917 2341 solvendis
946 2279 1233 2359 expensis
1257 2326 1271 2355 ,
1332 2285 1402 2341 ιιι
1451 2299 1562 2342 suo
1592 2281 1751 2360 peri-

237 2372 360 2433 culo
390 2373 551 2434 actio
583 2373 887 2434 adversus
917 2373 1054 2433 illos
1081 2371 1381 2449 intentur,
1415 2376 1485 2433 ιιι
1512 2373 1753 2453 colligi-

237 2471 324 2526 tur
350 2485 420 2526 ex
445 2466 489 2526 1.
524 2466 606 2526 Si
627 2465 946 2541 dubitetur,
981 2467 1044 2526 ff.
1079 2464 1151 2528 de
1175 2465 1507 2546 fidejussor.

306 2561 430 2619 Hoc
457 2558 720 2619 Adriani
766 2558 1068 2632 beneficio
1116 2576 1240 2618 non
1288 2559 1521 2637 gaudet
1549 2559 1750 2638 primo

163 2716 179 2738 ι
237 2650 517 2711 adversus
548 2651 857 2730 pupillum
885 2649 1217 2729 fidejussor
1235 2651 1480 2727 tutoriS,
1515 2656 1584 2713 ut
1612 2670 1754 2714 con—

163 2736 194 2798 {a
236 2744 429 2804 veniat
476 2745 634 2804 alios
676 2744 1077 2823 fidejussores
1102 2790 1117 2819 ,
1175 2743 1322 2804 licet
1363 2748 1532 2806 tutor
1558 2745 1754 2824 possit

164 2825 194 2906 ¹„
236 2855 442 2916 cogere
469 2837 784 2917 pupillum
810 2883 827 2907 ‚
884 2840 954 2897 ut
998 2836 1332 2897 conveniat
1369 2838 1523 2898 alios
1552 2839 1753 2898 socios

234 2931 288 2988 in
322 2931 509 2990 tutela
532 2976 549 3006 ,
598 2930 640 2990 1.
687 2930 799 2991 ult.
844 2930 909 2991 ff.
952 2948 1074 2989 rem
1097 2929 1314 3010 pupilli
1343 2930 1566 2990 salvam
1595 2931 1743 3011 fore.

234 3023 504 3083 Secundo
531 3069 547 3098 ,
601 3023 855 3102 quando
894 3021 1229 3101 fidejussor
1273 3027 1617 3085 conventus
1647 3042 1750 3083 ne·

231 3116 387 3194 gavit
411 3134 476 3175 se
506 3134 647 3176 esse
675 3115 1130 3196 fidejussorem,
1163 3115 1205 3176 l.
1242 3115 1317 3176 Si
1340 3114 1654 3176 dubitetur.
1687 3117 1743 3196 ἓ.

234 3208 315 3268 lta
342 3207 591 3285 demum,
642 3209 709 3269 ff.
742 3208 812 3268 de
837 3208 1167 3289 fidejussor.
1219 3209 1427 3270 Tertio
1451 3256 1465 3285 ,
1501 3211 1752 3288 quando

234 3302 364 3361 huic
407 3302 668 3362 Adriani
716 3302 1022 3362 beneficio
1076 3301 1460 3363 renuntiavit
1506 3323 1520 3363 :
1585 3303 1754 3383 quod

235 3395 405 3455 etiam
434 3394 650 3456 multis
677 3396 740 3455 in
769 3394 924 3455 locis
952 3397 1274 3473 receptum
1306 3413 1428 3455 non
1460 3400 1590 3473 est,
1643 3396 1752 3456 sed

233 3487 461 3566 legibus
488 3487 974 3566 municipalibus
1005 3487 1401 3567 abrogatum.

308 3580 562 3653 Quando
610 3600 772 3658 unus
826 3599 900 3640 ex
954 3578 1432 3659 fidejussoribus
1461 3580 1755 3641 conveni-

235 3675 356 3749 tur,
388 3676 448 3734 et
474 3677 681 3735 totum
710 3672 991 3734 debitum
1038 3678 1109 3734 ut
1151 3672 1483 3753 fidejussor
1512 3674 1751 3734 solvere

163 3744 193 3825 ξι
237 3765 498 3843 cogitur,
531 3769 741 3845 potest
766 3771 980 3845 petere
1011 3784 1048 3826 a
1078 3765 1422 3843 creditore,
1468 3771 1539 3828 ιιι
1567 3767 1620 3827 ei
1650 3785 1753 3827 ce-

163 3870 171 3889 ·
234 3856 331 3919 dat
356 3858 635 3921 actiones
665 3861 882 3919 contra
924 3858 1275 3920 debitorem
1324 3862 1386 3919 et
1413 3858 1569 3921 alios
1597 3859 1753 3920 fide-

163 3981 168 3992 ·
226 3950 513 4028 jussores,
549 3951 657 4031 qui
686 3952 910 4011 cedere
942 3953 1189 4013 tenetur
1214 3998 1230 4028 ,
1282 3956 1345 4013 et
1370 3955 1518 4013 tunc
1548 3955 1754 4031 potest

232 4061 266 4101 a
290 4043 568 4106 debitore
596 4047 796 4106 totum
827 4043 1107 4105 debitum
1136 4048 1350 4124 petere
1370 4090 1385 4120 ,
1419 4049 1481 4105 et
1508 4044 1587 4104 ab
1616 4044 1753 4106 aliis

230 4136 691 4216 fidejussoribus
719 4141 929 4216 partes
958 4156 1124 4214 suas,
1159 4136 1440 4198 debitore
1473 4155 1594 4198 non
1625 4137 1746 4198 sol·

230 4235 423 4294 vente.
455 4232 590 4291 Imo
619 4234 682 4292 et
706 4230 841 4291 sine
870 4249 944 4291 ea
973 4229 1251 4291 cessione
1282 4233 1487 4308 potest
1516 4249 1551 4290 a
1581 4230 1749 4290 debi-

229 4327 357 4383 tore
382 4324 632 4385 actione
658 4323 962 4399 mandati,
996 4323 1096 4383 vel
1127 4323 1360 4401 negotii
1390 4323 1549 4402 gesti
1579 4323 1749 4384 debi-

232 4419 352 4476 tum
384 4418 660 4479 solutum
688 4421 902 4495 petere
926 4461 942 4492 ,
977 4420 1037 4477 et
1067 4420 1266 4477 totum
1295 4416 1598 4477 interesse
1622 4464 1637 4494 ,
1689 4423 1752 4478 et

230 4508 521 4569 damnum
551 4509 719 4588 quod
749 4528 825 4569 ea
843 4527 1033 4569 causa
1054 4509 1333 4570 incurrit.
1370 4509 1431 4571 Si
1455 4528 1603 4571 vero
1627 4528 1750 4570 non

230 4600 628 4681 fidejussisset
652 4619 963 4662 consensu
993 4600 1329 4677 debitoriS‚
1377 4620 1492 4662 nec
1522 4603 1586 4662 in
1616 4601 1750 4681 ejus

229 4694 551 4756 utilitatem
579 4695 898 4770 solvisset,
958 4697 1164 4773 potest
1209 4713 1396 4773 agere
1450 4695 1750 4755 adversus

230 4803 394 4863 eum,
435 4786 616 4867 cujus
645 4786 943 4848 mandato
972 4786 1310 4866 fidejussit,
1363 4787 1441 4848 de
1472 4806 1594 4867 quo
1625 4788 1750 4849 late

230 4880 448 4941 Molina
477 4880 807 4943 videndus.
843 4880 1002 4959 disp.
1034 4884 1174 4941 544.

302 4974 429 5033 Νοιι
461 4977 670 5053 potest
705 4976 917 5033 tamen
946 4973 1278 5051 fidejussor
1306 4991 1494 5078 agere
1527 4974 1747 5035 adver-

164 5119 184 5146 „
229 5082 324 5125 sus
351 5065 724 5142 debitorem,
760 5084 875 5144 pro
907 5084 1029 5144 quo
1060 5065 1275 5143 solvit,
1309 5067 1361 5126 si
1391 5070 1613 5146 potens
1643 5067 1746 5127 de-

164 5173 185 5203 t
228 5155 472 5219 tendere
538 5177 794 5219 causam
864 5160 1227 5238 exceptione
1298 5161 1740 5240 peremptoria,

227 5267 358 5328 quae
384 5251 653 5313 debitori
675 5252 1090 5331 competebat,
1126 5270 1266 5313 eam
1289 5271 1410 5313 non
1428 5254 1739 5332 opposuit,

226 5347 326 5404 aut
364 5345 417 5404 si
459 5349 680 5425 potens
709 5346 1023 5424 appellare
1054 5364 1175 5406 non
1209 5347 1581 5424 appellavit,
1636 5352 1746 5409 aut

224 5437 272 5495 si
322 5438 503 5499 solvit
550 5438 942 5518 procuratori
985 5440 1130 5500 ficto
1176 5439 1501 5500 creditoris
1521 5486 1536 5516 ,
1595 5444 1744 5502 tunc

224 5530 381 5590 enim
411 5549 536 5592 non
575 5532 758 5594 solvit
786 5550 930 5594 vere
968 5531 1285 5594 creditori.
1333 5534 1488 5594 Item
1518 5531 1570 5592 si
1599 5551 1742 5594 cum

3266 341 3386 400 337

1856 522 2066 598 posset
2124 537 2381 580 monere
2425 519 2774 581 debitorem
2817 518 2895 578 de
2920 516 3229 579 solutione
3259 515 3385 596 jam

1854 612 2056 689 facta,
2109 631 2236 674 non
2282 612 2524 674 monuit
2561 616 2622 674 et
2661 612 2802 673 ideo
2860 610 3107 671 debitor
3161 609 3387 671 iterum

1854 705 2039 766 solvit
2070 726 2083 766 ε
2118 705 2390 784 denique
2420 704 2469 766 si
2501 706 2704 766 solvat
2728 708 2873 766 ante
2901 703 3100 779 diem,
3146 702 3248 762 vel
3277 700 3389 761 im-

1853 797 2087 877 pletam
2115 798 2560 874 conditionem,
2593 802 2805 877 petere
2836 814 2962 857 non
2990 797 3197 874 potest
3223 794 3388 855 a'de-

1853 890 2088 967 bitore,
2150 889 2393 951 etiamsi
2451 890 2884 968 exceptionem
2933 888 3135 949 solum
3167 886 3386 947 dilato·

1849 982 2009 1042 riam
2037 982 2137 1043 vel
2182 981 2654 1043 declinatorium
2704 999 2827 1042 non
2859 979 3252 1060 opposuerit,
3285 979 3384 1039 vel

1852 1075 2288 1153 exceptionem
2317 1074 2508 1135 etiam
2537 1074 3029 1153 peremptoriam
3048 1119 3063 1149 ,
3099 1090 3239 1152 quae
3269 1071 3385 1132 soli

1850 1167 2202 1247 fidejussori
2231 1167 2652 1246 competebat,
2686 1170 2748 1227 et
2776 1185 2897 1227 non
2923 1165 3191 1227 debitori
3219 1163 3384 1242 prin-

1852 1260 2057 1338 cipali.
2111 1261 2177 1322 Si
2207 1279 2355 1320 vero
2405 1279 2438 1320 e
2473 1264 2692 1321 contra
2721 1259 3004 1338 exceptio
3032 1260 3384 1338 perempto-

1849 1353 1944 1413 ria
1972 1353 2371 1431 competebat
2399 1352 2705 1428 debitori,
2758 1356 2820 1414 et
2849 1369 2971 1413 non
3004 1350 3380 1430 fideJ‘ussori,

1848 1451 2062 1525 petere
2094 1446 2343 1525 poterit,
2377 1446 2630 1525 quando
2662 1463 2738 1506 ea
2756 1444 3039 1524 exceptio
3072 1462 3197 1505 non
3218 1460 3384 1505 com-

1849 1539 2003 1618 petit
2032 1540 2222 1600 etiam
2254 1539 2554 1599 adversus
2581 1537 3006 1617 fidejussoreS,
3039 1537 3151 1598 sed
3182 1535 3383 1597 solum

1848 1631 2151 1692 adversus
2181 1632 2558 1692 creditorem
2586 1630 2995 1709 principalem
3020 1676 3034 1706 ,
3082 1646 3224 1709 quae
3254 1646 3384 1694 0111-

1849 1724 1952 1784 nia
1977 1725 2101 1786 late
2131 1725 2532 1803 prosequitur
2552 1728 2614 1786 et
2633 1725 2963 1784 confirmat
2999 1722 3229 1783 Molina
3263 1720 3384 1780 dis-

1848 1822 1980 1897 put.
2015 1821 2153 1879 546.
2185 1818 2242 1896 §-
2281 1816 2521 1892 Quando
2543 1816 2883 1897 fidejussor,
2919 1819 3141 1895 etseq.
3183 1832 3382 1893 usque

1849 1911 1927 1971 ad
1958 1911 2171 1972 finem.

1927 2005 2139 2065 Potest
2190 2002 2527 2082 fidejussor
2584 2021 2810 2083 cogere
2867 2000 3253 2077 debitorem,
3313 2002 3384 2061 ut

3552 2006 3631 2064 20

1851 2096 2761 2174 eumafidejussioneliberet.
2786 2095 3018 2170 Prim0‚
3052 2092 3251 2173 sijam
3273 2092 3382 2151 de-
3432 2131 3492 2183 Q„
3494 2131 3600 2174 ,ond
3632 2142 3726 2172 eum

1849 2190 2016 2251 bitor
2059 2190 2140 2251 sit
2181 2191 2245 2249 in
2275 2207 2454 2250 mora
2489 2189 2811 2265 solvendi,
2872 2192 2935 2250 et
2983 2205 3108 2248 non
3156 2186 3377 2262 solvat,
3430 2187 3559 2290 roffi!

1843 2283 2025 2364 juxta
2051 2283 2256 2361 legem
2283 2282 2521 2359 Luctus,
2556 2284 2619 2343 ff.
2654 2280 2921 2341 mandate
2940 2298 3131 2358 ‚.cap
3166 2278 3279 2339 ult.
3313 2277 3384 2338 de

1847 2375 2108 2458 fideJuss.
2163 2377 2311 2448 Quae
2359 2394 2537 2435 mora
2578 2375 2836 2435 arbitrio
2878 2372 3109 2452 judicis
3146 2371 3386 2450 ponde-

1851 2470 2052 2531 randa
2079 2474 2212 2544 est,
2267 2472 2337 2529 ut
2363 2468 2592 2548 probat
2619 2468 2743 2530 late
2772 2466 3005 2528 Molina
3031 2465 3140 2526 ubi
3169 2483 3379 2543 supra,

1849 2563 1905 2641 ἓ.
1944 2560 2183 2621 Primus
2210 2567 2425 2620 autem.
2461 2559 2752 2621 Secundo
2777 2604 2793 2634 ,
2845 2557 3099 2637 quando
3129 2556 3386 2635 fidejus-

1850 2672 1956 2715 sor
1983 2653 2296 2731 obligatur
2323 2671 2358 2711 a
2376 2652 2589 2731 judice
2615 2652 2698 2712 ad
2720 2649 3114 2711 solvendum.
3146 2649 3380 2724 TertiO,

1852 2746 1904 2807 si
1934 2746 2181 2807 debitor
2209 2744 2571 2824 principalis
2616 2743 2874 2822 incipiat
2901 2741 3249 2822 dilapidare
3279 2741 3387 2802 bo-

1852 2858 1933 2899 na
1960 2858 2105 2914 sua,
2141 2842 2204 2898 et
2232 2836 2578 2916 periculum
2607 2837 2723 2913 sit,
2769 2854 2893 2897 non
2923 2835 3055 2896 fore
3083 2834 3384 2895 solvendo

1853 2936 2136 3010 tempore
2164 2931 2444 3010 praefixo.
2490 2930 2722 3003 Quarto
2748 2975 2764 3005 ,
2800 2927 2850 2988 si
2878 2926 3245 3008 fidejussor,
3278 2927 3385 2987 ad-

1851 3025 2142 3084 veniente
2171 3023 2440 3084 termino
2466 3068 2481 3099 ,
2530 3023 2758 3084 timore
2807 3038 3010 3100 poenae
3044 3024 3153 3082 aut
3181 3020 3381 3095 aliter,

1860 3119 2039 3180 offert
2067 3117 2477 3193 solutionem,
2524 3119 2589 3176 et
2632 3115 2781 3195 quia
2817 3132 2944 3174 non
2974 3116 3222 3194 oportet
3247 3130 3388 3172 eam

1852 3211 2081 3271 minori
2114 3210 2405 3272 creditori
2436 3209 2588 3269 dare
2609 3256 2624 3287 ,
2661 3209 2920 3287 deponit
2949 3208 3013 3267 in
3039 3207 3178 3268 loco
3208 3225 3387 3267 sacro

1852 3305 1953 3365 vel
1981 3304 2301 3383 deputato,
2337 3302 2561 3376 Quinto
2588 3348 2603 3379 ,
2653 3302 2703 3362 si
2733 3296 2986 3381 pactum
3027 3301 3217 3360 fuerit
3244 3318 3388 3359 cum

1853 3397 2160 3473 debitore,
2194 3401 2262 3457 ut
2290 3399 2431 3475 post
2462 3400 2702 3457 tantum
2733 3400 2982 3475 tempus
3011 3412 3157 3455 eum
3185 3393 3389 3454 nfide-

1842 3490 2125 3568 jussione
2157 3488 2479 3552 eximeret.

1934 3583 1998 3644 Si
2026 3582 2360 3687 fidejussor
2387 3582 2589 3642 solum
2615 3580 2732 3642 fuit
2751 3578 3200 3655 indemnitatis,
3231 3577 3383 3638 libe-

1852 3680 2066 3751 ratur,
2119 3675 2169 3734 si
2219 3674 2338 3734 adi
2345 3674 2593 3735 emente
2639 3678 2923 3751 tempore
2954 3671 3240 3751 exigendi
3274 3671 3385 3729 de·-

1850 3769 2073 3844 bitum,
2108 3768 2382 3828 creditor
2400 3766 2725 3845 negligens
2756 3764 2910 3825 fuit
2895 3784 2959 3824 ιιι
2990 3782 3063 3825 eo
3084 3763 3377 3842 petendo,

1852 3866 1916 3923 et
1941 3864 2161 3941 postea
2206 3859 2453 3921 debitor
2480 3860 2682 3920 sactus
2730 3863 2824 3919 est
2867 3858 3200 3936 impotens.
3251 3857 3382 3916 Imo

1851 3954 2020 4014 idem
2048 3959 2183 4028 est,
2232 3954 2283 4012 si
2331 3951 2535 4012 solum
2580 3949 2992 4030 fidejussisset
3036 3948 3384 4009 debitorem

1852 4045 2088 4106 habere
2144 4045 2520 4107 sufficientia
2573 4043 2739 4104 bona
2764 4090 2779 4120 ,
2840 4043 3006 4105 unde
3063 4042 3334 4103 solveret
3365 4060 3379 4101 ε

1852 4138 2139 4218 quamvis
2185 4141 2404 4218 postea
2459 4142 2602 4198 ante
2646 4136 2986 4198 terminum
3032 4133 3379 4211 solutionis,

1852 4249 1999 4292 casu
2022 4232 2230 4311 aliquo
2252 4231 2505 4292 fortuito
2526 4230 2704 4309 inops
2726 4229 2926 4290 factus
2948 4231 3112 4290 esset
3135 4248 3148 4289 :
3182 4227 3384 4289 solum

1852 4325 2018 4385 enim
2075 4324 2458 4386 assecuravit
2502 4327 2732 4386 statum
2787 4326 3159 4402 praesentem
3182 4368 3199 4400 ,
3258 4340 3385 4383 non

1849 4418 2175 4479 fortuitum
2204 4419 2518 4492 futurum,
2573 4420 2643 4478 ut
2680 4416 2907 4494 probat
2942 4416 3175 4477 Molina
3216 4414 3385 4475 dicta

1851 4511 2011 4590 disp.
2043 4514 2181 4572 546.
2233 4512 2288 4592 ἓ.
2332 4510 2588 4570 Dubium
2616 4518 2719 4570 est.
2784 4508 3043 4582 Quando
3076 4526 3221 4569 vero
3269 4507 3387 4569 fuit

1849 4603 2186 4683 fidejussor
2225 4604 2614 4679 communis,
2662 4602 3176 4681 distinguendum
3220 4604 3315 4661 est
3364 4619 3377 4660 ε

1852 4714 1997 4756 nam
2044 4696 2092 4756 si
2126 4700 2268 4774 post
2293 4696 2630 4758 terminum
2670 4694 2994 4756 solutionis
3021 4694 3222 4754 factus
3248 4692 3385 4752 fue-

1847 4790 1931 4850 rit
1959 4790 2290 4868 impotenS,
2314 4808 2437 4849 non
2468 4789 2661 4868 petita
2690 4788 2769 4848 ab
2799 4805 2872 4848 eo
2901 4787 3250 4861 solutione,
3303 4785 3381 4845 de

1814 4883 1984 4975 ‚juie
2006 4884 2284 4961 antiqu0,
2322 4901 2445 4943 non
2466 4880 2834 4942 liberabitur
2851 4879 3202 4959 fidejussor,
3236 4896 3378 4938 cum

1849 4993 1974 5035 non
2026 4975 2453 5053 requireretur
2500 4979 2645 5036 tunc
2692 4972 2973 5033 excussio
3039 4971 3273 5050 praevia
3298 4970 3379 5031 ad

1848 5086 1992 5128 eum
2022 5067 2568 5130 conveniendum:
2613 5065 2781 5146 quod
2824 5065 2988 5125 idem
3020 5069 3151 5142 est,
3201 5065 3249 5124 si
3279 5083 3379 5124 re-

1846 5161 2162 5223 nuntiavit
2200 5160 2505 5221 beneficio
2536 5159 2913 5221 Anthentico
2943 5176 3261 5219 concesso.
3311 5157 3373 5218 Si

1846 5259 2056 5315 autem
2087 5254 2141 5313 ei
2174 5273 2297 5314 non
2326 5252 2739 5327 renuntiavit,
2775 5256 2839 5312 et
2864 5249 2971 5310 ubi
3001 5249 3152 5311 illud
3181 5250 3371 5330 viget,

1843 5347 2230 5423 liberabitur,
2264 5347 2317 5407 si
2336 5350 2479 5408 ante
2500 5345 2930 5424 impotentiam
2951 5343 3250 5404 debitoris
3277 5363 3376 5404 re·

1843 5440 2100 5520 quisivit
2126 5440 2499 5501 creditorem
2523 5486 2539 5515 ,
2588 5443 2660 5500 ut
2704 5436 3076 5499 adveniente
3104 5436 3372 5497 termino

1843 5534 1924 5595 ab
1954 5552 2026 5594 eo
2058 5534 2367 5612 exigeret,
2417 5537 2480 5597 et
2516 5532 2790 5595 creditor
2817 5531 2896 5593 ob
2926 5531 3371 5610 negligentiam

3513 2195 3728 2332 ιξὲξῖ.

3454 2251 3622 2348 e'jtiioss
3789 2329 3794 2334 ι

3431 2346 3522 2402 ipsu
3475 2346 3728 2389 suimlbcret

3529 3586 3599 3645 21

3486 3711 3590 3762 Quid
3606 3711 3700 3806 sde

3458 3765 3536 3806 sd
3511 3777 3604 3820 J

3432 3818 3526 3861 inde
3502 3830 3595 3861 enm
3571 3776 3726 3861 nistatis.
