<?xml version="1.0" encoding="UTF-8"?>
<!DOCTYPE html PUBLIC "-//W3C//DTD XHTML 1.0 Transitional//EN"
    "http://www.w3.org/TR/xhtml1/DTD/xhtml1-transitional.dtd">
<html xmlns="http://www.w3.org/1999/xhtml" xml:lang="en" lang="en">
 <head>
  <title>
</title>
<meta http-equiv="Content-Type" content="text/html;charset=utf-8" />
  <meta name='ocr-system' content='tesseract 3.04.00' />
  <meta name='ocr-capabilities' content='ocr_page ocr_carea ocr_par ocr_line ocrx_word'/>
</head>
<body>
  <div class='ocr_page' id='page_1' title='image "./joannisdelugodi00lugogoog_0429.png"; bbox 0 0 4263 6376; ppageno 0'>
   <div class='ocr_carea' id='block_1_1' title="bbox 132 2038 165 2121">
    <p class='ocr_par' dir='ltr' id='par_1_1' title="bbox 132 2038 165 2121">
     <span class='ocr_line' id='line_1_1' title="bbox 132 2038 165 2121; textangle 90"><span class='ocrx_word' id='word_1_1' title='bbox 132 2038 165 2121; x_wconf 54' lang='grc'><strong>3.*</strong></span> 
     </span>
    </p>
   </div>
   <div class='ocr_carea' id='block_1_2' title="bbox 1172 277 2546 353">
    <p class='ocr_par' dir='ltr' id='par_1_2' title="bbox 1172 277 2546 353">
     <span class='ocr_line' id='line_1_2' title="bbox 1172 277 2546 353; baseline 0.001 -15"><span class='ocrx_word' id='word_1_2' title='bbox 1172 278 1645 339; x_wconf 86' lang='lat' dir='ltr'><strong>DISPU&#39;1·ATIO</strong></span> <span class='ocrx_word' id='word_1_3' title='bbox 1689 277 1962 353; x_wconf 87' lang='lat' dir='ltr'><strong>XXVIII,</strong></span> <span class='ocrx_word' id='word_1_4' title='bbox 2012 277 2286 338; x_wconf 86' lang='lat' dir='ltr'><strong>SEGTIO</strong></span> <span class='ocrx_word' id='word_1_5' title='bbox 2329 279 2435 339; x_wconf 87' lang='lat' dir='ltr'><strong>IV.</strong></span> <span class='ocrx_word' id='word_1_6' title='bbox 2533 294 2546 299; x_wconf 83' lang='grc'><em>“</em></span> 
     </span>
    </p>
   </div>
   <div class='ocr_carea' id='block_1_3' title="bbox 226 454 1746 722">
    <p class='ocr_par' dir='ltr' id='par_1_3' title="bbox 226 454 1746 722">
     <span class='ocr_line' id='line_1_3' title="bbox 228 454 1744 535; baseline 0.001 -21"><span class='ocrx_word' id='word_1_7' title='bbox 228 454 461 531; x_wconf 89' lang='lat' dir='ltr'><strong>dentur,</strong></span> <span class='ocrx_word' id='word_1_8' title='bbox 525 458 591 516; x_wconf 92' lang='lat' dir='ltr'><strong>et</strong></span> <span class='ocrx_word' id='word_1_9' title='bbox 631 475 746 535; x_wconf 85' lang='lat' dir='ltr'><strong>per</strong></span> <span class='ocrx_word' id='word_1_10' title='bbox 786 474 1177 535; x_wconf 88' lang='lat' dir='ltr'><strong>consequens</strong></span> <span class='ocrx_word' id='word_1_11' title='bbox 1217 457 1520 535; x_wconf 82' lang='lat' dir='ltr'><strong>pauciora</strong></span> <span class='ocrx_word' id='word_1_12' title='bbox 1548 461 1744 531; x_wconf 87' lang='lat' dir='ltr'><strong>scuta,</strong></span> 
     </span>
     <span class='ocr_line' id='line_1_4' title="bbox 227 548 1746 628; baseline 0.003 -22"><span class='ocrx_word' id='word_1_13' title='bbox 227 548 466 626; x_wconf 91' lang='lat' dir='ltr'><strong>dempto</strong></span> <span class='ocrx_word' id='word_1_14' title='bbox 509 548 706 609; x_wconf 88' lang='lat' dir='ltr'><strong>etiam</strong></span> <span class='ocrx_word' id='word_1_15' title='bbox 743 553 961 627; x_wconf 82' lang='lat' dir='ltr'><strong>postea</strong></span> <span class='ocrx_word' id='word_1_16' title='bbox 990 550 1189 628; x_wconf 88' lang='lat' dir='ltr'><strong>pretio</strong></span> <span class='ocrx_word' id='word_1_17' title='bbox 1221 549 1471 625; x_wconf 89' lang='lat' dir='ltr'><strong>cambii,</strong></span> <span class='ocrx_word' id='word_1_18' title='bbox 1518 550 1595 609; x_wconf 91' lang='lat' dir='ltr'><strong>de</strong></span> <span class='ocrx_word' id='word_1_19' title='bbox 1624 567 1746 628; x_wconf 87' lang='lat' dir='ltr'><strong>quo</strong></span> 
     </span>
     <span class='ocr_line' id='line_1_5' title="bbox 226 640 931 722; baseline 0.006 -22"><span class='ocrx_word' id='word_1_20' title='bbox 226 640 400 701; x_wconf 87' lang='lat' dir='ltr'><strong>modo</strong></span> <span class='ocrx_word' id='word_1_21' title='bbox 430 659 556 701; x_wconf 88' lang='lat' dir='ltr'><strong>non</strong></span> <span class='ocrx_word' id='word_1_22' title='bbox 587 641 931 722; x_wconf 88' lang='lat' dir='ltr'><strong>loquimur.</strong></span> 
     </span>
    </p>
   </div>
   <div class='ocr_carea' id='block_1_4' title="bbox 675 1062 1264 1148">
    <p class='ocr_par' dir='ltr' id='par_1_4' title="bbox 675 1062 1264 1148">
     <span class='ocr_line' id='line_1_6' title="bbox 675 1062 1264 1148; baseline 0.007 -5"><span class='ocrx_word' id='word_1_23' title='bbox 675 1062 1090 1146; x_wconf 72' lang='lat' dir='ltr'><strong>snc&#39;rlo</strong></span> <span class='ocrx_word' id='word_1_24' title='bbox 1156 1063 1264 1148; x_wconf 81' lang='lat' dir='ltr'><strong>lv.</strong></span> 
     </span>
    </p>
   </div>
   <div class='ocr_carea' id='block_1_5' title="bbox 228 1364 1745 1637">
    <p class='ocr_par' dir='ltr' id='par_1_5' title="bbox 228 1364 1745 1637">
     <span class='ocr_line' id='line_1_7' title="bbox 228 1364 1745 1446; baseline 0.003 -21"><span class='ocrx_word' id='word_1_25' title='bbox 228 1364 446 1440; x_wconf 63' lang='lat' dir='ltr'><strong>Utrum,</strong></span> <span class='ocrx_word' id='word_1_26' title='bbox 486 1374 544 1425; x_wconf 86' lang='lat' dir='ltr'><strong>et</strong></span> <span class='ocrx_word' id='word_1_27' title='bbox 571 1385 689 1446; x_wconf 81' lang='lat' dir='ltr'><strong>quo</strong></span> <span class='ocrx_word' id='word_1_28' title='bbox 719 1365 887 1427; x_wconf 82' lang='lat' dir='ltr'><strong>titulo</strong></span> <span class='ocrx_word' id='word_1_29' title='bbox 917 1366 1199 1427; x_wconf 79' lang='lat' dir='ltr'><em>cambium</em></span> <span class='ocrx_word' id='word_1_30' title='bbox 1227 1365 1408 1428; x_wconf 83' lang='lat' dir='ltr'><strong>locale</strong></span> <span class='ocrx_word' id='word_1_31' title='bbox 1434 1388 1563 1428; x_wconf 85' lang='lat' dir='ltr'><strong>cum</strong></span> <span class='ocrx_word' id='word_1_32' title='bbox 1584 1369 1745 1429; x_wconf 81' lang='lat' dir='ltr'><strong>luero</strong></span> 
     </span>
     <span class='ocr_line' id='line_1_8' title="bbox 294 1470 1741 1557; baseline 0.003 -27"><span class='ocrx_word' id='word_1_33' title='bbox 294 1470 510 1531; x_wconf 80' lang='lat' dir='ltr'><strong>licitum</strong></span> <span class='ocrx_word' id='word_1_34' title='bbox 536 1470 640 1547; x_wconf 77' lang='lat' dir='ltr'><strong>sit,</strong></span> <span class='ocrx_word' id='word_1_35' title='bbox 674 1471 905 1552; x_wconf 84' lang='lat' dir='ltr'><strong>quando</strong></span> <span class='ocrx_word' id='word_1_36' title='bbox 934 1492 1200 1553; x_wconf 83' lang='lat' dir='ltr'><strong>campsor</strong></span> <span class='ocrx_word' id='word_1_37' title='bbox 1226 1473 1403 1554; x_wconf 82' lang='lat' dir='ltr'><strong>prior</strong></span> <span class='ocrx_word' id='word_1_38' title='bbox 1424 1474 1596 1535; x_wconf 81' lang='lat' dir='ltr'><strong>solvit</strong></span> <span class='ocrx_word' id='word_1_39' title='bbox 1630 1494 1741 1557; x_wconf 82' lang='lat' dir='ltr'><strong>pe-</strong></span> 
     </span>
     <span class='ocr_line' id='line_1_9' title="bbox 293 1594 536 1637; baseline 0.004 -1"><span class='ocrx_word' id='word_1_40' title='bbox 293 1594 536 1637; x_wconf 80' lang='lat' dir='ltr'><strong>cumam.</strong></span> 
     </span>
    </p>
   </div>
   <div class='ocr_carea' id='block_1_6' title="bbox 216 1842 1742 5540">
    <p class='ocr_par' dir='ltr' id='par_1_6' title="bbox 216 1842 1742 3573">
     <span class='ocr_line' id='line_1_10' title="bbox 294 1842 1742 1920; baseline 0.003 -18"><span class='ocrx_word' id='word_1_41' title='bbox 294 1842 583 1915; x_wconf 74' lang='lat' dir='ltr'><strong>Quamvis</strong></span> <span class='ocrx_word' id='word_1_42' title='bbox 640 1842 847 1920; x_wconf 85' lang='lat' dir='ltr'><strong>prima</strong></span> <span class='ocrx_word' id='word_1_43' title='bbox 899 1843 1056 1905; x_wconf 82' lang='lat' dir='ltr'><strong>facie</strong></span> <span class='ocrx_word' id='word_1_44' title='bbox 1104 1844 1393 1907; x_wconf 85' lang='lat' dir='ltr'><strong>videatur</strong></span> <span class='ocrx_word' id='word_1_45' title='bbox 1428 1864 1465 1905; x_wconf 87' lang='lat' dir='ltr'><strong>a</strong></span> <span class='ocrx_word' id='word_1_46' title='bbox 1502 1847 1742 1908; x_wconf 86' lang='lat' dir='ltr'><strong>fortiori</strong></span> 
     </span>
     <span class='ocr_line' id='line_1_11' title="bbox 223 1934 1741 2018; baseline 0.002 -24"><span class='ocrx_word' id='word_1_47' title='bbox 223 1935 405 2012; x_wconf 75' lang='lat' dir='ltr'><strong>magis</strong></span> <span class='ocrx_word' id='word_1_48' title='bbox 430 1934 678 1995; x_wconf 89' lang='lat' dir='ltr'><strong>licitum</strong></span> <span class='ocrx_word' id='word_1_49' title='bbox 705 1935 948 1996; x_wconf 89' lang='lat' dir='ltr'><strong>lucrum</strong></span> <span class='ocrx_word' id='word_1_50' title='bbox 976 1935 1040 1995; x_wconf 91' lang='lat' dir='ltr'><strong>in</strong></span> <span class='ocrx_word' id='word_1_51' title='bbox 1070 1936 1189 1998; x_wconf 85' lang='lat' dir='ltr'><strong>hoc</strong></span> <span class='ocrx_word' id='word_1_52' title='bbox 1216 1956 1388 2014; x_wconf 88' lang='lat' dir='ltr'><strong>casu,</strong></span> <span class='ocrx_word' id='word_1_53' title='bbox 1423 1957 1544 2018; x_wconf 93' lang='lat' dir='ltr'><strong>quo</strong></span> <span class='ocrx_word' id='word_1_54' title='bbox 1575 1957 1741 1998; x_wconf 89' lang='lat' dir='ltr'><strong>cam-</strong></span> 
     </span>
     <span class='ocr_line' id='line_1_12' title="bbox 222 2027 1734 2110; baseline 0.003 -22"><span class='ocrx_word' id='word_1_55' title='bbox 222 2047 352 2108; x_wconf 88' lang='lat' dir='ltr'><strong>psor</strong></span> <span class='ocrx_word' id='word_1_56' title='bbox 388 2027 593 2107; x_wconf 85' lang='lat' dir='ltr'><strong>majus</strong></span> <span class='ocrx_word' id='word_1_57' title='bbox 640 2028 1014 2089; x_wconf 86' lang='lat' dir='ltr'><strong>beneficium</strong></span> <span class='ocrx_word' id='word_1_58' title='bbox 1064 2032 1412 2109; x_wconf 89' lang='lat' dir='ltr'><strong>campsario</strong></span> <span class='ocrx_word' id='word_1_59' title='bbox 1461 2036 1734 2110; x_wconf 82' lang='lat' dir='ltr'><strong>praestat,</strong></span> 
     </span>
     <span class='ocr_line' id='line_1_13' title="bbox 221 2120 1740 2200; baseline 0.004 -22"><span class='ocrx_word' id='word_1_60' title='bbox 221 2139 390 2199; x_wconf 81' lang='lat' dir='ltr'><strong>quam</strong></span> <span class='ocrx_word' id='word_1_61' title='bbox 420 2120 678 2200; x_wconf 87' lang='lat' dir='ltr'><strong>quando</strong></span> <span class='ocrx_word' id='word_1_62' title='bbox 709 2120 879 2199; x_wconf 86' lang='lat' dir='ltr'><strong>prior</strong></span> <span class='ocrx_word' id='word_1_63' title='bbox 921 2122 1149 2200; x_wconf 91' lang='lat' dir='ltr'><strong>accipit</strong></span> <span class='ocrx_word' id='word_1_64' title='bbox 1176 2124 1473 2200; x_wconf 80' lang='lat' dir='ltr'>pecunias</span> <span class='ocrx_word' id='word_1_65' title='bbox 1502 2143 1540 2184; x_wconf 90' lang='lat' dir='ltr'><strong>a</strong></span> <span class='ocrx_word' id='word_1_66' title='bbox 1569 2143 1740 2184; x_wconf 88' lang='lat' dir='ltr'><strong>cam-</strong></span> 
     </span>
     <span class='ocr_line' id='line_1_14' title="bbox 219 2213 1740 2294; baseline 0.003 -22"><span class='ocrx_word' id='word_1_67' title='bbox 219 2213 444 2291; x_wconf 86' lang='lat' dir='ltr'><strong>psario;</strong></span> <span class='ocrx_word' id='word_1_68' title='bbox 478 2213 668 2273; x_wconf 91' lang='lat' dir='ltr'><strong>multi</strong></span> <span class='ocrx_word' id='word_1_69' title='bbox 696 2218 906 2273; x_wconf 85' lang='lat' dir='ltr'><strong>tamen</strong></span> <span class='ocrx_word' id='word_1_70' title='bbox 932 2214 1040 2293; x_wconf 86' lang='lat' dir='ltr'><strong>qui</strong></span> <span class='ocrx_word' id='word_1_71' title='bbox 1087 2214 1148 2274; x_wconf 90' lang='lat' dir='ltr'><strong>in</strong></span> <span class='ocrx_word' id='word_1_72' title='bbox 1196 2215 1300 2276; x_wconf 88' lang='lat' dir='ltr'><strong>illo</strong></span> <span class='ocrx_word' id='word_1_73' title='bbox 1332 2233 1480 2276; x_wconf 89' lang='lat' dir='ltr'><strong>casu</strong></span> <span class='ocrx_word' id='word_1_74' title='bbox 1509 2234 1740 2294; x_wconf 88' lang='lat' dir='ltr'><strong>appro-</strong></span> 
     </span>
     <span class='ocr_line' id='line_1_15' title="bbox 217 2305 1739 2388; baseline 0.003 -24"><span class='ocrx_word' id='word_1_75' title='bbox 217 2305 373 2379; x_wconf 83' lang='lat' dir='ltr'><strong>bant,</strong></span> <span class='ocrx_word' id='word_1_76' title='bbox 405 2305 755 2383; x_wconf 88' lang='lat' dir='ltr'><strong>reprobant</strong></span> <span class='ocrx_word' id='word_1_77' title='bbox 789 2306 1031 2366; x_wconf 89' lang='lat' dir='ltr'><strong>lucrum</strong></span> <span class='ocrx_word' id='word_1_78' title='bbox 1078 2306 1140 2366; x_wconf 91' lang='lat' dir='ltr'><strong>in</strong></span> <span class='ocrx_word' id='word_1_79' title='bbox 1184 2308 1332 2380; x_wconf 87' lang='lat' dir='ltr'><strong>isto;</strong></span> <span class='ocrx_word' id='word_1_80' title='bbox 1366 2313 1499 2369; x_wconf 92' lang='lat' dir='ltr'><strong>tum</strong></span> <span class='ocrx_word' id='word_1_81' title='bbox 1523 2355 1538 2384; x_wconf 93' lang='lat'>‚</span> <span class='ocrx_word' id='word_1_82' title='bbox 1589 2308 1739 2388; x_wconf 89' lang='lat' dir='ltr'><strong>quia</strong></span> 
     </span>
     <span class='ocr_line' id='line_1_16' title="bbox 218 2398 1737 2477; baseline 0.002 -20"><span class='ocrx_word' id='word_1_83' title='bbox 218 2416 484 2476; x_wconf 88' lang='lat' dir='ltr'><strong>campsor</strong></span> <span class='ocrx_word' id='word_1_84' title='bbox 537 2398 718 2477; x_wconf 90' lang='lat' dir='ltr'><strong>prius</strong></span> <span class='ocrx_word' id='word_1_85' title='bbox 773 2398 1023 2459; x_wconf 88' lang='lat' dir='ltr'><strong>solvens</strong></span> <span class='ocrx_word' id='word_1_86' title='bbox 1091 2401 1393 2477; x_wconf 83' lang='lat' dir='ltr'><strong>pecunias</strong></span> <span class='ocrx_word' id='word_1_87' title='bbox 1449 2401 1737 2462; x_wconf 86' lang='lat' dir='ltr'><strong>videatur</strong></span> 
     </span>
     <span class='ocr_line' id='line_1_17' title="bbox 216 2491 1736 2573; baseline 0.002 -23"><span class='ocrx_word' id='word_1_88' title='bbox 216 2496 501 2567; x_wconf 86' lang='lat' dir='ltr'><strong>mutuare,</strong></span> <span class='ocrx_word' id='word_1_89' title='bbox 537 2496 604 2551; x_wconf 92' lang='lat' dir='ltr'><strong>et</strong></span> <span class='ocrx_word' id='word_1_90' title='bbox 634 2491 897 2569; x_wconf 83' lang='lat' dir='ltr'>proinde</span> <span class='ocrx_word' id='word_1_91' title='bbox 927 2511 1003 2553; x_wconf 77' lang='lat' dir='ltr'><strong>ex</strong></span> <span class='ocrx_word' id='word_1_92' title='bbox 1031 2497 1248 2553; x_wconf 91' lang='lat' dir='ltr'><strong>mutuo</strong></span> <span class='ocrx_word' id='word_1_93' title='bbox 1290 2498 1353 2554; x_wconf 90' lang='lat' dir='ltr'><strong>et</strong></span> <span class='ocrx_word' id='word_1_94' title='bbox 1396 2494 1736 2573; x_wconf 86' lang='lat' dir='ltr'><strong>anticipata</strong></span> 
     </span>
     <span class='ocr_line' id='line_1_18' title="bbox 216 2583 1735 2666; baseline 0.003 -24"><span class='ocrx_word' id='word_1_95' title='bbox 216 2583 499 2644; x_wconf 89' lang='lat' dir='ltr'><strong>solutione</strong></span> <span class='ocrx_word' id='word_1_96' title='bbox 526 2584 777 2644; x_wconf 90' lang='lat' dir='ltr'><strong>lucrum</strong></span> <span class='ocrx_word' id='word_1_97' title='bbox 808 2589 1027 2663; x_wconf 87' lang='lat' dir='ltr'><strong>postea</strong></span> <span class='ocrx_word' id='word_1_98' title='bbox 1075 2586 1394 2664; x_wconf 87' lang='lat' dir='ltr'><strong>accipere,</strong></span> <span class='ocrx_word' id='word_1_99' title='bbox 1444 2588 1611 2666; x_wconf 89' lang='lat' dir='ltr'><strong>quod</strong></span> <span class='ocrx_word' id='word_1_100' title='bbox 1642 2592 1735 2647; x_wconf 89' lang='lat' dir='ltr'><strong>est</strong></span> 
     </span>
     <span class='ocr_line' id='line_1_19' title="bbox 217 2676 1731 2758; baseline 0.003 -25"><span class='ocrx_word' id='word_1_101' title='bbox 217 2676 550 2736; x_wconf 86' lang='lat' dir='ltr'><strong>usurarium</strong></span> <span class='ocrx_word' id='word_1_102' title='bbox 585 2697 598 2736; x_wconf 92' lang='lat'>:</span> <span class='ocrx_word' id='word_1_103' title='bbox 641 2679 773 2736; x_wconf 90' lang='lat' dir='ltr'><strong>tum</strong></span> <span class='ocrx_word' id='word_1_104' title='bbox 805 2676 1016 2753; x_wconf 89' lang='lat' dir='ltr'><strong>etiam,</strong></span> <span class='ocrx_word' id='word_1_105' title='bbox 1051 2678 1198 2755; x_wconf 85' lang='lat' dir='ltr'><strong>quia</strong></span> <span class='ocrx_word' id='word_1_106' title='bbox 1228 2696 1349 2738; x_wconf 91' lang='lat' dir='ltr'><strong>non</strong></span> <span class='ocrx_word' id='word_1_107' title='bbox 1379 2684 1643 2758; x_wconf 84' lang='lat' dir='ltr'><strong>apparet</strong></span> <span class='ocrx_word' id='word_1_108' title='bbox 1669 2680 1731 2739; x_wconf 88' lang='lat' dir='ltr'><strong>in</strong></span> 
     </span>
     <span class='ocr_line' id='line_1_20' title="bbox 218 2768 1732 2850; baseline 0.003 -23"><span class='ocrx_word' id='word_1_109' title='bbox 218 2768 320 2828; x_wconf 82' lang='lat' dir='ltr'><strong>hoc</strong></span> <span class='ocrx_word' id='word_1_110' title='bbox 344 2787 486 2828; x_wconf 88' lang='lat' dir='ltr'><strong>casu</strong></span> <span class='ocrx_word' id='word_1_111' title='bbox 518 2768 739 2829; x_wconf 88' lang='lat' dir='ltr'><strong>titulus</strong></span> <span class='ocrx_word' id='word_1_112' title='bbox 784 2768 1167 2848; x_wconf 81' lang='lat' dir='ltr'><strong>trajectionis</strong></span> <span class='ocrx_word' id='word_1_113' title='bbox 1213 2770 1493 2831; x_wconf 82' lang='lat' dir='ltr'><strong>virtualis</strong></span> <span class='ocrx_word' id='word_1_114' title='bbox 1530 2773 1610 2832; x_wconf 87' lang='lat' dir='ltr'><strong>ad</strong></span> <span class='ocrx_word' id='word_1_115' title='bbox 1633 2773 1732 2850; x_wconf 91' lang='lat' dir='ltr'><strong>ju-</strong></span> 
     </span>
     <span class='ocr_line' id='line_1_21' title="bbox 216 2860 1735 2942; baseline 0.003 -21"><span class='ocrx_word' id='word_1_116' title='bbox 216 2860 590 2921; x_wconf 86' lang='lat' dir='ltr'><strong>stificandum</strong></span> <span class='ocrx_word' id='word_1_117' title='bbox 650 2861 894 2921; x_wconf 91' lang='lat' dir='ltr'><strong>lucrum</strong></span> <span class='ocrx_word' id='word_1_118' title='bbox 953 2882 967 2922; x_wconf 92' lang='lat'>:</span> <span class='ocrx_word' id='word_1_119' title='bbox 1029 2881 1234 2941; x_wconf 87' lang='lat' dir='ltr'><strong>neque</strong></span> <span class='ocrx_word' id='word_1_120' title='bbox 1305 2864 1472 2924; x_wconf 91' lang='lat' dir='ltr'><strong>enim</strong></span> <span class='ocrx_word' id='word_1_121' title='bbox 1530 2869 1735 2942; x_wconf 89' lang='lat' dir='ltr'><strong>potest</strong></span> 
     </span>
     <span class='ocr_line' id='line_1_22' title="bbox 217 2953 1726 3035; baseline 0.003 -23"><span class='ocrx_word' id='word_1_122' title='bbox 217 2971 482 3032; x_wconf 86' lang='lat' dir='ltr'><strong>campsor</strong></span> <span class='ocrx_word' id='word_1_123' title='bbox 506 2953 802 3034; x_wconf 88' lang='lat' dir='ltr'><strong>trajicere</strong></span> <span class='ocrx_word' id='word_1_124' title='bbox 832 2954 914 3014; x_wconf 89' lang='lat' dir='ltr'><strong>ad</strong></span> <span class='ocrx_word' id='word_1_125' title='bbox 944 2954 1111 3015; x_wconf 90' lang='lat' dir='ltr'><strong>hunc</strong></span> <span class='ocrx_word' id='word_1_126' title='bbox 1153 2955 1359 3016; x_wconf 92' lang='lat' dir='ltr'><strong>locum</strong></span> <span class='ocrx_word' id='word_1_127' title='bbox 1406 2957 1726 3035; x_wconf 80' lang='lat' dir='ltr'><strong>pecuniaS,</strong></span> 
     </span>
     <span class='ocr_line' id='line_1_23' title="bbox 218 3047 1728 3128; baseline 0.003 -23"><span class='ocrx_word' id='word_1_128' title='bbox 218 3065 354 3124; x_wconf 87' lang='lat' dir='ltr'><strong>quas</strong></span> <span class='ocrx_word' id='word_1_129' title='bbox 380 3048 660 3108; x_wconf 89' lang='lat' dir='ltr'><strong>nondum</strong></span> <span class='ocrx_word' id='word_1_130' title='bbox 689 3047 952 3126; x_wconf 86' lang='lat' dir='ltr'><strong>accepit,</strong></span> <span class='ocrx_word' id='word_1_131' title='bbox 985 3047 1097 3107; x_wconf 89' lang='lat' dir='ltr'><strong>sed</strong></span> <span class='ocrx_word' id='word_1_132' title='bbox 1127 3048 1329 3108; x_wconf 92' lang='lat' dir='ltr'><strong>solum</strong></span> <span class='ocrx_word' id='word_1_133' title='bbox 1359 3055 1566 3128; x_wconf 88' lang='lat' dir='ltr'><strong>potest</strong></span> <span class='ocrx_word' id='word_1_134' title='bbox 1593 3068 1728 3110; x_wconf 88' lang='lat' dir='ltr'><strong>mu-</strong></span> 
     </span>
     <span class='ocr_line' id='line_1_24' title="bbox 216 3140 1731 3221; baseline 0.003 -22"><span class='ocrx_word' id='word_1_135' title='bbox 216 3144 373 3199; x_wconf 82' lang='lat' dir='ltr'><strong>tuare</strong></span> <span class='ocrx_word' id='word_1_136' title='bbox 400 3159 543 3201; x_wconf 82' lang='lat' dir='ltr'><strong>suas</strong></span> <span class='ocrx_word' id='word_1_137' title='bbox 568 3187 584 3217; x_wconf 96' lang='lat'><strong>,</strong></span> <span class='ocrx_word' id='word_1_138' title='bbox 636 3145 802 3202; x_wconf 85' lang='lat' dir='ltr'><strong>etex</strong></span> <span class='ocrx_word' id='word_1_139' title='bbox 832 3140 953 3202; x_wconf 88' lang='lat' dir='ltr'><strong>hoc</strong></span> <span class='ocrx_word' id='word_1_140' title='bbox 998 3141 1178 3202; x_wconf 91' lang='lat' dir='ltr'><strong>titulo</strong></span> <span class='ocrx_word' id='word_1_141' title='bbox 1224 3160 1349 3203; x_wconf 90' lang='lat' dir='ltr'><strong>non</strong></span> <span class='ocrx_word' id='word_1_142' title='bbox 1392 3147 1595 3221; x_wconf 87' lang='lat' dir='ltr'><strong>potest</strong></span> <span class='ocrx_word' id='word_1_143' title='bbox 1639 3142 1731 3203; x_wconf 90' lang='lat' dir='ltr'><strong>lu-</strong></span> 
     </span>
     <span class='ocr_line' id='line_1_25' title="bbox 218 3233 1733 3311; baseline 0.004 -21"><span class='ocrx_word' id='word_1_144' title='bbox 218 3249 372 3292; x_wconf 88' lang='lat' dir='ltr'><strong>crum</strong></span> <span class='ocrx_word' id='word_1_145' title='bbox 396 3234 704 3311; x_wconf 87' lang='lat' dir='ltr'><strong>accipere.</strong></span> <span class='ocrx_word' id='word_1_146' title='bbox 739 3235 943 3306; x_wconf 84' lang='lat' dir='ltr'><strong>Quare</strong></span> <span class='ocrx_word' id='word_1_147' title='bbox 990 3233 1154 3293; x_wconf 90' lang='lat' dir='ltr'><strong>hanc</strong></span> <span class='ocrx_word' id='word_1_148' title='bbox 1200 3236 1575 3296; x_wconf 88' lang='lat' dir='ltr'><strong>sententiam</strong></span> <span class='ocrx_word' id='word_1_149' title='bbox 1618 3235 1733 3296; x_wconf 87' lang='lat' dir='ltr'><strong>do-</strong></span> 
     </span>
     <span class='ocr_line' id='line_1_26' title="bbox 217 3328 1730 3404; baseline 0.002 -19"><span class='ocrx_word' id='word_1_150' title='bbox 217 3328 720 3400; x_wconf 75' lang='lat' dir='ltr'><strong>centAntouinuS‚</strong></span> <span class='ocrx_word' id='word_1_151' title='bbox 749 3328 1426 3404; x_wconf 80' lang='lat' dir='ltr'><strong>Innocent.GoffreduS,</strong></span> <span class='ocrx_word' id='word_1_152' title='bbox 1448 3329 1730 3390; x_wconf 87' lang='lat' dir='ltr'><strong>Hostien·</strong></span> 
     </span>
     <span class='ocr_line' id='line_1_27' title="bbox 217 3416 1723 3498; baseline 0.005 -23"><span class='ocrx_word' id='word_1_153' title='bbox 217 3416 306 3491; x_wconf 66' lang='grc' dir='ltr'><strong>εἰς,</strong></span> <span class='ocrx_word' id='word_1_154' title='bbox 337 3420 709 3496; x_wconf 79' lang='lat' dir='ltr'><strong>sarmiento,</strong></span> <span class='ocrx_word' id='word_1_155' title='bbox 745 3424 808 3481; x_wconf 90' lang='lat' dir='ltr'><strong>et</strong></span> <span class='ocrx_word' id='word_1_156' title='bbox 833 3419 959 3495; x_wconf 88' lang='lat' dir='ltr'><strong>alii,</strong></span> <span class='ocrx_word' id='word_1_157' title='bbox 995 3438 1152 3498; x_wconf 90' lang='lat' dir='ltr'><strong>quos</strong></span> <span class='ocrx_word' id='word_1_158' title='bbox 1181 3421 1364 3482; x_wconf 81' lang='lat' dir='ltr'><strong>affert</strong></span> <span class='ocrx_word' id='word_1_159' title='bbox 1379 3422 1556 3482; x_wconf 83' lang='lat' dir='ltr'><strong>Salas</strong></span> <span class='ocrx_word' id='word_1_160' title='bbox 1573 3421 1723 3483; x_wconf 91' lang='lat' dir='ltr'><strong>dub.</strong></span> 
     </span>
     <span class='ocr_line' id='line_1_28' title="bbox 216 3514 464 3573; baseline 0.02 -5"><span class='ocrx_word' id='word_1_161' title='bbox 216 3524 290 3570; x_wconf 78' lang='lat' dir='ltr'><strong>xx.</strong></span> <span class='ocrx_word' id='word_1_162' title='bbox 320 3530 376 3572; x_wconf 90' lang='lat' dir='ltr'><strong>n.</strong></span> <span class='ocrx_word' id='word_1_163' title='bbox 410 3514 464 3573; x_wconf 79' lang='lat'><strong>1.</strong></span> 
     </span>
    </p>

    <p class='ocr_par' dir='ltr' id='par_1_7' title="bbox 216 3604 1732 5540">
     <span class='ocr_line' id='line_1_29' title="bbox 288 3604 1732 3682; baseline 0.004 -19"><span class='ocrx_word' id='word_1_164' title='bbox 288 3605 596 3665; x_wconf 80' lang='lat' dir='ltr'>Contraria</span> <span class='ocrx_word' id='word_1_165' title='bbox 627 3604 937 3667; x_wconf 85' lang='lat' dir='ltr'><strong>sententia</strong></span> <span class='ocrx_word' id='word_1_166' title='bbox 967 3607 1337 3682; x_wconf 82' lang='lat' dir='ltr'><strong>communiS,</strong></span> <span class='ocrx_word' id='word_1_167' title='bbox 1374 3609 1436 3667; x_wconf 91' lang='lat' dir='ltr'><strong>et</strong></span> <span class='ocrx_word' id='word_1_168' title='bbox 1466 3625 1614 3668; x_wconf 77' lang='lat' dir='ltr'><strong>vera</strong></span> <span class='ocrx_word' id='word_1_169' title='bbox 1638 3611 1732 3669; x_wconf 91' lang='lat' dir='ltr'><strong>est</strong></span> 
     </span>
     <span class='ocr_line' id='line_1_30' title="bbox 218 3698 1729 3777; baseline 0.006 -24"><span class='ocrx_word' id='word_1_170' title='bbox 218 3712 385 3772; x_wconf 89' lang='lat' dir='ltr'><strong>quam</strong></span> <span class='ocrx_word' id='word_1_171' title='bbox 411 3702 627 3759; x_wconf 90' lang='lat' dir='ltr'><strong>tenent</strong></span> <span class='ocrx_word' id='word_1_172' title='bbox 654 3698 931 3777; x_wconf 85' lang='lat' dir='ltr'><strong>Cajetan.</strong></span> <span class='ocrx_word' id='word_1_173' title='bbox 983 3698 1250 3761; x_wconf 88' lang='lat' dir='ltr'><strong>Conrad.</strong></span> <span class='ocrx_word' id='word_1_174' title='bbox 1304 3701 1565 3761; x_wconf 76' lang='lat' dir='ltr'><strong>Navarr.</strong></span> <span class='ocrx_word' id='word_1_175' title='bbox 1620 3702 1729 3762; x_wconf 90' lang='lat' dir='ltr'><strong>So-</strong></span> 
     </span>
     <span class='ocr_line' id='line_1_31' title="bbox 218 3790 1731 3872; baseline 0.005 -25"><span class='ocrx_word' id='word_1_176' title='bbox 218 3793 322 3862; x_wconf 80' lang='lat' dir='ltr'><strong>tus‚</strong></span> <span class='ocrx_word' id='word_1_177' title='bbox 351 3790 525 3852; x_wconf 88' lang='lat' dir='ltr'><strong>Joan.</strong></span> <span class='ocrx_word' id='word_1_178' title='bbox 558 3791 853 3866; x_wconf 86' lang='lat' dir='ltr'><strong>Medina,</strong></span> <span class='ocrx_word' id='word_1_179' title='bbox 888 3809 1043 3871; x_wconf 90' lang='lat' dir='ltr'><strong>quos</strong></span> <span class='ocrx_word' id='word_1_180' title='bbox 1073 3793 1291 3867; x_wconf 81' lang='lat' dir='ltr'><strong>affert,</strong></span> <span class='ocrx_word' id='word_1_181' title='bbox 1344 3796 1406 3853; x_wconf 91' lang='lat' dir='ltr'><strong>et</strong></span> <span class='ocrx_word' id='word_1_182' title='bbox 1447 3794 1731 3872; x_wconf 86' lang='lat' dir='ltr'><strong>sequitur</strong></span> 
     </span>
     <span class='ocr_line' id='line_1_32' title="bbox 218 3880 1721 3963; baseline 0.007 -24"><span class='ocrx_word' id='word_1_183' title='bbox 218 3880 421 3941; x_wconf 79' lang='lat' dir='ltr'><strong>Melina</strong></span> <span class='ocrx_word' id='word_1_184' title='bbox 448 3883 611 3963; x_wconf 88' lang='lat' dir='ltr'><strong>disp.</strong></span> <span class='ocrx_word' id='word_1_185' title='bbox 643 3887 785 3945; x_wconf 73' lang='lat'><strong>404.</strong></span> <span class='ocrx_word' id='word_1_186' title='bbox 816 3903 989 3944; x_wconf 90' lang='lat' dir='ltr'><strong>num.</strong></span> <span class='ocrx_word' id='word_1_187' title='bbox 1044 3887 1100 3945; x_wconf 80' lang='lat'><strong>1.</strong></span> <span class='ocrx_word' id='word_1_188' title='bbox 1152 3884 1400 3945; x_wconf 89' lang='lat' dir='ltr'><strong>Lessius</strong></span> <span class='ocrx_word' id='word_1_189' title='bbox 1450 3885 1600 3947; x_wconf 87' lang='lat' dir='ltr'><strong>dub.</strong></span> <span class='ocrx_word' id='word_1_190' title='bbox 1634 3904 1721 3949; x_wconf 87' lang='lat' dir='ltr'><strong>1v.</strong></span> 
     </span>
     <span class='ocr_line' id='line_1_33' title="bbox 218 3972 1727 4054; baseline 0.003 -22"><span class='ocrx_word' id='word_1_191' title='bbox 218 3972 460 4049; x_wconf 87' lang='lat' dir='ltr'><strong>Baunez‚</strong></span> <span class='ocrx_word' id='word_1_192' title='bbox 494 3975 809 4052; x_wconf 87' lang='lat' dir='ltr'><strong>Rebellus,</strong></span> <span class='ocrx_word' id='word_1_193' title='bbox 845 3976 1132 4038; x_wconf 88' lang='lat' dir='ltr'><strong>Valentia</strong></span> <span class='ocrx_word' id='word_1_194' title='bbox 1157 4022 1172 4052; x_wconf 91' lang='lat'><strong>,</strong></span> <span class='ocrx_word' id='word_1_195' title='bbox 1205 3978 1459 4038; x_wconf 88' lang='lat' dir='ltr'><strong>Toletus</strong></span> <span class='ocrx_word' id='word_1_196' title='bbox 1482 4023 1498 4054; x_wconf 97' lang='lat'><strong>,</strong></span> <span class='ocrx_word' id='word_1_197' title='bbox 1534 3978 1727 4040; x_wconf 90' lang='lat' dir='ltr'><strong>etalii</strong></span> 
     </span>
     <span class='ocr_line' id='line_1_34' title="bbox 218 4066 1725 4149; baseline 0.005 -25"><span class='ocrx_word' id='word_1_198' title='bbox 218 4066 409 4143; x_wconf 87' lang='lat' dir='ltr'><strong>multi,</strong></span> <span class='ocrx_word' id='word_1_199' title='bbox 460 4088 619 4147; x_wconf 88' lang='lat' dir='ltr'><strong>quos</strong></span> <span class='ocrx_word' id='word_1_200' title='bbox 664 4070 948 4148; x_wconf 78' lang='lat' dir='ltr'><strong>congerit</strong></span> <span class='ocrx_word' id='word_1_201' title='bbox 989 4074 1053 4131; x_wconf 89' lang='lat' dir='ltr'><strong>et</strong></span> <span class='ocrx_word' id='word_1_202' title='bbox 1094 4070 1374 4149; x_wconf 88' lang='lat' dir='ltr'><strong>sequitur</strong></span> <span class='ocrx_word' id='word_1_203' title='bbox 1400 4071 1575 4132; x_wconf 86' lang='lat' dir='ltr'><strong>Salas</strong></span> <span class='ocrx_word' id='word_1_204' title='bbox 1620 4071 1725 4132; x_wconf 93' lang='lat' dir='ltr'><strong>ubi</strong></span> 
     </span>
     <span class='ocr_line' id='line_1_35' title="bbox 218 4162 1727 4237; baseline 0.007 -22"><span class='ocrx_word' id='word_1_205' title='bbox 218 4177 383 4237; x_wconf 82' lang='lat' dir='ltr'><strong>supra</strong></span> <span class='ocrx_word' id='word_1_206' title='bbox 409 4179 579 4221; x_wconf 91' lang='lat' dir='ltr'><strong>num.</strong></span> <span class='ocrx_word' id='word_1_207' title='bbox 613 4165 673 4223; x_wconf 82' lang='lat'><strong>2.</strong></span> <span class='ocrx_word' id='word_1_208' title='bbox 708 4167 771 4223; x_wconf 90' lang='lat' dir='ltr'><strong>et</strong></span> <span class='ocrx_word' id='word_1_209' title='bbox 795 4162 1041 4224; x_wconf 85' lang='lat' dir='ltr'><strong>videtur</strong></span> <span class='ocrx_word' id='word_1_210' title='bbox 1069 4165 1435 4224; x_wconf 77' lang='lat' dir='ltr'><strong>confirmata</strong></span> <span class='ocrx_word' id='word_1_211' title='bbox 1464 4164 1526 4222; x_wconf 92' lang='lat' dir='ltr'><strong>in</strong></span> <span class='ocrx_word' id='word_1_212' title='bbox 1556 4165 1727 4226; x_wconf 89' lang='lat' dir='ltr'><strong>bulla</strong></span> 
     </span>
     <span class='ocr_line' id='line_1_36' title="bbox 220 4250 1728 4334; baseline 0.006 -25"><span class='ocrx_word' id='word_1_213' title='bbox 220 4250 296 4309; x_wconf 88' lang='lat' dir='ltr'><strong>Pii</strong></span> <span class='ocrx_word' id='word_1_214' title='bbox 322 4253 390 4313; x_wconf 86' lang='lat' dir='ltr'><strong>V.</strong></span> <span class='ocrx_word' id='word_1_215' title='bbox 433 4253 508 4314; x_wconf 91' lang='lat' dir='ltr'><strong>de</strong></span> <span class='ocrx_word' id='word_1_216' title='bbox 556 4274 686 4334; x_wconf 89' lang='lat' dir='ltr'><strong>qua</strong></span> <span class='ocrx_word' id='word_1_217' title='bbox 724 4255 885 4315; x_wconf 80' lang='lat' dir='ltr'><strong>infra</strong></span> <span class='ocrx_word' id='word_1_218' title='bbox 937 4255 1239 4316; x_wconf 78' lang='lat' dir='ltr'><strong>dicemus·</strong></span> <span class='ocrx_word' id='word_1_219' title='bbox 1286 4257 1467 4317; x_wconf 83' lang='lat' dir='ltr'><strong>Ratio</strong></span> <span class='ocrx_word' id='word_1_220' title='bbox 1516 4261 1728 4318; x_wconf 87' lang='lat' dir='ltr'><strong>autem</strong></span> 
     </span>
     <span class='ocr_line' id='line_1_37' title="bbox 221 4346 1727 4423; baseline 0.007 -23"><span class='ocrx_word' id='word_1_221' title='bbox 221 4347 318 4417; x_wconf 87' lang='lat' dir='ltr'><strong>est,</strong></span> <span class='ocrx_word' id='word_1_222' title='bbox 348 4346 486 4423; x_wconf 87' lang='lat' dir='ltr'><strong>quia</strong></span> <span class='ocrx_word' id='word_1_223' title='bbox 512 4347 578 4406; x_wconf 92' lang='lat' dir='ltr'><strong>in</strong></span> <span class='ocrx_word' id='word_1_224' title='bbox 611 4347 730 4408; x_wconf 79' lang='lat' dir='ltr'><strong>hoc</strong></span> <span class='ocrx_word' id='word_1_225' title='bbox 759 4348 950 4409; x_wconf 88' lang='lat' dir='ltr'><strong>etiam</strong></span> <span class='ocrx_word' id='word_1_226' title='bbox 997 4367 1147 4408; x_wconf 87' lang='lat' dir='ltr'><strong>casu</strong></span> <span class='ocrx_word' id='word_1_227' title='bbox 1193 4349 1616 4410; x_wconf 86' lang='lat' dir='ltr'><strong>interveniunt</strong></span> <span class='ocrx_word' id='word_1_228' title='bbox 1656 4351 1727 4411; x_wconf 89' lang='lat' dir='ltr'><strong>ti-</strong></span> 
     </span>
     <span class='ocr_line' id='line_1_38' title="bbox 220 4435 1725 4520; baseline 0.007 -28"><span class='ocrx_word' id='word_1_229' title='bbox 220 4435 334 4511; x_wconf 91' lang='lat' dir='ltr'><strong>tuli,</strong></span> <span class='ocrx_word' id='word_1_230' title='bbox 363 4438 462 4517; x_wconf 89' lang='lat' dir='ltr'><strong>qui</strong></span> <span class='ocrx_word' id='word_1_231' title='bbox 489 4458 685 4518; x_wconf 87' lang='lat' dir='ltr'><strong>supra</strong></span> <span class='ocrx_word' id='word_1_232' title='bbox 713 4441 964 4502; x_wconf 88' lang='lat' dir='ltr'><strong>adducti</strong></span> <span class='ocrx_word' id='word_1_233' title='bbox 1007 4445 1155 4502; x_wconf 90' lang='lat' dir='ltr'><strong>sunt</strong></span> <span class='ocrx_word' id='word_1_234' title='bbox 1194 4460 1309 4520; x_wconf 84' lang='lat' dir='ltr'><strong>pro</strong></span> <span class='ocrx_word' id='word_1_235' title='bbox 1349 4441 1595 4520; x_wconf 86' lang='lat' dir='ltr'><strong>justitia</strong></span> <span class='ocrx_word' id='word_1_236' title='bbox 1630 4442 1725 4503; x_wconf 90' lang='lat' dir='ltr'><strong>lu-</strong></span> 
     </span>
     <span class='ocr_line' id='line_1_39' title="bbox 220 4528 1719 4613; baseline 0.007 -28"><span class='ocrx_word' id='word_1_237' title='bbox 220 4528 314 4603; x_wconf 87' lang='lat' dir='ltr'><strong>cri,</strong></span> <span class='ocrx_word' id='word_1_238' title='bbox 336 4534 579 4608; x_wconf 87' lang='lat' dir='ltr'><strong>quando</strong></span> <span class='ocrx_word' id='word_1_239' title='bbox 609 4551 899 4612; x_wconf 86' lang='lat' dir='ltr'><strong>campsor</strong></span> <span class='ocrx_word' id='word_1_240' title='bbox 924 4533 1098 4613; x_wconf 77' lang='lat' dir='ltr'><strong>prlor</strong></span> <span class='ocrx_word' id='word_1_241' title='bbox 1125 4535 1352 4613; x_wconf 83' lang='lat' dir='ltr'><strong>accipit</strong></span> <span class='ocrx_word' id='word_1_242' title='bbox 1380 4536 1675 4613; x_wconf 82' lang='lat' dir='ltr'><strong>pecunias</strong></span> <span class='ocrx_word' id='word_1_243' title='bbox 1703 4556 1719 4596; x_wconf 73' lang='grc' dir='ltr'><strong><em>ε</em></strong></span> 
     </span>
     <span class='ocr_line' id='line_1_40' title="bbox 225 4623 1723 4706; baseline 0.006 -27"><span class='ocrx_word' id='word_1_244' title='bbox 225 4638 349 4682; x_wconf 87' lang='lat' dir='ltr'><strong>nam</strong></span> <span class='ocrx_word' id='word_1_245' title='bbox 391 4623 448 4683; x_wconf 91' lang='lat' dir='ltr'><strong>in</strong></span> <span class='ocrx_word' id='word_1_246' title='bbox 498 4626 702 4704; x_wconf 89' lang='lat' dir='ltr'><strong>primo</strong></span> <span class='ocrx_word' id='word_1_247' title='bbox 743 4627 1077 4687; x_wconf 77' lang='lat' dir='ltr'><strong>intervenit</strong></span> <span class='ocrx_word' id='word_1_248' title='bbox 1133 4626 1413 4706; x_wconf 85' lang='lat' dir='ltr'><strong>trajectio</strong></span> <span class='ocrx_word' id='word_1_249' title='bbox 1444 4627 1723 4688; x_wconf 88' lang='lat' dir='ltr'><strong>virtualis</strong></span> 
     </span>
     <span class='ocr_line' id='line_1_41' title="bbox 223 4710 1728 4798; baseline 0.005 -24"><span class='ocrx_word' id='word_1_250' title='bbox 223 4710 387 4791; x_wconf 85' lang='lat' dir='ltr'><strong>digna</strong></span> <span class='ocrx_word' id='word_1_251' title='bbox 413 4719 610 4795; x_wconf 90' lang='lat' dir='ltr'><strong>pretio</strong></span> <span class='ocrx_word' id='word_1_252' title='bbox 635 4765 651 4795; x_wconf 92' lang='lat'><strong>,</strong></span> <span class='ocrx_word' id='word_1_253' title='bbox 703 4737 829 4798; x_wconf 87' lang='lat' dir='ltr'><strong>qua</strong></span> <span class='ocrx_word' id='word_1_254' title='bbox 854 4720 1153 4798; x_wconf 82' lang='lat' dir='ltr'><strong>pecunias</strong></span> <span class='ocrx_word' id='word_1_255' title='bbox 1182 4738 1338 4798; x_wconf 85' lang='lat' dir='ltr'><strong>quas</strong></span> <span class='ocrx_word' id='word_1_256' title='bbox 1370 4720 1571 4781; x_wconf 84' lang='lat' dir='ltr'><strong>habeo</strong></span> <span class='ocrx_word' id='word_1_257' title='bbox 1601 4722 1728 4781; x_wconf 86' lang='lat' dir='ltr'><strong>Ma·</strong></span> 
     </span>
     <span class='ocr_line' id='line_1_42' title="bbox 224 4805 1726 4889; baseline 0.006 -26"><span class='ocrx_word' id='word_1_258' title='bbox 224 4805 329 4866; x_wconf 87' lang='lat' dir='ltr'><strong>triti</strong></span> <span class='ocrx_word' id='word_1_259' title='bbox 370 4809 474 4871; x_wconf 90' lang='lat' dir='ltr'><strong>das</strong></span> <span class='ocrx_word' id='word_1_260' title='bbox 518 4811 676 4872; x_wconf 91' lang='lat' dir='ltr'><strong>mihi</strong></span> <span class='ocrx_word' id='word_1_261' title='bbox 730 4815 983 4887; x_wconf 64' lang='lat' dir='ltr'><strong>Romae,</strong></span> <span class='ocrx_word' id='word_1_262' title='bbox 1034 4812 1376 4889; x_wconf 83' lang='lat' dir='ltr'><strong>anticipata</strong></span> <span class='ocrx_word' id='word_1_263' title='bbox 1422 4814 1484 4872; x_wconf 92' lang='lat' dir='ltr'><strong>in</strong></span> <span class='ocrx_word' id='word_1_264' title='bbox 1516 4831 1726 4872; x_wconf 90' lang='lat' dir='ltr'><strong>meam</strong></span> 
     </span>
     <span class='ocr_line' id='line_1_43' title="bbox 224 4899 1728 4984; baseline 0.005 -26"><span class='ocrx_word' id='word_1_265' title='bbox 224 4899 458 4974; x_wconf 77' lang='lat' dir='ltr'><strong>gratiam</strong></span> <span class='ocrx_word' id='word_1_266' title='bbox 482 4904 792 4965; x_wconf 87' lang='lat' dir='ltr'><strong>solutione</strong></span> <span class='ocrx_word' id='word_1_267' title='bbox 823 4909 1162 4984; x_wconf 80' lang='lat' dir='ltr'><strong>antequam</strong></span> <span class='ocrx_word' id='word_1_268' title='bbox 1211 4923 1316 4963; x_wconf 79' lang='lat' dir='ltr'><strong>eas</strong></span> <span class='ocrx_word' id='word_1_269' title='bbox 1360 4905 1590 4966; x_wconf 86' lang='lat' dir='ltr'><strong>Matriti</strong></span> <span class='ocrx_word' id='word_1_270' title='bbox 1633 4924 1728 4965; x_wconf 89' lang='lat' dir='ltr'><strong>re-</strong></span> 
     </span>
     <span class='ocr_line' id='line_1_44' title="bbox 224 4989 1727 5077; baseline 0.009 -30"><span class='ocrx_word' id='word_1_271' title='bbox 224 4989 391 5068; x_wconf 83' lang='lat' dir='ltr'><strong>cipias</strong></span> <span class='ocrx_word' id='word_1_272' title='bbox 420 5013 434 5054; x_wconf 90' lang='lat'>:</span> <span class='ocrx_word' id='word_1_273' title='bbox 468 5015 611 5075; x_wconf 85' lang='lat' dir='ltr'><strong>quae</strong></span> <span class='ocrx_word' id='word_1_274' title='bbox 640 4996 999 5076; x_wconf 79' lang='lat' dir='ltr'><strong>anticipatio</strong></span> <span class='ocrx_word' id='word_1_275' title='bbox 1030 5014 1156 5057; x_wconf 91' lang='lat' dir='ltr'><strong>non</strong></span> <span class='ocrx_word' id='word_1_276' title='bbox 1206 4997 1366 5058; x_wconf 92' lang='lat' dir='ltr'><strong>tollit</strong></span> <span class='ocrx_word' id='word_1_277' title='bbox 1410 4996 1727 5077; x_wconf 88' lang='lat' dir='ltr'><strong>trajectio-</strong></span> 
     </span>
     <span class='ocr_line' id='line_1_45' title="bbox 226 5086 1727 5152; baseline 0.008 -12"><span class='ocrx_word' id='word_1_278' title='bbox 226 5099 346 5143; x_wconf 83' lang='lat' dir='ltr'><strong>nem</strong></span> <span class='ocrx_word' id='word_1_279' title='bbox 373 5086 713 5150; x_wconf 78' lang='lat' dir='ltr'><strong>virtualem.</strong></span> <span class='ocrx_word' id='word_1_280' title='bbox 747 5092 904 5150; x_wconf 83' lang='lat' dir='ltr'><strong>Nam</strong></span> <span class='ocrx_word' id='word_1_281' title='bbox 932 5090 982 5150; x_wconf 89' lang='lat' dir='ltr'><strong>si</strong></span> <span class='ocrx_word' id='word_1_282' title='bbox 1025 5090 1393 5151; x_wconf 81' lang='lat' dir='ltr'><strong>convenires</strong></span> <span class='ocrx_word' id='word_1_283' title='bbox 1428 5108 1571 5151; x_wconf 91' lang='lat' dir='ltr'><strong>cum</strong></span> <span class='ocrx_word' id='word_1_284' title='bbox 1614 5091 1727 5152; x_wconf 88' lang='lat' dir='ltr'><strong>ba-</strong></span> 
     </span>
     <span class='ocr_line' id='line_1_46' title="bbox 216 5169 1724 5258; baseline 0.007 -26"><span class='ocrx_word' id='word_1_285' title='bbox 216 5169 469 5252; x_wconf 51' lang='lat' dir='ltr'><strong>juloflel</strong></span> <span class='ocrx_word' id='word_1_286' title='bbox 496 5181 656 5258; x_wconf 91' lang='lat' dir='ltr'><strong>alio,</strong></span> <span class='ocrx_word' id='word_1_287' title='bbox 694 5185 765 5243; x_wconf 93' lang='lat' dir='ltr'><strong>ut</strong></span> <span class='ocrx_word' id='word_1_288' title='bbox 808 5200 916 5242; x_wconf 85' lang='lat' dir='ltr'><strong>eas</strong></span> <span class='ocrx_word' id='word_1_289' title='bbox 958 5182 1105 5242; x_wconf 88' lang='lat' dir='ltr'><strong>inde</strong></span> <span class='ocrx_word' id='word_1_290' title='bbox 1150 5182 1262 5243; x_wconf 90' lang='lat' dir='ltr'><strong>tibi</strong></span> <span class='ocrx_word' id='word_1_291' title='bbox 1311 5184 1566 5243; x_wconf 80' lang='lat' dir='ltr'><strong>afferret</strong></span> <span class='ocrx_word' id='word_1_292' title='bbox 1612 5201 1724 5244; x_wconf 90' lang='lat' dir='ltr'><strong>suo</strong></span> 
     </span>
     <span class='ocr_line' id='line_1_47' title="bbox 220 5268 1725 5355; baseline 0.007 -29"><span class='ocrx_word' id='word_1_293' title='bbox 220 5268 462 5341; x_wconf 84' lang='lat' dir='ltr'><strong>periculo</strong></span> <span class='ocrx_word' id='word_1_294' title='bbox 486 5319 502 5349; x_wconf 93' lang='lat'><strong>,</strong></span> <span class='ocrx_word' id='word_1_295' title='bbox 556 5279 770 5351; x_wconf 82' lang='lat' dir='ltr'><strong>posset</strong></span> <span class='ocrx_word' id='word_1_296' title='bbox 814 5274 947 5353; x_wconf 89' lang='lat' dir='ltr'><strong>ipse</strong></span> <span class='ocrx_word' id='word_1_297' title='bbox 977 5275 1190 5355; x_wconf 87' lang='lat' dir='ltr'><strong>utique</strong></span> <span class='ocrx_word' id='word_1_298' title='bbox 1231 5276 1504 5355; x_wconf 86' lang='lat' dir='ltr'><strong>pretium</strong></span> <span class='ocrx_word' id='word_1_299' title='bbox 1536 5275 1725 5355; x_wconf 84' lang='lat' dir='ltr'><strong>traje-</strong></span> 
     </span>
     <span class='ocr_line' id='line_1_48' title="bbox 221 5359 1726 5447; baseline 0.007 -28"><span class='ocrx_word' id='word_1_300' title='bbox 221 5359 412 5423; x_wconf 80' lang='lat' dir='ltr'><strong>etiouis</strong></span> <span class='ocrx_word' id='word_1_301' title='bbox 438 5370 497 5428; x_wconf 88' lang='lat' dir='ltr'><strong>et</strong></span> <span class='ocrx_word' id='word_1_302' title='bbox 528 5367 1012 5429; x_wconf 79' lang='lat' dir='ltr'><strong>assecurationis</strong></span> <span class='ocrx_word' id='word_1_303' title='bbox 1058 5369 1306 5445; x_wconf 81' lang='lat' dir='ltr'><strong>exigere</strong></span> <span class='ocrx_word' id='word_1_304' title='bbox 1331 5414 1347 5444; x_wconf 88' lang='lat'><strong>‚</strong></span> <span class='ocrx_word' id='word_1_305' title='bbox 1400 5373 1462 5428; x_wconf 87' lang='lat' dir='ltr'><strong>et</strong></span> <span class='ocrx_word' id='word_1_306' title='bbox 1504 5373 1726 5447; x_wconf 88' lang='lat' dir='ltr'><strong>postea</strong></span> 
     </span>
     <span class='ocr_line' id='line_1_49' title="bbox 223 5459 1728 5540; baseline 0.008 -30"><span class='ocrx_word' id='word_1_307' title='bbox 223 5460 403 5526; x_wconf 74' lang='lat' dir='ltr'><strong>posset</strong></span> <span class='ocrx_word' id='word_1_308' title='bbox 428 5463 491 5520; x_wconf 90' lang='lat' dir='ltr'><strong>ut</strong></span> <span class='ocrx_word' id='word_1_309' title='bbox 518 5479 586 5520; x_wconf 90' lang='lat' dir='ltr'><strong>se</strong></span> <span class='ocrx_word' id='word_1_310' title='bbox 618 5478 655 5519; x_wconf 88' lang='lat' dir='ltr'><strong>a</strong></span> <span class='ocrx_word' id='word_1_311' title='bbox 683 5459 893 5521; x_wconf 87' lang='lat' dir='ltr'><strong>debito</strong></span> <span class='ocrx_word' id='word_1_312' title='bbox 926 5465 1245 5540; x_wconf 88' lang='lat' dir='ltr'><strong>assumpto</strong></span> <span class='ocrx_word' id='word_1_313' title='bbox 1268 5461 1583 5538; x_wconf 84' lang='lat' dir='ltr'><strong>liberaret,</strong></span> <span class='ocrx_word' id='word_1_314' title='bbox 1608 5466 1728 5522; x_wconf 80' lang='lat' dir='ltr'><strong>tra-</strong></span> 
     </span>
    </p>
   </div>
   <div class='ocr_carea' id='block_1_7' title="bbox 3263 278 3380 339">
    <p class='ocr_par' dir='ltr' id='par_1_8' title="bbox 3263 278 3380 339">
     <span class='ocr_line' id='line_1_50' title="bbox 3263 278 3380 339; baseline 0 -1"><span class='ocrx_word' id='word_1_315' title='bbox 3263 278 3380 339; x_wconf 69' lang='lat'><strong>407</strong></span> 
     </span>
    </p>
   </div>
   <div class='ocr_carea' id='block_1_8' title="bbox 1838 453 3384 1459">
    <p class='ocr_par' dir='ltr' id='par_1_9' title="bbox 1838 453 3384 1459">
     <span class='ocr_line' id='line_1_51' title="bbox 1850 453 3382 535; baseline 0 -21"><span class='ocrx_word' id='word_1_316' title='bbox 1850 453 1999 516; x_wconf 88' lang='lat' dir='ltr'><strong>dere</strong></span> <span class='ocrx_word' id='word_1_317' title='bbox 2028 454 2142 515; x_wconf 90' lang='lat' dir='ltr'><strong>tibi</strong></span> <span class='ocrx_word' id='word_1_318' title='bbox 2172 455 2382 518; x_wconf 85' lang='lat' dir='ltr'><strong>statim</strong></span> <span class='ocrx_word' id='word_1_319' title='bbox 2411 457 2709 535; x_wconf 83' lang='lat' dir='ltr'><strong>pecunias</strong></span> <span class='ocrx_word' id='word_1_320' title='bbox 2737 456 2839 517; x_wconf 89' lang='lat' dir='ltr'><strong>hic</strong></span> <span class='ocrx_word' id='word_1_321' title='bbox 2867 457 3103 531; x_wconf 80' lang='lat' dir='ltr'><strong>Romae,</strong></span> <span class='ocrx_word' id='word_1_322' title='bbox 3135 458 3382 516; x_wconf 88' lang='lat' dir='ltr'><strong>servato</strong></span> 
     </span>
     <span class='ocr_line' id='line_1_52' title="bbox 1847 546 3378 628; baseline -0.001 -21"><span class='ocrx_word' id='word_1_323' title='bbox 1847 546 1963 607; x_wconf 89' lang='lat' dir='ltr'><strong>sibi</strong></span> <span class='ocrx_word' id='word_1_324' title='bbox 2007 546 2150 627; x_wconf 85' lang='lat' dir='ltr'><strong>jure</strong></span> <span class='ocrx_word' id='word_1_325' title='bbox 2204 548 2550 626; x_wconf 88' lang='lat' dir='ltr'><strong>recipiendi</strong></span> <span class='ocrx_word' id='word_1_326' title='bbox 2596 548 2898 628; x_wconf 87' lang='lat' dir='ltr'><strong>pecunias</strong></span> <span class='ocrx_word' id='word_1_327' title='bbox 2944 553 3084 610; x_wconf 91' lang='lat' dir='ltr'><strong>tuas</strong></span> <span class='ocrx_word' id='word_1_328' title='bbox 3125 547 3378 622; x_wconf 74' lang='lat' dir='ltr'><strong>Matuti,</strong></span> 
     </span>
     <span class='ocr_line' id='line_1_53' title="bbox 1848 639 3382 720; baseline -0.001 -20"><span class='ocrx_word' id='word_1_329' title='bbox 1848 640 1999 700; x_wconf 92' lang='lat' dir='ltr'><strong>dum</strong></span> <span class='ocrx_word' id='word_1_330' title='bbox 2029 644 2240 701; x_wconf 77' lang='lat' dir='ltr'><strong>tamen</strong></span> <span class='ocrx_word' id='word_1_331' title='bbox 2263 658 2374 719; x_wconf 88' lang='lat' dir='ltr'><strong>pro</strong></span> <span class='ocrx_word' id='word_1_332' title='bbox 2397 640 2516 702; x_wconf 90' lang='lat' dir='ltr'><strong>hac</strong></span> <span class='ocrx_word' id='word_1_333' title='bbox 2531 641 2871 720; x_wconf 86' lang='lat' dir='ltr'><strong>anticipata</strong></span> <span class='ocrx_word' id='word_1_334' title='bbox 2885 641 3191 702; x_wconf 90' lang='lat' dir='ltr'><strong>solutione</strong></span> <span class='ocrx_word' id='word_1_335' title='bbox 3213 639 3382 699; x_wconf 90' lang='lat' dir='ltr'><strong>aliud</strong></span> 
     </span>
     <span class='ocr_line' id='line_1_54' title="bbox 1845 731 3384 812; baseline 0.001 -21"><span class='ocrx_word' id='word_1_336' title='bbox 1845 733 2117 811; x_wconf 86' lang='lat' dir='ltr'><strong>pretium</strong></span> <span class='ocrx_word' id='word_1_337' title='bbox 2150 751 2275 793; x_wconf 93' lang='lat' dir='ltr'><strong>non</strong></span> <span class='ocrx_word' id='word_1_338' title='bbox 2306 733 2581 812; x_wconf 83' lang='lat' dir='ltr'><strong>exigeret</strong></span> <span class='ocrx_word' id='word_1_339' title='bbox 2608 754 2623 807; x_wconf 87' lang='lat'><strong>;</strong></span> <span class='ocrx_word' id='word_1_340' title='bbox 2658 752 2775 794; x_wconf 90' lang='lat' dir='ltr'><strong>nec</strong></span> <span class='ocrx_word' id='word_1_341' title='bbox 2803 734 2964 794; x_wconf 88' lang='lat' dir='ltr'><strong>ullus</strong></span> <span class='ocrx_word' id='word_1_342' title='bbox 2986 738 3196 812; x_wconf 91' lang='lat' dir='ltr'><strong>posset</strong></span> <span class='ocrx_word' id='word_1_343' title='bbox 3213 731 3384 793; x_wconf 87' lang='lat' dir='ltr'><strong>bunc</strong></span> 
     </span>
     <span class='ocr_line' id='line_1_55' title="bbox 1845 825 3380 905; baseline -0.001 -19"><span class='ocrx_word' id='word_1_344' title='bbox 1845 829 2241 887; x_wconf 88' lang='lat' dir='ltr'><strong>contractum</strong></span> <span class='ocrx_word' id='word_1_345' title='bbox 2267 827 2627 905; x_wconf 82' lang='lat' dir='ltr'><strong>reprobare.</strong></span> <span class='ocrx_word' id='word_1_346' title='bbox 2664 830 2795 888; x_wconf 91' lang='lat' dir='ltr'><strong>Hoc</strong></span> <span class='ocrx_word' id='word_1_347' title='bbox 2825 831 3039 888; x_wconf 88' lang='lat' dir='ltr'><strong>autem</strong></span> <span class='ocrx_word' id='word_1_348' title='bbox 3068 827 3271 904; x_wconf 88' lang='lat' dir='ltr'><strong>ipsum</strong></span> <span class='ocrx_word' id='word_1_349' title='bbox 3292 825 3380 885; x_wconf 88' lang='lat' dir='ltr'><strong>fa-</strong></span> 
     </span>
     <span class='ocr_line' id='line_1_56' title="bbox 1845 917 3379 999; baseline -0.001 -21"><span class='ocrx_word' id='word_1_350' title='bbox 1845 918 1931 980; x_wconf 92' lang='lat' dir='ltr'><strong>cit</strong></span> <span class='ocrx_word' id='word_1_351' title='bbox 1957 920 2328 997; x_wconf 87' lang='lat' dir='ltr'><strong>campsorin</strong></span> <span class='ocrx_word' id='word_1_352' title='bbox 2359 938 2507 980; x_wconf 90' lang='lat' dir='ltr'><strong>casu</strong></span> <span class='ocrx_word' id='word_1_353' title='bbox 2537 925 2772 997; x_wconf 88' lang='lat' dir='ltr'><strong>nostro,</strong></span> <span class='ocrx_word' id='word_1_354' title='bbox 2810 920 2915 999; x_wconf 89' lang='lat' dir='ltr'><strong>qui</strong></span> <span class='ocrx_word' id='word_1_355' title='bbox 2946 939 3011 981; x_wconf 88' lang='lat' dir='ltr'><strong>se</strong></span> <span class='ocrx_word' id='word_1_356' title='bbox 3043 919 3283 997; x_wconf 89' lang='lat' dir='ltr'><strong>obligat</strong></span> <span class='ocrx_word' id='word_1_357' title='bbox 3298 917 3379 977; x_wconf 88' lang='lat' dir='ltr'><strong>ad</strong></span> 
     </span>
     <span class='ocr_line' id='line_1_57' title="bbox 1845 1010 3381 1091; baseline 0.001 -20"><span class='ocrx_word' id='word_1_358' title='bbox 1845 1010 2247 1090; x_wconf 87' lang='lat' dir='ltr'><strong>trajiciendas</strong></span> <span class='ocrx_word' id='word_1_359' title='bbox 2273 1013 2572 1091; x_wconf 87' lang='lat' dir='ltr'><strong>pecunias</strong></span> <span class='ocrx_word' id='word_1_360' title='bbox 2600 1017 2742 1074; x_wconf 89' lang='lat' dir='ltr'><strong>tuas</strong></span> <span class='ocrx_word' id='word_1_361' title='bbox 2772 1015 3035 1074; x_wconf 88' lang='lat' dir='ltr'><strong>Ramam</strong></span> <span class='ocrx_word' id='word_1_362' title='bbox 3060 1058 3075 1088; x_wconf 95' lang='lat'><strong>,</strong></span> <span class='ocrx_word' id='word_1_363' title='bbox 3118 1015 3181 1072; x_wconf 87' lang='lat' dir='ltr'><strong>et</strong></span> <span class='ocrx_word' id='word_1_364' title='bbox 3205 1029 3381 1072; x_wconf 87' lang='lat' dir='ltr'><strong>assu—</strong></span> 
     </span>
     <span class='ocr_line' id='line_1_58' title="bbox 1846 1103 3379 1185; baseline 0.001 -23"><span class='ocrx_word' id='word_1_365' title='bbox 1846 1104 1960 1164; x_wconf 90' lang='lat' dir='ltr'><strong>mit</strong></span> <span class='ocrx_word' id='word_1_366' title='bbox 1985 1104 2048 1163; x_wconf 92' lang='lat' dir='ltr'><strong>in</strong></span> <span class='ocrx_word' id='word_1_367' title='bbox 2070 1123 2137 1164; x_wconf 91' lang='lat' dir='ltr'><strong>se</strong></span> <span class='ocrx_word' id='word_1_368' title='bbox 2165 1105 2536 1183; x_wconf 89' lang='lat' dir='ltr'><strong>periculum,</strong></span> <span class='ocrx_word' id='word_1_369' title='bbox 2571 1105 2967 1185; x_wconf 86' lang='lat' dir='ltr'><strong>pretiumque</strong></span> <span class='ocrx_word' id='word_1_370' title='bbox 2988 1103 3228 1184; x_wconf 85' lang='lat' dir='ltr'><strong>justum</strong></span> <span class='ocrx_word' id='word_1_371' title='bbox 3256 1107 3379 1164; x_wconf 89' lang='lat' dir='ltr'><strong>tra-</strong></span> 
     </span>
     <span class='ocr_line' id='line_1_59' title="bbox 1838 1195 3373 1277; baseline 0 -22"><span class='ocrx_word' id='word_1_372' title='bbox 1838 1195 2129 1273; x_wconf 86' lang='lat' dir='ltr'><strong>jectionis</strong></span> <span class='ocrx_word' id='word_1_373' title='bbox 2159 1200 2219 1257; x_wconf 89' lang='lat' dir='ltr'><strong>et</strong></span> <span class='ocrx_word' id='word_1_374' title='bbox 2247 1198 2727 1259; x_wconf 85' lang='lat' dir='ltr'><strong>assecurationis</strong></span> <span class='ocrx_word' id='word_1_375' title='bbox 2748 1198 2973 1277; x_wconf 85' lang='lat' dir='ltr'><strong>exigit;</strong></span> <span class='ocrx_word' id='word_1_376' title='bbox 3008 1201 3072 1257; x_wconf 91' lang='lat' dir='ltr'><strong>et</strong></span> <span class='ocrx_word' id='word_1_377' title='bbox 3095 1196 3373 1272; x_wconf 86' lang='lat' dir='ltr'><strong>tandem,</strong></span> 
     </span>
     <span class='ocr_line' id='line_1_60' title="bbox 1845 1288 3380 1366; baseline 0.001 -18"><span class='ocrx_word' id='word_1_378' title='bbox 1845 1292 1914 1349; x_wconf 94' lang='lat' dir='ltr'><strong>ut</strong></span> <span class='ocrx_word' id='word_1_379' title='bbox 1940 1307 2005 1348; x_wconf 86' lang='lat' dir='ltr'><strong>se</strong></span> <span class='ocrx_word' id='word_1_380' title='bbox 2036 1288 2247 1349; x_wconf 90' lang='lat' dir='ltr'><strong>debito</strong></span> <span class='ocrx_word' id='word_1_381' title='bbox 2277 1294 2596 1350; x_wconf 90' lang='lat' dir='ltr'><strong>contracto</strong></span> <span class='ocrx_word' id='word_1_382' title='bbox 2628 1290 2872 1366; x_wconf 85' lang='lat' dir='ltr'><strong>liberet,</strong></span> <span class='ocrx_word' id='word_1_383' title='bbox 2907 1288 3248 1366; x_wconf 87' lang='lat' dir='ltr'><strong>anticipata</strong></span> <span class='ocrx_word' id='word_1_384' title='bbox 3278 1307 3380 1349; x_wconf 90' lang='lat' dir='ltr'><strong>so-</strong></span> 
     </span>
     <span class='ocr_line' id='line_1_61' title="bbox 1843 1380 3377 1459; baseline 0.001 -19"><span class='ocrx_word' id='word_1_385' title='bbox 1843 1380 2077 1441; x_wconf 92' lang='lat' dir='ltr'><strong>lutione</strong></span> <span class='ocrx_word' id='word_1_386' title='bbox 2108 1381 2439 1458; x_wconf 87' lang='lat' dir='ltr'><strong>pecuniam</strong></span> <span class='ocrx_word' id='word_1_387' title='bbox 2470 1382 2583 1443; x_wconf 89' lang='lat' dir='ltr'><strong>tibi</strong></span> <span class='ocrx_word' id='word_1_388' title='bbox 2613 1386 2830 1446; x_wconf 84' lang='lat' dir='ltr'><strong>Romae</strong></span> <span class='ocrx_word' id='word_1_389' title='bbox 2858 1382 3063 1457; x_wconf 82' lang='lat' dir='ltr'><strong>solvit,</strong></span> <span class='ocrx_word' id='word_1_390' title='bbox 3091 1381 3243 1441; x_wconf 89' lang='lat' dir='ltr'><strong>nihil</strong></span> <span class='ocrx_word' id='word_1_391' title='bbox 3263 1399 3377 1459; x_wconf 90' lang='lat' dir='ltr'><strong>pro</strong></span> 
     </span>
    </p>
   </div>
   <div class='ocr_carea' id='block_1_9' title="bbox 1844 1464 3496 1554">
    <p class='ocr_par' dir='ltr' id='par_1_10' title="bbox 1844 1464 3496 1554">
     <span class='ocr_line' id='line_1_62' title="bbox 1844 1464 3496 1554; baseline -0.001 -20"><span class='ocrx_word' id='word_1_392' title='bbox 1844 1492 1919 1534; x_wconf 87' lang='lat' dir='ltr'><strong>ea</strong></span> <span class='ocrx_word' id='word_1_393' title='bbox 1959 1474 2405 1553; x_wconf 82' lang='lat' dir='ltr'><strong>anticipatione</strong></span> <span class='ocrx_word' id='word_1_394' title='bbox 2454 1475 2784 1554; x_wconf 86' lang='lat' dir='ltr'><strong>exigendo,</strong></span> <span class='ocrx_word' id='word_1_395' title='bbox 2837 1475 2902 1535; x_wconf 92' lang='lat' dir='ltr'><strong>in</strong></span> <span class='ocrx_word' id='word_1_396' title='bbox 2958 1493 3082 1553; x_wconf 89' lang='lat' dir='ltr'><strong>quo</strong></span> <span class='ocrx_word' id='word_1_397' title='bbox 3139 1473 3379 1534; x_wconf 92' lang='lat' dir='ltr'><strong>nullum</strong></span> <span class='ocrx_word' id='word_1_398' title='bbox 3488 1464 3496 1487; x_wconf 65' lang='lat'>⁶</span> 
     </span>
    </p>
   </div>
   <div class='ocr_carea' id='block_1_10' title="bbox 1818 1566 3381 5539">
    <p class='ocr_par' dir='ltr' id='par_1_11' title="bbox 1834 1566 3381 2571">
     <span class='ocr_line' id='line_1_63' title="bbox 1844 1566 3381 1646; baseline -0.001 -20"><span class='ocrx_word' id='word_1_399' title='bbox 1844 1584 2049 1626; x_wconf 85' lang='lat' dir='ltr'><strong>usurae</strong></span> <span class='ocrx_word' id='word_1_400' title='bbox 2081 1566 2416 1645; x_wconf 81' lang='lat' dir='ltr'><strong>vestigium</strong></span> <span class='ocrx_word' id='word_1_401' title='bbox 2460 1567 2807 1645; x_wconf 85' lang='lat' dir='ltr'><strong>invenitur,</strong></span> <span class='ocrx_word' id='word_1_402' title='bbox 2853 1567 2962 1627; x_wconf 84' lang='lat' dir='ltr'><strong>secl</strong></span> <span class='ocrx_word' id='word_1_403' title='bbox 2993 1567 3196 1646; x_wconf 86' lang='lat' dir='ltr'><strong>gratia</strong></span> <span class='ocrx_word' id='word_1_404' title='bbox 3224 1567 3381 1627; x_wconf 90' lang='lat' dir='ltr'><strong>anti-</strong></span> 
     </span>
     <span class='ocr_line' id='line_1_64' title="bbox 1842 1659 3380 1739; baseline 0 -19"><span class='ocrx_word' id='word_1_405' title='bbox 1842 1659 2062 1737; x_wconf 81' lang='lat' dir='ltr'><strong>cipatae</strong></span> <span class='ocrx_word' id='word_1_406' title='bbox 2093 1659 2417 1720; x_wconf 85' lang='lat' dir='ltr'><strong>solutionis</strong></span> <span class='ocrx_word' id='word_1_407' title='bbox 2448 1679 2640 1739; x_wconf 90' lang='lat' dir='ltr'><strong>quam</strong></span> <span class='ocrx_word' id='word_1_408' title='bbox 2668 1661 2733 1720; x_wconf 90' lang='lat' dir='ltr'><strong>in</strong></span> <span class='ocrx_word' id='word_1_409' title='bbox 2761 1664 2947 1722; x_wconf 91' lang='lat' dir='ltr'><strong>tuum</strong></span> <span class='ocrx_word' id='word_1_410' title='bbox 2977 1659 3380 1721; x_wconf 88' lang='lat' dir='ltr'><strong>commodum</strong></span> 
     </span>
     <span class='ocr_line' id='line_1_65' title="bbox 1843 1753 3380 1831; baseline -0.001 -18"><span class='ocrx_word' id='word_1_411' title='bbox 1843 1770 2134 1830; x_wconf 87' lang='lat' dir='ltr'><strong>campsor</strong></span> <span class='ocrx_word' id='word_1_412' title='bbox 2162 1756 2436 1830; x_wconf 74' lang='lat' dir='ltr'><strong>praestat.</strong></span> <span class='ocrx_word' id='word_1_413' title='bbox 2471 1755 2521 1813; x_wconf 92' lang='lat' dir='ltr'><strong>N</strong></span> <span class='ocrx_word' id='word_1_414' title='bbox 2529 1772 2598 1813; x_wconf 91' lang='lat' dir='ltr'><strong>ec</strong></span> <span class='ocrx_word' id='word_1_415' title='bbox 2625 1754 2854 1829; x_wconf 82' lang='lat' dir='ltr'><strong>obstat,</strong></span> <span class='ocrx_word' id='word_1_416' title='bbox 2889 1753 3058 1828; x_wconf 81' lang='lat' dir='ltr'><strong>quod</strong></span> <span class='ocrx_word' id='word_1_417' title='bbox 3088 1770 3380 1831; x_wconf 89' lang='lat' dir='ltr'><strong>campsor</strong></span> 
     </span>
     <span class='ocr_line' id='line_1_66' title="bbox 1842 1844 3377 1925; baseline 0 -20"><span class='ocrx_word' id='word_1_418' title='bbox 1842 1844 1974 1905; x_wconf 89' lang='lat' dir='ltr'><strong>sine</strong></span> <span class='ocrx_word' id='word_1_419' title='bbox 2005 1845 2130 1906; x_wconf 86' lang='lat' dir='ltr'><strong>ullo</strong></span> <span class='ocrx_word' id='word_1_420' title='bbox 2160 1845 2557 1907; x_wconf 89' lang='lat' dir='ltr'><strong>incommodo</strong></span> <span class='ocrx_word' id='word_1_421' title='bbox 2582 1891 2598 1922; x_wconf 97' lang='lat'><strong>,</strong></span> <span class='ocrx_word' id='word_1_422' title='bbox 2654 1847 2783 1906; x_wconf 90' lang='lat' dir='ltr'><strong>imo</strong></span> <span class='ocrx_word' id='word_1_423' title='bbox 2835 1846 3177 1925; x_wconf 85' lang='lat' dir='ltr'><strong>aliquando</strong></span> <span class='ocrx_word' id='word_1_424' title='bbox 3232 1864 3377 1905; x_wconf 91' lang='lat' dir='ltr'><strong>cum</strong></span> 
     </span>
     <span class='ocr_line' id='line_1_67' title="bbox 1840 1938 3372 2017; baseline 0.001 -20"><span class='ocrx_word' id='word_1_425' title='bbox 1840 1956 1951 1998; x_wconf 93' lang='lat' dir='ltr'><strong>suo</strong></span> <span class='ocrx_word' id='word_1_426' title='bbox 1985 1938 2317 1999; x_wconf 91' lang='lat' dir='ltr'><strong>commodo</strong></span> <span class='ocrx_word' id='word_1_427' title='bbox 2346 1939 2615 2017; x_wconf 88' lang='lat' dir='ltr'><strong>accipiat</strong></span> <span class='ocrx_word' id='word_1_428' title='bbox 2644 1938 2940 2016; x_wconf 89' lang='lat' dir='ltr'><strong>pecunias</strong></span> <span class='ocrx_word' id='word_1_429' title='bbox 2961 1944 3098 1999; x_wconf 88' lang='lat' dir='ltr'><strong>tuas</strong></span> <span class='ocrx_word' id='word_1_430' title='bbox 3118 1938 3372 2014; x_wconf 65' lang='lat' dir='ltr'><strong>Manui,</strong></span> 
     </span>
     <span class='ocr_line' id='line_1_68' title="bbox 1839 2029 3377 2108; baseline 0.001 -19"><span class='ocrx_word' id='word_1_431' title='bbox 1839 2030 1947 2090; x_wconf 89' lang='lat' dir='ltr'><strong>ubi</strong></span> <span class='ocrx_word' id='word_1_432' title='bbox 1977 2029 2159 2091; x_wconf 91' lang='lat' dir='ltr'><strong>utiles</strong></span> <span class='ocrx_word' id='word_1_433' title='bbox 2189 2030 2245 2089; x_wconf 90' lang='lat' dir='ltr'><strong>ei</strong></span> <span class='ocrx_word' id='word_1_434' title='bbox 2275 2035 2420 2090; x_wconf 89' lang='lat' dir='ltr'><strong>sunt</strong></span> <span class='ocrx_word' id='word_1_435' title='bbox 2452 2049 2465 2089; x_wconf 76' lang='grc' dir='ltr'>ε</span> <span class='ocrx_word' id='word_1_436' title='bbox 2503 2030 2638 2090; x_wconf 68' lang='lat' dir='ltr'><strong>haec</strong></span> <span class='ocrx_word' id='word_1_437' title='bbox 2667 2030 2834 2090; x_wconf 91' lang='lat' dir='ltr'><strong>enim</strong></span> <span class='ocrx_word' id='word_1_438' title='bbox 2883 2031 3093 2091; x_wconf 86' lang='lat' dir='ltr'><strong>omnia</strong></span> <span class='ocrx_word' id='word_1_439' title='bbox 3131 2049 3245 2108; x_wconf 90' lang='lat' dir='ltr'><strong>per</strong></span> <span class='ocrx_word' id='word_1_440' title='bbox 3272 2048 3377 2091; x_wconf 88' lang='lat' dir='ltr'><strong>ac-</strong></span> 
     </span>
     <span class='ocr_line' id='line_1_69' title="bbox 1838 2121 3374 2198; baseline 0.001 -15"><span class='ocrx_word' id='word_1_441' title='bbox 1838 2123 2052 2183; x_wconf 89' lang='lat' dir='ltr'><strong>cidens</strong></span> <span class='ocrx_word' id='word_1_442' title='bbox 2079 2142 2146 2182; x_wconf 91' lang='lat' dir='ltr'><strong>se</strong></span> <span class='ocrx_word' id='word_1_443' title='bbox 2176 2121 2410 2183; x_wconf 88' lang='lat' dir='ltr'><strong>habent</strong></span> <span class='ocrx_word' id='word_1_444' title='bbox 2433 2168 2448 2198; x_wconf 94' lang='lat'>‚</span> <span class='ocrx_word' id='word_1_445' title='bbox 2501 2127 2564 2184; x_wconf 90' lang='lat' dir='ltr'><strong>et</strong></span> <span class='ocrx_word' id='word_1_446' title='bbox 2608 2123 2794 2183; x_wconf 88' lang='lat' dir='ltr'><strong>tribui</strong></span> <span class='ocrx_word' id='word_1_447' title='bbox 2834 2122 3068 2184; x_wconf 90' lang='lat' dir='ltr'><strong>debent</strong></span> <span class='ocrx_word' id='word_1_448' title='bbox 3106 2123 3374 2184; x_wconf 86' lang='lat' dir='ltr'><strong>fortunae</strong></span> 
     </span>
     <span class='ocr_line' id='line_1_70' title="bbox 1837 2215 3374 2294; baseline 0 -19"><span class='ocrx_word' id='word_1_449' title='bbox 1837 2216 1935 2276; x_wconf 80' lang='lat' dir='ltr'><strong>vel</strong></span> <span class='ocrx_word' id='word_1_450' title='bbox 1965 2215 2286 2276; x_wconf 83' lang='lat' dir='ltr'><strong>industriae</strong></span> <span class='ocrx_word' id='word_1_451' title='bbox 2333 2215 2715 2293; x_wconf 87' lang='lat' dir='ltr'><strong>campsoris,</strong></span> <span class='ocrx_word' id='word_1_452' title='bbox 2768 2235 2885 2277; x_wconf 92' lang='lat' dir='ltr'><strong>nec</strong></span> <span class='ocrx_word' id='word_1_453' title='bbox 2932 2216 3161 2277; x_wconf 92' lang='lat' dir='ltr'><strong>tollunt</strong></span> <span class='ocrx_word' id='word_1_454' title='bbox 3205 2216 3374 2294; x_wconf 89' lang='lat' dir='ltr'><strong>quod</strong></span> 
     </span>
     <span class='ocr_line' id='line_1_71' title="bbox 1836 2306 3373 2386; baseline 0.001 -19"><span class='ocrx_word' id='word_1_455' title='bbox 1836 2306 2209 2368; x_wconf 84' lang='lat' dir='ltr'><strong>beneficium</strong></span> <span class='ocrx_word' id='word_1_456' title='bbox 2240 2306 2391 2367; x_wconf 86' lang='lat' dir='ltr'><strong>illud</strong></span> <span class='ocrx_word' id='word_1_457' title='bbox 2422 2307 2808 2386; x_wconf 82' lang='lat' dir='ltr'><strong>trajectionis</strong></span> <span class='ocrx_word' id='word_1_458' title='bbox 2840 2312 2901 2369; x_wconf 91' lang='lat' dir='ltr'><strong>et</strong></span> <span class='ocrx_word' id='word_1_459' title='bbox 2948 2308 3373 2368; x_wconf 55' lang='lat' dir='ltr'><strong>assecuratio‘</strong></span> 
     </span>
     <span class='ocr_line' id='line_1_72' title="bbox 1836 2400 3371 2478; baseline 0 -18"><span class='ocrx_word' id='word_1_460' title='bbox 1836 2401 1932 2461; x_wconf 90' lang='lat' dir='ltr'><strong>nis</strong></span> <span class='ocrx_word' id='word_1_461' title='bbox 1961 2400 2308 2460; x_wconf 86' lang='lat' dir='ltr'><strong>secundum</strong></span> <span class='ocrx_word' id='word_1_462' title='bbox 2336 2419 2402 2459; x_wconf 86' lang='lat' dir='ltr'><strong>se</strong></span> <span class='ocrx_word' id='word_1_463' title='bbox 2432 2401 2512 2461; x_wconf 91' lang='lat' dir='ltr'><strong>sit</strong></span> <span class='ocrx_word' id='word_1_464' title='bbox 2541 2400 2741 2478; x_wconf 89' lang='lat' dir='ltr'><strong>pretio</strong></span> <span class='ocrx_word' id='word_1_465' title='bbox 2775 2400 3144 2461; x_wconf 78' lang='lat' dir='ltr'><strong>aestimabile</strong></span> <span class='ocrx_word' id='word_1_466' title='bbox 3163 2446 3178 2476; x_wconf 94' lang='lat'>‚</span> <span class='ocrx_word' id='word_1_467' title='bbox 3212 2405 3280 2462; x_wconf 91' lang='lat' dir='ltr'><strong>ut</strong></span> <span class='ocrx_word' id='word_1_468' title='bbox 3307 2400 3371 2461; x_wconf 89' lang='lat' dir='ltr'><strong>in</strong></span> 
     </span>
     <span class='ocr_line' id='line_1_73' title="bbox 1834 2492 3043 2571; baseline 0 -18"><span class='ocrx_word' id='word_1_469' title='bbox 1834 2494 2020 2553; x_wconf 88' lang='lat' dir='ltr'><strong>simili</strong></span> <span class='ocrx_word' id='word_1_470' title='bbox 2048 2492 2318 2553; x_wconf 83' lang='lat' dir='ltr'><strong>vidimus</strong></span> <span class='ocrx_word' id='word_1_471' title='bbox 2345 2492 2617 2553; x_wconf 87' lang='lat' dir='ltr'><strong>sectione</strong></span> <span class='ocrx_word' id='word_1_472' title='bbox 2643 2492 3043 2571; x_wconf 82' lang='lat' dir='ltr'><strong>praecedenti.</strong></span> 
     </span>
    </p>

    <p class='ocr_par' dir='ltr' id='par_1_12' title="bbox 1823 2584 3370 4797">
     <span class='ocr_line' id='line_1_74' title="bbox 1912 2584 3368 2663; baseline -0.002 -16"><span class='ocrx_word' id='word_1_473' title='bbox 1912 2586 2161 2647; x_wconf 88' lang='lat' dir='ltr'><strong>Lessius</strong></span> <span class='ocrx_word' id='word_1_474' title='bbox 2191 2586 2252 2644; x_wconf 68' lang='lat' dir='ltr'><strong>ci.</strong></span> <span class='ocrx_word' id='word_1_475' title='bbox 2289 2585 2438 2645; x_wconf 89' lang='lat' dir='ltr'><strong>dub.</strong></span> <span class='ocrx_word' id='word_1_476' title='bbox 2473 2602 2559 2646; x_wconf 77' lang='lat' dir='ltr'><strong>lv.</strong></span> <span class='ocrx_word' id='word_1_477' title='bbox 2585 2605 2647 2647; x_wconf 89' lang='lat' dir='ltr'><strong>n.</strong></span> <span class='ocrx_word' id='word_1_478' title='bbox 2682 2589 2740 2646; x_wconf 89' lang='lat'><strong>3.</strong></span> <span class='ocrx_word' id='word_1_479' title='bbox 2775 2585 2969 2645; x_wconf 91' lang='lat' dir='ltr'><strong>alium</strong></span> <span class='ocrx_word' id='word_1_480' title='bbox 2997 2585 3150 2645; x_wconf 89' lang='lat' dir='ltr'><strong>lucri</strong></span> <span class='ocrx_word' id='word_1_481' title='bbox 3182 2584 3368 2663; x_wconf 86' lang='lat' dir='ltr'><strong>hujus</strong></span> 
     </span>
     <span class='ocr_line' id='line_1_75' title="bbox 1833 2677 3363 2757; baseline -0.002 -16"><span class='ocrx_word' id='word_1_482' title='bbox 1833 2680 2083 2741; x_wconf 90' lang='lat' dir='ltr'><strong>titulum</strong></span> <span class='ocrx_word' id='word_1_483' title='bbox 2130 2677 2611 2738; x_wconf 85' lang='lat' dir='ltr'><strong>condistinctum</strong></span> <span class='ocrx_word' id='word_1_484' title='bbox 2650 2697 2690 2739; x_wconf 87' lang='lat' dir='ltr'><strong>a</strong></span> <span class='ocrx_word' id='word_1_485' title='bbox 2736 2678 3119 2757; x_wconf 64' lang='lat' dir='ltr'><strong>praecedenti</strong></span> <span class='ocrx_word' id='word_1_486' title='bbox 3159 2680 3363 2754; x_wconf 78' lang='lat' dir='ltr'><strong>affert,</strong></span> 
     </span>
     <span class='ocr_line' id='line_1_76' title="bbox 1833 2771 3369 2851; baseline -0.001 -19"><span class='ocrx_word' id='word_1_487' title='bbox 1833 2791 2057 2850; x_wconf 91' lang='lat' dir='ltr'><strong>nempe</strong></span> <span class='ocrx_word' id='word_1_488' title='bbox 2088 2771 2435 2832; x_wconf 85' lang='lat' dir='ltr'><strong>absentiam</strong></span> <span class='ocrx_word' id='word_1_489' title='bbox 2464 2772 2745 2850; x_wconf 81' lang='lat' dir='ltr'><strong>pecuniae</strong></span> <span class='ocrx_word' id='word_1_490' title='bbox 2778 2790 2967 2851; x_wconf 91' lang='lat' dir='ltr'><strong>quam</strong></span> <span class='ocrx_word' id='word_1_491' title='bbox 3014 2790 3303 2850; x_wconf 84' lang='lat' dir='ltr'><strong>campsor</strong></span> <span class='ocrx_word' id='word_1_492' title='bbox 3331 2790 3369 2831; x_wconf 86' lang='lat' dir='ltr'><strong>a</strong></span> 
     </span>
     <span class='ocr_line' id='line_1_77' title="bbox 1830 2864 3369 2944; baseline -0.002 -17"><span class='ocrx_word' id='word_1_493' title='bbox 1830 2871 1892 2927; x_wconf 92' lang='lat' dir='ltr'><strong>te</strong></span> <span class='ocrx_word' id='word_1_494' title='bbox 1921 2865 2167 2944; x_wconf 87' lang='lat' dir='ltr'><strong>accipit,</strong></span> <span class='ocrx_word' id='word_1_495' title='bbox 2201 2869 2263 2925; x_wconf 86' lang='lat' dir='ltr'><strong>et</strong></span> <span class='ocrx_word' id='word_1_496' title='bbox 2288 2865 2684 2942; x_wconf 62' lang='lat' dir='ltr'><strong>praesentiam</strong></span> <span class='ocrx_word' id='word_1_497' title='bbox 2720 2865 3006 2944; x_wconf 57' lang='lat' dir='ltr'><strong>pecuniae</strong></span> <span class='ocrx_word' id='word_1_498' title='bbox 3036 2883 3223 2943; x_wconf 88' lang='lat' dir='ltr'><strong>quam</strong></span> <span class='ocrx_word' id='word_1_499' title='bbox 3253 2864 3369 2926; x_wconf 94' lang='lat' dir='ltr'><strong>tibi</strong></span> 
     </span>
     <span class='ocr_line' id='line_1_78' title="bbox 1830 2957 3370 3036; baseline -0.001 -19"><span class='ocrx_word' id='word_1_500' title='bbox 1830 2958 1939 3018; x_wconf 89' lang='lat' dir='ltr'><strong>dat</strong></span> <span class='ocrx_word' id='word_1_501' title='bbox 1970 2978 1983 3018; x_wconf 91' lang='lat'>:</span> <span class='ocrx_word' id='word_1_502' title='bbox 2016 2957 2155 3036; x_wconf 89' lang='lat' dir='ltr'><strong>plus</strong></span> <span class='ocrx_word' id='word_1_503' title='bbox 2186 2957 2349 3017; x_wconf 91' lang='lat' dir='ltr'><strong>enim</strong></span> <span class='ocrx_word' id='word_1_504' title='bbox 2386 2957 2548 3018; x_wconf 82' lang='lat' dir='ltr'><strong>valet</strong></span> <span class='ocrx_word' id='word_1_505' title='bbox 2575 2958 2845 3035; x_wconf 85' lang='lat' dir='ltr'><strong>pecunia</strong></span> <span class='ocrx_word' id='word_1_506' title='bbox 2873 2976 3150 3036; x_wconf 81' lang='lat' dir='ltr'><strong>praesens</strong></span> <span class='ocrx_word' id='word_1_507' title='bbox 3178 2974 3370 3035; x_wconf 85' lang='lat' dir='ltr'><strong>quam</strong></span> 
     </span>
     <span class='ocr_line' id='line_1_79' title="bbox 1828 3049 3368 3126; baseline 0 -17"><span class='ocrx_word' id='word_1_508' title='bbox 1828 3050 2075 3125; x_wconf 80' lang='lat' dir='ltr'><strong>absens,</strong></span> <span class='ocrx_word' id='word_1_509' title='bbox 2110 3068 2254 3109; x_wconf 89' lang='lat' dir='ltr'><strong>cum</strong></span> <span class='ocrx_word' id='word_1_510' title='bbox 2275 3049 2410 3109; x_wconf 84' lang='lat' dir='ltr'><strong>haec</strong></span> <span class='ocrx_word' id='word_1_511' title='bbox 2437 3049 2571 3109; x_wconf 88' lang='lat' dir='ltr'><strong>sine</strong></span> <span class='ocrx_word' id='word_1_512' title='bbox 2596 3049 2950 3126; x_wconf 87' lang='lat' dir='ltr'><strong>sumptibus</strong></span> <span class='ocrx_word' id='word_1_513' title='bbox 2969 3053 3033 3109; x_wconf 87' lang='lat' dir='ltr'><strong>et</strong></span> <span class='ocrx_word' id='word_1_514' title='bbox 3049 3049 3368 3111; x_wconf 87' lang='lat' dir='ltr'><strong>laboribus</strong></span> 
     </span>
     <span class='ocr_line' id='line_1_80' title="bbox 1828 3141 3369 3221; baseline 0.001 -19"><span class='ocrx_word' id='word_1_515' title='bbox 1828 3161 1954 3204; x_wconf 92' lang='lat' dir='ltr'><strong>non</strong></span> <span class='ocrx_word' id='word_1_516' title='bbox 1984 3143 2180 3221; x_wconf 87' lang='lat' dir='ltr'><strong>possit</strong></span> <span class='ocrx_word' id='word_1_517' title='bbox 2205 3142 2339 3203; x_wconf 83' lang='lat' dir='ltr'><strong>fieri</strong></span> <span class='ocrx_word' id='word_1_518' title='bbox 2391 3160 2692 3221; x_wconf 61' lang='lat' dir='ltr'><strong>praesens·</strong></span> <span class='ocrx_word' id='word_1_519' title='bbox 2746 3141 2858 3203; x_wconf 91' lang='lat' dir='ltr'><strong>Hic</strong></span> <span class='ocrx_word' id='word_1_520' title='bbox 2901 3147 3112 3203; x_wconf 87' lang='lat' dir='ltr'><strong>tamen</strong></span> <span class='ocrx_word' id='word_1_521' title='bbox 3154 3143 3369 3205; x_wconf 90' lang='lat' dir='ltr'><strong>titulus</strong></span> 
     </span>
     <span class='ocr_line' id='line_1_81' title="bbox 1829 3235 3369 3316; baseline 0.001 -21"><span class='ocrx_word' id='word_1_522' title='bbox 1829 3253 1955 3295; x_wconf 90' lang='lat' dir='ltr'><strong>non</strong></span> <span class='ocrx_word' id='word_1_523' title='bbox 1983 3240 2189 3313; x_wconf 90' lang='lat' dir='ltr'><strong>potest</strong></span> <span class='ocrx_word' id='word_1_524' title='bbox 2217 3235 2638 3314; x_wconf 89' lang='lat' dir='ltr'><strong>condistingui</strong></span> <span class='ocrx_word' id='word_1_525' title='bbox 2669 3253 2706 3295; x_wconf 92' lang='lat' dir='ltr'><strong>a</strong></span> <span class='ocrx_word' id='word_1_526' title='bbox 2749 3235 3137 3313; x_wconf 83' lang='lat' dir='ltr'><strong>praecedenti</strong></span> <span class='ocrx_word' id='word_1_527' title='bbox 3170 3257 3183 3297; x_wconf 91' lang='lat'>:</span> <span class='ocrx_word' id='word_1_528' title='bbox 3220 3237 3369 3316; x_wconf 90' lang='lat' dir='ltr'><strong>quia</strong></span> 
     </span>
     <span class='ocr_line' id='line_1_82' title="bbox 1828 3327 3368 3407; baseline 0 -19"><span class='ocrx_word' id='word_1_529' title='bbox 1828 3329 1881 3388; x_wconf 89' lang='lat' dir='ltr'><strong>si</strong></span> <span class='ocrx_word' id='word_1_530' title='bbox 1918 3328 2183 3407; x_wconf 90' lang='lat' dir='ltr'><strong>pecunia</strong></span> <span class='ocrx_word' id='word_1_531' title='bbox 2230 3327 2456 3387; x_wconf 90' lang='lat' dir='ltr'><strong>absens</strong></span> <span class='ocrx_word' id='word_1_532' title='bbox 2501 3328 2708 3388; x_wconf 89' lang='lat' dir='ltr'><strong>minus</strong></span> <span class='ocrx_word' id='word_1_533' title='bbox 2753 3328 2923 3387; x_wconf 86' lang='lat' dir='ltr'><strong>valet</strong></span> <span class='ocrx_word' id='word_1_534' title='bbox 2970 3346 3162 3406; x_wconf 87' lang='lat' dir='ltr'><strong>quam</strong></span> <span class='ocrx_word' id='word_1_535' title='bbox 3211 3346 3368 3405; x_wconf 79' lang='lat' dir='ltr'><strong>proe-</strong></span> 
     </span>
     <span class='ocr_line' id='line_1_83' title="bbox 1830 3420 3369 3499; baseline 0.001 -18"><span class='ocrx_word' id='word_1_536' title='bbox 1830 3439 2011 3496; x_wconf 88' lang='lat' dir='ltr'><strong>sens,</strong></span> <span class='ocrx_word' id='word_1_537' title='bbox 2072 3420 2213 3480; x_wconf 83' lang='lat' dir='ltr'><strong>ideo</strong></span> <span class='ocrx_word' id='word_1_538' title='bbox 2265 3425 2359 3481; x_wconf 91' lang='lat' dir='ltr'><strong>est</strong></span> <span class='ocrx_word' id='word_1_539' title='bbox 2403 3420 2551 3499; x_wconf 88' lang='lat' dir='ltr'><strong>quia</strong></span> <span class='ocrx_word' id='word_1_540' title='bbox 2598 3425 2668 3482; x_wconf 90' lang='lat' dir='ltr'><strong>ut</strong></span> <span class='ocrx_word' id='word_1_541' title='bbox 2706 3421 2818 3483; x_wconf 86' lang='lat' dir='ltr'><strong>fiat</strong></span> <span class='ocrx_word' id='word_1_542' title='bbox 2842 3438 3139 3498; x_wconf 83' lang='lat' dir='ltr'><strong>praesens‚</strong></span> <span class='ocrx_word' id='word_1_543' title='bbox 3180 3421 3369 3483; x_wconf 92' lang='lat' dir='ltr'><strong>debet</strong></span> 
     </span>
     <span class='ocr_line' id='line_1_84' title="bbox 1831 3513 3367 3592; baseline 0 -18"><span class='ocrx_word' id='word_1_544' title='bbox 1831 3533 1973 3574; x_wconf 90' lang='lat' dir='ltr'><strong>cum</strong></span> <span class='ocrx_word' id='word_1_545' title='bbox 2000 3513 2214 3573; x_wconf 85' lang='lat' dir='ltr'><strong>labore</strong></span> <span class='ocrx_word' id='word_1_546' title='bbox 2246 3517 2307 3574; x_wconf 91' lang='lat' dir='ltr'><strong>et</strong></span> <span class='ocrx_word' id='word_1_547' title='bbox 2336 3517 2586 3591; x_wconf 89' lang='lat' dir='ltr'><strong>sumptu</strong></span> <span class='ocrx_word' id='word_1_548' title='bbox 2615 3513 2818 3592; x_wconf 86' lang='lat' dir='ltr'><strong>trajici</strong></span> <span class='ocrx_word' id='word_1_549' title='bbox 2849 3516 2919 3573; x_wconf 90' lang='lat' dir='ltr'><strong>ut</strong></span> <span class='ocrx_word' id='word_1_550' title='bbox 2961 3517 3228 3574; x_wconf 88' lang='lat' dir='ltr'><strong>testatur</strong></span> <span class='ocrx_word' id='word_1_551' title='bbox 3264 3514 3367 3574; x_wconf 89' lang='lat' dir='ltr'><strong>ille</strong></span> 
     </span>
     <span class='ocr_line' id='line_1_85' title="bbox 1830 3604 3367 3685; baseline -0.001 -18"><span class='ocrx_word' id='word_1_552' title='bbox 1830 3611 2049 3667; x_wconf 84' lang='lat' dir='ltr'><strong>auctor</strong></span> <span class='ocrx_word' id='word_1_553' title='bbox 2082 3626 2095 3667; x_wconf 94' lang='lat'>:</span> <span class='ocrx_word' id='word_1_554' title='bbox 2129 3606 2178 3666; x_wconf 90' lang='lat' dir='ltr'><strong>si</strong></span> <span class='ocrx_word' id='word_1_555' title='bbox 2212 3625 2361 3684; x_wconf 84' lang='lat' dir='ltr'><strong>ergo</strong></span> <span class='ocrx_word' id='word_1_556' title='bbox 2391 3606 2652 3667; x_wconf 86' lang='lat' dir='ltr'><strong>solvitur</strong></span> <span class='ocrx_word' id='word_1_557' title='bbox 2680 3605 2951 3684; x_wconf 87' lang='lat' dir='ltr'><strong>pretium</strong></span> <span class='ocrx_word' id='word_1_558' title='bbox 2981 3604 3367 3685; x_wconf 82' lang='lat' dir='ltr'><strong>trajectionis</strong></span> 
     </span>
     <span class='ocr_line' id='line_1_86' title="bbox 1827 3697 3369 3777; baseline -0.001 -17"><span class='ocrx_word' id='word_1_559' title='bbox 1827 3698 2135 3774; x_wconf 82' lang='lat' dir='ltr'><strong>virtualiS‚</strong></span> <span class='ocrx_word' id='word_1_560' title='bbox 2162 3698 2296 3776; x_wconf 88' lang='lat' dir='ltr'><strong>jam</strong></span> <span class='ocrx_word' id='word_1_561' title='bbox 2323 3697 2428 3758; x_wconf 88' lang='lat' dir='ltr'><strong>illa</strong></span> <span class='ocrx_word' id='word_1_562' title='bbox 2458 3698 2764 3760; x_wconf 91' lang='lat' dir='ltr'><strong>solutione</strong></span> <span class='ocrx_word' id='word_1_563' title='bbox 2813 3697 3369 3777; x_wconf 86' lang='lat' dir='ltr'><strong>comprehenditur</strong></span> 
     </span>
     <span class='ocr_line' id='line_1_87' title="bbox 1829 3790 3365 3871; baseline -0.001 -19"><span class='ocrx_word' id='word_1_564' title='bbox 1829 3792 1890 3852; x_wconf 86' lang='lat' dir='ltr'><strong>id</strong></span> <span class='ocrx_word' id='word_1_565' title='bbox 1919 3791 2087 3871; x_wconf 89' lang='lat' dir='ltr'><strong>quod</strong></span> <span class='ocrx_word' id='word_1_566' title='bbox 2115 3810 2273 3869; x_wconf 88' lang='lat' dir='ltr'><strong>opus</strong></span> <span class='ocrx_word' id='word_1_567' title='bbox 2313 3795 2478 3852; x_wconf 89' lang='lat' dir='ltr'><strong>esset</strong></span> <span class='ocrx_word' id='word_1_568' title='bbox 2519 3790 2601 3851; x_wconf 89' lang='lat' dir='ltr'><strong>ad</strong></span> <span class='ocrx_word' id='word_1_569' title='bbox 2638 3791 3009 3851; x_wconf 86' lang='lat' dir='ltr'><strong>solvendum</strong></span> <span class='ocrx_word' id='word_1_570' title='bbox 3055 3791 3365 3869; x_wconf 88' lang='lat' dir='ltr'><strong>campsori</strong></span> 
     </span>
     <span class='ocr_line' id='line_1_88' title="bbox 1828 3882 3366 3964; baseline -0.002 -20"><span class='ocrx_word' id='word_1_571' title='bbox 1828 3883 2097 3964; x_wconf 91' lang='lat' dir='ltr'><strong>pecunia</strong></span> <span class='ocrx_word' id='word_1_572' title='bbox 2124 3883 2442 3961; x_wconf 71' lang='lat' dir='ltr'><strong>praesenti.</strong></span> <span class='ocrx_word' id='word_1_573' title='bbox 2480 3883 2683 3956; x_wconf 84' lang='lat' dir='ltr'><strong>Quare</strong></span> <span class='ocrx_word' id='word_1_574' title='bbox 2701 3884 2818 3943; x_wconf 91' lang='lat' dir='ltr'><strong>erit</strong></span> <span class='ocrx_word' id='word_1_575' title='bbox 2836 3883 3006 3943; x_wconf 91' lang='lat' dir='ltr'><strong>idem</strong></span> <span class='ocrx_word' id='word_1_576' title='bbox 3037 3901 3110 3942; x_wconf 89' lang='lat' dir='ltr'><strong>ac</strong></span> <span class='ocrx_word' id='word_1_577' title='bbox 3126 3882 3176 3942; x_wconf 89' lang='lat' dir='ltr'><strong>si</strong></span> <span class='ocrx_word' id='word_1_578' title='bbox 3199 3900 3366 3942; x_wconf 89' lang='lat' dir='ltr'><strong>cam-</strong></span> 
     </span>
     <span class='ocr_line' id='line_1_89' title="bbox 1826 3975 3368 4057; baseline 0.001 -20"><span class='ocrx_word' id='word_1_579' title='bbox 1826 3977 1993 4057; x_wconf 89' lang='lat' dir='ltr'><strong>psori</strong></span> <span class='ocrx_word' id='word_1_580' title='bbox 2026 3976 2198 4036; x_wconf 86' lang='lat' dir='ltr'><strong>dicas</strong></span> <span class='ocrx_word' id='word_1_581' title='bbox 2231 3995 2245 4035; x_wconf 75' lang='grc' dir='ltr'>ε</span> <span class='ocrx_word' id='word_1_582' title='bbox 2279 3979 2498 4036; x_wconf 89' lang='lat' dir='ltr'><strong>mutua</strong></span> <span class='ocrx_word' id='word_1_583' title='bbox 2544 3975 2698 4034; x_wconf 85' lang='lat' dir='ltr'><strong>mibi</strong></span> <span class='ocrx_word' id='word_1_584' title='bbox 2748 3977 2961 4036; x_wconf 83' lang='lat' dir='ltr'><strong>Romae</strong></span> <span class='ocrx_word' id='word_1_585' title='bbox 3013 3978 3267 4035; x_wconf 91' lang='lat' dir='ltr'><strong>centum</strong></span> <span class='ocrx_word' id='word_1_586' title='bbox 3304 3979 3368 4038; x_wconf 89' lang='lat' dir='ltr'><strong>et</strong></span> 
     </span>
     <span class='ocr_line' id='line_1_90' title="bbox 1828 4068 3366 4149; baseline -0.002 -19"><span class='ocrx_word' id='word_1_587' title='bbox 1828 4070 1975 4149; x_wconf 84' lang='lat' dir='ltr'><strong>quia</strong></span> <span class='ocrx_word' id='word_1_588' title='bbox 2016 4088 2131 4147; x_wconf 85' lang='lat' dir='ltr'><strong>ego</strong></span> <span class='ocrx_word' id='word_1_589' title='bbox 2174 4087 2298 4128; x_wconf 92' lang='lat' dir='ltr'><strong>non</strong></span> <span class='ocrx_word' id='word_1_590' title='bbox 2345 4068 2549 4128; x_wconf 89' lang='lat' dir='ltr'><strong>habeo</strong></span> <span class='ocrx_word' id='word_1_591' title='bbox 2594 4072 2812 4146; x_wconf 91' lang='lat' dir='ltr'><strong>postea</strong></span> <span class='ocrx_word' id='word_1_592' title='bbox 2857 4069 3072 4127; x_wconf 84' lang='lat' dir='ltr'><strong>Romae</strong></span> <span class='ocrx_word' id='word_1_593' title='bbox 3112 4072 3366 4128; x_wconf 91' lang='lat' dir='ltr'><strong>centum</strong></span> 
     </span>
     <span class='ocr_line' id='line_1_91' title="bbox 1827 4159 3363 4240; baseline 0.001 -19"><span class='ocrx_word' id='word_1_594' title='bbox 1827 4161 2052 4240; x_wconf 88' lang='lat' dir='ltr'><strong>quibus</strong></span> <span class='ocrx_word' id='word_1_595' title='bbox 2081 4161 2192 4222; x_wconf 88' lang='lat' dir='ltr'><strong>tibi</strong></span> <span class='ocrx_word' id='word_1_596' title='bbox 2236 4165 2525 4221; x_wconf 86' lang='lat' dir='ltr'><strong>mutuum</strong></span> <span class='ocrx_word' id='word_1_597' title='bbox 2572 4161 2810 4221; x_wconf 79' lang='lat' dir='ltr'><strong>solvam</strong></span> <span class='ocrx_word' id='word_1_598' title='bbox 2836 4206 2851 4235; x_wconf 92' lang='lat'><strong>,</strong></span> <span class='ocrx_word' id='word_1_599' title='bbox 2898 4160 3061 4221; x_wconf 84' lang='lat' dir='ltr'><strong>dabo</strong></span> <span class='ocrx_word' id='word_1_600' title='bbox 3104 4159 3218 4220; x_wconf 93' lang='lat' dir='ltr'><strong>tibi</strong></span> <span class='ocrx_word' id='word_1_601' title='bbox 3263 4161 3363 4222; x_wconf 92' lang='lat' dir='ltr'><strong>lu-</strong></span> 
     </span>
     <span class='ocr_line' id='line_1_92' title="bbox 1826 4252 3360 4333; baseline 0 -19"><span class='ocrx_word' id='word_1_602' title='bbox 1826 4272 2023 4330; x_wconf 88' lang='lat' dir='ltr'><strong>crum,</strong></span> <span class='ocrx_word' id='word_1_603' title='bbox 2059 4259 2126 4316; x_wconf 93' lang='lat' dir='ltr'><strong>ut</strong></span> <span class='ocrx_word' id='word_1_604' title='bbox 2153 4253 2424 4333; x_wconf 83' lang='lat' dir='ltr'><strong>accipias</strong></span> <span class='ocrx_word' id='word_1_605' title='bbox 2446 4257 2700 4314; x_wconf 87' lang='lat' dir='ltr'><strong>centum</strong></span> <span class='ocrx_word' id='word_1_606' title='bbox 2717 4272 2859 4332; x_wconf 84' lang='lat' dir='ltr'><strong>quae</strong></span> <span class='ocrx_word' id='word_1_607' title='bbox 2883 4252 3083 4313; x_wconf 86' lang='lat' dir='ltr'><strong>habeo</strong></span> <span class='ocrx_word' id='word_1_608' title='bbox 3106 4254 3360 4331; x_wconf 86' lang='lat' dir='ltr'><strong>Matriti,</strong></span> 
     </span>
     <span class='ocr_line' id='line_1_93' title="bbox 1827 4346 3360 4426; baseline -0.001 -18"><span class='ocrx_word' id='word_1_609' title='bbox 1827 4352 1889 4408; x_wconf 91' lang='lat' dir='ltr'><strong>et</strong></span> <span class='ocrx_word' id='word_1_610' title='bbox 1915 4346 2192 4426; x_wconf 80' lang='lat' dir='ltr'><strong>trajicias</strong></span> <span class='ocrx_word' id='word_1_611' title='bbox 2223 4349 2487 4407; x_wconf 83' lang='lat' dir='ltr'><strong>Romam</strong></span> <span class='ocrx_word' id='word_1_612' title='bbox 2511 4393 2526 4422; x_wconf 93' lang='lat'>‚</span> <span class='ocrx_word' id='word_1_613' title='bbox 2559 4351 2627 4407; x_wconf 91' lang='lat' dir='ltr'><strong>ut</strong></span> <span class='ocrx_word' id='word_1_614' title='bbox 2648 4346 2760 4406; x_wconf 90' lang='lat' dir='ltr'><strong>tibi</strong></span> <span class='ocrx_word' id='word_1_615' title='bbox 2789 4346 3114 4407; x_wconf 88' lang='lat' dir='ltr'><strong>solvantur</strong></span> <span class='ocrx_word' id='word_1_616' title='bbox 3146 4366 3159 4407; x_wconf 92' lang='lat'>:</span> <span class='ocrx_word' id='word_1_617' title='bbox 3195 4348 3360 4426; x_wconf 85' lang='lat' dir='ltr'><strong>quod</strong></span> 
     </span>
     <span class='ocr_line' id='line_1_94' title="bbox 1823 4439 3364 4519; baseline -0.001 -18"><span class='ocrx_word' id='word_1_618' title='bbox 1823 4441 2080 4502; x_wconf 87' lang='lat' dir='ltr'><strong>tandem</strong></span> <span class='ocrx_word' id='word_1_619' title='bbox 2110 4439 2263 4499; x_wconf 87' lang='lat' dir='ltr'><strong>nihil</strong></span> <span class='ocrx_word' id='word_1_620' title='bbox 2293 4443 2388 4500; x_wconf 85' lang='lat' dir='ltr'><strong>est</strong></span> <span class='ocrx_word' id='word_1_621' title='bbox 2413 4439 2583 4500; x_wconf 89' lang='lat' dir='ltr'><strong>aliud</strong></span> <span class='ocrx_word' id='word_1_622' title='bbox 2605 4485 2620 4515; x_wconf 94' lang='lat'><strong>,</strong></span> <span class='ocrx_word' id='word_1_623' title='bbox 2683 4457 2875 4519; x_wconf 91' lang='lat' dir='ltr'><strong>quam</strong></span> <span class='ocrx_word' id='word_1_624' title='bbox 2921 4439 3073 4499; x_wconf 85' lang='lat' dir='ltr'><strong>dare</strong></span> <span class='ocrx_word' id='word_1_625' title='bbox 3119 4440 3364 4500; x_wconf 86' lang='lat' dir='ltr'><strong>lucrum</strong></span> 
     </span>
     <span class='ocr_line' id='line_1_95' title="bbox 1825 4531 3363 4611; baseline 0 -19"><span class='ocrx_word' id='word_1_626' title='bbox 1825 4551 1938 4611; x_wconf 86' lang='lat' dir='ltr'><strong>pro</strong></span> <span class='ocrx_word' id='word_1_627' title='bbox 1995 4531 2360 4611; x_wconf 87' lang='lat' dir='ltr'><strong>trajectione</strong></span> <span class='ocrx_word' id='word_1_628' title='bbox 2406 4532 2659 4592; x_wconf 84' lang='lat' dir='ltr'><strong>virtuali</strong></span> <span class='ocrx_word' id='word_1_629' title='bbox 2701 4531 2866 4592; x_wconf 90' lang='lat' dir='ltr'><strong>illius</strong></span> <span class='ocrx_word' id='word_1_630' title='bbox 2913 4532 3228 4610; x_wconf 82' lang='lat' dir='ltr'><strong>pecuniae,</strong></span> <span class='ocrx_word' id='word_1_631' title='bbox 3281 4532 3363 4593; x_wconf 87' lang='lat' dir='ltr'><strong>ad</strong></span> 
     </span>
     <span class='ocr_line' id='line_1_96' title="bbox 1825 4625 3363 4703; baseline -0.001 -18"><span class='ocrx_word' id='word_1_632' title='bbox 1825 4625 1966 4701; x_wconf 91' lang='lat' dir='ltr'><strong>hoc,</strong></span> <span class='ocrx_word' id='word_1_633' title='bbox 2004 4628 2070 4686; x_wconf 92' lang='lat' dir='ltr'><strong>ut</strong></span> <span class='ocrx_word' id='word_1_634' title='bbox 2114 4644 2294 4703; x_wconf 60' lang='lat' dir='ltr'><strong>aeque</strong></span> <span class='ocrx_word' id='word_1_635' title='bbox 2348 4625 2517 4685; x_wconf 89' lang='lat' dir='ltr'><strong>utilis</strong></span> <span class='ocrx_word' id='word_1_636' title='bbox 2573 4629 2788 4702; x_wconf 85' lang='lat' dir='ltr'><strong>posset</strong></span> <span class='ocrx_word' id='word_1_637' title='bbox 2843 4642 2977 4684; x_wconf 84' lang='lat' dir='ltr'><strong>esse</strong></span> <span class='ocrx_word' id='word_1_638' title='bbox 3022 4627 3256 4701; x_wconf 81' lang='lat' dir='ltr'><strong>Romae,</strong></span> <span class='ocrx_word' id='word_1_639' title='bbox 3289 4642 3363 4684; x_wconf 89' lang='lat' dir='ltr'><strong>ac</strong></span> 
     </span>
     <span class='ocr_line' id='line_1_97' title="bbox 1826 4717 2768 4797; baseline 0.001 -20"><span class='ocrx_word' id='word_1_640' title='bbox 1826 4722 1962 4779; x_wconf 87' lang='lat' dir='ltr'><strong>erat</strong></span> <span class='ocrx_word' id='word_1_641' title='bbox 1989 4717 2257 4797; x_wconf 86' lang='lat' dir='ltr'><strong>pecunia</strong></span> <span class='ocrx_word' id='word_1_642' title='bbox 2287 4717 2458 4795; x_wconf 86' lang='lat' dir='ltr'><strong>prius</strong></span> <span class='ocrx_word' id='word_1_643' title='bbox 2487 4722 2768 4796; x_wconf 83' lang='lat' dir='ltr'><strong>accepta.</strong></span> 
     </span>
    </p>

    <p class='ocr_par' dir='ltr' id='par_1_13' title="bbox 1818 4809 3361 5539">
     <span class='ocr_line' id='line_1_98' title="bbox 1905 4809 3358 4887; baseline -0.001 -16"><span class='ocrx_word' id='word_1_644' title='bbox 1905 4809 2023 4871; x_wconf 87' lang='lat' dir='ltr'><strong>Alii</strong></span> <span class='ocrx_word' id='word_1_645' title='bbox 2054 4815 2267 4870; x_wconf 84' lang='lat' dir='ltr'><strong>tamen</strong></span> <span class='ocrx_word' id='word_1_646' title='bbox 2298 4810 2459 4870; x_wconf 90' lang='lat' dir='ltr'><strong>tituli</strong></span> <span class='ocrx_word' id='word_1_647' title='bbox 2491 4828 2870 4870; x_wconf 83' lang='lat' dir='ltr'><strong>concurrere</strong></span> <span class='ocrx_word' id='word_1_648' title='bbox 2910 4813 3201 4887; x_wconf 82' lang='lat' dir='ltr'><strong>possunt,</strong></span> <span class='ocrx_word' id='word_1_649' title='bbox 3235 4828 3358 4869; x_wconf 93' lang='lat' dir='ltr'><strong>non</strong></span> 
     </span>
     <span class='ocr_line' id='line_1_99' title="bbox 1826 4901 3359 4981; baseline -0.002 -18"><span class='ocrx_word' id='word_1_650' title='bbox 1826 4907 2038 4963; x_wconf 89' lang='lat' dir='ltr'><strong>autem</strong></span> <span class='ocrx_word' id='word_1_651' title='bbox 2069 4902 2475 4977; x_wconf 86' lang='lat' dir='ltr'><strong>universales,</strong></span> <span class='ocrx_word' id='word_1_652' title='bbox 2513 4902 2621 4962; x_wconf 87' lang='lat' dir='ltr'><strong>sed</strong></span> <span class='ocrx_word' id='word_1_653' title='bbox 2649 4902 3087 4980; x_wconf 79' lang='lat' dir='ltr'><strong>particulareS,</strong></span> <span class='ocrx_word' id='word_1_654' title='bbox 3121 4903 3197 4961; x_wconf 90' lang='lat' dir='ltr'><strong>de</strong></span> <span class='ocrx_word' id='word_1_655' title='bbox 3226 4901 3359 4981; x_wconf 90' lang='lat' dir='ltr'><strong>qui-</strong></span> 
     </span>
     <span class='ocr_line' id='line_1_100' title="bbox 1823 4994 3361 5073; baseline -0.002 -18"><span class='ocrx_word' id='word_1_656' title='bbox 1823 4995 1945 5055; x_wconf 91' lang='lat' dir='ltr'><strong>bus</strong></span> <span class='ocrx_word' id='word_1_657' title='bbox 1975 4994 2215 5054; x_wconf 90' lang='lat' dir='ltr'><strong>dictum</strong></span> <span class='ocrx_word' id='word_1_658' title='bbox 2245 4998 2337 5054; x_wconf 87' lang='lat' dir='ltr'><strong>est</strong></span> <span class='ocrx_word' id='word_1_659' title='bbox 2365 4994 2637 5055; x_wconf 91' lang='lat' dir='ltr'><strong>sectione</strong></span> <span class='ocrx_word' id='word_1_660' title='bbox 2666 4994 3045 5073; x_wconf 85' lang='lat' dir='ltr'><strong>praecedenti</strong></span> <span class='ocrx_word' id='word_1_661' title='bbox 3069 5040 3084 5070; x_wconf 92' lang='lat'><strong>,</strong></span> <span class='ocrx_word' id='word_1_662' title='bbox 3136 4998 3202 5054; x_wconf 92' lang='lat' dir='ltr'><strong>ut</strong></span> <span class='ocrx_word' id='word_1_663' title='bbox 3231 5012 3361 5052; x_wconf 86' lang='lat' dir='ltr'><strong>ma·</strong></span> 
     </span>
     <span class='ocr_line' id='line_1_101' title="bbox 1818 5086 3361 5167; baseline -0.001 -19"><span class='ocrx_word' id='word_1_664' title='bbox 1818 5089 1923 5167; x_wconf 86' lang='lat' dir='ltr'><strong>jor</strong></span> <span class='ocrx_word' id='word_1_665' title='bbox 1956 5087 2137 5148; x_wconf 85' lang='lat' dir='ltr'><strong>valor</strong></span> <span class='ocrx_word' id='word_1_666' title='bbox 2162 5086 2446 5166; x_wconf 82' lang='lat' dir='ltr'><strong>pecuniae</strong></span> <span class='ocrx_word' id='word_1_667' title='bbox 2474 5087 2536 5146; x_wconf 91' lang='lat' dir='ltr'><strong>in</strong></span> <span class='ocrx_word' id='word_1_668' title='bbox 2566 5088 2703 5148; x_wconf 88' lang='lat' dir='ltr'><strong>loco</strong></span> <span class='ocrx_word' id='word_1_669' title='bbox 2734 5087 2839 5148; x_wconf 94' lang='lat' dir='ltr'><strong>ubi</strong></span> <span class='ocrx_word' id='word_1_670' title='bbox 2869 5086 3217 5166; x_wconf 83' lang='lat' dir='ltr'><strong>campsario</strong></span> <span class='ocrx_word' id='word_1_671' title='bbox 3248 5088 3361 5147; x_wconf 91' lang='lat' dir='ltr'><strong>da-</strong></span> 
     </span>
     <span class='ocr_line' id='line_1_102' title="bbox 1826 5179 3356 5260; baseline 0.001 -21"><span class='ocrx_word' id='word_1_672' title='bbox 1826 5183 1946 5253; x_wconf 91' lang='lat' dir='ltr'><strong>tur,</strong></span> <span class='ocrx_word' id='word_1_673' title='bbox 1982 5179 2060 5239; x_wconf 88' lang='lat' dir='ltr'><strong>de</strong></span> <span class='ocrx_word' id='word_1_674' title='bbox 2092 5199 2217 5259; x_wconf 85' lang='lat' dir='ltr'><strong>quo</strong></span> <span class='ocrx_word' id='word_1_675' title='bbox 2245 5180 2447 5256; x_wconf 89' lang='lat' dir='ltr'><strong>titulo,</strong></span> <span class='ocrx_word' id='word_1_676' title='bbox 2481 5198 2560 5239; x_wconf 93' lang='lat' dir='ltr'><strong>an</strong></span> <span class='ocrx_word' id='word_1_677' title='bbox 2592 5184 2655 5241; x_wconf 88' lang='lat' dir='ltr'><strong>et</strong></span> <span class='ocrx_word' id='word_1_678' title='bbox 2681 5180 2994 5260; x_wconf 87' lang='lat' dir='ltr'><strong>quomodo</strong></span> <span class='ocrx_word' id='word_1_679' title='bbox 3025 5180 3356 5257; x_wconf 90' lang='lat' dir='ltr'><strong>conducat,</strong></span> 
     </span>
     <span class='ocr_line' id='line_1_103' title="bbox 1825 5272 3361 5351; baseline -0.001 -18"><span class='ocrx_word' id='word_1_680' title='bbox 1825 5273 2113 5345; x_wconf 78' lang='lat' dir='ltr'><strong>diximus</strong></span> <span class='ocrx_word' id='word_1_681' title='bbox 2128 5273 2406 5334; x_wconf 87' lang='lat' dir='ltr'><strong>sectione</strong></span> <span class='ocrx_word' id='word_1_682' title='bbox 2435 5272 2836 5351; x_wconf 82' lang='lat' dir='ltr'><strong>praecedenti.</strong></span> <span class='ocrx_word' id='word_1_683' title='bbox 2869 5273 3043 5334; x_wconf 87' lang='lat' dir='ltr'><strong>Alius</strong></span> <span class='ocrx_word' id='word_1_684' title='bbox 3072 5273 3261 5334; x_wconf 87' lang='lat' dir='ltr'><strong>etiam</strong></span> <span class='ocrx_word' id='word_1_685' title='bbox 3287 5273 3361 5334; x_wconf 89' lang='lat' dir='ltr'><strong>ti·</strong></span> 
     </span>
     <span class='ocr_line' id='line_1_104' title="bbox 1822 5367 3360 5429; baseline -0.001 -1"><span class='ocrx_word' id='word_1_686' title='bbox 1822 5368 1991 5428; x_wconf 89' lang='lat' dir='ltr'><strong>tulus</strong></span> <span class='ocrx_word' id='word_1_687' title='bbox 2022 5373 2115 5429; x_wconf 88' lang='lat' dir='ltr'><strong>est</strong></span> <span class='ocrx_word' id='word_1_688' title='bbox 2144 5368 2389 5427; x_wconf 90' lang='lat' dir='ltr'><strong>lucrum</strong></span> <span class='ocrx_word' id='word_1_689' title='bbox 2420 5384 2670 5426; x_wconf 87' lang='lat' dir='ltr'><strong>cessans</strong></span> <span class='ocrx_word' id='word_1_690' title='bbox 2699 5367 2798 5427; x_wconf 82' lang='lat' dir='ltr'><strong>vel</strong></span> <span class='ocrx_word' id='word_1_691' title='bbox 2828 5367 3129 5427; x_wconf 81' lang='lat' dir='ltr'><strong>damnum</strong></span> <span class='ocrx_word' id='word_1_692' title='bbox 3159 5386 3360 5427; x_wconf 84' lang='lat' dir='ltr'><strong>emer-</strong></span> 
     </span>
     <span class='ocr_line' id='line_1_105' title="bbox 1823 5459 3360 5539; baseline 0.001 -20"><span class='ocrx_word' id='word_1_693' title='bbox 1823 5479 1978 5539; x_wconf 85' lang='lat' dir='ltr'><strong>gens</strong></span> <span class='ocrx_word' id='word_1_694' title='bbox 2008 5479 2081 5520; x_wconf 82' lang='lat' dir='ltr'><strong>ex</strong></span> <span class='ocrx_word' id='word_1_695' title='bbox 2115 5459 2400 5520; x_wconf 88' lang='lat' dir='ltr'><strong>absentia</strong></span> <span class='ocrx_word' id='word_1_696' title='bbox 2429 5459 2707 5538; x_wconf 59' lang='lat' dir='ltr'><strong>pecuniae</strong></span> <span class='ocrx_word' id='word_1_697' title='bbox 2731 5505 2747 5535; x_wconf 93' lang='lat'><strong>,</strong></span> <span class='ocrx_word' id='word_1_698' title='bbox 2799 5459 2944 5539; x_wconf 88' lang='lat' dir='ltr'><strong>quia</strong></span> <span class='ocrx_word' id='word_1_699' title='bbox 2986 5460 3175 5520; x_wconf 83' lang='lat' dir='ltr'><strong>etiam</strong></span> <span class='ocrx_word' id='word_1_700' title='bbox 3217 5479 3360 5539; x_wconf 88' lang='lat' dir='ltr'><strong>pos-</strong></span> 
     </span>
    </p>
   </div>
   <div class='ocr_carea' id='block_1_11' title="bbox 3414 2600 3697 2780">
    <p class='ocr_par' dir='ltr' id='par_1_14' title="bbox 3414 2600 3697 2780">
     <span class='ocr_line' id='line_1_106' title="bbox 3514 2600 3592 2659; baseline -0.013 0"><span class='ocrx_word' id='word_1_701' title='bbox 3514 2600 3592 2659; x_wconf 78' lang='lat'><strong>52</strong></span> 
     </span>
     <span class='ocr_line' id='line_1_107' title="bbox 3414 2723 3697 2780; baseline -0.004 -13"><span class='ocrx_word' id='word_1_702' title='bbox 3414 2725 3480 2767; x_wconf 82' lang='grc' dir='ltr'><strong>Αιι</strong></span> <span class='ocrx_word' id='word_1_703' title='bbox 3510 2723 3552 2768; x_wconf 87' lang='lat' dir='ltr'><strong>id</strong></span> <span class='ocrx_word' id='word_1_704' title='bbox 3583 2726 3697 2780; x_wconf 69' lang='lat' dir='ltr'><strong>possi</strong></span> 
     </span>
    </p>
   </div>
   <div class='ocr_carea' id='block_1_12' title="bbox 3457 2786 3684 2939">
    <p class='ocr_par' dir='ltr' id='par_1_15' title="bbox 3457 2786 3684 2939">
     <span class='ocr_line' id='line_1_108' title="bbox 3509 2786 3650 2833; baseline 0 -13"><span class='ocrx_word' id='word_1_705' title='bbox 3509 2786 3650 2833; x_wconf 68' lang='lat' dir='ltr'><strong>mpiet-</strong></span> 
     </span>
     <span class='ocr_line' id='line_1_109' title="bbox 3457 2832 3684 2893; baseline 0.013 -21"><span class='ocrx_word' id='word_1_706' title='bbox 3457 2844 3482 2872; x_wconf 75' lang='grc' dir='ltr'>ι</span> <span class='ocrx_word' id='word_1_707' title='bbox 3511 2832 3684 2893; x_wconf 66' lang='lat' dir='ltr'><strong>seutiam</strong></span> 
     </span>
     <span class='ocr_line' id='line_1_110' title="bbox 3469 2896 3665 2939; baseline 0 -11"><span class='ocrx_word' id='word_1_708' title='bbox 3469 2896 3665 2939; x_wconf 68' lang='lat' dir='ltr'><strong>pecuum.</strong></span> 
     </span>
    </p>
   </div>
   <div class='ocr_carea' id='block_1_13' title="bbox 3505 4818 3583 4878">
    <p class='ocr_par' dir='ltr' id='par_1_16' title="bbox 3505 4818 3583 4878">
     <span class='ocr_line' id='line_1_111' title="bbox 3505 4818 3583 4878; baseline 0 0"><span class='ocrx_word' id='word_1_709' title='bbox 3505 4818 3583 4878; x_wconf 86' lang='lat'><strong>53</strong></span> 
     </span>
    </p>
   </div>
   <div class='ocr_carea' id='block_1_14' title="bbox 3421 4945 3691 5055">
    <p class='ocr_par' dir='ltr' id='par_1_17' title="bbox 3421 4945 3691 5055">
     <span class='ocr_line' id='line_1_112' title="bbox 3448 4945 3659 4988; baseline -0.009 0"><span class='ocrx_word' id='word_1_710' title='bbox 3448 4945 3532 4988; x_wconf 76' lang='lat' dir='ltr'><strong>Ani</strong></span> <span class='ocrx_word' id='word_1_711' title='bbox 3552 4946 3659 4987; x_wconf 80' lang='lat' dir='ltr'><strong>tituli</strong></span> 
     </span>
     <span class='ocr_line' id='line_1_113' title="bbox 3421 4999 3691 5055; baseline -0.004 -12"><span class='ocrx_word' id='word_1_712' title='bbox 3421 4999 3691 5055; x_wconf 77' lang='lat' dir='ltr'><strong>explicantur.</strong></span> 
     </span>
    </p>
   </div>
  </div>
 </body>
</html>
