4263 6376
1226 378 1695 440 DISPUTATIO
1738 380 1954 458 XXIV,
2004 380 2278 443 SECTIO
2321 384 2453 444 XV.

254 546 408 624 grini
439 553 504 609 et
530 549 797 611 adventa
824 554 1208 630 sepeliuntur
1255 554 1319 614 in
1348 555 1648 634 parochia
1677 556 1785 617 ubi

254 640 620 719 moriuntur,
656 646 754 704 vel
786 646 847 704 in
877 646 1241 724 cathedrali,
1290 637 1540 728 quando
1570 650 1779 727 sepul-

251 738 449 793 turam
481 755 604 795 non
639 738 899 816 eligunt.

331 827 646 906 Religiosi,
700 836 764 891 et
807 831 1015 893 clerici
1060 834 1392 894 saeculares
1440 837 1503 896 in
1553 856 1689 916 cap.
1727 839 1772 900 1.

250 918 315 979 de
357 921 643 1000 sepultor.
707 923 813 985 lib.
850 941 933 985 v1.
992 927 1405 1005 prohibentur
1435 930 1496 990 in
1550 931 1778 994 virtute

251 1012 640 1089 obedientiae,
678 1022 740 1076 et
767 1017 1196 1095 subgravibus
1219 1021 1440 1097 poenis,
1477 1042 1554 1082 ne
1600 1024 1778 1086 indu-

249 1112 384 1165 cant
410 1106 690 1186 aliquem
721 1113 799 1168 ad
849 1111 1253 1188 obligandum
1300 1132 1367 1175 se
1397 1123 1563 1193 vote,
1605 1117 1776 1197 jura-

248 1202 469 1274 ment0,
510 1207 625 1261 aut
655 1202 1090 1280 promissione,
1142 1207 1299 1266 utin
1331 1226 1548 1270 eorum
1577 1212 1775 1272 eccle-

246 1292 344 1350 siis
372 1293 564 1369 eligat
592 1296 1006 1373 sepulturam,
1053 1304 1163 1359 aut
1190 1300 1453 1361 electam
1484 1321 1606 1365 non
1635 1323 1776 1365 mu-

244 1389 346 1446 tet.
434 1385 802 1447 Debebatur
866 1394 1076 1450 autem
1133 1391 1208 1451 de
1258 1391 1401 1473 jure
1457 1398 1774 1459 communi

244 1485 457 1556 quarta
511 1479 819 1541 funeralis
874 1483 1189 1561 parochiae
1246 1488 1515 1565 propriae
1569 1509 1642 1550 ex
1671 1493 1767 1570 iis,

243 1588 375 1649 quae
418 1572 601 1632 alteri
632 1574 937 1650 ecclesiae,
998 1577 1092 1636 vel
1151 1583 1531 1642 monasterio
1582 1584 1774 1645 obve-

243 1665 411 1724 niunt
438 1664 519 1723 ob
550 1667 943 1743 sepulturam
975 1670 1235 1750 alicujus
1266 1674 1654 1752 parochiani,
1708 1676 1770 1738 in

242 1756 407 1833 cujus
433 1757 773 1834 solutione,
825 1761 971 1839 quia
999 1763 1291 1824 standum
1322 1772 1416 1827 est
1444 1775 1770 1831 consuetu-

241 1849 359 1909 dini
387 1850 528 1926 loci,
582 1870 729 1930 quae
761 1853 820 1912 in
852 1855 969 1915 hoc
991 1857 1255 1918 multum
1285 1860 1575 1938 variabit,
1628 1863 1769 1925 ideo

240 1941 380 2001 nihil
410 1942 759 2005 dicendum
808 1950 1111 2022 occurrit;
1164 1953 1390 2028 poterit
1434 1959 1641 2016 tamen
1686 1958 1772 2019 vi·

241 2034 361 2094 deri
389 2036 626 2096 Molina
657 2037 819 2117 disp.
855 2056 1057 2102 ccxiv.
1091 2047 1153 2104 et
1183 2061 1360 2106 ccxv.
1408 2048 1513 2125 qui
1544 2049 1768 2111 adver-

237 2129 322 2202 tit,
355 2130 545 2187 etiam
576 2130 849 2191 diversis
877 2133 1122 2211 legibus
1151 2139 1536 2215 gravissimis
1567 2145 1768 2220 poenis

239 2221 615 2298 prohibitum
646 2241 816 2299 esse,
876 2244 952 2285 ne
983 2228 1324 2291 creditores
1375 2239 1630 2313 propter
1659 2236 1769 2297 de-

236 2313 355 2373 hita
383 2315 802 2392 sepulturam,
852 2319 951 2379 vel
994 2323 1288 2400 exequias
1340 2325 1617 2389 defuncti
1644 2331 1766 2390 im-

238 2406 481 2484 pediant
512 2427 526 2467 :
570 2408 854 2487 alioquin
886 2412 1180 2476 amittunt
1208 2416 1395 2478 etiam
1417 2418 1522 2499 jus
1552 2422 1631 2482 ad
1661 2424 1767 2484 illa

238 2498 434 2560 debita
461 2500 802 2578 exigenda.

312 2593 567 2652 Funeris
599 2598 665 2654 et
694 2596 1032 2673 sepulturas
1062 2617 1349 2679 expensae
1397 2610 1763 2672 necessariae

237 2685 631 2746 extrahenda}
662 2691 811 2749 sunt
838 2690 1038 2767 primo
1067 2692 1204 2753 loco
1236 2695 1312 2755 dc
1343 2697 1520 2760 bonis
1550 2701 1765 2764 defun-

236 2776 311 2836 cti
342 2797 354 2837 :
407 2778 503 2838 hae
532 2785 757 2840 autem
785 2800 1070 2860 expensa}
1101 2790 1643 2865 comprehendunt
1669 2797 1764 2857 lu-

160 2902 178 2928 a
233 2870 452 2946 gubres
480 2879 696 2933 vestes
728 2874 997 2952 familia-2,
1030 2896 1266 2957 cereOS,
1298 2883 1634 2948 fossionem
1666 2909 1762 2950 se-

235 2963 486 3040 pulturae
511 3012 528 3040 ,
589 2969 1083 3044 asportationem
1140 2977 1419 3052 corporis
1441 3025 1457 3054 ,
1532 2981 1758 3060 officia,

234 3057 440 3116 ntissas
470 3064 534 3118 et
562 3059 918 3121 oblationes
946 3071 1276 3127 consuetas
1315 3074 1458 3131 ante
1490 3075 1762 3150 perfecte

233 3153 287 3211 et
313 3151 620 3230 complete
654 3151 983 3216 humatum
1013 3157 1304 3222 cadaver.
1357 3164 1487 3226 Imo
1519 3171 1580 3228 et
1608 3169 1757 3230 mis-

228 3262 352 3302 sam
380 3264 453 3305 ac
483 3246 840 3308 oblationes
869 3254 1186 3329 sequentis
1233 3255 1377 3333 diei,
1429 3259 1480 3318 si
1511 3264 1756 3341 vesperi

227 3338 572 3415 sepeliatur.
636 3341 790 3411 Quae
820 3360 1127 3421 expensae,
1164 3353 1399 3411 attenta
1429 3353 1751 3433 qualitate,

227 3427 457 3506 debitis,
519 3433 926 3494 multitudine
981 3437 1274 3516 filiorum,
1337 3449 1400 3504 et
1452 3445 1589 3506 aliis
1636 3448 1755 3509 cir-

226 3524 626 3598 cumstantiis,
648 3526 1055 3589 moderandae
1071 3536 1749 3617 ettemperandaesunt,

225 3612 340 3674 imo
386 3616 563 3678 addit
589 3618 827 3678 Molina
874 3620 1034 3699 disp.
1088 3641 1346 3688 ccxxxv.
1397 3631 1452 3708 g.
1505 3630 1576 3691 In
1620 3636 1754 3713 foro

224 3714 421 3784 tamen,
480 3710 722 3770 debere
767 3711 1129 3777 defunctum
1178 3725 1241 3781 et
1285 3722 1419 3799 ejus
1470 3723 1753 3789 heoredes

223 3804 561 3878 temperare
609 3804 868 3865 omnino
916 3805 1030 3867 has
1060 3828 1384 3890 expensas,
1447 3822 1515 3878 ut
1550 3820 1752 3879 credi-

221 3892 444 3953 toribus
473 3896 766 3970 satisfiat,
799 3898 1017 3960 relicta
1045 3903 1247 3963 solum
1275 3925 1505 3987 pompa
1535 3930 1751 3973 neces-

221 3984 392 4059 saria,
451 3992 520 4047 ut
546 3988 688 4048 sine
719 4007 901 4050 cruce
934 3997 995 4052 et
1034 3994 1447 4061 luminaribus
1495 4022 1617 4063 non
1650 4022 1746 4066 se-

220 4077 473 4154 peliatur
505 4099 518 4139 :
575 4099 784 4161 neque
815 4084 980 4144 enim
1013 4086 1285 4151 dedecus
1316 4100 1411 4155 est
1440 4095 1741 4174 defuncti,

221 4171 372 4245 quod
401 4173 482 4232 ab
512 4192 589 4233 eo
624 4173 861 4235 honore
892 4196 1013 4238 non
1039 4185 1387 4246 necessario
1409 4187 1742 4267 abstineat,

222 4266 279 4320 ut
304 4261 526 4325 debitis
555 4266 921 4331 satisfaciat.
982 4275 1078 4333 An
1127 4294 1274 4337 vero
1323 4282 1387 4339 et
1428 4285 1745 4359 quomodo

219 4351 307 4414 hae
335 4374 625 4434 expensae
657 4363 1059 4426 extraheudae
1114 4367 1238 4429 sint
1265 4389 1339 4430 ex
1369 4374 1551 4434 tertia
1578 4422 1592 4452 ,
1645 4380 1744 4438 vel

217 4446 438 4524 quinta,
472 4452 575 4511 vel
604 4452 728 4512 alia
756 4461 954 4534 parte,
991 4459 1069 4519 de
1099 4479 1223 4539 qua
1253 4463 1581 4527 defunctus
1612 4469 1707 4530 dis
1728 4506 1742 4515 ·

3302 386 3416 446 155

2329 909 2745 995 ssscho
2825 911 2960 998 XV.

2209 1214 2294 1276 De
2319 1213 2625 1276 donatione
2650 1232 2824 1275 causa
2850 1213 3074 1274 mortis.

1955 1483 2104 1554 Quae
2135 1480 2302 1541 dicta
2329 1483 2502 1556 sunt,
2535 1480 2665 1540 fere
2694 1480 2902 1541 locum
2931 1479 3167 1540 habent
3194 1478 3257 1538 in
3287 1478 3401 1538 do-

1873 1575 2123 1636 natione
2156 1592 2342 1634 causa
2372 1573 2589 1633 mortis
2619 1592 2632 1634 :
2668 1572 2972 1633 addemus
3001 1590 3167 1632 nunc
3195 1571 3404 1650 aliqua

3554 1491 3623 1550 31
3635 1492 3673 1550 8

3509 1616 3682 1659 Douniio

1870 1666 2166 1744 specialia
2210 1666 2287 1726 de
2315 1665 2435 1725 hac
2463 1666 2833 1741 donatione,
2885 1684 3025 1745 quoe
3055 1665 3283 1744 partim
3310 1682 3405 1725 se·
3452 1683 3575 1712 mu».
3607 1670 3750 1712 mortis

1873 1759 2084 1838 quitur
2112 1760 2281 1837 leges
2308 1759 2540 1819 ultimae
2570 1757 2904 1818 voluntatis
2927 1803 2943 1833 ‚
2991 1755 3219 1835 partim
3248 1755 3405 1816 assi·

1870 1853 2123 1913 milatur
2152 1851 2596 1913 contractibus
2642 1851 2905 1911 Donatio
2954 1867 3145 1910 causa
3184 1848 3403 1911 mortis

1872 1951 2003 2023 est,
2053 1964 2178 2025 qua
2206 1944 2476 2007 traditur
2502 1944 2601 2004 vel
2645 1943 3028 2022 promIttitur
3073 1940 3307 2021 aliquid
3335 1945 3406 2004 ut

1871 2039 2163 2099 donantis
2190 2041 2388 2098 morte
2419 2041 2633 2099 secuta
2669 2042 2814 2097 ante
2841 2039 3108 2097 mortem
3138 2035 3403 2096 donata-

1869 2132 1984 2207 rii,
2034 2132 2145 2191 fiat
2190 2130 2680 2191 irrevocabiliter
2741 2131 2874 2208 ejus
2947 2129 3049 2189 cui
3107 2128 3397 2205 donatur,

1869 2241 2012 2285 cum
2042 2222 2537 2284 deambulatoria
2557 2223 2874 2285 voluntate
2895 2220 3185 2282 donantis
3204 2239 3402 2299 usque

1867 2317 1949 2378 ad
1978 2321 2245 2378 mortem
2290 2316 2372 2377 ad
2414 2315 2833 2377 revocandam
2873 2315 3068 2375 libere
3117 2312 3404 2375 donatio-

1868 2428 2013 2469 nem
2044 2456 2059 2486 ,
2110 2427 2224 2488 per
2272 2409 2673 2470 donationem
2704 2409 2935 2488 quippe
2965 2425 3156 2468 causa
3184 2406 3403 2467 mortis

1869 2502 2136 2563 donator
2162 2503 2401 2564 mavult
2429 2521 2563 2562 rem
2594 2520 2712 2563 ase
2742 2500 2982 2576 haberi,
3010 2518 3198 2579 quam
3230 2518 3267 2559 a
3296 2499 3405 2559 do-

1869 2596 2108 2656 natario
2135 2642 2150 2672 ,
2184 2615 2221 2656 a
2250 2595 2574 2656 donatario
2601 2599 2809 2655 autem
2841 2611 3030 2673 quam
3059 2612 3097 2652 a
3125 2611 3235 2654 suo
3271 2592 3403 2652 hae-

1866 2688 2050 2761 rede3
2085 2706 2226 2748 cum
2258 2692 2468 2749 tamen
2498 2706 2608 2766 per
2637 2686 3004 2747 donationes
3036 2684 3198 2746 inter
3224 2685 3400 2744 vivos

1863 2781 2043 2843 malit
2067 2780 2308 2842 donans
2335 2799 2469 2841 rem
2499 2780 2716 2842 haberi
2750 2797 2787 2839 a
2815 2778 3139 2839 donatario
3160 2825 3175 2855 ,
3210 2794 3399 2858 quam

1865 2893 1901 2933 a
1930 2893 1995 2934 se
2025 2875 2184 2952 ipso,
2219 2881 2289 2935 ut
2315 2877 2560 2936 constat
2601 2893 2676 2933 ex
2703 2873 2825 2951 leg.
2862 2890 2905 2933 1.
2959 2875 3022 2933 et
3046 2871 3169 2949 leg.
3204 2870 3394 2931 Sena-

1864 2975 1976 3043 tus,
2023 2970 2084 3028 ff.
2118 2966 2188 3027 de
2214 2967 2417 3028 mortis
2437 2986 2610 3027 causa
2638 2964 3067 3041 donationibus,
3104 2968 3166 3024 et
3194 2964 3392 3025 Instit.

1863 3058 1932 3119 de
1958 3060 2156 3121 donat.
2208 3060 2268 3119 in
2319 3060 2624 3138 principio
2654 3105 2669 3135 ,
2727 3077 2916 3138 quam
2969 3057 3396 3118 definitionem

1861 3151 1983 3213 late
2031 3151 2300 3232 explicat
2327 3152 2558 3214 Molina
2600 3152 2874 3214 secundo
2921 3155 3090 3213 tomo
3121 3150 3395 3228 disputa-

1856 3245 2026 3307 tione
2058 3263 2400 3307 ccmxxvn.
2453 3246 2805 3326 Aliquando
2856 3245 2989 3306 haec
3019 3244 3271 3305 donatio
3302 3243 3396 3302 in·-

1857 3338 1909 3398 ci
1920 3339 2008 3416 pit
2032 3358 2072 3399 a
2102 3339 2454 3415 traditione,
2482 3358 2595 3418 per
2614 3357 2801 3419 quam
2834 3339 3074 3399 donans
3099 3336 3396 3398 transfert

1856 3429 2201 3491 dominium
2234 3431 2294 3490 in
2327 3431 2756 3508 donatarium,
2791 3431 2901 3492 sed
2930 3428 3387 3504 revocabiliter,

1855 3523 1974 3584 nisi
2001 3529 2199 3587 morte
2220 3525 2565 3602 confirmet,
2591 3544 2784 3604 quare
2805 3524 3391 3604 quomodocumque

1852 3622 2184 3678 revocetur
2213 3618 2503 3694 donati0,
2556 3617 2743 3679 debet
2786 3617 3029 3678 restitui
3059 3620 3122 3677 et
3146 3635 3247 3676 res
3276 3615 3391 3677 do-

1852 3714 2021 3785 nata,
2057 3715 2118 3771 et
2147 3729 2364 3770 omnes
2391 3710 2629 3770 fructus
2654 3729 2729 3769 ex
2759 3728 2832 3770 ea
2874 3708 3189 3789 percepti,
3241 3708 3390 3786 quia

1852 3804 2062 3864 omnia
2091 3804 2207 3864 sub
2238 3822 2310 3863 ca
2341 3804 2694 3865 conditione
2726 3804 3038 3864 donantur
3059 3848 3074 3877 ,
3118 3805 3187 3862 ut
3213 3800 3389 3861 colli-

1849 3896 2038 3975 gitur,
2074 3915 2147 3956 ex
2179 3898 2301 3976 leg.
2342 3896 2489 3959 Cum
2519 3896 2651 3977 quis
2675 3943 2690 3972 ,
2733 3897 2799 3956 ff.
2834 3894 2903 3956 de
2929 3893 3176 3955 condiet.
3211 3912 3387 3954 causa

1851 3987 2020 4065 doto,
2054 4008 2229 4049 causa
2257 4009 2369 4050 non
2387 3998 2603 4050 secuta.
2665 3987 3020 4067 Aliquando
3050 4005 3198 4048 vero
3230 3986 3387 4047 inci-

1847 4082 1940 4160 pit
1968 4100 2004 4141 a
2032 4082 2166 4143 sola
2187 4082 2596 4161 promissione
2618 4082 2749 4142 sine
2776 4080 3131 4156 traditione,
3159 4085 3221 4141 et
3237 4084 3387 4142 tunc

1848 4193 1971 4234 non
2000 4176 2169 4236 valet
2215 4176 2331 4235 nisi
2360 4179 2659 4254 sequatur
2697 4174 3044 4252 acceptatio
3074 4173 3385 4234 donatarii

1846 4268 1942 4328 vel
1983 4269 2235 4329 alterius
2259 4267 2361 4347 qui
2381 4268 2515 4348 ejus
2532 4269 2780 4328 nomine
2803 4272 3131 4348 acceptare
3160 4266 3377 4346 possit,

1845 4362 2096 4439 quando
2128 4367 2337 4423 autem
2368 4380 2551 4421 nemo
2579 4365 2881 4440 acceptat,
2903 4359 2949 4420 si
2982 4364 3379 4436 testamentO,

1842 4453 1940 4512 vel
1972 4455 2257 4515 codicillo
2289 4456 2398 4514 fiat
2422 4501 2438 4530 ,
2490 4454 2587 4515 vel
2619 4473 2761 4514 cnm
2791 4454 3182 4515 solemnitate
3212 4452 3381 4514 suffi-

3507 1724 3603 1780 quid
3623 1724 3694 1766 sit.

215 4556 431 4616 ponere
478 4551 749 4621 poterat,
802 4551 1053 4627 quando
1100 4553 1328 4618 habeat
1358 4557 1741 4623 descenden-
1842 4545 2042 4607 ciente
2074 4547 2153 4607 ad
2183 4547 2497 4625 legatum,
2558 4548 2791 4608 valebit
2836 4566 2961 4608 non
3010 4553 3079 4608 ut
3120 4546 3377 4607 donatio

215 4634 318 4705 teS,
367 4635 460 4695 vel
515 4639 932 4702 ascendentes
980 4644 1263 4709 haeredes
1311 4656 1732 4729 necessarios;
1838 4638 1947 4698 sed
1980 4640 2372 4718 utlegfltuma
2408 4640 2505 4700 vel
2534 4640 3127 4716 fideicommissum,
3184 4640 3234 4699 Si
3265 4639 3379 4699 ‘1⁰‘

215 4739 285 4781 an
315 4743 456 4788 vero
507 4730 589 4789 de
621 4735 750 4792 toto
798 4751 1060 4814 corpore
1106 4740 1446 4820 bonorum,
1508 4750 1569 4808 et
1616 4749 1737 4810 alfa
1838 4748 1994 4792 nans
2023 4732 2382 4793 facultatem
2416 4732 2686 4794 testandi
2716 4732 3013 4794 habebat.

215 4813 595 4896 hujusmodi,
656 4829 882 4887 tractat
933 4831 1214 4910 Vasquez
1271 4855 1408 4915 cap,
1469 4841 1627 4902 vm,
1669 4841 1740 4903 dc,
1916 4826 2150 4884 Rursus
2182 4825 2316 4886 haec
2345 4824 2596 4886 donatio
2620 4826 2957 4905 aliquando
2987 4827 3057 4887 fit
3084 4844 3123 4886 a
3150 4824 3376 4886 consti-

213 4914 516 4974 testam-nt,
578 4917 636 4995 §.
700 4934 760 4979 v.
817 4919 965 4982 dub,
1034 4940 1119 4985 1v,
1185 4933 1249 4989 et
1301 4934 1728 5012 sequentibus,
1834 4920 1967 4977 tuto
1998 4916 2059 4975 in
2090 4918 2368 4996 periculo
2394 4919 2536 4978 vita:
2562 4965 2577 4993 ‚
2613 4922 2675 4979 et
2705 4924 2851 4979 tunc
2881 4919 3091 4997 elapso
3123 4919 3227 4978 illo
3259 4937 3370 4997 pe-

213 5002 306 5102 qui
349 5005 542 5067 videri
590 5014 816 5087 potest,
868 5018 930 5075 et,
968 5016 1199 5080 Molina
1246 5021 1412 5085 diota
1459 5025 1733 5105 disputa,
1831 5009 2049 5085 ricu10,
2085 5010 2339 5071 donatio
2371 5016 2657 5073 censetur
2685 5017 2998 5086 revocata,
3031 5011 3091 5070 in
3114 5030 3236 5089 quo
3257 5012 3372 5071 dif-

212 5096 365 5155 tione
393 5114 656 5163 ccxxxv.
1830 5101 1952 5163 fert
1979 5120 2015 5161 a
2044 5107 2440 5180 testamento,
2476 5108 2537 5165 et
2563 5104 2700 5165 aliis
2728 5104 2971 5182 legatis,
2995 5104 3036 5163 l.
3072 5120 3141 5163 11.
3180 5108 3243 5165 et
3271 5121 3363 5164 111.

1828 5199 1892 5255 et
1919 5196 1959 5255 l.
1995 5195 2072 5256 Si
2094 5197 2297 5256 mortis
2326 5216 2500 5257 causa
2528 5217 2640 5273 res,
2673 5198 2714 5257 l.
2746 5196 3030 5273 Senatus,
3064 5198 3120 5276 ἓ.
3157 5196 3369 5257 Mortis

1826 5306 2001 5347 causo
2026 5335 2040 5364 ,
2101 5290 2168 5350 ff.
2219 5288 2289 5351 de
2332 5291 2536 5350 mortis
2578 5308 2751 5349 causa
2778 5288 2974 5349 donat.
3010 5289 3365 5368 Aliquando

1824 5398 1973 5440 vero
2014 5382 2086 5441 fit
2129 5386 2304 5442 extra
2334 5382 2457 5443 tale
2487 5381 2868 5461 periculum,
2919 5387 2981 5442 et
3011 5382 3146 5442 haec
3175 5381 3365 5444 durat

1822 5473 2066 5534 etiamsi
2097 5475 2285 5552 longo
2317 5480 2535 5553 postea
2563 5480 2842 5555 tempore
2873 5474 3116 5535 donans
3144 5492 3364 5556 super-

1818 5566 2009 5642 vivat,
2045 5567 2161 5628 nisi
2192 5572 2544 5630 revocetur.
