4263 6376
124 1268 136 1326 l

133 1406 190 1433 mc

125 1446 192 1486 sibu

125 1500 178 1552 pali

125 1619 170 1650 ffe,

147 1532 207 1605 plis

1178 350 1644 411 D18PUTA'1·10
1689 349 1962 424 xxxvl,
2012 352 2282 415 SECTIO
2327 355 2374 414 Ι.

256 524 516 587 decimam
532 523 849 599 quintam,
902 525 951 584 si
988 544 1098 585 rex
1128 526 1296 588 illam
1325 529 1572 605 poterat
1598 525 1727 587 exi-

252 635 396 696 gere,.
417 615 648 695 quando
671 615 776 693 jus
804 616 953 676 illud
984 618 1239 679 domino
1270 619 1553 681 vendidit
1585 640 1596 680 ε
1638 619 1725 679 id-

253 729 349 790 que
372 709 633 788 quamvis
661 709 856 786 ipsius
885 710 1123 772 domini
1152 711 1367 773 vasalli
1415 711 1538 772 alia
1564 730 1728 773 nova

252 804 443 865 tributa
482 802 873 863 contribuant
914 804 1099 883 regi:
1146 804 1293 883 quia
1338 804 1472 885 jam
1529 805 1725 865 domi-

251 914 342 956 nus
364 894 453 953 ille
472 893 569 972 jus
598 893 871 956 habebat
897 896 976 956 ad
994 898 1181 958 talem
1201 898 1514 976 gabellam
1534 915 1725 976 quam

251 989 402 1064 emit,
454 987 604 1047 sicut
656 993 720 1049 et
773 988 853 1049 ad
909 989 1064 1050 alios
1120 990 1356 1051 reditus
1412 989 1720 1069 propriOS,

249 1098 406 1161 quare
445 1097 560 1140 non
606 1080 794 1143 debet
846 1081 910 1141 in
966 1082 1100 1162 ejus
1140 1083 1575 1164 praejudicium
1632 1083 1726 1142 di-

247 1194 423 1235 minui.

308 1269 432 1326 Haec
455 1266 733 1327 doctrina
762 1285 908 1328 vera
939 1271 1032 1329 est
1069 1267 1130 1327 in
1178 1268 1383 1347 rigore
1427 1268 1724 1347 regulari-

191 1415 212 1425 -
247 1364 320 1420 ter
351 1359 644 1437 loquendo
700 1364 955 1438 propter
1000 1360 1478 1424 fundamentum
1525 1362 1723 1423 adclu-

195 1460 209 1487 ²
245 1457 377 1513 ctum
408 1471 420 1511 :
446 1452 563 1511 duo
595 1456 805 1513 tamen
837 1453 1002 1514 circa
1031 1453 1169 1532 ipsa
1206 1453 1596 1515 advertenda
1624 1473 1722 1516 oc-

244 1548 474 1605 currunt.
508 1544 786 1605 Primum
814 1549 946 1622 est,
998 1546 1267 1607 vasallos
1315 1547 1451 1607 illos
1480 1566 1605 1608 non
1635 1547 1725 1609 ita

134 1671 176 1699 m
241 1638 385 1698 facile
412 1637 771 1715 obligandos
800 1657 934 1699 esse
965 1639 1028 1699 in
1081 1639 1461 1700 conscientia
1488 1640 1569 1701 ad
1599 1640 1722 1700 sol-

124 1714 205 1765 “W
238 1729 405 1789 venda
428 1730 551 1808 regi
584 1730 707 1791 alio
737 1749 901 1791 nova
929 1731 1162 1791 tributa
1181 1750 1382 1808 arege
1403 1731 1714 1811 imposita,

240 1822 366 1882 sicut
389 1822 531 1883 alios
560 1822 728 1900 regis
755 1824 1023 1883 vasallos
1048 1843 1059 1885 :
1087 1824 1234 1903 quia
1264 1824 1328 1882 hi
1355 1842 1719 1902 supponun-

237 1922 316 1975 tur
336 1915 556 1993 gravati
587 1915 812 1993 majori
845 1915 1107 1992 tributo,
1154 1934 1297 1976 cum
1341 1935 1450 1976 rex
1475 1917 1721 1978 dederit

236 2008 678 2069 irrevocabiliter
722 2026 939 2069 eorum
988 2008 1241 2070 domino
1282 2008 1386 2089 jus
1429 2010 1718 2087 exigendi

232 2101 497 2180 gabellam
523 2148 538 2177 ,
582 2105 772 2181 prout
815 2105 963 2162 tunc
1001 2101 1166 2179 exigi
1207 2106 1453 2182 poterat
1480 2103 1717 2182 absque

232 2188 560 2272 obligatione
577 2194 911 2271 mitigandi
925 2194 1117 2271 illam,
1145 2195 1430 2274 quamvis
1445 2214 1552 2255 rex
1573 2214 1714 2255 cum

229 2288 329 2347 suis
353 2287 591 2347 vasallis
621 2304 759 2346 eam
791 2287 1078 2364 mitigare
1095 2288 1262 2348 velit.
1280 2289 1482 2359 Quare
1513 2288 1718 2366 major

230 2399 384 2441 causa
406 2380 741 2459 requiritur
769 2379 848 2440 ad
890 2380 1341 2459 imponendum
1390 2380 1484 2441 his
1513 2381 1716 2441 vasal-

228 2475 290 2534 lis
313 2492 522 2534 novum
556 2473 729 2533 aliud
778 2473 1080 2535 tributum
1103 2519 1118 2548 ‚
1166 2491 1357 2552 quam
1388 2474 1468 2533 ad
1516 2474 1715 2553 impo-

227 2567 462 2627 nendum
489 2567 650 2642 aliie,
685 2565 790 2645 qui
811 2585 884 2626 ea
905 2566 1301 2644 impositione
1322 2585 1447 2627 non
1468 2567 1554 2629 ita
1570 2586 1714 2644 gra-

224 2663 496 2721 varentur.
532 2658 848 2734 Secundo,
881 2659 1336 2720 advertendum
1365 2663 1496 2736 est,
1530 2677 1713 2737 posse

224 2754 514 2833 aliquando
572 2770 833 2813 causam
888 2753 1034 2814 novi
1089 2753 1307 2815 tributi
1349 2752 1712 2831 imponendi

221 2846 348 2908 adeo
372 2864 628 2926 gravem
656 2864 790 2906 esse
815 2892 830 2922 ,
881 2849 951 2907 ut
977 2846 1173 2924 possit
1201 2846 1479 2924 obligare
1510 2844 1711 2906 domi-

221 2957 312 2999 nus
336 2938 427 2999 ille
456 2939 534 2999 ad
575 2938 992 3016 mitigandam
1038 2938 1165 2999 suis
1211 2937 1460 2999 vasallis
1495 2938 1712 3017 gabel-

219 3031 314 3092 lam
340 3033 500 3093 illam
528 3032 826 3110 priorem,
859 3032 1022 3092 sicut
1046 3050 1157 3092 rex
1184 3031 1431 3109 mitigat
1458 3030 1606 3106 suiS,
1642 3034 1711 3092 ut

217 3126 420 3202 possint
444 3132 503 3186 et
527 3124 618 3185 illi
649 3124 914 3202 obligari
959 3124 1040 3185 ad
1088 3124 1456 3185 solvendum
1486 3141 1710 3183 secun-

217 3218 337 3279 dum
378 3219 679 3281 tributum
729 3217 860 3294 regi
911 3236 1166 3278 novum.
1202 3218 1361 3290 Quia
1400 3216 1562 3278 sicut
1597 3236 1707 3277 rex

214 3316 432 3389 propter
480 3311 657 3371 illam
699 3327 928 3369 novam
974 3327 1229 3370 causam
1280 3314 1705 3386 emergentem

214 3408 389 3481 posset
432 3403 703 3466 dominis
749 3402 1127 3463 vasallorum
1175 3402 1496 3482 imponere
1542 3403 1704 3463 solu—

212 3496 409 3556 tionem
439 3495 705 3576 alicujus
733 3512 1018 3571 summae,
1051 3495 1152 3554 vel
1183 3494 1390 3554 alendi
1424 3499 1514 3556 tot
1542 3495 1705 3555 mili-

211 3591 283 3649 tes
305 3591 379 3650 ad
403 3589 638 3650 bellum
671 3605 900 3667 urgens
930 3588 1344 3660 necessarios;
1388 3587 1472 3648 ita
1499 3590 1706 3667 potest

208 3700 294 3741 eos
319 3683 614 3762 obligare,
651 3685 717 3742 ut
739 3680 1060 3742 remittant
1084 3680 1333 3741 vasallis
1354 3679 1611 3759 aliquid,
1635 3687 1708 3742 ut

205 3775 411 3853 possint
434 3775 679 3836 solvere
733 3792 962 3835 novum
999 3773 1302 3835 tributum
1330 3772 1411 3833 ob
1440 3772 1703 3833 necessi-

204 3873 335 3929 tates
382 3871 824 3947 emergentes:
859 3885 1007 3945 ergo
1056 3884 1180 3927 non
1226 3865 1512 3928 obstante
1557 3864 1701 3944 jure

205 3961 344 4039 quod
370 3961 608 4022 habent
649 3959 732 4020 ad
773 3958 926 4019 illud
973 3959 1379 4037 exigendum,
1442 3961 1703 4037 possunt

200 4053 432 4132 obligari
461 4054 542 4114 ad
573 4052 1020 4113 remittendum
1050 4051 1127 4110 de
1158 4051 1261 4112 illo
1284 4050 1450 4129 jure,
1506 4070 1700 4131 quan·

199 4148 309 4206 tum
337 4165 588 4212 necesse
638 4149 733 4207 est
779 4149 845 4205 ut
890 4144 1088 4223 possit
1131 4144 1436 4205 tributum
1465 4162 1698 4205 novum

191 4237 331 4315 juste
357 4239 541 4318 exigi.
578 4238 1009 4300 Communiter
1045 4241 1256 4298 tamen
1299 4255 1424 4297 non
1453 4236 1700 4297 videtur

198 4347 287 4389 rex
309 4331 385 4391 ad
413 4331 536 4392 hoc
565 4329 724 4391 velle
773 4328 1052 4408 obligare
1096 4329 1382 4390 dominos
1423 4329 1699 4404 ¹vasallo-

193 4439 347 4496 rum3
380 4425 530 4504 quia
577 4439 704 4482 non
748 4422 996 4484 videtur
1042 4421 1201 4482 velle
1254 4421 1404 4500 ipsis
1460 4425 1699 4484 tantam

193 4517 698 4579 contributionem
727 4515 1051 4594 imponere
1076 4563 1091 4590 ,
1134 4518 1372 4594 quanta
1414 4518 1578 4575 esset
1605 4513 1699 4573 di-

189 4609 427 4671 minutio
458 4608 690 4688 prioris
720 4609 983 4687 gabellae
1035 4608 1097 4667 in
1144 4611 1276 4668 tota
1314 4607 1420 4668 illa
1451 4606 1700 4686 quanti-

188 4705 316 4764 tate.
347 4705 438 4765 Ex
483 4702 712 4764 eadem
741 4701 1026 4762 doctrina
1053 4700 1239 4763 infert
1265 4700 1543 4762 secundo
1571 4701 1698 4766 Mo·

187 4791 294 4854 lina
319 4796 478 4876 disp.
512 4799 657 4858 674.
692 4813 865 4855 num.
901 4797 996 4854 11.
1021 4794 1085 4855 Si
1115 4793 1369 4872 quando
1399 4812 1511 4854 rex
1537 4810 1700 4853 mar-

187 4885 372 4948 chioni
401 4889 692 4950 vendidit
726 4887 1036 4966 gubellum
1061 4933 1076 4963 ,
1128 4906 1268 4965 quae
1309 4892 1458 4948 tunc
1484 4905 1525 4947 a
1550 4904 1700 4963 rege

185 4998 292 5041 non
322 4982 694 5061 exigebatur
715 4980 963 5058 integra
988 4979 1099 5040 sed
1127 4979 1432 5058 vigesima
1454 5025 1468 5053 ,
1502 4996 1564 5039 v.
1598 4997 1693 5056 gr.

185 5090 282 5149 pro
309 5073 579 5151 decima,
615 5072 763 5153 quia
791 5089 912 5132 non
943 5077 1189 5152 poterat
1219 5072 1387 5153 juste
1418 5071 1582 5150 exigi
1609 5072 1699 5130 in-

183 5168 360 5244 tegra,
391 5166 543 5228 licet
574 5171 792 5244 postea
838 5184 948 5226 rex
994 5164 1476 5226 advenientibus
1521 5164 1699 5225 novis

185 5259 388 5336 causis,
422 5260 638 5337 exigat
683 5258 993 5336 integram
1039 5277 1078 5319 a
1121 5258 1249 5319 suis
1283 5257 1580 5333 subditis,
1627 5257 1701 5317 il-

181 5349 294 5412 lum
321 5359 537 5416 tamen
577 5351 1007 5413 marchionem
1052 5370 1177 5428 non
1226 5369 1406 5430 posse
1448 5350 1698 5428 exigere

182 5462 212 5502 a
243 5446 366 5506 suis
387 5492 403 5521 ,
464 5445 590 5510 nisi
634 5444 812 5523 juxta
861 5444 1031 5505 illam
1084 5461 1467 5520 mensuram,
1517 5440 1699 5523 juxta

181 5555 358 5614 quam
382 5538 556 5612 exigi
575 5537 743 5614 juste
771 5540 1037 5616 poterat,
1074 5537 1324 5616 quando
1363 5556 1503 5598 eam
1531 5554 1697 5596 com—

3239 368 3380 443 613,

1823 527 2072 606 paravit
2098 547 2137 589 a
2159 548 2332 609 rege,
2367 531 2514 612 quia
2545 533 2694 595 illud
2730 535 2930 604 solum
2955 536 3062 618 jus
3110 556 3357 621 compa·

1824 622 2006 683 ravit.

1903 714 2238 779 Dubitatur
2292 718 2546 796 quinto,
2607 723 2924 801 quomodo
2982 728 3044 787 et
3099 726 3354 809 quando
3506 724 3580 782 14

1823 809 2274 871 consuetudine
2321 812 2518 889 possit
2564 815 2803 894 acquiri
2837 816 2943 896 jus
2993 818 3355 899 imponendi
3404 845 3708 893 amandi...

1823 898 1921 957 vel
1951 900 2237 980 exigendi
2272 903 2525 981 tributa,
2557 913 2744 985 prout
2771 926 2953 987 posse
2983 912 3356 989 supponitur
3432 902 3674 1008 2232qu

1819 989 1884 1049 in
1914 990 2018 1052 illo
2048 1011 2103 1053 c.
2139 994 2337 1074 Super
2362 997 2709 1076 quibusdam
2731 1046 2747 1078 ,
2801 1002 2899 1082 cuj
2912 1022 2980 1064 us
3009 1004 3223 1075 verba¹
3252 1025 3355 1075 su7-
3434 968 3668 1102 ingpf’g‘ffl'ffl

1822 1102 1935 1161 pra
1963 1086 2333 1155 retulimus?
2379 1089 2561 1152 Circa
2588 1094 2757 1171 quod
2804 1095 3098 1161 Alfonsus
3129 1097 3358 1171 delCa-
3494 1072 3530 1103 ¹²
3562 1067 3646 1104 ψ’

1820 1179 1948 1237 stro
1977 1177 2085 1240 lib.
2121 1197 2164 1241 1.
2196 1179 2266 1242 de
2295 1180 2417 1261 leqe
2437 1184 2639 1264 penali
2662 1204 2716 1248 c.
2751 1204 2837 1251 xl.
2891 1190 3107 1250 coroll.
3145 1194 3206 1251 2.
3261 1192 3375 1263 ‹li-2

1819 1268 1929 1345 xit,
1962 1273 2414 1335 consuetudine
2464 1278 2704 1357 acquiri
2737 1280 2991 1358 quidem
3021 1300 3242 1361 posse,
3296 1289 3359 1353 et

1821 1364 2139 1440 praescribi
2158 1364 2263 1444 jus
2295 1367 2585 1446 exigendi
2618 1371 2874 1450 aliquod
2905 1374 3241 1453 tributum,
3278 1376 3369 1447 de.

1821 1454 1997 1533 cujus
2027 1457 2367 1521 exactionis
2414 1461 2590 1524 initio
2637 1465 2942 1529 memoria
2989 1485 3116 1528 non
3163 1473 3352 1545 extat,

1821 1565 1944 1607 non
1973 1552 2184 1611 tamen
2233 1568 2415 1629 posse
2446 1556 2686 1635 acquiri
2707 1556 2813 1636 jus
2840 1559 3205 1637 imponendi
3233 1561 3358 1621 alia

1819 1638 2089 1717 tributa,
2125 1642 2221 1703 vel
2272 1644 2424 1705 illud
2471 1647 2743 1725 primum
2791 1651 3099 1729 augendi;
3154 1671 3357 1731 neque

1820 1732 1987 1791 enim
2017 1751 2102 1797 ex,
2122 1733 2245 1795 hoc
2274 1737 2443 1814 quod
2494 1739 2719 1819 aliquis
2749 1744 2942 1819 possit
2966 1743 3214 1823 exigere
3242 1745 3354 1817 ali-

1818 1825 1985 1903 quod
2034 1826 2375 1905 tributum‚
2423 1832 2706 1909 sequitur
2753 1835 2920 1914 quod
2967 1837 3165 1914 possit
3193 1857 3369 1900 nova.

1816 1917 2159 1997 imponere,
2192 1921 2291 1980 vel
2321 1922 2474 1985 illud
2506 1942 2736 2003 augere
2757 1973 2773 2004 ,
2820 1933 2888 1990 ut
2917 1933 3160 1993 constat
3188 1930 3250 1990 in
3279 1931 3369 2003 iis,

1816 2011 1921 2088 qui
1952 2030 1990 2072 a
2017 2031 2166 2090 rege
2195 2020 2482 2084 emerunt
2520 2016 2625 2096 jus
2654 2019 2946 2098 exigendi
2987 2022 3050 2091 in
3080 2023 3351 2102 suisop-

1813 2102 1976 2181 pidis
2004 2105 2308 2168 tributum
2335 2154 2351 2182 ‚
2405 2110 2575 2188 quod
2622 2112 2755 2191 regi
2785 2114 3169 2179 solvebatur.
3224 2119 3353 2178 Nec

1813 2200 2020 2257 textus
2059 2198 2122 2257 in
2155 2198 2322 2261 dicto
2352 2217 2408 2261 c.
2444 2201 2643 2282 Super
2672 2205 3041 2284 quibusdam,
3073 2208 3361 2287 loquitur¹

1814 2289 1893 2349 de
1913 2290 2057 2369 jure
2085 2291 2448 2371 imponendi
2480 2314 2647 2359 nova
2673 2298 2930 2377 tributa,
2964 2301 3076 2369 sed
3106 2301 3184 2362 de
3206 2301 3365 2382 Jure.

1813 2383 2104 2460 exigendi
2138 2384 2290 2447 illud
2321 2388 2491 2465 quod
2520 2390 2599 2451 ab
2629 2390 3067 2467 immemoriali
3098 2394 3363 2473 exigere,

1812 2475 1971 2535 solet
2001 2475 2139 2536 talis
2171 2476 2482 2541 dominuS.
2530 2483 2992 2553 Caeteritamen
3024 2488 3149 2557 DD.
3184 2487 3350 2551 banc

1812 2566 2275 2631 distinctionem
2318 2572 2697 2651 reprobant»,
2750 2580 2813 2641 et
2841 2576 3058 2645 dicunt
3084 2597 3357 2651 consue-z

1811 2660 2026 2722 tudine
2082 2660 2271 2723 etiam
2309 2666 2629 2742 praescribi
2686 2687 2869 2747 posse
2918 2670 3032 2750 jus
3069 2673 3353 2751 supremi,

1808 2752 2230 2832 principatu8‚
2292 2757 2462 2835 quod
2502 2777 2720 2820 secum
2764 2763 2946 2831 affert
2972 2768 3355 2842 potestatem.

1810 2846 1997 2906 etiam
2028 2846 2389 2924 imponendi
2420 2850 2677 2914 tributa.
2737 2855 2830 2917 Ita
2868 2855 3156 2933 Medina,
3224 2858 3348 2923 Sil-

1809 2943 1963 2999 vest.
1999 2940 2222 3016 Angel.
2257 2941 2574 3018 Tabiena‚
2625 2946 2968 3017 Panormit.
3004 2949 3189 3019 Gabr.
3225 2952 3353 3023 De<

1807 3030 1960 3107 ciu5‚
1993 3034 2056 3091 et
2083 3031 2186 3091 alii
2217 3050 2373 3111 quos
2402 3037 2582 3097 affert
2610 3041 2672 3099 et
2700 3039 2983 3118 sequitur
3010 3041 3240 3115 Sanch.
3275 3043 3337 3104 d.

1807 3141 1860 3183 c.
1897 3126 1999 3185 lv.
2035 3123 2186 3184 dub.
2224 3142 2310 3186 ιν.
2348 3129 2412 3188 Ρ.
2447 3128 2682 3192 Molina
2737 3130 2899 3211 disp.
2934 3136 3073 3202 666.
3134 3154 3240 3197 nu.
3275 3140 3334 3198 2.

1806 3217 1868 3277 in
1897 3219 2022 3278 fine
2047 3264 2062 3295 ‚
2111 3220 2398 3299 Vasquez
2429 3221 2489 3283 d.
2523 3223 2580 3301 ἓ.
2617 3226 2661 3287 Ι.
2720 3225 2868 3287 dub.
2903 3243 2948 3287 1.
2979 3247 3151 3295 num.
3186 3232 3245 3291 6.
3281 3235 3346 3291 et

1805 3329 1981 3389 seqq.
2017 3311 2125 3390 qui
2154 3316 2330 3374 notat
2365 3313 2428 3373 id
2458 3317 2801 3393 procedere
2832 3319 2938 3380 ubi
2968 3339 3090 3382 non
3122 3326 3216 3383 est
3241 3323 3347 3396 lex·

1804 3402 2144 3481 prohibens
2162 3406 2695 3485 praescriptionem
2717 3409 2878 3490 juris
2900 3413 3214 3492 exigendi,
3240 3415 3340 3478 vel

1803 3496 2169 3575 imponendi
2196 3498 2468 3576 tributa,
2529 3508 2719 3580 prout
2762 3509 2855 3567 est
2901 3505 2963 3564 in
2995 3506 3332 3586 Hispania;

1802 3589 1970 3649 idem
2017 3593 2193 3650 tenet
2244 3591 2529 3658 Turrian.
2593 3594 2752 3673 disp.
2815 3597 3023 3668 XLIV.
3085 3599 3234 3662 dub.
3288 3617 3331 3662 1.

1803 3700 1974 3743 num.
2000 3684 2060 3742 5.
2096 3686 2160 3743 et
2188 3682 2312 3744 alii.
2349 3685 2464 3755 Qui
2486 3685 2647 3756 bene
2679 3687 3036 3767 advertunt,
3074 3710 3334 3762 consue-

1800 3775 2083 3837 tudinem
2105 3774 2395 3852 exigendi
2418 3777 2671 3857 aliquod
2704 3779 3007 3842 tributum
3036 3802 3160 3844 non
3181 3785 3332 3846 dare

1792 3866 1897 3946 jus
1924 3867 2289 3945 imponendi
2307 3868 2451 3946 alia,
2472 3870 2572 3930 vel
2602 3871 2752 3932 illud
2782 3875 3076 3951 augendi;
3106 3876 3185 3937 ad
3213 3877 3333 3948 hoc

1801 3960 1967 4021 enim
1995 3959 2339 4039 requiritur
2367 3962 2555 4024 etiam
2586 3967 2971 4036 consuetudo
3001 3967 3331 4044 immemo-

1798 4052 1967 4112 rialis
1997 4051 2362 4130 imponendi
2389 4054 2489 4115 vel
2518 4057 2788 4135 augendi
2819 4057 3074 4124 tributa.

1879 4145 1975 4205 Ab
2005 4144 2122 4205 hae
2151 4147 2466 4207 communi
2497 4153 2561 4210 et
2588 4167 2736 4209 vera
2758 4150 3045 4222 doctrina
3065 4154 3330 4218 discedit
3477 4176 3550 4235 15

1797 4237 2253 4316 aliquantulum
2300 4240 2547 4302 Lessius
2595 4241 2656 4302 d.
2711 4242 2860 4305 dub.
2895 4262 2964 4307 11.
3013 4266 3185 4312 num.
3223 4254 3318 4312 14.

1797 4331 2032 4407 dicens,
2064 4330 2211 4392 licet
2230 4332 2335 4410 jus
2362 4333 2724 4413 imponendi
2753 4336 2987 4400 tributa
3004 4343 3325 4420 praescribi
3398 4299 3481 4395 ‘An
3540 4301 3658 4399 '⁵⁸⁵3-

1796 4422 2025 4500 possit,
2073 4422 2328 4485 sicutret
2347 4424 2452 4503 jus
2478 4426 2692 4502 liberte
2724 4433 2785 4491 et
2813 4449 3120 4510 supremae
3150 4441 3325 4514 pote·
3398 4419 3634 4515 ρῖῗῖἷῗῗῖἷ.

1796 4514 2007 4588 statis;
2060 4515 2180 4575 nisi
2224 4519 2434 4578 tamen
2476 4518 2612 4584 haec
2642 4519 2830 4583 etiam
2859 4528 3326 4607 praescriptione

1796 4608 2198 4686 acquiratur,
2259 4627 2383 4670 non
2430 4629 2611 4689 posse
2650 4611 2754 4690 jus
2784 4614 2935 4676 illud
2965 4616 3327 4698 imponendi

1796 4700 2030 4768 tributa
2060 4701 2402 4779 praescribi,
2438 4703 2585 4782 quia
2614 4705 2771 4774 adeo
2804 4711 2898 4768 est
2918 4713 3329 4775 essentialiter

1799 4812 2152 4855 connexum
2192 4793 2296 4873 jus
2340 4793 2459 4856 hoc
2503 4814 2644 4856 cum
2673 4803 2980 4877 potestate
3009 4822 3322 4885 suprema,

1797 4890 1868 4947 ut
1886 4885 2002 4946 nisi
2026 4885 2162 4948 haec
2182 4886 2365 4947 simul
2386 4888 2849 4968 praescribatur,
2874 4893 2979 4972 jus
3005 4894 3154 4957 illud
3175 4917 3328 4976 prae-

1799 4976 1984 5040 scribi
2029 4997 2154 5039 non
2184 4979 2399 5057 possit.
2456 4983 2604 5042 Haec
2648 4986 2859 5044 tamen
2888 4986 3173 5051 limitatio
3202 5010 3327 5053 non

1797 5071 2042 5150 placet,
2093 5089 2210 5131 nec
2258 5072 2465 5133 caeteri
2510 5079 2796 5137 auctores
2826 5076 2994 5138 illam
3025 5081 3329 5145 adbibue-

1797 5167 1945 5224 runt
1975 5183 1989 5225 ε
2023 5163 2294 5225 diximus
2322 5163 2489 5225 enim
2519 5183 2700 5244 posse
2731 5186 2806 5228 ex
2825 5170 3141 5234 voluntate
3162 5177 3330 5253 prin-

1799 5256 1954 5335 cipis
1982 5257 2264 5336 separari
2294 5276 2489 5317 unum
2519 5258 2596 5319 ab
2621 5260 2743 5322 alio
2768 5307 2785 5335 ,
2838 5266 2902 5324 et
2929 5268 3187 5328 concedi
3217 5270 3330 5331 ali-

1799 5350 1897 5411 cui
1929 5349 2069 5418 duci
2119 5352 2592 5429 recognescenti
2637 5355 3024 5432 superiorem
3054 5365 3330 5439 potesta-

1797 5447 1926 5510 tem
1967 5444 2335 5530 imponendi
2377 5444 2507 5505 suis
2549 5446 2801 5518 vasallis
2846 5450 3081 5526 tributa
3137 5474 3323 5536 nova,

1798 5536 2020 5605 saltem
2065 5536 2126 5596 in
2178 5537 2253 5596 iis
2283 5536 2530 5610 casibus
2577 5543 2640 5599 et
2665 5545 2923 5621 propter
2959 5564 3066 5606 eas
3108 5567 3333 5628 cansas
