4263 6376
158 2568 211 2627 73

128 2868 295 2908 nmm-

1323 245 1793 308 DISPUTATIO
1835 243 2054 322 XXIX,
2104 245 2378 307 SEc'rlo
2422 247 2496 308 V.

335 440 449 500 cap.
486 437 548 483 v.
583 441 646 483 n.
697 423 797 484 80.
829 439 974 481 cum
1017 421 1154 482 aliis
1184 439 1340 501 quos
1370 423 1658 483 afferunt.
1691 420 1843 483 Mihi
1942 440 2217 499 servare,
2268 421 2620 500 subrogatis
2675 423 2812 484 aliis
2866 423 2929 484 in
2977 424 3289 487 defectum
3344 447 3471 489 mo·

334 523 520 577 tamen
567 515 735 574 nullo
783 515 972 575 mado
1028 514 1277 575 videtur
1320 514 1599 575 venditio
1655 515 1842 575 facta.

337 609 544 679 Prim0,
583 607 730 686 quia
760 607 809 666 si
839 626 938 666 res
969 607 1261 668 venditur
1288 611 1352 668 et
1377 607 1649 668 traditur
1677 625 1846 683 emp·

334 701 430 764 tori
457 700 725 761 facultas
751 717 892 760 eam
922 699 1329 773 distrahendi,
1357 718 1432 761 eo
1462 700 1596 779 ipso
1626 698 1850 761 transit

336 793 663 854 dominium
709 793 773 852 in
821 796 1170 871 emptorem
1205 811 1218 852 ε
1255 810 1451 871 quare
1481 808 1604 852 non
1636 793 1850 870 posset

336 885 587 963 amplius
615 885 696 945 ab
726 903 799 946 eo
828 883 1046 962 pensio
1077 884 1239 962 exigi
1272 903 1384 963 pro
1415 903 1530 945 usu
1562 883 1726 943 illius
1756 882 1848 942 rei

337 978 445 1039 sine
487 995 704 1053 usura,
756 995 899 1037 cum
946 995 1071 1037 non
1109 979 1308 1055 possis
1349 978 1619 1056 pretium
1663 974 1742 1034 ab
1775 993 1848 1035 eo

338 1071 605 1149 accipere
651 1088 765 1149 pro
797 1089 915 1130 usu
960 1070 1050 1130 rei
1078 1089 1229 1146 suae,
1280 1076 1468 1149 atque
1514 1069 1657 1130 ideo
1698 1067 1850 1128 illud

340 1183 452 1225 esse
488 1164 738 1223 lucrum
786 1181 898 1240 pro
947 1162 1146 1241 pretio
1192 1163 1285 1222 rei
1314 1162 1592 1223 nondum
1620 1161 1846 1236 solute,

337 1275 455 1337 quae
514 1261 685 1317 esset
738 1275 947 1317 usura.
1009 1255 1321 1332 Secundo,
1375 1254 1521 1333 quia
1573 1252 1850 1315 venditio

337 1368 440 1409 non
472 1352 681 1426 potest
709 1367 845 1409 esse
873 1349 1005 1408 sine
1035 1348 1415 1426 obligatione
1445 1347 1743 1425 emptoris
1772 1345 1852 1406 ad

337 1441 696 1502 solvendum
723 1441 1023 1520 pretium;
1049 1440 1109 1499 iu
1143 1440 1261 1500 hoc
1290 1443 1500 1499 autem
1530 1457 1679 1499 casu
1708 1456 1851 1499 con-

338 1534 543 1594 ductor
571 1552 700 1593 non
728 1551 794 1593 se
812 1533 1114 1610 obligavit
1140 1533 1219 1592 ad
1248 1533 1515 1610 pretium
1547 1531 1847 1606 dandum,

337 1645 462 1686 cum
507 1626 855 1687 satisfaciat
891 1624 1215 1685 reddendo
1258 1643 1391 1685 rem
1435 1624 1667 1702 ipsam:
1702 1642 1851 1701 ergo

339 1738 443 1780 non
499 1719 859 1780 intercessit
899 1737 1071 1794 vera,
1120 1723 1182 1778 et
1223 1717 1508 1778 absoluta
1549 1716 1849 1793 venditiO,

336 1811 431 1872 sed
475 1812 615 1872 sola
662 1811 888 1871 locatio
923 1828 1063 1889 quae
1110 1810 1315 1885 durat,
1363 1808 1662 1890 quamdiu
1712 1827 1856 1870 con-

337 1905 544 1964 ductor
573 1922 712 1962 rem
742 1920 866 1963 non
896 1901 1188 1962 distrahit
1218 1921 1231 1962 :
1259 1902 1407 1981 quia
1427 1906 1636 1962 tamen
1667 1900 1859 1963 habet

337 1997 642 2059 licentiam
689 2014 829 2055 eam
878 1994 1287 2070 distrahendi,
1322 1998 1472 2055 tunc
1500 1992 1652 2055 emit
1688 1993 1857 2053 illam

336 2096 390 2151 et
413 2089 653 2167 obligat
681 2107 749 2148 se
797 2088 877 2147 ad
912 2088 1205 2166 pretium,
1239 2091 1303 2148 et
1350 2105 1425 2147 ex
1464 2091 1611 2147 tunc
1656 2088 1858 2146 cessat

337 2183 571 2242 locatio,
624 2181 891 2244 Videtur
917 2198 1068 2258 ergo
1099 2197 1232 2240 esse
1274 2180 1497 2240 locatio
1528 2196 1672 2237 cum
1702 2178 1859 2238 obli-

336 2276 576 2354 gatione
647 2273 942 2335 locatoris
994 2272 1074 2331 ad
1129 2272 1554 2347 vendendum,
1614 2271 1857 2350 quoties

337 2368 674 2429 conductor
727 2366 996 2427 voluerit
1047 2383 1181 2425 rem
1234 2364 1583 2425 distrahere
1631 2368 1693 2425 et
1743 2381 1856 2442 pro

337 2467 539 2539 empta
567 2459 877 2537 accipere.
911 2459 1068 2518 Hinc

407 2554 744 2615 Dubitatur
803 2552 1101 2627 secunde,
1153 2569 1233 2610 an
1287 2549 1483 2630 possit
1527 2550 1715 2610 vendi
1759 2568 1858 2610 res

337 2647 446 2707 boc
475 2650 688 2725 pacto,
722 2650 790 2705 ut
810 2643 1110 2723 quamdiu
1127 2642 1394 2720 pretium
1424 2660 1546 2702 non
1573 2642 1855 2720 solvitur,

336 2742 583 2800 maneat
608 2737 813 2799 locata
839 2735 1009 2814 apud
1040 2740 1388 2813 emptorem
1417 2752 1529 2812 pro
1561 2735 1858 2813 pensione

335 2828 671 2893 solvenda?
717 2828 1155 2907 Respondetur
1199 2826 1592 2902 affirmative,
1644 2830 1712 2887 ιιι
1747 2827 1861 2888 do-

337 2929 470 2986 cent
498 2927 685 2984 Azor.
709 2923 845 2981 loco
875 2921 1066 2980 citato
1098 2938 1159 2998 q.
1195 2936 1281 2980 vl.
1317 2918 1631 2980 Filliucius
1663 2939 1722 2979 n.
1755 2923 1854 2980 81.

319 3007 393 3078 'et
439 3017 574 3087 alii;
625 3018 688 3075 et
728 3013 1043 3091 colligitur
1082 3030 1158 3071 ex
1196 3012 1237 3072 l.
1285 3011 1455 3071 Sicut
1498 3010 1731 3087 ommia,
1792 3013 1856 3076 ff.

336 3109 528 3183 locati,
579 3111 641 3168 ot
676 3106 813 3184 lege
859 3103 1168 3183 sequenti.
1202 3105 1377 3164 Tunc
1422 3103 1589 3162 enim
1637 3121 1736 3162 res
1764 3103 1860 3164 lo-

333 3207 493 3279 cata,
528 3201 728 3261 donec
757 3198 1029 3276 pretium
1057 3197 1356 3273 solvatur,
1404 3200 1619 3258 manet
1658 3195 1721 3255 in
1748 3196 1862 3257 do-

333 3295 526 3355 minio
599 3291 928 3363 locatoris;
1024 3307 1217 3368 quare
1291 3292 1496 3367 potest
1556 3307 1669 3367 pro
1726 3288 1860 3368 ejus

335 3408 443 3449 usu
473 3384 834 3447 mercedem
863 3376 1155 3462 accipere'
1183 3400 1197 3446 ε
1247 3381 1448 3443 soluto
1478 3385 1690 3443 autem
1718 3401 1862 3461 pre-

333 3482 435 3556 tio,
469 3479 699 3542 transit
741 3478 806 3536 in
835 3474 1184 3537 dominium
1212 3474 1634 3550 conductoriS,
1668 3478 1731 3535 et
1757 3493 1857 3535 re-

330 3573 595 3634 solvitur
621 3569 870 3632 locati0.

407 3664 744 3727 Dubitatur
787 3661 993 3736 tertie,
1043 3679 1123 3721 an
1172 3660 1358 3721 liceat
1397 3660 1655 3721 locatori
1705 3658 1863 3720 obli-

327 3778 479 3838 gare
534 3756 980 3817 conductorem
1037 3752 1117 3812 ad
1171 3751 1637 3830 suscipiendum
1686 3752 1747 3811 in
1794 3770 1860 3811 se

327 3848 680 3930 periculum
732 3865 918 3908 omne
962 3845 1051 3905 rei
1091 3846 1333 3907 locatae.
1386 3846 1570 3906 Sotus
1610 3845 1718 3906 lib.
1770 3861 1856 3907 vl.

329 3944 398 4004 de
406 3942 658 4025 justitia
686 3944 906 4020 qua-st.
959 3955 1045 3999 1x.
1081 3941 1198 4001 art.
1232 3942 1291 3999 2.
1327 3937 1406 3997 ad
1430 3937 1706 4014 tertium,
1742 3957 1860 4016 pu-

329 4043 419 4098 tat
447 4037 623 4096 illam
663 4051 785 4094 non
814 4032 947 4093 fere
976 4030 1103 4110 jam
1146 4030 1544 4106 locationem,
1578 4029 1688 4090 sed
1716 4049 1862 4090 ven-

330 4130 657 4191 ditionem.
690 4125 1062 4205 Oppositum
1089 4127 1300 4184 tamen
1340 4123 1564 4183 merito
1596 4123 1866 4201 probant

328 4226 653 4284 Navarrus
706 4219 775 4280 de
829 4217 1043 4294 usuris,
1120 4237 1184 4278 n.
1232 4220 1333 4278 35.
1393 4220 1455 4277 et
1506 4216 1857 4295 sequentib.

326 4319 517 4378 Azor.
554 4314 664 4375 ubi
710 4331 922 4391 supra,
952 4330 1060 4390 qu.
1093 4326 1205 4372 vn.
1242 4313 1305 4370 et
1354 4308 1460 4369 alii
1491 4326 1507 4373 ς
1542 4309 1688 4388 quia
1716 4309 1860 4369 abs-

327 4429 450 4489 que
492 4426 567 4468 eo
618 4405 786 4487 quod
821 4404 1170 4466 conductor
1200 4401 1485 4481 acquirat
1512 4400 1862 4463 dominium

324 4502 416 4562 rei
463 4499 815 4573 conductae,
875 4499 1084 4576 potest
1129 4496 1263 4574 ejus
1291 4494 1640 4573 periculum
1670 4493 1864 4553 susci-

324 4612 517 4673 pere;
550 4592 716 4651 unde
746 4590 798 4650 si
825 4607 928 4649 res
957 4606 1082 4648 non
1111 4587 1294 4666 perit,
1328 4604 1451 4647 non
1481 4590 1686 4664 potest
1722 4604 1864 4664 pre-

324 4688 491 4748 tium
538 4684 825 4759 reddere,
857 4681 968 4742 sed
996 4699 1131 4741 rem
1162 4680 1384 4758 ipsam.
1421 4681 1559 4739 Non
1590 4683 1684 4739 est
1710 4697 1861 4757 ergo

321 4783 583 4859 pactum
615 4776 763 4837 illud
796 4779 1037 4849 contra,
1062 4771 1173 4832 sed
1194 4776 1423 4849 praeter
1451 4770 1864 4832 substantiam

322 4870 699 4941 locationis3
736 4867 854 4928 erit
897 4870 1122 4927 tamen·
1139 4869 1358 4925 contra
1380 4863 1710 4943 justitiam,
1747 4863 1865 4924 nisi

319 4968 589 5043 propter
616 4960 768 5021 illud
798 4976 956 5019 onus
1005 4956 1327 5016 minuatur
1355 4960 1659 5034 quantum
1689 4972 1866 5032 opor-

326 5062 421 5119 tet
449 5056 668 5134 pensio
698 5072 737 5113 a
766 5050 1147 5113 conductore
1178 5048 1497 5108 solvenda.
1533 5047 1690 5108 Hine

408 5149 747 5210 Dubitatur
775 5148 1020 5224 quarte,
1046 5161 1125 5202 an
1145 5141 1330 5203 liceat
1355 5144 1710 5203 contractus
1740 5159 1861 5220 quo

321 5242 562 5321 aliquis
605 5242 771 5301 locat
799 5254 1058 5316 gregem
1088 5235 1190 5295 vel
1218 5233 1514 5294 animalia
1540 5233 1622 5294 ad
1650 5251 1858 5308 usum,

319 5342 388 5398 et
441 5336 718 5395 fructum
747 5350 823 5392 ex
851 5330 925 5389 iis
953 5326 1425 5407 percipiendum
1471 5345 1543 5388 eo
1575 5330 1756 5405 pacto
1794 5329 1863 5386 ut

319 5427 677 5490 conductor
703 5426 992 5488 teneatur
1019 5437 1348 5481 numerum
1376 5419 1688 5497 integrum
1708 5435 1860 5479 con-

3354 255 3463 313 461

3573 448 3676 501 Quid
3711 450 3764 493 de

1945 514 2280 575 rientium?
2333 515 2543 593 Aliqui
2625 515 2842 576 dicunt
2891 535 3024 578 esse
3090 521 3466 598 usurarium,
3566 502 3766 547 ¹⁰⁰⁸¹¹⁰¹¹⁰

1945 607 2114 686 quod
2146 627 2267 668 non
2299 607 2555 668 omnino
2604 608 2917 687 improbat
2944 613 3108 671 Azor
3148 613 3257 673 ubi
3284 632 3474 693 supra
3554 563 3781 655 5⁰ss53AE

1946 718 2083 778 cap.
2116 716 2228 760 xn.
2264 704 2484 778 quaest.
2517 702 2576 761 3.
2612 701 2733 760 Sed
2764 706 2931 761 certe
2963 722 3082 762 non
3107 711 3310 782 potest
3338 726 3473 768 esse
3567 668 3769 812 ἰᾞὲἔιὲιῗῗῖ·

1946 810 2139 851 usura
2177 790 2283 851 ubi
2331 810 2456 850 non
2500 795 2595 853 est
2639 797 2952 871 mutuum,
3000 801 3187 872 prout
3227 798 3290 857 in
3320 817 3475 877 prae-
3543 782 3799 867 essfflrffi.

1947 883 2104 944 senti
2138 901 2259 943 non
2314 887 2425 956 est,
2462 902 2602 944 cum
2651 885 2998 946 dominium
3046 906 3171 949 non
3200 894 3478 953 transeat

1948 977 2009 1037 in
2041 976 2511 1051 conductorem,
2543 978 2653 1037 sed
2686 980 3097 1042 ususfructus
3133 983 3331 1062 Magis
3363 984 3478 1044 du·

1947 1068 2134 1129 bitari
2166 1073 2368 1147 potest
2398 1069 2476 1129 de
2522 1071 2879 1149 aequalitate
2926 1077 2988 1133 et
3007 1073 3249 1152 justitia
3284 1097 3296 1137 ε
3333 1078 3477 1156 quia

1949 1165 2250 1240 pereunte
2279 1179 2347 1220 re
2378 1161 2606 1236 locata,
2645 1181 2770 1222 non
2800 1169 3005 1241 potest
3042 1168 3257 1245 pensio
3286 1170 3474 1230 conti·

1949 1254 2154 1329 nuari,
2188 1272 2331 1314 cum
2378 1272 2502 1314 non
2545 1256 2741 1334 possit
2785 1275 3041 1317 manere
3084 1259 3289 1322 adhuc
3316 1261 3480 1323 loca·

1948 1350 2083 1408 tum
2128 1345 2194 1405 id
2223 1347 2390 1425 quod
2415 1346 2548 1425 jam
2579 1367 2702 1408 non
2735 1353 2849 1409 est.
2883 1351 3061 1411 Hunc
3091 1356 3300 1413 tamen
3330 1374 3480 1416 con·
3513 1361 3517 1366 ’

1949 1443 2218 1501 tractum
2247 1439 2600 1516 approbant
2621 1442 2871 1502 omnino
2893 1443 3123 1505 Melina
3144 1446 3302 1525 disp.
3336 1451 3473 1510 503.

1953 1531 2270 1592 Filliucius
2325 1551 2386 1592 n.
2438 1536 2542 1593 83.
2600 1537 2660 1594 et
2691 1534 2791 1592 alii
2822 1538 3258 1599 communiter.
3301 1541 3479 1603 Ratio

1952 1629 2164 1686 autem
2195 1642 2329 1684 esse
2362 1630 2588 1701 potest,
2632 1626 2782 1704 quia
2813 1627 2874 1685 id
2911 1628 3079 1706 quod
3121 1630 3364 1693 locatur
3390 1639 3483 1695 est

1953 1734 2126 1794 grex,
2177 1716 2286 1794 qui
2331 1716 2583 1795 quidem
2622 1735 2873 1796 semper
2899 1729 3259 1798 perseverat
3286 1725 3476 1802 idem,

1953 1808 2274 1869 moraliter
2306 1808 2640 1886 loquendo,
2677 1811 2930 1870 variatis
2976 1816 3324 1876 successive
3353 1819 3481 1878 ani·

1954 1900 2245 1975 malibuS,
2281 1903 2343 1961 et
2371 1918 2621 1979 semper
2648 1907 2859 1963 manet
2886 1903 3000 1963 sub
3018 1904 3293 1968 dominio
3323 1910 3484 1971 loca·

1953 1994 2126 2056 toris,
2177 1992 2538 2072 Requiritur
2582 1998 2790 2053 tamen
2834 1995 2913 2055 ad
2951 1996 3257 2073 justitiam
3296 2001 3482 2080 hujus

1956 2088 2333 2158 contractuS,
2362 2089 2431 2145 ut
2457 2084 2696 2146 fructus
2718 2086 2915 2164 quiex
2936 2107 3128 2167 grege
3159 2100 3486 2156 remanent

1955 2176 2319 2239 conductori
2350 2176 2635 2238 deductis
2656 2180 2940 2258 expensis
2959 2184 3267 2263 omnibuS,
3294 2189 3482 2268 requi-

1954 2270 2207 2330 valeant
2244 2269 2530 2347 pensioni
2574 2270 2914 2349 solvendae,
2960 2277 3023 2336 et
3051 2278 3223 2336 oneri
3254 2280 3481 2341 subro-

1956 2360 2147 2440 gandi
2177 2361 2298 2421 alia
2324 2361 2695 2421 animaliain
2717 2364 3027 2426 defectum
3056 2370 3480 2451 morientium,

1957 2453 2305 2535 praesertim
2334 2453 2383 2514 si
2419 2453 2650 2515 habeat
2668 2455 2854 2517 etiarn
2885 2457 3003 2518 hoc
3029 2477 3205 2538 onuS,
3232 2467 3482 2542 quando

1956 2552 2214 2628 propter
2241 2546 2634 2607 sterilitatem
2665 2548 2760 2606 vel
2796 2553 3254 2630 tempestatem,
3292 2559 3485 2619 multa

1957 2639 2251 2702 animalia
2296 2642 2580 2718 pereunt.
2634 2640 2696 2700 Si
2729 2645 2937 2701 tamen
2986 2662 3126 2723 spes
3173 2648 3485 2711 fructuum
3596 2705 3603 2710 ,

1958 2734 2093 2794 baec
2151 2749 2341 2794 onera
2414 2737 2797 2810 compenset,
2859 2741 3214 2798 contractus
3269 2744 3484 2822 utique

1950 2825 2155 2905 justus
2183 2823 2321 2884 erit.
2356 2827 2558 2902 Atque
2586 2823 2753 2884 idem
2784 2830 2896 2903 est,
2950 2829 3001 2887 si
3044 2849 3155 2908 pro
3185 2835 3485 2911 pensione

1956 2919 2312 2996 assignatur
2339 2916 2597 2976 dimidia
2650 2918 2745 2977 vel
2782 2920 2965 2981 tertia
2995 2940 3140 2998 pars
3170 2926 3484 2988 fructuum

1959 3010 2241 3089 ejusdem
2277 3009 2507 3088 gregis,
2561 3010 2840 3090 Denique
2882 3012 3050 3074 idem
3100 3020 3211 3090 est,
3246 3019 3299 3078 si
3325 3019 3486 3082 loce-

1957 3108 2059 3164 tur
2102 3100 2331 3162 fundus
2379 3101 2561 3161 simul
2608 3120 2751 3162 cum
2797 3105 3169 3169 animalibus
3216 3130 3355 3191 quae
3401 3114 3487 3174 ibi

1957 3199 2318 3276 pascuntur,
2352 3195 2448 3254 vel
2480 3213 2619 3273 quae
2659 3195 3018 3261 deserviunt
3046 3202 3124 3261 ad
3154 3205 3486 3267 colendum

1957 3288 2243 3362 fundum,
2303 3305 2446 3347 cum
2502 3287 2723 3347 eadem
2769 3289 3146 3368 obligatione
3195 3299 3483 3360 servandi

1958 3399 2289 3441 numerum
2317 3380 2629 3458 integrum
2660 3381 3043 3446 animalium.

2036 3474 2236 3551 Magis
2282 3472 2554 3533 dubitari
2597 3479 2827 3552 posset,
2887 3478 3138 3556 quando
3170 3499 3294 3541 non
3324 3483 3487 3545 loca·
3633 3500 3710 3558 75

1956 3571 2061 3629 tur
2086 3584 2262 3644 grex,
2308 3565 2421 3625 sed
2450 3584 2611 3626 unus
2656 3567 2750 3627 vel
2783 3567 2906 3629 duo
2943 3570 3134 3633 boves
3181 3580 3288 3637 aut
3317 3578 3482 3657 equi,
3591 3622 3696 3675 Quid
3728 3623 3781 3666 d„

1959 3677 2102 3720 cum
2129 3661 2336 3737 pact0,
2369 3661 2440 3719 ut
2481 3658 2654 3719 finito
2687 3662 2968 3738 tempore
3002 3665 3347 3728 reddantur
3376 3670 3487 3730 bo-
3537 3677 3837 3740 lopationebo-

1958 3770 2090 3826 veS,
2142 3754 2251 3811 aut
2291 3749 2434 3828 equi
2484 3768 2662 3829 aeque
2702 3750 2968 3830 juvenes
3016 3760 3077 3817 et
3121 3760 3276 3836 sani,
3329 3762 3490 3824 sicut
3537 3731 3835 3878 gissuffgssis

3698 3842 3815 3880 emt

1960 3841 2198 3921 accepti
2226 3841 2415 3902 sunt?
2442 3844 2606 3902 Azor
2634 3842 2800 3905 dicto
2832 3863 2970 3925 cap.
3003 3864 3115 3910 x11.
3151 3868 3211 3930 q.
3247 3855 3304 3913 2.
3340 3853 3491 3916 dicit
3540 3836 3652 3879 ”⁶¹¹¹

1960 3955 2094 3997 esse
2125 3952 2382 3994 usuram
2416 3953 2429 3993 :
2465 3935 2611 4012 quia
2657 3935 2895 3999 locator
2921 3960 3102 4000 suum
3134 3944 3362 4006 animal
3394 3948 3489 4008 lo-

1961 4033 2061 4090 cat
2088 4032 2158 4088 ut
2198 4026 2352 4086 illud
2380 4031 2663 4105 renovet,
2701 4047 2845 4089 eum
2876 4035 3087 4093 tamen
3119 4037 3349 4099 animal
3381 4058 3494 4100 na-

1959 4125 2101 4183 tura
2128 4137 2242 4180 sua
2287 4118 2563 4197 quotidie
2593 4121 2947 4198 grandioris
2974 4127 3083 4188 fiat
3111 4130 3331 4192 fetatis,
3367 4132 3490 4193 Sed

1961 4218 2128 4274 certe
2172 4212 2344 4272 nulla
2384 4230 2574 4272 usura
2622 4233 2756 4275 esse
2804 4221 3029 4296 potest,
3083 4239 3224 4283 cum
3257 4243 3381 4284 non
3414 4227 3493 4287 sit

1960 4310 2270 4380 mutuum,
2304 4322 2418 4365 nec
2461 4308 2739 4367 transeat
2779 4309 3008 4371 animal
3039 4312 3102 4372 in
3146 4315 3491 4378 dominium

1961 4396 2385 4469 conductoris;
2420 4416 2622 4476 neque
2653 4399 2841 4461 etiam
2870 4407 2964 4464 est
2993 4423 3201 4481 usura,
3237 4411 3490 4488 quando

1961 4491 2148 4551 datur
2185 4507 2285 4549 res
2338 4489 2678 4567 fructifera,
2728 4490 2792 4551 id
2824 4497 2937 4567 est,
2986 4495 3162 4576 cujus
3204 4519 3353 4561 usus
3400 4508 3493 4565 est

1961 4583 2163 4663 pretio
2194 4581 2577 4643 aestimahilis
2603 4603 2615 4643 :
2640 4588 2845 4663 potest
2869 4605 3017 4665 ergo
3048 4608 3161 4668 pro
3191 4594 3490 4670 pensione

1960 4676 2057 4736 vel
2087 4691 2200 4753 pro
2230 4677 2408 4752 parte
2438 4673 2754 4753 pensionis
2783 4677 2948 4756 exigi
2976 4698 3133 4741 onus
3161 4683 3315 4743 illud
3345 4704 3488 4764 per-

1960 4765 2247 4830 mutandi
2287 4770 2602 4828 transaeto
2650 4772 2932 4849 ternpore
2964 4774 3196 4836 animal
3227 4796 3339 4856 pro
3367 4780 3489 4843 alio

1954 4859 2191 4939 juniori
2245 4862 2307 4919 et
2359 4858 2611 4920 saniori.
2670 4861 2872 4941 MaJ'or
2925 4864 3256 4928 difficultas
3303 4878 3485 4950 esset,

1962 4951 2213 5032 quando
2241 4951 2467 5012 locatio
2507 4952 2685 5013 fieret
2730 4953 2792 5013 in
2823 4957 3305 5034 quadriennium
3346 4982 3488 5026 cum

1960 5049 2145 5126 pacto
2202 5043 2545 5104 renovandi
2595 5049 2929 5124 quotannis
2957 5051 3189 5113 animal
3216 5074 3331 5134 pro
3366 5057 3487 5118 alio

1963 5155 2144 5217 aequc
2178 5136 2457 5216 juvene:
2502 5137 2649 5215 quia
2698 5143 3043 5205 secundum
3090 5147 3320 5210 animal
3363 5170 3488 5211 non

1963 5234 2057 5290 est
2083 5228 2236 5289 illud
2273 5228 2442 5307 quod
2476 5229 2590 5290 fuit
2618 5231 2923 5308 locatum;
2958 5238 3066 5298 sed
3116 5259 3321 5321 neque
3368 5242 3488 5304 hoc

1961 5320 2392 5383 damnandum
2420 5322 2672 5385 videtur
2703 5345 2716 5386 :
2752 5327 2899 5406 quia
2927 5329 2991 5389 in
3020 5332 3143 5393 fine
3176 5334 3322 5396 anni
3352 5336 3488 5396 ani-

1960 5415 2087 5476 mal
2116 5414 2282 5495 quod
2329 5433 2402 5474 ex
2442 5421 2624 5495 pacto
2652 5418 3051 5502 subrogatur,
3083 5427 3293 5490 statim
3323 5433 3489 5491 tran-
