4263 6376
864 339 987 399 622

866 515 1183 576 catoribus
1213 511 1497 573 excusari
1538 527 1720 588 posse
1749 527 1786 567 a
1815 507 2205 568 restitutione
2238 508 2400 568 illius

867 608 1081 687 partis,
1102 624 1292 687 quam
1308 603 1860 674 defraudaverunt,
1878 604 2143 661 testatur
2164 600 2395 661 Sanch.

869 721 930 761 n.
968 704 1064 764 18.

616 799 691 855 47
944 793 1213 853 Infertur
1240 790 1445 865 tei-tin,
1483 789 1547 848 in
1580 789 1653 848 iis
1681 788 1927 848 casibus
1957 787 2018 845 in
2042 788 2270 866 quibus
2289 787 2401 848 tri-

572 921 690 974 Qust
724 921 760 964 ,ἰ
863 886 1085 947 butum
1115 884 1212 944 vel
1244 901 1367 942 non
1398 883 1685 955 debetur,
1719 882 1817 940 vel
1846 879 2092 940 nonnisi
2125 885 2394 957 petatur,

530 976 815 1072 gglffilg-
864 997 986 1039 non
1017 976 1197 1055 ligari
1228 973 1876 1036 excommunicatione
1902 974 2031 1033 lata
2057 978 2270 1033 contra
2295 991 2401 1032 oc-

626 1087 703 1126 ιιο.
861 1069 1171 1131 cultantes
1198 1067 1560 1146 hujusmodi
1587 1066 1842 1140 tributa,
1874 1066 1973 1125 vel
2005 1083 2126 1125 non
2158 1065 2398 1125 solven-

861 1166 976 1238 teS,
1010 1161 1158 1241 quia
1187 1158 1749 1221 excommunicatio
1798 1158 1997 1218 fertur
2024 1157 2226 1218 solum
2256 1175 2401 1217 con-

858 1259 957 1316 tra
987 1272 1116 1329 θος,
1178 1253 1307 1332 qui,
1369 1252 1472 1311 illa
1527 1252 1791 1326 seclusa,
1851 1248 2228 1310 tenebantur
2281 1249 2397 1310 sub

860 1348 1043 1425 culpa
1070 1345 1246 1425 gravi
1277 1345 1541 1417 solvere,
1576 1343 1662 1403 ita
1689 1342 1857 1402 idem
1888 1341 2118 1402 Sanch.
2153 1360 2260 1402 nu.
2295 1345 2391 1402 19.

862 1440 1040 1500 Ratio
1072 1443 1282 1500 autem
1311 1455 1447 1497 esse
1475 1439 1701 1514 potest,
1734 1434 1883 1513 quia
1908 1434 2054 1494 licet
2082 1434 2234 1494 illud
2264 1433 2398 1493 edi-

859 1536 1030 1592 ctum
1057 1529 1347 1591 videatur
1373 1547 1509 1589 esse
1539 1528 1755 1606 petitio
1784 1526 2021 1602 tributi,
2046 1531 2234 1605 atque
2253 1527 2395 1587 ideo

851 1622 987 1703 jam
1014 1623 1307 1684 videatur
1335 1622 1502 1699 peti,
1555 1624 1619 1680 et
1645 1620 1948 1681 tributum
1978 1620 2130 1679 illud
2158 1620 2394 1679 debea-

860 1721 980 1791 tur,
1016 1714 1266 1795 quando
1298 1713 1531 1793 petitur
1562 1729 1577 1774 ε
1612 1712 1721 1772 sed
1766 1717 1977 1772 tamen
2025 1711 2242 1790 petitio
2288 1712 2398 1772 illa

856 1808 1111 1869 videtur
1140 1825 1274 1868 esse
1306 1806 1491 1867 valde
1518 1806 1833 1884 generalis
1855 1851 1871 1880 ,
1920 1823 2037 1865 nec
2066 1810 2161 1865 est
2186 1823 2392 1865 sermo

856 1901 935 1961 de
966 1921 1041 1962 ea
1070 1901 1323 1980 quando
1352 1899 1619 1959 dicimus
1650 1898 1859 1977 aliqua
1887 1898 2122 1958 tributa
2143 1916 2267 1958 non
2289 1898 2394 1957 de-

857 1994 989 2055 beri
1020 1994 1221 2054 donec
1248 1996 1579 2071 petantur,
1594 1991 1706 2052 sed
1736 1991 1817 2049 de
1845 1990 2393 2069 petitione‚quain

856 2086 1217 2166 particulari
1271 2085 1501 2163 petitur
1548 2088 1808 2161 propter
1850 2083 2041 2144 talem
2071 2083 2170 2142 vel
2200 2083 2396 2143 talem

857 2198 1134 2240 causam.
1170 2179 1348 2240 Unde
1379 2195 1493 2236 nec
1540 2177 1854 2236 sufficeret
1898 2179 2242 2254 quaestores
2284 2193 2395 2253 pe-

854 2277 986 2333 tere
1013 2291 1055 2331 a
1079 2278 1140 2332 te
1170 2275 1240 2332 ut
1267 2270 1473 2330 solvas
1494 2313 1510 2344 ‚
1560 2268 1609 2327 si
1655 2269 1806 2346 quid
1852 2267 2065 2328 tributi
2095 2266 2287 2327 debes
2317 2287 2393 2327 ex

854 2365 1189 2438 mercibus,
1221 2362 1321 2421 vel
1359 2361 1782 2421 contractibus
1820 2360 2005 2438 hujus
2058 2361 2206 2420 anni
2241 2380 2254 2420 :
2287 2360 2393 2421 illa

854 2457 1022 2517 enim
1051 2456 1266 2534 petitio
1296 2456 1424 2514 fere
1455 2458 1551 2514 est
1564 2454 1786 2514 eadem
1808 2454 2264 2531 competitione
2282 2472 2393 2532 ge-

854 2551 1049 2611 nerali
1081 2549 1276 2628 ipsius
1306 2548 1463 2626 legis
1488 2593 1503 2623 ,
1538 2565 1678 2626 quae
1718 2547 2099 2625 generaliter
2127 2546 2394 2624 imponit

853 2645 1143 2707 omnibus
1173 2647 1242 2704 ut
1267 2641 1534 2703 solvant.

605 2750 685 2809 48
933 2738 1205 2799 Adverte
1234 2740 1445 2796 tamen
1477 2733 1680 2813 primo
1710 2750 1853 2793 cum
1886 2733 2108 2792 eodem
2153 2733 2382 2794 Sauch.

852 2831 957 2891 illo
989 2829 1140 2891 dub.
1173 2845 1235 2892 x.
1268 2847 1330 2888 n.
1354 2831 1413 2888 6.
1450 2826 1796 2887 doctrinam
1826 2825 1996 2885 illam
2016 2871 2031 2900 ,
2074 2824 2243 2904 quod
2271 2826 2387 2886 ali·-

854 2923 1105 3004 quando
1136 2922 1438 2983 tributum
1465 2938 1590 2980 non
1619 2919 1885 2979 debetur
1915 2924 2252 2998 antequam
2283 2938 2389 2998 pe-

787 3067 800 3080 .
850 3021 1040 3091 tatur,
1099 3014 1493 3076 limitandam
1549 3030 1685 3072 esse
1708 3057 1724 3088 ,
1785 3016 1852 3072 ut
1906 3030 2031 3071 non
2088 3012 2392 3089 procedat

854 3108 1106 3187 quando
1137 3107 1441 3168 tributum
1471 3110 1566 3166 est
1593 3104 2022 3182 incapitatum,
2055 3108 2126 3164 ut
2145 3104 2382 3181 dicunt,

853 3202 973 3263 hoc
1006 3204 1122 3277 est,
1154 3200 1405 3280 quando
1435 3198 1627 3277 aliqui
1666 3197 1963 3271 artificeS,
1998 3198 2097 3257 vel
2146 3217 2389 3259 merca-

849 3298 1019 3356 tores
1050 3295 1480 3354 convenerunt
1525 3308 1742 3352 omnes
1772 3290 1850 3350 de
1880 3291 2182 3351 solvenda
2210 3294 2386 3352 tanta

847 3405 1115 3463 summa,
1149 3403 1341 3466 quam
1369 3388 1588 3463 postea
1631 3383 1752 3463 ipsi
1781 3383 1942 3444 inter
1970 3402 2036 3443 se
2066 3384 2379 3460 dividunt,

848 3482 919 3539 ut
945 3479 1176 3557 singuli
1202 3481 1536 3539 teneantur
1578 3476 1659 3536 ad
1707 3477 2055 3554 portionem
2086 3494 2226 3556 quae
2259 3476 2386 3537 sin-

847 3572 1030 3650 gulos
1056 3571 1258 3650 tangit
1290 3590 1303 3631 :
1338 3588 1461 3649 quo
1491 3588 1642 3629 casu
1670 3569 1718 3628 si
1765 3569 1989 3647 aliquis
2025 3588 2244 3630 eorum
2273 3588 2386 3648 per

843 3665 1153 3726 incuriam
1181 3663 1526 3743 colligentis
1556 3662 1725 3721 illam
1746 3680 2057 3723 summam
2072 3663 2385 3741 relinque-

844 3762 1039 3835 retur,
1074 3758 1334 3818 deberet
1377 3757 1511 3834 ipse
1557 3774 1635 3815 ex
1679 3754 2091 3816 conventione
2121 3755 2287 3816 facta
2316 3774 2382 3816 se

843 3853 1267 3926 manifestare,
1301 3855 1364 3910 et
1390 3849 1614 3909 offerre
1644 3848 1996 3925 portionem
2023 3866 2238 3924 suam,
2273 3866 2383 3909 cu-

836 3947 943 4025 Jus
971 3945 1251 4004 defectus
1278 3941 1664 4002 redundaret
1688 3940 1751 3999 in
1780 3940 2215 4019 proejudicium
2233 3941 2384 4003 alio·

843 4054 986 4099 rum
1030 4040 1246 4097 contra
1292 4039 1546 4113 pactum
1576 4037 1638 4095 et
1665 4035 2149 4095 conventionem
2177 4034 2381 4112 legiti-

844 4148 1016 4191 mam
1046 4130 1205 4190 inter
1233 4129 1403 4206 ipsos
1445 4127 1699 4188 factam.
1737 4126 1914 4199 Quod
1957 4127 2125 4186 idem
2167 4127 2381 4188 dicen-

845 4223 996 4283 dum
1025 4226 1140 4298 est,
1163 4221 1414 4300 quando
1442 4220 1607 4280 tacta
1636 4219 2081 4281 esttransactio
2100 4237 2244 4279 cum
2272 4239 2382 4297 pu-

843 4315 1090 4376 blicano
1121 4314 1288 4375 circa
1318 4312 1631 4392 gabellam
1672 4313 1946 4391 aliquam
1983 4331 1996 4372 ε
2030 4318 2182 4372 tunc
2210 4312 2378 4372 enim

843 4407 1139 4471 standum
1168 4412 1262 4467 est
1288 4411 1470 4485 pacto
1499 4405 1686 4482 facto,
1721 4404 2018 4483 quiajam
2035 4422 2159 4463 non
2176 4404 2379 4464 solum

844 4519 920 4562 ex
946 4503 1085 4580 lege
1113 4500 1354 4576 tributi,
1386 4498 1496 4560 sed
1528 4517 1602 4558 ex
1631 4503 1816 4576 pacto
1847 4498 2136 4574 debetur,
2171 4502 2240 4558 ut
2266 4514 2381 4557 no·

840 4596 999 4656 tavit
1026 4594 1258 4655 Molina
1286 4593 1447 4670 disp.
1479 4595 1619 4653 674.
1653 4610 1715 4652 n.
1752 4594 1848 4652 13.

591 4711 669 4767 49
919 4688 1194 4751 Advorte
1223 4686 1499 4747 secundo
1524 4731 1540 4760 ,
1573 4702 1755 4764 posse
1786 4683 1973 4746 etiam
2013 4684 2376 4763 contingere

839 4778 1503 4937 {saisias
1525 4777 2376 4949 {zirrzisssfsrzfiffit

494 4948 792 5045 020⁰‚¹⁰:10¹2¹‚'f‘,‘1
840 4970 958 5031 bus
989 4969 1182 5030 etiam
1209 4965 1475 5046 potitum
1504 4965 1672 5026 licite
1719 4964 2078 5024 defraudari
2098 4917 2321 5042 ’posset
2353 4983 2366 5024 :

519 5047 763 5145 ,52¹2ss
841 5062 1152 5140 contingit
1177 5060 1345 5121 enim
1386 5057 1724 5140 aliquando
1776 5057 2080 5119 tributum
2135 5057 2375 5134 imponi

838 5156 1006 5232 vino,
1040 5155 1141 5215 vel
1166 5153 1328 5230 oleo,
1363 5171 1438 5213 ex
1467 5171 1590 5231 quo
1621 5155 1867 5231 emptor
1903 5156 2189 5211 octavam
2227 5167 2373 5228 par-

836 5254 987 5326 tem,
1019 5269 1080 5310 v.
1114 5266 1178 5327 g.
1213 5246 1444 5306 debeat
1468 5245 1601 5323 regi
1632 5244 1808 5321 dare,
1845 5244 2014 5323 quod
2047 5248 2114 5304 ut
2143 5261 2368 5303 execu-

831 5342 988 5404 tioni
1018 5339 1375 5415 mandetur,
1410 5338 1596 5399 datur
1623 5337 2051 5398 venditoribus
2077 5354 2374 5396 mensura

834 5436 960 5496 alia
986 5434 1214 5510 minor,
1247 5432 1349 5494 cui
1378 5450 1454 5492 ex
1481 5430 1799 5493 communi
1837 5448 2136 5491 mensura
2162 5430 2376 5490 deficit

837 5532 1058 5590 octava
1091 5545 1255 5604 pars,
1290 5542 1416 5604 qua
1446 5542 1740 5585 mensura
1770 5521 2282 5597 utiturvenditor,
2304 5526 2372 5583 ut

1988 332 2089 391 DF:
2131 332 2484 393 JUS'rl'rlA
2531 334 2631 392 ET
2672 333 2871 394 JURE

2499 512 2746 570 retenta
2771 514 2995 570 octava
3046 515 3221 588 parte
3279 528 3394 587 pro
3441 528 3619 587 rege,
3666 508 3777 569 det
3800 508 4011 586 vinum,

2499 602 2597 660 vel
2630 601 2838 661 oleum
2867 601 3132 680 emptori
3155 648 3170 677 ‚
3202 607 3266 662 ct
3292 602 3356 661 in
3388 602 3527 680 ipsa
3557 601 4016 662 venditionem-

2499 694 2690 773 cipiat
2718 695 3019 756 tributum
3050 713 3163 773 pro
3192 713 3362 774 rege.
3407 696 3543 754 Hoc
3585 694 3938 772 supposito,
3974 696 4014 754 si

2499 788 2789 848 venditor
2817 787 3192 847 defraudare
3219 787 3603 865 gabellarios
3631 787 3939 864 negando,
3961 806 4015 846 se

2498 885 2591 941 tot
2618 880 2785 941 dolia
2813 881 2941 940 vini
2973 880 3377 941 venditurum
3404 926 3421 955 ,
3474 880 3588 940 sed
3637 881 3930 959 pauciora
3955 899 4016 939 ex

2499 974 2573 1033 iis
2604 992 2744 1053 quae
2774 974 2940 1051 apud
2975 992 3040 1032 se
3073 973 3294 1048 habet,
3330 972 3578 1051 reliqua
3609 992 3760 1033 vero
3790 974 3866 1032 ad
3897 993 4016 1052 pro-

2498 1066 2666 1144 prios
2694 1086 2844 1128 usus
2873 1070 3298 1141 servaturum,
3337 1072 3400 1126 et
3428 1070 3650 1143 postea
3679 1066 3863 1144 plura
3889 1085 4015 1124 vest

2497 1158 2695 1234 deret,
2731 1158 3152 1220 committeret
3178 1159 3365 1237 plane
3390 1158 3661 1233 furtum,
3711 1159 3940 1218 utendo
3963 1159 4014 1217 in

2496 1251 2855 1313 venditione
2885 1270 3179 1312 mensura
3207 1252 3434 1311 minori
3459 1298 3475 1323 ,
3527 1253 3678 1330 quia
3707 1252 3924 1329 recipit
3948 1253 4014 1311 ab

2497 1349 2779 1422 emptore
2811 1350 3051 1423 partem
3082 1350 3372 1406 octavam
3397 1363 3513 1423 pro
3537 1362 3714 1422 rege,
3737 1363 3924 1422 qnam
3943 1350 4014 1404 ta·

2494 1456 2640 1497 men
2668 1441 2912 1516 partem
2940 1438 3108 1515 apud
3129 1456 3195 1497 se
3210 1437 3442 1498 retinet
3456 1437 3700 1515 absque
3716 1436 3842 1496 ullo
3855 1436 4012 1514 jure:

2495 1548 2684 1609 quam
2711 1529 2996 1590 fraudem
3022 1529 3151 1589 vidi
3179 1530 3316 1589 fieri
3345 1529 3429 1589 ab
3470 1529 3788 1607 aliquibus
3817 1528 4016 1587 vendi-

2497 1623 2762 1699 toribus,
2803 1623 2909 1702 qui
2954 1641 3028 1683 eo
3057 1626 3340 1701 tempore
3373 1640 3497 1700 quo
3535 1622 3864 1700 gabellarii
3891 1622 4014 1680 risi·

2494 1719 2630 1776 tant
2657 1716 2845 1775 cellas
2867 1762 2883 1792 ,
2926 1718 2998 1776 ut
3037 1720 3258 1775 notent
3300 1715 3476 1775 dolia
3497 1715 3858 1789 vendenda,
3891 1734 4013 1793 qua!

2493 1808 2577 1868 ibi
2607 1813 2773 1884 suut,
2808 1808 3010 1869 notari
3039 1808 3281 1867 faciunt
3308 1807 3633 1884 pauciora,
3687 1811 3758 1866 nt
3797 1807 4014 1866 dictum

2493 1906 2606 1963 est.
2644 1901 2818 1974 Quod
2852 1920 2976 1962 non
3005 1900 3211 1975 viden,
3245 1900 3566 1979 quomodo
3587 1901 3872 1960 excusari
3896 1918 4015 1977 pot-

2492 1996 2616 2056 sint
2643 2042 2660 2071 ,
2703 1994 2817 2054 nisi
2849 1998 3066 2072 postea
3096 1993 3308 2053 vinum
3357 1993 3511 2052 illud
3545 1993 3825 2053 vendant
3862 2012 4014 2053 meu-

2492 2107 2638 2148 sura
2665 2087 2890 2165 maiori
2920 2090 2984 2147 et
3010 2086 3272 2165 antiqua
3290 2133 3304 2161 ,
3357 2086 3770 2146 admonendo
3799 2094 4016 2164 empto·

2489 2199 2647 2256 rem,
2681 2179 2865 2260 quisi
2897 2180 3057 2240 forte
3101 2198 3180 2240 ea
3227 2180 3307 2239 de
3362 2197 3554 2239 causa
3611 2180 3884 2258 pretinm
3925 2198 4014 2237 an·

2489 2278 2656 2352 geat‚
2690 2279 2760 2333 ut
2800 2274 2887 2333 ita
2933 2291 3084 2351 pars
3126 2274 3282 2333 lucri
3326 2273 3596 2350 gabellae
3639 2272 4016 2333 defraudata

2489 2366 2800 2426 venditori
2830 2365 3033 2442 cedat,
3068 2366 3300 2444 poterit
3335 2365 3632 2426 venditor
3673 2366 3848 2425 illam
3889 2366 4017 2425 refi-

2490 2478 2659 2535 nere,
2692 2463 2994 2538 tanquam
3033 2460 3302 2519 fructum
3351 2458 3683 2519 industriae
3722 2459 3810 2518 ob
3846 2476 4016 2537 nego-

2488 2552 2645 2613 tium
2699 2552 3004 2630 emptoris
3053 2551 3287 2612 utiliter
3331 2552 3412 2611 ab
3459 2569 3537 2611 eo
3583 2558 3858 2630 gestum.
3900 2554 4019 2612 Boe

2489 2649 2699 2706 tamen
2731 2646 2983 2706 difficile
3011 2645 3220 2705 adhuc
3249 2644 3526 2721 videtur,
3562 2645 3718 2723 quia
3745 2644 4018 2705 venditur

2488 2757 2561 2800 eo
2592 2757 2739 2799 casu
2770 2756 2894 2798 non
2925 2738 3110 2799 solvit
3136 2738 3475 2816 gemellam,
3500 2738 3616 2797 sed
3633 2738 4016 2799 constituitur

2488 2832 2688 2911 qualis
2717 2831 2999 2893 officialis
3023 2831 3212 2909 regiS,
3228 2834 3297 2891 ut
3310 2831 3633 2909 gabellam
3651 2831 3736 2890 ab
3751 2837 4014 2909 &uptote

2487 2926 2548 2983 in
2593 2925 2728 3003 ipsa
2765 2923 3123 2983 venditione
3169 2923 3478 3000 recipiat:
3515 2941 3718 3001 quare
3765 2923 4012 2982 deficere

2486 3018 2734 3077 videtur
2764 3034 2876 3077 suo
2905 3016 3148 3076 muneri
3176 3063 3191 3091 ‚
3241 3015 3294 3075 si
3343 3022 3734 3094 cooperetur
3765 3016 4012 3094 emptori

2486 3110 2566 3170 ad
2597 3109 3093 3170 defraudandam
3123 3109 3437 3187 gabellam
3463 3155 3480 3184 ,
3534 3109 3730 3188 cujus
3749 3108 4008 3168 collectio

2484 3204 2602 3284 ipsi
2632 3203 2970 3264 commissa
2998 3204 3220 3263 fuerat.
3257 3202 3532 3263 Facilius
3549 3203 3818 3263 fortasse
3844 3222 4010 3263 excu-

2483 3297 2606 3357 sari
2635 3295 2886 3374 poterit,
2922 3296 2970 3355 si
2993 3295 3240 3374 gabella
3266 3295 3395 3370 illa,
3428 3297 3732 3374 quamvis
3747 3296 4008 3355 videatur

2481 3389 2640 3450 solvi
2669 3407 2705 3448 a
2734 3388 2864 3449 solo
2897 3394 3176 3466 emptore
3202 3435 3217 3463 ‚
3268 3388 3667 3450 redundaret
3714 3395 3916 3450 tamen
3951 3388 4005 3446 in

2483 3483 2782 3544 damnum
2813 3481 3003 3542 etiam
3034 3481 3227 3560 ipsius
3242 3482 3746 3562 venditoriS,qui
3778 3489 4005 3561 propter

2481 3575 2960 3635 diminutionem
2988 3592 3298 3633 mensurae
3330 3574 3556 3634 vendit
3589 3574 4000 3635 vinumvilion'

2479 3668 2679 3748 pretio
2734 3685 2924 3745 quam
2968 3666 3352 3727 vendidisset
3402 3685 3529 3727 non
3585 3668 3880 3746 imposita
3911 3666 3997 3726 tali

2478 3760 2727 3840 gabella
2759 3780 2772 3821 ε
2806 3764 2954 3821 tunc
2997 3759 3164 3818 enim
3195 3778 3320 3838 qua
3362 3765 3546 3837 parte
3599 3761 3885 3820 venditor
3922 3763 4000 3818 est

2480 3853 2794 3932 particeps
2821 3852 2986 3911 illius
3013 3852 3317 3930 gabellze,
3366 3871 3562 3931 quam
3615 3853 3998 3932 supponimus

2481 3964 2615 4006 esse
2642 3945 2832 4006 talem
2852 3948 3069 4005 utnon
3099 3944 3427 4022 debeatur,
3465 3946 3588 4006 nisi
3614 3952 3879 4024 petatur,
3909 3962 3992 4022 po-

2478 4038 2623 4099 terit
2650 4056 2788 4097 eam
2820 4038 3159 4113 occultare,
3193 4042 3262 4098 ut
3288 4056 3354 4098 se
3386 4039 3626 4100 reddat
3651 4040 3988 4110 immunem,

2476 4131 2622 4192 licet
2672 4135 3128 4209 cousequenter
3184 4135 3432 4209 emptor
3486 4132 3685 4192 etiam
3729 4131 3992 4191 immuni

2476 4224 2798 4284 reddatur.
2834 4223 2932 4283 Ad
2971 4223 3104 4283 haec
3160 4227 3373 4284 autem
3427 4224 3706 4285 fortasse
3745 4224 3988 4284 alludere

2476 4316 2674 4376 voluit
2700 4316 2935 4376 Molina
2962 4315 3025 4375 d.
3060 4315 3220 4395 disp.
3253 4320 3393 4377 674.
3428 4335 3612 4378 num.
3647 4321 3748 4378 12.
3780 4317 3981 4380 dicem.

2479 4409 2934 4470 advertendum
2964 4427 3121 4480 esse,
3155 4427 3233 4468 ne
3250 4409 3303 4469 si
3317 4415 3713 4470 mercatores
3731 4410 3982 4488 aliquan·

2478 4501 2557 4562 do
2589 4500 2667 4561 de
2698 4501 2948 4562 tributis
2978 4501 3216 4580 aliquid
3245 4501 3670 4579 defraudent,
3717 4502 3876 4581 quod
3896 4519 3978 4560 re-

2476 4593 2782 4655 stitutioni
2811 4613 2938 4656 non
2974 4598 3140 4655 esset
3185 4595 3529 4656 obnoxium
3549 4643 3569 4667 ,
3624 4600 3980 4675 postam

2475 4687 2683 4748 dendo
2710 4705 2972 4763 meroeS,
3002 4687 3155 4746 illud
3185 4694 3566 4766 recuperent
3594 4688 3676 4748 ah
3707 4695 3974 4766 emptore.

2474 4780 2583 4841 sed
2612 4785 2786 4842 tanto
2813 4780 2995 4840 vilius
3026 4799 3101 4840 ea
3125 4780 3424 4856 vendant,
3460 4787 3771 4861 quantum
3798 4798 3864 4842 ex
3889 4778 3980 4840 ui·

2470 4873 2638 4934 hutis
2668 4872 3207 4934 defraudaverunt
3234 4890 3251 4936 :
3285 4873 3562 4952 alioquin
3599 4874 3717 4952 ipsi
3749 4892 3862 4933 nou
3879 4871 3976 4931 sol·

2471 4971 2693 5026 verent
2718 4966 3020 5026 tributum
3052 4967 3356 5044 principi,
3409 4972 3473 5027 et
3503 4967 3892 5028 nihilominus
3920 4965 3970 5022 in

2471 5058 2671 5136 pretio
2700 5058 2852 5117 illud
2874 5059 2953 5119 ab
2981 5060 3367 5136 emptoribus
3386 5066 3848 5138 recuperarent.
3865 5059 3969 5117 ὡς

2469 5154 2681 5211 tamen
2709 5151 2954 5212 Molinae
2983 5150 3218 5211 dictum
3247 5151 3618 5213 difficultate
3661 5170 3781 5212 non
3805 5157 3970 5220 card,

2472 5243 2642 5322 quia,
2673 5244 2728 5303 si
2754 5249 3067 5305 mercator
3094 5262 3208 5304 sua
3253 5244 3566 5306 industria
3589 5296 3606 5318 ‚
3656 5250 3763 5305 ant
3796 5243 3974 5322 guli·

2472 5335 2790 5414 principis,
2824 5336 3156 5414 gabellam,
3187 5355 3378 5416 quam
3406 5338 3544 5416 ipse
3563 5338 3840 5412 debehat,
3863 5352 3970 5394 nm

2472 5428 2688 5506 solvit,
2748 5434 2811 5490 et
2863 5429 3002 5491 ideo
3064 5430 3324 5492 minoris
3376 5435 3548 5492 stant
3600 5431 3684 5492 ini
3737 5446 3964 5490 meums-

2473 5540 2663 5601 quam
2694 5522 2849 5598 aliis,
2884 5523 2991 5602 qui
3018 5524 3287 5600 vectigal
3327 5524 3687 5599 solverunt,
3735 5543 3834 5583 cur
3858 5538 3964 5579 non
