4263 6376
138 2325 190 2381 69

85 2445 220 2501 saw

85 2499 272 2554 unam*

120 2556 215 2615 Ψ

117 2612 217 2647 ma

1258 284 1729 346 DISPU'PA'PIO
1773 282 1990 359 xxlv,
2040 283 2315 345 SECTIO
2358 283 2462 346 lv.
3348 290 3425 349 ’Π

318 465 424 527 sive
465 480 500 523 a
525 462 838 524 nativitate
882 461 1017 524 sive
1048 480 1123 523 ex
1149 460 1405 538 morbo,
1456 459 1685 540 poterit
1720 478 1796 520 ea
1839 523 1846 532 ,

312 556 490 621 omnia
506 555 726 616 facere.
748 556 809 618 Si
827 555 1100 635 denique
1120 559 1330 616 mutus
1349 554 1429 614 sit
1448 558 1645 616 etnon
1668 572 1799 613 sur-

311 652 424 725 dus,
447 649 566 708 sive
585 667 623 710 a
642 649 961 710 nativitate
982 649 1112 709 sive
1135 667 1204 708 ex
1225 646 1466 720 morb0,
1492 665 1674 725 posse
1694 645 1800 706 illa

310 744 485 803 facere
509 740 557 801 si
584 741 853 801 scribere
875 740 1014 801 siat.
1051 741 1199 814 Quae
1230 739 1440 800 omnia
1471 739 1633 799 clare
1655 757 1800 799 con-

310 839 449 896 stant
492 852 563 894 ex
592 833 757 895 dicta
796 834 971 912 lege,
1034 851 1173 912 quae
1225 832 1454 893 clarius
1497 831 1795 911 loquitur,

310 945 469 1008 quam
495 931 775 987 auctores
820 926 909 985 illi
939 944 1096 1006 quos
1135 926 1317 986 affert
1344 924 1543 985 Diana
1571 925 1651 984 ad
1682 923 1800 985 hoc

309 1025 571 1098 punctum
599 1018 1037 1097 explicandum
1069 1022 1218 1079 tom.
1245 1020 1320 1079 11.
1353 1024 1431 1080 tr.
1465 1034 1551 1079 VI.
1584 1016 1653 1077 de
1678 1037 1799 1076 neu·

309 1113 369 1173 tis
388 1109 561 1172 mdis
591 1119 648 1172 et
675 1111 859 1188 coeczls,
892 1129 1015 1171 res,
1040 1114 1140 1172 23.
1176 1112 1363 1171 Notat
1391 1115 1603 1171 autem
1640 1109 1800 1170 bene

309 1205 507 1266 Melina
555 1203 787 1282 disput.
836 1220 1086 1265 cxxxw.
1136 1208 1384 1265 mutum
1432 1222 1510 1263 ex
1553 1202 1798 1278 morbo,

309 1297 517 1359 etiamsi
541 1297 810 1358 scribere
842 1297 1119 1374 nesciat,
1173 1315 1353 1374 posse
1399 1296 1606 1357 160616
1636 1294 1803 1356 codi-

307 1391 479 1466 cillos,
528 1391 672 1470 quia
701 1391 913 1469 legata
945 1396 1008 1451 et
1034 1389 1524 1450 fideicommissa
1553 1388 1807 1450 nutibus

308 1484 466 1545 etiam
487 1483 646 1543 facta
675 1483 916 1560 valent,
951 1487 1015 1543 et
1040 1482 1104 1543 in
1133 1482 1254 1542 hoc
1283 1500 1432 1544 casu
1462 1481 1676 1543 tallere
1705 1499 1803 1541 re-

305 1576 487 1655 gulam
512 1576 716 1652 illam,
779 1575 947 1655 quod
1006 1574 1110 1655 qui
1157 1575 1371 1636 testari
1416 1593 1538 1636 non
1572 1578 1798 1654 potest,

305 1689 408 1731 non
433 1670 617 1748 possit
644 1668 853 1728 facere
874 1668 1216 1729 codicillos,
1250 1670 1410 1729 Nota
1440 1668 1654 1743 etiam,
1688 1666 1801 1726 mi·

304 1763 446 1823 litem
472 1765 711 1822 mutum
742 1765 806 1822 et
826 1760 1090 1821 surdum
1112 1759 1322 1822 testari
1346 1778 1549 1840 posse,
1585 1763 1645 1820 et
1675 1777 1801 1820 non

306 1855 530 1916 militem
558 1854 750 1914 etiam
781 1853 862 1913 ad
892 1852 1028 1932 pias
1058 1871 1314 1929 causaS,
1347 1853 1445 1913 vel
1477 1872 1551 1913 ex
1579 1852 1803 1931 princi-

304 1950 382 2028 pis
406 1947 821 2008 concessione.
872 1947 961 2006 De
1014 1965 1178 2007 caeco
1230 1950 1470 2007 certum
1501 1949 1596 2006 est
1622 1963 1803 2024 posse

303 2041 524 2118 testari,
577 2058 723 2100 cum
770 2039 1166 2100 solemnitate
1209 2045 1421 2100 tamen
1450 2039 1805 2119 specialiter

306 2134 568 2213 requisita
611 2134 677 2192 in
709 2131 847 2211 ejus
876 2135 1285 2208 testamento,
1338 2131 1418 2192 de
1461 2150 1586 2211 qua
1613 2149 1803 2209 supra

304 2226 508 2287 dictum
537 2229 653 2286 est.

370 2319 627 2397 Septimo
658 2318 875 2379 testari
925 2335 1050 2378 non
1078 2322 1337 2395 possunt
1365 2316 1553 2398 aliqui
1585 2317 1666 2378 011
1695 2316 1807 2376 de-

211 2446 269 2489 ·,5
302 2412 424 2472 licta
449 2412 747 2487 enormia,
799 2410 1029 2490 quibus
1058 2410 1130 2469 ea
1177 2410 1540 2471 inhabilitas
1568 2409 1805 2470 inflicta

305 2509 382 2565 est
425 2524 439 2564 :
486 2504 695 2584 quales
725 2508 875 2565 sunt
902 2503 1011 2582 qui
1039 2501 1346 2564 hostiliter
1373 2502 1636 2563 insecuti
1663 2505 1809 2562 sunt

303 2597 655 2672 cardinales,
708 2596 809 2656 vel
860 2595 1182 2656 caederunt
1226 2596 1324 2655 vel
1365 2595 1809 2676 percusserunt

304 2691 385 2750 vel
408 2690 480 2749 ad
506 2690 623 2751 hoc
651 2688 975 2768 cooperati
1001 2692 1166 2749 sunt.
1227 2690 1382 2749 Item
1414 2686 1711 2764 haeretici,
1747 2689 1811 2746 et

303 2801 489 2843 eorum
539 2783 843 2857 fautores,
903 2786 1359 2860 receptatores,
1418 2779 1802 2854 defensores,

302 2876 595 2937 credentes
667 2896 684 2937 :
759 2875 910 2934 item
977 2873 1082 2952 qui
1149 2872 1430 2934 damnati
1514 2877 1660 2933 sunt
1727 2871 1808 2931 011

300 2968 546 3028 libellum
591 2968 931 3029 famosum.
1006 2967 1156 3039 Ouae
1201 2972 1411 3028 tamen
1460 2965 1671 3026 omnia
1711 2965 1807 3025 lo·-

302 3081 423 3122 cum
471 3061 706 3122 habent
753 3065 895 3140 post
950 3059 1580 3135 condemnationem,
1628 3057 1812 3138 quid-

303 3154 428 3234 quid
454 3156 636 3216 sitan
685 3151 999 3215 sententia
1045 3152 1501 3216 retrotrahatur
1537 3150 1617 3212 ad
1643 3150 1811 3212 diem

303 3248 504 3326 delicti,
550 3253 620 3309 ut
668 3246 914 3308 notavit
941 3247 1131 3325 Vasq.
1164 3264 1220 3306 c.
1255 3246 1358 3306 IX.
1412 3245 1474 3306 d.
1512 3262 1596 3307 lv.
1633 3263 1806 3306 num.

305 3345 383 3402 11.
434 3342 631 3421 Aliqui
685 3340 930 3416 volunt,
982 3338 1326 3400 sodomitas
1375 3338 1566 3400 etiam
1593 3336 1808 3400 testari

303 3453 406 3495 non
438 3453 635 3514 posse,
688 3433 803 3494 sed
833 3432 1058 3492 melius
1086 3433 1376 3510 vasquez
1404 3450 1548 3492 cum
1578 3431 1715 3493 aliis
1746 3430 1810 3490 id

303 3533 463 3606 negat
484 3528 620 3589 loco
650 3527 870 3588 011610.
930 3523 1052 3585 Alii
1100 3524 1287 3584 etiam
1334 3523 1659 3601 dixerunt,
1712 3542 1811 3583 ex-

303 3621 810 3682 communicatum
855 3636 978 3678 non
1010 3635 1190 3695 posse
1239 3617 1480 3693 testari,
1539 3616 1651 3677 sed
1696 3616 1814 3676 im-

302 3715 515 3787 merito,
558 3719 628 3775 ut
658 3713 889 3792 probat
916 3710 1085 3770 idem
1113 3711 1348 3789 Vasqu.
1383 3709 1533 3770 dub.
1568 3727 1707 3771 vm.
1743 3729 1805 3771 n.

301 3808 382 3868 31.
412 3812 468 3868 61
492 3807 729 3868 Molina
760 3803 920 3883 disp.
955 3819 1228 3865 cxxxvn.
1261 3804 1318 3882 ἓ.
1352 3801 1421 3862 de
1449 3802 1813 3863 Excommu-

303 3899 484 3974 ιιίεαιο,
536 3900 643 3959 11111
673 3897 866 3959 6116111
920 3896 1105 3974 paulo
1152 3900 1295 3975 post
1339 3901 1556 3956 contra
1587 3897 1813 3957 Covar·

303 4010 417 4054 ruv.
468 3993 730 4072 probat,
791 4007 995 4069 neque
1050 3987 1239 4048 etiam
1286 4003 1361 4047 ex
1419 3987 1673 4048 infamia
1731 3987 1812 4048 ob

303 4085 719 4165 quodcumque
749 4082 917 4144 aliud
948 4080 1184 4141 crimen
1215 4079 1395 4141 reddi
1425 4081 1697 4160 aliquem
1716 4080 1815 4140 in-

308 4176 547 4239 habilem
575 4178 658 4239 ad
690 4174 1075 4238 testandum.

368 4272 446 4331 De
472 4269 757 4332 usurario
806 4274 901 4328 est
949 4264 1236 4346 specialis
1279 4262 1620 4343 prohibitio
1653 4263 1716 4323 in
1749 4281 1806 4325 0.

308 4361 663 4445 Qumnquam,
697 4360 769 4422 de
792 4360 984 4420 usuris
1012 4358 1118 4419 lib.
1145 4374 1230 4420 vl.
1265 4357 1371 4417 ubi
1401 4356 1663 4418 usurarii
1694 4376 1811 4418 no-

305 4457 425 4516 torii
467 4445 913 4518 testamentum
968 4451 1209 4512 nullum
1258 4467 1393 4510 esse
1431 4449 1806 4512 declaratur.

306 4550 459 4611 Unde
482 4550 762 4610 inferunt
802 4546 1111 4621 doctores,
1159 4543 1329 4603 idem
1376 4560 1509 4603 esse
1538 4541 1617 4603 de
1646 4542 1813 4603 codi-

306 4640 426 4702 cillo
447 4647 503 4702 et
532 4640 869 4703 donatione
899 4654 1091 4698 causa
1116 4634 1357 4711 mortis,
1394 4653 1468 4693 ne
1498 4634 1666 4695 fraus
1687 4635 1813 4714 legi

303 4733 412 4809 fiat,
461 4753 614 4814 quos
659 4734 931 4794 afferunt
958 4734 1023 4791 et
1063 4732 1411 4819 sequuntur
1439 4729 1721 4806 vasquez
1752 4746 1806 4789 0.

305 4826 390 4887 lx.
419 4827 472 4905 ἓ.
502 4844 547 4889 1.
598 4825 753 4887 dub.
787 4828 845 4886 8.
882 4842 989 4883 nu.
1022 4825 1122 4883 32.
1174 4825 1237 4881 et
1263 4819 1495 4882 Molina
1526 4821 1601 4881 11.
1653 4824 1805 4882 tom.

305 4917 440 4999 disp.
495 4933 817 4980 cccxxxiv.
879 4920 943 4976 et
986 4916 1033 4979 l.
1091 4918 1263 4975 tomo
1311 4912 1472 4990 disp.
1533 4927 1805 4974 cxxxvu.

307 5011 432 5082 Quae
458 5013 643 5091 poen'a
673 5028 801 5070 non
828 5007 1187 5081 incurritur,
1221 5005 1274 5066 si
1300 5004 1617 5065 usurarius
1638 5005 1813 5066 satis·

307 5103 483 5165 facere
508 5101 817 5185 promisit,
859 5099 959 5160 vel
988 5103 1158 5160 certe
1185 5096 1540 5158 cautionem
1569 5097 1811 5176 praesti-

307 5197 369 5257 tit
389 5195 812 5269 creditoribus,
862 5191 964 5252 vel
1007 5190 1085 5250 iis
1130 5190 1237 5269 qui
1267 5188 1508 5268 possint
1550 5189 1670 5250 illis
1711 5208 1811 5251 ac-

309 5289 547 5367 quirere,
578 5288 680 5349 vel
707 5286 784 5347 iis
803 5281 1189 5358 absentibus,
1220 5280 1447 5342 rectori
1468 5282 1807 5360 parochias,

312 5381 362 5441 in
389 5401 503 5462 qua
531 5381 775 5443 habitat
823 5394 1039 5439 coram
1079 5374 1393 5455 aliquibus
1440 5373 1565 5437 fide
1607 5375 1815 5454 dignis

1899 458 1976 520 de
2007 460 2229 521 eadem
2255 459 2557 541 parochia
2584 461 2662 523 de
2699 461 2951 524 licentia
2988 462 3309 541 ordinarii,
3363 467 3432 528 111

1898 552 2169 615 habetur
2195 553 2259 614 in
2290 553 2455 616 dicto
2486 572 2624 633 cap.
2665 555 3047 637 Quamquam.

1976 648 2075 707 An
2107 664 2258 708 vero
2294 646 2504 727 legata
2557 647 2639 710 ad
2686 649 2818 728 pias
2873 667 3093 711 causas
3144 648 3433 711 valeant?

1898 737 2145 802 Silvest.
2196 744 2258 801 et
2286 743 2508 803 Covar.
2557 760 2702 802 cum
2750 741 2888 803 aliis
2933 761 3090 823 quos
3138 744 3427 820 afferunt,

1898 831 2233 910 affirmant,
2286 833 2337 893 si
2366 834 2688 895 usurarius
2717 853 2859 896 cum
2899 835 3093 914 signis
3121 834 3433 915 1116111166-

1893 923 1997 985 tiae
2028 923 2318 1002 decessit,
2369 927 2537 1005 quod
2567 927 2799 988 Molina
2845 927 3033 989 etiam
3080 928 3432 1007 approbare

1896 1016 2164 1079 videtur.
2202 1017 2324 1079 Sed
2351 1020 2540 1098 Vasq.
2574 1020 2709 1081 loco
2733 1019 2835 1081 cit.
2862 1020 3086 1081 merito
3110 1021 3172 1081 id
3202 1020 3428 1100 rejicit,

1894 1113 2196 1189 tanquam
2226 1110 2358 1171 sine
2388 1110 2722 1173 sufficienti
2769 1112 3178 1174 fundamento
3210 1117 3434 1175 contra

1896 1202 2051 1281 legis
2076 1203 2393 1264 canonicae
2423 1203 2614 1264 verba
2648 1204 2994 1266 inductum.
3047 1207 3302 1267 Certum
3333 1210 3432 1266 ta-

1896 1314 2041 1355 men
2072 1300 2200 1372 est,
2250 1296 2412 1356 hanc
2441 1314 2696 1374 poenam
2725 1299 2839 1358 soli
2870 1298 3154 1360 usurario
3187 1298 3431 1360 11010110

1898 1386 1985 1449 ihi
2014 1387 2273 1467 imponi.
2333 1392 2430 1449 An
2460 1407 2610 1449 vero
2640 1390 2848 1451 locum
2878 1390 3128 1468 habeat,
3180 1391 3430 1471 quando

1899 1482 1962 1540 in
1992 1480 2119 1541 vita
2150 1499 2273 1541 non
2304 1480 2420 1543 11111
2471 1482 2786 1543 notorium
2832 1483 2952 1544 1100
2998 1484 3257 1561 crimen,
3319 1483 3429 1546 sed

1899 1576 2038 1653 post
2061 1574 2372 1635 mortem?
2418 1574 2649 1636 Molina
2688 1575 2856 1637 dicta
2904 1577 3063 1656 disp.
3099 1593 3425 1641 cccxxxiv.

1897 1667 1951 1746 §.
1985 1667 2241 1727 Covarr.
2288 1670 2499 1746 negat,
2550 1666 2698 1746 quia
2743 1673 3189 1732 testamentum
3225 1675 3429 1733 morte

1899 1758 2215 1820 testatoris
2263 1760 2689 1837 confirmatur,
2742 1779 2865 1841 quo
2913 1766 3196 1842 tempore
3226 1763 3435 1824 adhuc

1899 1851 2222 1912 usurarius
2249 1852 2529 1914 notorius
2558 1871 2682 1914 non
2711 1859 2865 1930 erat,
2902 1856 3070 1934 quod
3101 1875 3318 1917 verum
3348 1855 3434 1916 vi·

1901 1944 2104 2005 detur.
2140 1945 2573 2007 Notantetiam
2604 1947 2884 2025 praedicti
2911 1953 3222 2025 auctores,
3255 1948 3435 2008 inva-

1899 2035 2096 2096 lidum
2155 2054 2288 2097 esse
2346 2041 2789 2100 testamentum
2844 2041 3115 2100 usurarii
3169 2040 3434 2101 infidelis

1902 2123 2135 2190 tandiu
2164 2128 2226 2188 in
2264 2130 2716 2208 temporalibus
2745 2131 3010 2211 principi
3042 2132 3380 2194 christiano
3416 2153 3430 2194 ε

1903 2220 2051 2302 quia
2077 2221 2224 2281 lieet
2255 2221 2460 2301 quoad
2492 2240 2712 2300 poenas
2757 2224 3112 2302 spirituales
3142 2224 3434 2286 Ecclesiae

1903 2331 2026 2373 non
2047 2312 2458 2392 subjiciantur
2487 2314 2790 2393 infideles,
2826 2317 3033 2397 quoad
3057 2319 3435 2398 temporales

1903 2424 2076 2482 vero,
2109 2411 2173 2467 et
2200 2407 2409 2486 quoad
2436 2413 2794 2470 contractus
2821 2409 3258 2490 subjiciuntur.

1981 2500 2218 2560 Locum
2248 2498 2437 2560 etiam
2466 2499 2656 2561 habet
2684 2502 2820 2563 haec
2848 2521 3059 2582 poena,
3089 2504 3236 2566 licet
3264 2507 3437 2566 noto·
3583 2524 3655 2582 ῃ

1905 2591 2032 2653 rius
2063 2592 2384 2652 usurarius
2426 2592 2732 2656 destiterit
2774 2594 2852 2653 ab
2903 2614 2976 2656 60
3007 2596 3325 2674 exercitia,
3385 2596 3439 2657 si

1907 2689 2115 2746 tamen
2165 2684 2530 2763 praedictam
2584 2686 3094 2763 satisfactionem,
3149 2689 3248 2750 vel
3290 2707 3441 2750 cau-

1905 2779 2142 2839 tionem
2170 2782 2314 2839 ante
2358 2782 2627 2840 mortem
2667 2797 2792 2840 non
2830 2781 3137 2859 praestitit,
3199 2788 3261 2844 et
3297 2782 3442 2843 licet

1905 2874 2351 2932 testamentum
2394 2876 2537 2933 ante
2580 2890 2800 2933 usuras
2851 2873 3234 2952 condiderit,
3294 2875 3442 2955 quia

1907 2967 2349 3025 testamentum
2376 2964 2594 3026 mortis
2622 2969 2903 3046 tempore
2933 2969 3360 3045 confirmatur,
3407 2988 3441 3028 e

1908 3060 2126 3117 contra
2154 3075 2302 3118 vero
2339 3056 2392 3117 si
2432 3061 2579 3119 ante
2618 3058 3126 3137 satisfactionem,
3175 3062 3273 3123 vel
3302 3079 3445 3122 cau·

1908 3148 2144 3211 tionem
2170 3147 2405 3212 factum
2441 3148 2575 3224 fuit,
2636 3150 2914 3231 praestita
2944 3157 3161 3231 postea
3199 3154 3444 3217 satisfa-

1908 3242 2112 3303 ctione
2164 3242 2262 3302 vel
2308 3243 2596 3304 cautione
2651 3246 3052 3307 convalescIt.
3113 3248 3176 3310 Si
3233 3253 3442 3311 autem

1908 3338 2126 3415 postea
2168 3352 2388 3395 usuras
2434 3339 2672 3397 secrete
2722 3341 3043 3414 exerceat,
3094 3341 3439 3402 Covarruv.

1909 3427 2060 3487 dicit
2104 3430 2552 3489 testamentum
2596 3446 2721 3489 non
2750 3428 2982 3506 valere,
3036 3431 3206 3510 quod
3245 3433 3438 3512 Vasq.

1910 3519 2162 3580 difficile
2190 3525 2388 3600 putat,
2447 3525 2511 3583 et
2541 3522 3016 3584 panormitanus
3053 3523 3219 3603 apud
3263 3525 3444 3587 Moli-

1911 3631 2056 3673 nam
2088 3617 2296 3692 negat.
2342 3613 2671 3675 Conciliari
2710 3620 2990 3693 possunt,
3038 3622 3105 3678 ut
3142 3621 3290 3679 tunc
3319 3637 3444 3680 non

1910 3706 2115 3768 valeat
2170 3710 2613 3767 testamentum
2682 3707 2747 3767 in
2815 3707 2949 3770 foro
3019 3710 3440 3790 conscientiae,

1911 3798 2165 3879 quando
2221 3798 2457 3861 reditus
2513 3800 2590 3860 ad
2649 3819 2903 3861 usuram
2974 3804 3180 3881 arguit
3233 3804 3445 3865 fictam

1911 3893 2101 3952 fuisse
2171 3892 2604 3972 poenitentiam
2675 3897 2737 3954 et
2805 3893 3189 3968 cautionem;
3264 3915 3444 3958 secus

1912 3985 2164 4064 quando
2194 3985 2339 4046 ficta
2368 4002 2490 4045 non
2514 3984 2649 4061 fuit,
2685 3985 2975 4065 quiajam
2997 3986 3279 4068 implevit
3299 4007 3444 4051 con·

1911 4076 2212 4138 ditionem
2248 4076 2610 4157 requisitam
2634 4123 2650 4153 ‚
2701 4082 2770 4138 ut
2796 4081 3237 4142 testamentum
3283 4088 3476 4160 esset⁸

1911 4168 2210 4245 validum,
2263 4174 2326 4230 et
2354 4169 2605 4230 aliunde
2647 4189 2838 4232 usura
2875 4178 3117 4236 secreta
3146 4194 3270 4236 non
3301 4194 3445 4238 con-

1912 4261 2104 4324 trahit
2131 4280 2384 4341 poenam
2415 4261 2607 4339 illam,
2641 4262 2751 4324 sed
2779 4264 2912 4325 sola
2941 4268 3206 4328 notoria.
3267 4268 3449 4330 Deni-

1913 4374 2034 4435 que
2091 4358 2270 4417 notat
2309 4354 2472 4416 bene
2514 4357 2802 4436 vasquez
2852 4376 2996 4419 cum
3039 4362 3442 4440 Covarruvia‚

1911 4466 2166 4527 poenam
2212 4447 2382 4508 illam
2441 4448 2673 4508 habere
2720 4449 2928 4511 locum
2970 4471 3094 4514 non
3142 4454 3345 4515 solum
3380 4455 3446 4515 in

1911 4541 2196 4601 usurario
2231 4560 2303 4600 ex
2334 4545 2574 4617 mutu0‚
2609 4541 2720 4602 sed
2750 4543 2938 4605 etiam
2960 4563 3034 4604 ex
3060 4547 3442 4624 venditione,

1911 4635 2011 4695 vel
2039 4633 2355 4713 emptione
2390 4654 2404 4696 :
2440 4637 2702 4713 uterque
2732 4635 2900 4696 enim
2930 4641 3025 4699 est
3053 4657 3199 4700 vere
3231 4658 3448 4702 usura-

1910 4745 2063 4788 r1us.

1991 4818 2223 4882 Ultimo
2255 4818 2558 4899 quaeritur
2587 4819 2664 4881 de
2697 4820 3008 4882 damnatis
3038 4822 3119 4882 ad
3148 4829 3440 4902 mortem,
3590 4853 3667 4910 72

1913 4929 1991 4973 an
2019 4911 2235 4974 testari
2266 4911 2543 4990 possint?
2571 4914 2649 4975 Et
2677 4913 2934 4993 quidem
2965 4912 3015 4973 si
3042 4914 3209 4976 bona
3232 4917 3446 4977 omnia

1912 5023 2130 5066 eorum
2160 5005 2595 5081 confiscentur,
2623 5024 2747 5066 noa
2778 5005 2895 5067 erit
2922 5006 3094 5067 locus
3125 5007 3233 5067 ulli
3260 5013 3445 5070 testa·
3507 4975 3778 5073 afflffaffi‘aa

1909 5103 2120 5159 mento
2182 5117 2198 5158 :
2259 5096 2511 5176 quando
2542 5116 2690 5159 vero
2724 5116 2847 5159 non
2877 5098 3318 5177 confiscantur,
3367 5102 3448 5164 de
3549 5089 3737 5127 ''mm“

1905 5189 2047 5271 jure
2078 5189 2335 5269 quidem
2363 5191 2682 5251 communi
2728 5190 2946 5252 testari
2975 5209 3101 5252 non
3129 5197 3444 5273 poterant,

1914 5301 2117 5362 neque
2148 5282 2337 5345 etiam
2367 5282 2412 5344 ii
2437 5282 2545 5362 qui
2574 5281 2653 5343 ad
2682 5287 2951 5344 mortem
2998 5285 3245 5348 civilem
3274 5287 3450 5349 dam-

1915 5381 2165 5451 nantur,
2225 5378 2294 5437 ut
2340 5373 2419 5435 ad
2462 5375 2736 5452 metalla,
2797 5374 2877 5436 ad
2924 5374 3446 5460 deportationem,
