4263 6376
68 2002 175 2247 ‘ig-'2³
66 1867 97 1923 ²

71 4416 165 4665 ³2³3}
70 4284 111 4341 ff

1178 389 1650 459 DISPUTATIO
1694 399 1910 476 XXIV,
1960 400 2237 464 SECTIO
2280 404 2439 464 XIII.

222 565 414 642 gavit,
455 571 572 628 aut
598 568 903 648 surripuit
930 569 1165 650 aliquid
1193 571 1272 631 de
1305 572 1482 634 bonis
1510 573 1773 634 haeredi-

221 659 387 732 tatis,
421 677 553 738 quo
597 662 792 723 etiam
838 681 986 723 casu
1031 664 1318 743 privatur
1365 667 1646 726 Falcidia
1696 686 1770 727 ex

223 751 555 828 omnibus,
612 758 684 814 ut
713 759 960 816 constat
1005 775 1078 815 ex
1109 757 1332 817 eodem
1362 758 1765 832 Anthemiou,

219 844 273 923 ἓ.
308 843 470 905 Hinc
496 846 688 907 nobes.
715 866 878 908 verS.
920 848 1249 925 Sancimus,
1284 856 1346 911 et
1373 871 1536 912 verS.
1574 851 1623 913 S
1631 853 1654 910 i
1678 870 1767 912 ve-

220 957 288 997 ro
313 957 446 998 non.
481 940 583 999 An
621 958 769 1001 vero
801 940 863 1001 in
906 941 1002 1001 his
1048 943 1248 1003 tribus
1290 943 1537 1004 casibus
1568 944 1768 1004 lueres

219 1029 278 1090 in
318 1031 715 1094 conscientia
769 1035 966 1112 possit
1011 1034 1341 1096 detrahere
1398 1036 1763 1113 Falcidiam,

222 1127 563 1202 antequam
597 1125 889 1204 legatarii
919 1129 1384 1205 contradicant,
1432 1134 1494 1190 et
1519 1134 1769 1190 senten-

218 1215 301 1277 tia
328 1222 553 1277 eontra
585 1217 795 1296 ipsum
820 1220 1197 1297 proferatur,
1239 1221 1470 1281 Melina
1493 1222 1631 1282 loco
1657 1222 1760 1283 cit.

215 1309 269 1386 ἓ.
302 1309 412 1370 ult.
447 1309 753 1386 affirmat,
786 1312 933 1390 quia
965 1316 1057 1373 est
1087 1331 1478 1393 poenaquam
1501 1333 1624 1374 non
1656 1314 1766 1373 de-

217 1399 320 1462 bet
347 1406 494 1462 ante
526 1404 909 1465 sententiam
950 1405 1182 1466 subire.
1236 1409 1368 1468 Imo
1399 1407 1451 1467 si
1482 1426 1556 1467 ex
1583 1407 1766 1486 igno-

216 1493 417 1554 rantia
432 1494 785 1556 invincibili
803 1501 865 1557 et
880 1498 1118 1576 absque
1135 1497 1260 1559 ulla
1276 1499 1457 1576 culpa
1480 1499 1616 1576 fuit,
1639 1519 1761 1561 non

217 1586 414 1646 teneri
443 1587 507 1646 in
541 1589 932 1650 conscientia
969 1590 1157 1651 etiam
1204 1596 1346 1668 post
1390 1593 1765 1654 sententiam

218 1679 456 1739 solvere
482 1725 499 1755 ,
536 1699 651 1740 seu
685 1700 900 1743 carere
942 1683 1216 1743 Falcidia
1242 1730 1258 1760 ,
1309 1690 1764 1763 consequenter

216 1770 382 1831 idem
399 1777 630 1833 auctor
658 1775 968 1837 concedit.

294 1864 390 1924 Ad
420 1864 889 1926 detrahendam
919 1867 1259 1928 Falcidiam
1286 1870 1489 1948 primo
1511 1869 1761 1930 solvun-

216 1961 315 2017 tur
341 1957 560 2016 omnia
593 1958 810 2020 debita
840 1960 1115 2021 defuncti
1158 1981 1172 2023 :
1216 1961 1443 2022 deinde
1493 1963 1761 2023 extrahi-

216 2054 316 2111 tur
342 2068 627 2129 expensa
657 2052 932 2120 funeris,
982 2059 1170 2134 atque
1212 2055 1401 2115 etiam
1434 2057 1599 2134 quod
1633 2056 1763 2116 hae-

215 2160 312 2203 res
338 2143 402 2202 in
433 2146 799 2207 testamenti
833 2125 1285 2223 insinuatione,
1333 2149 1395 2209 in
1425 2149 1759 2211 conficien-

217 2235 294 2296 do
319 2236 707 2315 inventario,
741 2245 849 2300 aut
876 2240 1117 2301 ratione
1147 2240 1340 2320 ipsius
1369 2241 1758 2303 haereditatis

218 2331 573 2392 necessario
606 2333 925 2409 expendit.
979 2335 1135 2394 Item
1179 2353 1503 2395 servorum
1533 2353 1756 2396 manu-

216 2422 565 2484 missioneS.
606 2428 829 2486 Postea
855 2426 905 2486 si
936 2426 1023 2501 id,
1057 2427 1224 2505 quod
1242 2432 1546 2504 remanet,
1581 2447 1758 2489 exce-

215 2513 377 2575 ditur
399 2533 435 2574 a
467 2516 720 2595 legatiS,
753 2518 1104 2580 detrahitur
1136 2520 1214 2580 ab
1262 2521 1551 2581 omnibus
1579 2522 1757 2599 lega-

215 2609 288 2668 tis
315 2608 505 2668 ctiam
542 2610 957 2689 privilegiatis
1009 2631 1296 2673 excessus
1329 2633 1343 2673 ε
1378 2613 1604 2675 deinde
1649 2615 1759 2674 de·

213 2701 544 2762 trahuntur
579 2702 828 2780 integra
857 2704 1063 2782 legata
1093 2706 1305 2765 omnia
1333 2707 1752 2785 privilegiata,

215 2811 285 2854 ex
313 2794 543 2872 quibus
576 2814 704 2856 non
737 2796 1004 2857 debetur
1032 2798 1346 2870 Falcidia;
1395 2804 1458 2860 ct
1485 2799 1756 2877 denique

215 2903 284 2944 ex
308 2904 405 2960 eo,
439 2889 620 2966 quod
651 2895 934 2950 remanet
961 2890 1035 2950 iis
1062 2891 1300 2964 solutiS,
1336 2897 1560 2970 quarta
1589 2892 1754 2951 illius

216 2996 352 3056 pars
380 2980 573 3041 datur
609 2980 865 3056 haeredi,
899 2988 963 3042 et
990 2983 1230 3062 reliqua
1267 2983 1633 3045 dlviduntur
1660 2984 1755 3044 in-

215 3077 302 3131 ter
334 3072 685 3150 legatarios
732 3093 844 3153 pro
873 3080 1030 3150 rata,
1064 3081 1312 3138 servata
1354 3078 1753 3156 proportione

211 3164 394 3243 legati
423 3165 508 3226 ad
537 3167 842 3245 legatum,
877 3171 946 3229 ut
974 3169 1336 3247 exlegibus,
1373 3171 1653 3245 BartolO,
1688 3174 1751 3231 et

214 3257 508 3409 {Itzes-‚tro
552 3259 783 3339 probat
829 3260 996 3321 idem
1026 3263 1256 3322 Melina
1297 3264 1352 3342 §.
1388 3262 1657 3324 Falcidia
1688 3273 1752 3325 ut

351 3357 470 3411 tur.

903 3655 959 3732 g.
991 3657 1052 3715 2.

252 3918 332 3974 De
358 3912 759 3979 detractione
787 3935 859 3977 er
887 3914 1112 4000 lcqatis
1138 3915 1218 3979 ob
1252 3917 1563 4005 defectum
1594 3892 1704 3983 bo-

850 4041 1103 4085 ›vt-oram.

290 4277 649 4338 Secundum
677 4296 876 4384 genus
904 4278 1307 4340 detractionis
1338 4284 1453 4355 est,
1489 4281 1741 4359 quando

217 4372 497 4447 testator,
538 4371 633 4431 vel
663 4372 810 4450 quia
835 4373 1030 4433 multo
1062 4391 1185 4433 aere
1213 4374 1417 4434 alieno
1448 4378 1742 4451 gravatus

217 4469 373 4538 erat,
404 4464 504 4524 vel
535 4464 685 4543 quia
724 4466 988 4544 putabat
1029 4484 1095 4525 se
1140 4466 1322 4544 plus
1310 4485 1370 4524 ιιι
1418 4466 1598 4526 bonis
1628 4466 1738 4526 ba-

217 4553 388 4631 bere,
432 4558 725 4634 gravavit
764 4577 955 4637 supra
982 4559 1147 4618 vires
1188 4558 1620 4619 hoereditatem
1650 4559 1740 4617 le-

216 4648 411 4723 gatis:
445 4668 571 4729 quo
627 4669 774 4710 casu
833 4650 1290 4711 detrahendum
1348 4657 1442 4711 est
1479 4670 1551 4710 ex
1596 4652 1736 4727 illis,

216 4746 279 4800 ut
304 4742 592 4802 omnibu÷
636 4743 925 4804 satisfieri
971 4744 1186 4821 possit.
1234 4746 1321 4803 De
1364 4743 1484 4803 hoc
1529 4747 1738 4804 tamen

217 4839 433 4909 puncto
458 4881 474 4907 ,
509 4840 573 4896 et
617 4854 696 4894 an
743 4835 971 4897 debeat
999 4835 1153 4895 ordo
1202 4836 1436 4896 servari
1467 4836 1627 4896 inter
1654 4837 1743 4896 le-

217 4932 386 5001 gata,
430 4926 518 4987 ita
551 4929 617 4987 ut
645 4927 854 5005 aliqua
901 4928 1073 5006 prius
1114 4946 1304 5006 quam
1333 4928 1456 4988 alia
1485 4928 1737 4989 solvan-

218 5021 330 5091 tur,
364 5017 633 5079 diximus
654 5038 843 5097 supra
872 5020 1035 5098 disp.
1068 5037 1169 5082 xx.
1204 5020 1283 5080 de
1312 5020 1530 5081 ordine
1559 5022 1743 5082 resti-

218 5109 462 5172 tutionis
489 5116 641 5172 sect.
679 5129 738 5173 v.
775 5112 876 5173 ubi
895 5113 1095 5173 videri
1125 5118 1330 5191 poti-st
1360 5118 1571 5174 nostra
1600 5131 1743 5174 sen-

218 5203 420 5263 tentia.

291 5297 376 5356 De
404 5298 799 5359 revocatione
829 5299 1018 5359 etiam
1063 5299 1255 5377 legati
1281 5344 1296 5374 ,
1332 5299 1649 5377 quomodo
1681 5303 1743 5361 et

221 5388 434 5466 quibus
461 5390 710 5450 casibus
738 5391 866 5463 fiat,
887 5392 983 5451 vel
1005 5396 1442 5470 praesumatur,
1474 5390 1742 5452 diximus

223 5499 398 5558 snpra
425 5481 545 5542 hac
565 5483 784 5543 eadem
813 5484 1234 5565 disputatione
1251 5488 1511 5564 agentes
1536 5483 1615 5542 de
1644 5503 1743 5544 re-

222 5575 533 5636 vocatione
560 5577 933 5639 testamenti.

2293 912 2716 996 SEGTlo
2798 912 2973 1000 ΧΙΙΙ.

1866 1222 1951 1278 Dc
1984 1214 2462 1279 commutacione
2507 1214 2887 1298 leqatoru-m,
2918 1224 2975 1280 et
3017 1217 3260 1283 voltimae
3287 1238 3400 1283 vo-

2483 1319 2776 1386 luntatis.

1943 1587 2301 1649 Videndum
2356 1606 2522 1648 nunc
2578 1593 2710 1665 est,
2763 1588 3015 1667 quando
3063 1593 3126 1649 et
3164 1607 3201 1648 a
3255 1587 3398 1666 qui-

1860 1681 1979 1742 bus
2032 1682 2274 1759 possint
2324 1682 2531 1758 legata
2586 1698 2660 1742 ex
2704 1698 2828 1741 uno
2876 1681 2938 1740 in
2982 1681 3174 1741 alium
3215 1698 3396 1741 usum

1861 1774 2258 1847 commutari,
2292 1779 2354 1835 et
2380 1774 2706 1853 ImprimiS,
2731 1774 2980 1853 quando
2998 1792 3176 1833 mens
3205 1779 3394 1835 testa-

1859 1867 2013 1928 toris
2042 1873 2136 1928 est
2164 1867 2376 1942 dubia,
2414 1883 2537 1928 non
2567 1872 2695 1928 tam
2724 1867 2895 1927 locus
2927 1872 3020 1929 est
3047 1872 3397 1927 commuta·
3468 1837 3622 1951 ,mi-{⁵²11
3633 1796 3728 1931 ἶς’-ἲ

1858 1961 2033 2038 tioni,
2069 1979 2258 2039 quam
2287 1960 2817 2040 interpretationi,
2867 1959 2943 2019 ad
2982 1977 3170 2039 quam
3200 1958 3394 2019 inter·
3451 1941 3529 1984 ω’
3506 1943 3685 2039 ωωζζῗο
3686 1954 3746 1985 ““

1859 2055 2276 2133 pretationem
2305 2071 2429 2112 non
2461 2053 2799 2133 requiritur
2846 2052 2906 2111 in
2946 2053 3151 2130 rigore
3181 2057 3398 2112 aucto-

1859 2147 2010 2208 ritas
2040 2146 2412 2227 superioris,
2463 2146 2572 2207 sed
2623 2146 2932 2226 judicium
2987 2144 3391 2223 prudentum,

1857 2241 1957 2300 vel
1989 2240 2317 2301 doctorum
2339 2286 2354 2316 ‚
2390 2239 2495 2320 qui
2526 2258 2601 2300 ex
2630 2240 2838 2300 verbis
2868 2244 2932 2301 et
2959 2239 3099 2298 aliis
3130 2237 3399 2298 circum-

1857 2334 2101 2395 stantiis
2123 2332 2412 2412 judicare
2443 2333 2703 2411 possint,
2734 2350 2812 2392 an
2844 2351 3021 2392 mens
3052 2331 3390 2407 testatoris,

1859 2431 1922 2486 et
1950 2425 2085 2503 ejus
2115 2426 2375 2487 intentio
2406 2443 2550 2486 vere
2582 2425 2948 2487 observetur
2975 2424 3083 2485 tali
3109 2470 3125 2499 ,
3157 2424 3258 2483 vel
3286 2424 3395 2485 tali

1857 2519 2077 2594 modo,
2124 2524 2197 2580 ut
2235 2518 2546 2579 constabit
2589 2536 2665 2577 ex
2712 2517 3025 2597 aliquibus
3070 2516 3388 2595 exemplis,

1858 2629 1998 2690 quae
2028 2610 2454 2690 subjiciemus,

1939 2703 2271 2763 Dubitatur
2301 2720 2447 2780 ergo
2479 2702 2702 2781 prim0,
2739 2721 2814 2761 an
2840 2702 3091 2782 quando
3115 2702 3394 2781 legatum

1854 2797 2139 2857 relictum
2172 2801 2265 2856 est
2292 2815 2404 2874 pro
2435 2796 2657 2874 puellis
2681 2842 2696 2872 ,
2751 2796 2945 2874 possit
2979 2795 3060 2855 ad
3096 2795 3244 2856 illud
3278 2794 3390 2854 ad-

1856 2889 2039 2964 mitti,
2075 2906 2215 2968 quae
2247 2894 2489 2966 patrem
2522 2889 2779 2967 quidem
2809 2888 3000 2950 habet
3022 2935 3037 2965 ‚
3073 2887 3182 2947 sed
3213 2887 3395 2949 inuti-

1852 2982 2000 3058 lem,
2033 3000 2093 3042 v.
2126 3000 2190 3059 g.
2224 2986 2561 3057 amentem,
2594 2981 2689 3041 vel
2723 2985 3024 3060 perpetuo
3054 2979 3276 3041 morbo
3307 2980 3392 3039 la-

1853 3074 2217 3145 borantem,
2266 3074 2365 3133 vel
2408 3074 2774 3134 damnatum
2806 3091 2918 3151 per
2948 3073 3137 3134 vitam
3170 3073 3250 3133 ad
3279 3072 3389 3133 tri-

1851 3185 2076 3229 remes.
2112 3167 2281 3229 Parti
2312 3167 2475 3228 enim
2503 3167 2839 3228 affirmanti
2868 3167 3080 3227 favere
3101 3166 3393 3228 videntur

1850 3262 2043 3340 aliqui
2071 3261 2360 3321 doctores
2383 3307 2398 3337 ,
2459 3279 2613 3339 quos
2669 3260 2841 3319 afferi
2902 3259 3131 3320 Sancb.
3180 3259 3243 3320 d.
3276 3259 3385 3320 lib.

1848 3355 1952 3416 IV.
1991 3351 2213 3414 Consil.
2261 3371 2397 3431 cap.
2433 3370 2502 3414 11.
2538 3352 2687 3413 dub.
2736 3368 2873 3413 xm.
2925 3352 3263 3426 docenteS‚
3297 3353 3390 3412 vi-

1848 3445 2039 3505 duam
2070 3444 2194 3504 dici
2223 3463 2402 3522 posse
2432 3492 2446 3520 ,
2483 3463 2623 3524 quae
2671 3444 2862 3506 habet
2888 3445 3168 3506 mii-itum
3206 3445 3388 3505 inuti-

1843 3536 1992 3611 lem,
2027 3541 2088 3597 et
2117 3537 2378 3597 intentio
2410 3536 2722 3597 testatoris
2753 3536 3003 3598 videtur
3030 3537 3218 3596 fuisse
3247 3539 3388 3597 sub-

1845 3629 2059 3689 venire
2086 3629 2162 3689 iis
2193 3648 2331 3708 qua}
2361 3635 2620 3707 paterno
2650 3629 2926 3690 subsidio
2946 3634 3181 3706 carent,
3204 3636 3388 3709 prout

1844 3722 1906 3782 in
1941 3722 2263 3783 hocetiam
2295 3740 2443 3782 casu
2472 3727 2644 3783 caret
2673 3723 2798 3782 iilia
2821 3768 2837 3798 ,
2872 3722 3032 3783 sicut
3058 3723 3108 3783 si
3142 3727 3385 3801 patrem

1845 3833 1969 3876 non
2001 3815 2283 3875 haberet.
2320 3816 2458 3892 Ipse
2488 3819 2695 3875 tamen
2728 3815 3009 3875 Sanchez
3040 3834 3185 3875 cum
3215 3833 3386 3874 com-

1843 3908 2018 3969 muni
2049 3908 2282 3986 optime
2314 3908 2574 3985 probat,
2611 3926 2732 3967 non
2761 3926 2895 3965 esse
2925 3907 3043 3967 hoc
3072 3906 3259 3967 modo
3291 3906 3383 3967 in-

1844 4000 2319 4079 terpretandum
2350 4001 2624 4077 legatum
2658 4000 2806 4059 illud
2828 4046 2843 4075 ,
2879 4000 3028 4078 quia
3058 4018 3132 4059 ea
3155 4046 3171 4075 ,
3205 4000 3266 4059 in
3297 4002 3383 4060 ri-

1841 4112 1993 4172 gore
2023 4091 2361 4172 loquendO,
2397 4111 2520 4152 non
2550 4097 2645 4153 est
2672 4092 2978 4170 orphana,
3013 4096 3074 4153 et
3104 4093 3381 4171 legatum

1843 4191 2049 4265 potest
2075 4186 2137 4244 in
2173 4185 2421 4263 propria
2446 4185 2652 4263 specie
2683 4184 2948 4263 impleri,
2985 4190 3048 4245 et
3077 4185 3266 4247 debet
3293 4186 3381 4249 ita

1839 4278 1974 4339 tieri
2009 4278 2252 4358 quoties
2281 4282 2505 4356 potest,
2541 4285 2608 4339 ut
2652 4296 2725 4336 ex
2756 4277 3146 4339 Clementina
3175 4324 3190 4354 ,
3231 4278 3381 4353 Ouia

1841 4372 2127 4451 continqz't
2151 4417 2166 4447 ,
2226 4370 2296 4430 dc
2348 4371 2634 4450 reliyiosis
2687 4370 2968 4445 domibus,
3028 4376 3090 4433 ct
3134 4390 3205 4431 ex
3249 4372 3382 4432 Tri·

1841 4465 2097 4526 dentino
2149 4483 2300 4524 seSS.
2362 4466 2551 4526 XXV.
2595 4483 2733 4543 cap.
2787 4481 2923 4525 vm.
2972 4463 3042 4524 de
3091 4465 3380 4545 reforma-

1841 4557 2016 4619 tione.

1921 4650 2254 4711 Dubitatur
2299 4650 2596 4726 secundo,
2660 4670 2738 4710 an
2792 4650 3044 4730 quando
3099 4651 3377 4730 legatum
3525 4671 3643 4731 304

1838 4744 2124 4804 relictum
2156 4748 2249 4803 est
2276 4741 2527 4803 sabricae
2555 4743 2820 4823 alleujus
2851 4744 3151 4820 ecclesioe,
3184 4745 3379 4824 possit
3429 4796 3513 4846 ,kz
3513 4801 3581 4838 m
3583 4809 3624 4837 m
3652 4795 3723 4838 f

1841 4836 2152 4914 expendi
2137 4855 2199 4896 in
2231 4836 2612 4895 ornamentis
2661 4841 2724 4896 et
2764 4835 2899 4896 aliis
2942 4836 3132 4897 cultui
3165 4837 3376 4897 divino
3426 4827 3512 4891 bn}-
3491 4862 3548 4891 σε
3572 4849 3721 4912 secie·-

1842 4928 2257 4988 necessariis?
2315 4930 2560 5005 Negant
2609 4930 2900 4989 Panorm.
2955 4934 3017 4989 ct
3046 4915 3466 5007 Gregoiius⁸0
3442 4915 3597 5007 ἒρὲωι
3544 4914 3709 5018 Ἥῗῖἧζ

3446 5020 3714 5052 nnnnnnnnnn

3532 1603 3648 1663 303

3452 1729 3728 1835 [ιζῗιίιιιιιω
3671 1742 3747 1784 pro

1839 5023 2065 5099 Lopez,
2102 5038 2258 5099 quos
2278 5022 2458 5080 affert
2479 5021 2758 5080 Sanchcz
2782 5020 2948 5081 dicto
2967 5040 3105 5099 cap.
3126 5024 3197 5083 ll.
3222 5022 3372 5083 dub.

1840 5130 1968 5173 xlv.
2005 5112 2136 5191 ipse
2165 5118 2374 5173 tamen
2426 5130 2568 5171 cum
2599 5113 2734 5172 aliis
2765 5112 3172 5190 probabiliter
3209 5115 3381 5174 affir-

1840 5210 2009 5281 mat,
2042 5205 2189 5284 quia
2217 5206 2364 5266 licet
2393 5205 2632 5266 fabrica
2659 5206 2720 5264 in
2752 5206 2960 5283 rigore
2991 5207 3162 5266 vocis
3190 5207 3380 5285 signi-

1843 5301 1987 5359 ficet
2014 5297 2349 5359 aediiicium
2381 5298 2690 5369 ccclesiae3
2726 5318 2800 5358 ex
2830 5299 3149 5358 communi
3175 5304 3387 5360 tamen

1844 5410 1956 5452 usu
1992 5408 2107 5452 vox
2141 5391 2247 5451 illa
2276 5396 2614 5468 usurpatur
2643 5391 2723 5451 ad
2746 5391 3193 5469 significandos
3223 5393 3390 5454 redi-

1846 5488 1946 5545 tus
1976 5502 2134 5562 quos
2165 5484 2430 5545 eeclesia
2458 5484 2725 5563 percipit
2759 5485 2839 5544 ad
2889 5503 2990 5545 res
3032 5484 3146 5547 sibi
3179 5504 3392 5547 neces-

1840 5575 2057 5653 sarias,
2084 5576 2533 5639 condistinctos
2550 5576 2632 5637 ab
2654 5576 2961 5640 reditibus
2978 5597 3135 5660 quos
3154 5578 3394 5662 episco-
