4263 6376
518 2270 595 2329 64

472 2394 663 2448 Impubes

446 2448 586 2490 nestun·
608 2460 688 2490 11611

499 2506 649 2557 polest.

752 320 831 379 76
1910 323 2008 382 DE
2051 323 2406 384 JUSTITIA
2450 323 2553 383 ΕΤ
2594 324 2794 384 JURE

754 494 942 555 etiam
973 499 1167 556 status
1199 489 1651 576 prfesumetur:
1684 516 1759 558 ea
1788 496 1952 557 enim
1986 497 2284 576 praesumi

755 586 989 647 debent
1011 634 1026 663 ‚
1077 607 1216 667 quas
1247 590 1633 669 frequentius
1662 594 1723 650 et
1749 588 1975 669 majori
2005 609 2079 650 ex
2109 595 2286 667 parte

756 679 1093 755 eveniunt,
1150 684 1213 741 et
1255 680 1653 743 adversarius
1693 683 1882 744 debet
1910 680 2289 761 conjecturis

755 772 1138 833 contrarium
1180 774 1473 852 probare.
1547 775 1609 837 Si
1642 793 1790 835 vero
1840 775 2064 855 aequali
2112 779 2289 854 parte

755 865 1054 945 temporis
1084 871 1346 947 uterque
1371 871 1566 927 status
1588 867 1815 928 durare
1837 868 2100 944 solebat,
2134 887 2290 948 prae-

755 957 1128 1018 sumendum
1160 965 1309 1037 puto
1333 979 1445 1038 pro
1478 961 1687 1023 valore
1720 965 1929 1038 06103,
1983 966 2116 1021 1001
2146 960 2291 1040 quia

756 1068 869 1130 pro
900 1055 1075 1111 actus
1104 1052 1315 1111 valore
1337 1054 1752 1114 communiter
1772 1053 2062 1134 praesumi
2096 1054 2286 1125 solet3

756 1148 892 1205 tum
938 1143 1085 1222 quia
1112 1144 1378 1223 ipsemet
1423 1150 1598 1207 actus
1644 1146 1777 1207 sinc
1826 1165 2039 1207 errore
2092 1146 2293 1206 sactus

757 1237 939 1297 affert
965 1236 1265 1297 indicium
1296 1257 1507 1298 secum
1534 1257 1701 1299 sanae
1731 1239 1991 1315 mentis,
2038 1239 2196 1299 adeo
2227 1242 2295 1299 ut

758 1328 810 1390 si
838 1333 1039 1390 totum
1068 1333 1515 1391 testamentum
1555 1332 1634 1391 ab
1665 1333 1799 1412 ipso
1829 1336 2124 1393 testatore
2155 1332 2293 1392 aliis

758 1440 884 1482 non
914 1422 1397 1501 suggerentibus
1440 1424 1749 1500 dictetur,
1807 1443 1933 1484 non
1980 1424 2297 1484 sufficeret

758 1511 979 1592 majori
1031 1518 1317 1592 tempore
1366 1519 1709 1595 utcumque
1759 1516 1985 1577 durare
2041 1517 2293 1578 solitum

760 1605 1086 1683 delirium,
1120 1606 1220 1666 vel
1250 1606 1524 1668 furorem
1556 1609 1635 1668 ad
1666 1609 1828 1670 hanc
1859 1609 2297 1689 06163οω0110-

760 1717 904 1759 nem
934 1698 1377 1777 superandam.
1429 1701 1689 1773 Quando
1720 1720 1869 1762 vero
1915 1702 2053 1762 aliis
2099 1702 2297 1764 inter-

760 1790 1128 1870 rogantibus
1154 1795 1420 1853 testator
1448 1794 1890 1872 responderet,
1939 1795 2058 1855 1106
2089 1794 2295 1873 ipsum

759 1883 921 1944 bene
952 1886 1015 1942 et
1041 1882 1173 1942 sine
1204 1902 1415 1945 errore
1444 1886 1849 1964 respondere,
1883 1887 2134 1948 videtur
2163 1904 2296 1946 esse

760 1974 1062 2036 indicium
1093 1993 1260 2035 sanae
1290 1977 1550 2054 mentis,
1599 1979 1916 2039 sufficiens
1954 1979 2032 2039 ad
2064 1979 2299 2039 facien-

764 2066 916 2128 dum
947 2066 1007 2127 in
1037 2086 1226 2128 causa
1253 2068 1391 2148 pari
1419 2070 1741 2130 meliorem
1774 2089 2027 2131 causam
2057 2090 2170 2150 060
2198 2090 2301 2131 va-

762 2160 895 2221 1066
923 2161 1302 2222 testamenti.

848 2254 1136 2315 Secundo
1168 2258 1406 2315 certum
1439 2259 1564 2334 631,
1600 2255 1901 2318 infantem
1930 2257 2142 2318 testari
2176 2276 2300 2318 non

767 2364 979 2426 posse,
1032 2366 1174 2407 6010
1214 2348 1472 2409 60110015
1501 2369 1615 2409 030
1649 2354 1899 2423 606601;
1952 2369 2067 2412 066
2109 2350 2299 2411 611010

766 2439 1191 2519 impuberem,
1243 2440 1362 2501 hoc
1393 2445 1486 2502 est
1508 2487 1525 2515 ,
1577 2442 1926 2503 masculum
1952 2448 2097 2504 0016
2129 2443 2301 2504 deci-

764 2550 939 2593 mum
969 2536 1263 2612 quartum
1291 2552 1527 2593 annum
1549 2535 1884 2614 expletum,
1921 2541 1982 2598 et
2001 2536 2301 2596 feminam

766 2630 908 2687 ante
940 2626 1253 2705 expletum
1283 2626 1727 2688 duodecimum
1747 2628 2193 2690 sufficittamen
2210 2629 2304 2689 ul-

762 2717 981 2780 timum
1016 2719 1183 2778 diem
1214 2737 1347 2780 esse
1376 2719 1740 2781 inchoatum
1794 2740 1868 2781 ex
1913 2722 2051 2801 lege
2093 2723 2147 2783 A
2185 2742 2302 2803 qua

762 2818 954 2888 oetate,
1008 2813 1068 2872 ff.
1104 2811 1211 2892 qui
1243 2819 1581 2874 testamenta
1607 2814 1802 2894 facere
1823 2824 2082 2896 possunt,
2135 2814 2300 2875 unde

763 2903 910 2964 licet
950 2903 1012 2963 in
1059 2905 1269 2984 aliquo
1317 2904 1558 2965 malitia
1587 2912 1797 2985 posset
1825 2908 2119 2987 supplere
2151 2911 2303 2968 aeta-

761 3000 927 3074 tem,
980 3015 1102 3057 non
1133 3001 1344 3076 posset
1373 2998 1628 3074 testari,
1681 2999 1923 3060 etiamsi
1970 3000 2149 3060 miles
2196 2999 2294 3072 sit,

763 3107 880 3150 nec
910 3089 989 3149 ad
1020 3108 1241 3150 causas
1267 3089 1402 3171 pias
1421 3137 1435 3164 ,
1484 3091 1892 3171 ut-colligitur
1921 3111 1994 3152 ex
2023 3110 2080 3157 c.
2110 3092 2295 3166 Licet,

762 3180 833 3243 de
859 3182 1176 3265 sepulturis
1201 3183 1309 3244 lib.
1346 3200 1431 3245 v1.
1467 3188 1675 3263 posset
1716 3188 1925 3247 tamen
1970 3185 2183 3247 testari
2226 3205 2302 3246 ex

765 3277 1167 3338 concessione
1199 3277 1530 3356 principis,
1575 3276 1723 3357 0010
1779 3279 1913 3339 11666
1960 3279 2299 3359 0600101110

766 3369 974 3450 000οᾶ
1006 3370 1127 3430 1016
1148 3374 1396 3449 1610003
1419 3371 1907 3432 (16166011001010
1939 3377 2031 3433 631
2053 3373 2129 3432 (16
2152 3374 2301 3452 jure

764 3462 1043 3523 humano
1075 3461 1157 3523 ad
1187 3462 1477 3523 vitandas
1506 3462 1646 3523 lites
1667 3509 1682 3539 ,
1736 3462 1814 3523 de
1844 3464 2071 3544 quibus
2100 3464 2297 3525 videri

764 3558 1028 3636 possunt
1068 3555 1297 3618 Molina
1342 3554 1503 3634 disp.
1544 3572 1791 3616 cxxxvx.
1838 3559 1899 3618 et
1927 3560 2116 3637 Vasq.
2152 3577 2205 3619 6.
2238 3562 2295 3620 9.

765 3649 821 3726 ἓ.
857 3665 900 3708 1.
936 3647 1085 3709 (100.
1119 3651 1177 3710 8.

848 3740 1057 3802 Tertio
1105 3758 1322 3801 servus
1366 3741 1579 3803 testari
1627 3761 1752 3803 non
1791 3745 2028 3822 potest,
2089 3761 2204 3802 nec
2251 3742 2302 3803 si

623 3895 674 3931 'v
766 3837 1063 3909 testetur,
1115 3834 1284 3895 valet
1326 3833 1477 3894 illud
1521 3839 1965 3896 testamentum
1992 3882 2006 3911 ,
2058 3834 2302 3896 etiamsi

594 3949 619 3976 v
650 3967 661 3980 .
768 3929 987 4006 postea
1016 3926 1174 3987 liber
1202 3927 1312 3987 fiat
1334 3974 1348 4002 ,
1403 3926 1550 4006 quia
1595 3927 1795 3989 factus
1825 3927 1941 3988 fuit
1970 3947 2005 3987 a
2036 3946 2158 3988 non
2192 3928 2304 3988 ha-

769 4019 957 4079 bente
983 4019 1327 4098 legitimam
1358 4020 1742 4081 voluntatem
1779 4037 1792 4083 :
1828 4020 1951 4081 imo
1980 4020 2128 4082 licet
2155 4024 2303 4081 tunc

763 4110 899 4191 jam
928 4110 1062 4190 1030
1095 4111 1460 4190 ignorante,
1500 4113 1592 4173 vel
1623 4113 1979 4189 dubitante,
2027 4113 2187 4174 liber
2213 4114 2305 4174 fa-

771 4208 907 4267 ctus
937 4210 1118 4282 esset,
1152 4209 1594 4266 testamentum
1625 4224 1743 4266 non
1772 4207 1955 4282 valet,
1989 4207 2029 4266 l.
2061 4205 2175 4281 Qui
2199 4215 2304 4266 tes-

771 4307 1023 4358 tamento
1055 4296 1305 4374 domini,
1368 4302 1431 4359 et
1470 4298 1513 4359 1.
1565 4317 1740 4379 seqq.
1777 4299 1908 4361 etl.
1943 4299 2307 4380 Filiusfami-

772 4391 901 4467 lias,
936 4408 1001 4453 11⁴
1040 4392 1104 4450 ss'.
1137 4389 1207 4450 de
1228 4392 1579 4452 testamentis
1599 4410 1626 4467 ,·
1654 4392 1892 4454 valeret
1911 4397 2118 4453 tamen
2153 4391 2304 4451 illud

768 4488 1212 4546 testamentum
1235 4483 1314 4542 ad
1343 4502 1565 4545 causas
1587 4484 1743 4563 pias,
1770 4485 1819 4544 si
1838 4504 1982 4544 vere
2001 4485 2154 4545 liber
2171 4484 2306 4563 jam

768 4581 905 4638 erat
933 4576 1184 4657 quando
1215 4577 1365 4636 illud
1397 4577 1576 4654 fecit,
1610 4582 1679 4638 ut
1706 4578 1931 4657 probat
1958 4578 2103 4639 Mol.
2140 4578 2299 4657 disp.

770 4685 1042 4730 cxxxvn.
1101 4670 1397 4747 Captirus
1453 4670 1641 4730 etiam
1697 4671 1858 4732 bello
1908 4669 2078 4748 justo
2137 4671 2304 4749 apud

769 4762 1001 4837 1105163,
1037 4762 1137 4821 vel
1167 4762 1371 4838 obses,
1411 4763 1514 4841 qui
1548 4768 1642 4823 est
1668 4763 1807 4824 loco
1839 4763 2103 4841 captivi,
2136 4762 2199 4823 in
2231 4782 2304 4823 60

768 4859 935 4917 statu
965 4874 1086 4917 non
1117 4860 1324 4935 potest
1353 4856 1606 4931 testari,
1658 4856 1706 4917 si
1732 4861 1943 4918 tamen
1975 4861 2158 4918 antea
2187 4862 2305 4918 tes-

766 4951 1119 5010 tamentum
1147 4948 1418 5025 fecisset,
1453 4948 1707 5026 valebit,
1742 4950 1871 5010 sive
1900 4955 2147 5010 mortuo
2182 4954 2305 5011 tes-

768 5046 969 5105 tatore
998 5046 1141 5121 post
1180 5042 1536 5102 libertatem
1559 5043 1710 5120 jure
1750 5042 2138 5121 postliminii,
2176 5042 2305 5102 sive

768 5134 961 5195 etiam
992 5134 1052 5193 iu
1087 5152 1160 5194 eo
1192 5138 1390 5210 statu,
1424 5136 1480 5214 ἓ.
1514 5135 1626 5196 011.
1663 5134 1804 5195 1051.
1841 5134 2048 5216 quibus
2078 5154 2191 5195 non
2225 5142 2309 5194 est

2382 501 2505 560 test
2527 518 2541 571 ;
2577 499 2744 561 valet
2773 501 3445 561 1010601651610601010
3473 498 3616 555 ante
3641 488 3920 572 prohibi-

2384 591 2617 652 tionem
2645 591 2902 668 factum,
2935 592 2975 652 1.
3010 590 3070 652 Is
3085 590 3277 667 cui,ff.
3311 587 3592 666 detest.§.
3616 586 3765 648 Item
3779 603 3917 665 pro-

2384 682 2573 764 digus,
2621 684 2764 745 inst.
2817 683 3023 765 quibus
3067 703 3182 744 non
3222 691 3304 743 est
3334 680 3682 763 permissum
3721 678 3916 758 facere

2387 783 2515 837 test.
2553 777 2721 855 quod
2751 776 2940 855 aliqui
2962 794 3182 835 verum
3201 777 3421 853 putant
3448 772 3526 833 de
3546 773 3917 834 testamento

2389 869 2577 931 611010
2623 869 2701 928 0(1
2728 870 2864 950 0105
2892 887 3115 929 causas
3145 867 3312 947 quod
3345 885 3469 926 non
3497 866 3705 926 valeat
3724 910 3739 940 ,
3782 860 3921 941 qui-

2387 963 2505 1023 hus
2538 962 2846 1023 consentit
2871 962 3017 1023 Mol.
3052 962 3188 1022 loco
3218 960 3321 1023 cit.

2472 1055 2697 1128 Quinto
2728 1054 3163 1116 filiusfamilias
3201 1052 3417 1131 pubes,
3453 1068 3598 1111 nam
3615 1050 3694 1109 de
3723 1050 3921 1127 impu-

2389 1147 2537 1207 bere
2561 1145 2693 1225 jam
2724 1147 2959 1208 dictum
2992 1151 3084 1207 est
3104 1193 3118 1221 ,
3153 1144 3370 1207 testari
3398 1146 3604 1223 potest
3634 1142 3713 1202 dc
3742 1141 3922 1202 00013

2390 1239 2808 1300 castrensibus
2827 1258 2842 1312 3
2860 1243 2922 1300 et
2936 1237 3111 1318 quasi
3134 1236 3575 1310 castrensibuS,
3597 1235 3673 1294 de
3692 1234 3923 1294 adven·

2389 1331 2540 1392 titiis
2569 1350 2817 1411 000006
2860 1331 2908 1390 31
2953 1335 3093 1410 0031
3131 1329 3495 1391 clericatum
3525 1326 3919 1402 advenerint,

2391 1425 2442 1485 si
2471 1443 2617 1486 vero
2649 1429 2826 1500 ante,
2879 1444 3000 1485 non
3045 1425 3248 1503 potest
3288 1422 3476 1483 etiam
3508 1422 3586 1481 (16
3618 1438 3924 1481 60036030

2390 1517 2585 1597 001615
2616 1517 2691 1577 0(1
2724 1535 2944 1577 causas
2972 1518 3288 1596 profanaS‚
3322 1514 3399 1574 ad
3433 1515 3568 1593 pias
3597 1513 3826 1593 poterit
3844 1511 3922 1572 de

2391 1610 2587 1690 patris
2617 1628 2921 1670 consensu
2949 1656 2965 1683 ,
3014 1609 3091 1668 ad
3126 1613 3421 1687 utrasque
3453 1605 3680 1685 0016611
3706 1605 3784 1665 (16
3814 1623 3922 1664 eo-

2393 1704 2536 1764 dem
2568 1721 2875 1764 consensu
2907 1704 3142 1763 donare
3175 1720 3365 1762 causa
3392 1698 3646 1774 mortiS,
3684 1698 3761 1757 de
3792 1696 3924 1777 qui-

2394 1796 2512 1856 bus
2542 1796 2669 1856 vid.
2714 1797 2859 1857 Mol.
2911 1796 3071 1873 disp.
3108 1809 3406 1855 cxxxvm.
3455 1798 3516 1852 61
3544 1795 3734 1871 Vasq.
3768 1791 3831 1851 d.
3865 1807 3921 1850 6.

2394 1906 2479 1950 1x.
2515 1889 2664 1949 dub.
2695 1892 2753 1951 8.
2788 1889 2990 1950 Minor
3019 1887 3215 1967 pubes
3244 1905 3283 1948 a
3309 1885 3553 1948 fortiori
3580 1884 3794 1947 testari
3820 1903 3928 1963 pc-

2393 1982 2573 2058 terit,
2631 1999 2774 2042 cum
2817 1981 2897 2042 sit
2947 1980 3238 2041 dominus
3283 1996 3542 2040 suorum
3587 1977 3922 2053 bonorum,

2395 2072 2564 2135 unde
2611 2077 2854 2135 constat
2908 2073 3218 2133 immerito
3261 2071 3612 2133 Malderum
3658 2070 3722 2131 in
3770 2088 3931 2148 0601-

2397 2167 2556 2227 senti
2601 2170 2782 2227 tract.
2816 2167 2863 2226 1.
2921 2185 2975 2225 6.
3010 2182 3095 2226 xl.
3150 2164 3299 2224 dub.
3335 2167 3394 2225 3.
3430 2182 3618 2243 quem
3649 2164 3932 2242 56001106

2396 2260 2596 2320 Β1606
2622 2263 2771 2320 1010.
2807 2275 2894 2320 lv.
2927 2263 3011 2320 tr.
3044 2261 3103 2319 3.
3153 2255 3222 2317 de
3251 2256 3473 2317 casibus
3500 2254 3932 2317 occurrentibus

2397 2361 2651 2433 tempore
2677 2350 2881 2411 mortis
2907 2350 3092 2411 resol.
3127 2353 3259 2413 124.
3306 2367 3660 2429 supponere
3702 2354 3772 2410 ut
3800 2366 3931 2409 cer·

2398 2449 2531 2506 tum
2561 2444 2728 2523 apud
2757 2442 3044 2504 doctores
3063 2489 3078 2520 ,
3149 2443 3313 2522 quod
3347 2442 3777 2502 filiusfamilias
3806 2442 3927 2501 cle·

2394 2537 2563 2597 ricus
2591 2536 2788 2616 possit
2827 2535 3040 2596 testari
3083 2534 3217 2595 sine
3267 2535 3462 2615 patris
3514 2552 3817 2595 consensu
3850 2534 3929 2593 de

2397 2629 2577 2690 honis
2621 2627 2976 2690 adventitiis
3020 2645 3159 2707 quae
3193 2627 3465 2688 habebat
3496 2630 3639 2688 ante
3670 2626 3926 2687 clerica-

2397 2727 2553 2798 tum,
2587 2722 2777 2802 idque
2819 2720 3036 2781 1100661
3066 2739 3432 2800 expressum
3461 2720 3524 2780 in
3554 2719 3932 2781 Authentica

2396 2814 2798 2896 presbyteros,
2832 2815 2900 2876 C.
2923 2813 3288 2895 deepiscopis
3315 2822 3371 2873 et
3389 2812 3636 2889 clericis,
3668 2811 3732 2872 id
3762 2811 3931 2873 enim

2398 2926 2602 2988 neque
2632 2912 2875 2970 certum
2904 2911 3018 2983 cst,
3053 2925 3256 2986 neque
3286 2924 3617 2967 commune
3636 2952 3651 2981 ,
3683 2908 3755 2965 ut
3782 2924 3926 2966 con-

2398 3005 2521 3062 stat
2545 3019 2620 3060 ex
2647 3002 2904 3064 Covarr.
2936 2998 3286 3078 Ariespinel
3326 3003 3388 3060 et
3416 3000 3694 3060 Navarro
3725 3015 3922 3076 oppo-

2400 3093 2588 3153 situm
2634 3092 3002 3153 docentibus
3022 3139 3036 3167 ‚
3091 3110 3249 3171 0003
3294 3092 3479 3153 affert
3533 3094 3595 3154 et
3646 3090 3930 3170 sequitur

2399 3186 2629 3248 Molina
2657 3186 2794 3248 1060
2825 3185 2929 3247 611.
2976 3187 3104 3246 Nec
3146 3183 3312 3245 dicta
3341 3183 3718 3247 Anthentica
3746 3183 3810 3244 id
3839 3182 3935 3244 di-

2400 3281 2513 3356 cit,
2561 3279 2671 3339 sed
2702 3279 2908 3357 potius
2937 3278 3171 3339 indicat
3199 3277 3617 3355 contrarium,
3669 3277 3821 3337 dum
3848 3276 3937 3337 ait

2399 3373 2869 3434 filiumfamilias
2898 3371 3193 3432 clericum
3224 3370 3456 3431 1100666
3488 3370 3549 3430 iu
3581 3389 3693 3430 sua
3723 3374 3930 3449 potes-

2399 3471 2528 3528 tate
2557 3484 2656 3526 res
2688 3465 2768 3525 ad
2799 3464 2933 3545 ejus
2962 3463 3310 3524 dominium
3342 3462 3696 3539 venienteS,
3745 3461 3824 3522 ad
3854 3461 3938 3521 si-

2401 3558 2818 3621 militudinem
2876 3557 3285 3618 castrensium
3340 3556 3727 3636 peculiorum
3753 3602 3768 3631 ‚
3828 3554 3936 3616 ubi

2401 3670 2607 3714 sermo
2658 3655 2753 3713 est
2798 3650 2875 3710 de
2903 3650 3085 3710 bonis
3116 3649 3190 3710 ad
3224 3649 3434 3710 clerici
3465 3649 3810 3710 dominium
3834 3667 3937 3707 ve·

2402 3744 2718 3806 nientibus
2750 3763 2764 3803 ε
2799 3743 2904 3804 1110
2950 3748 3160 3804 001610
3206 3743 3328 3802 0110
3369 3742 3536 3802 0000
3583 3761 3704 3802 000
3749 3760 3940 3801 vene-

2401 3840 2549 3898 runt
2576 3836 2656 3896 ad
2675 3834 3021 3897 dominium
3043 3834 3272 3910 clerici,
3307 3835 3417 3894 sed
3446 3834 3586 3895 laici
3615 3853 3629 3895 :
3666 3833 3770 3914 qui
3801 3853 3937 3894 sen-

2404 3949 2509 3991 sus
2537 3928 2737 4008 magis
2779 3929 2985 3989 clarus
3032 3932 3129 3987 631
3166 3926 3227 3986 10
3257 3927 3298 3987 l.
3335 3927 3574 3987 Sacros.
3609 3943 3827 3988 xxxm.
3864 3928 3929 3989 C.

2403 4021 2525 4084 eod.
2565 4023 2655 4082 tit.
2692 4021 2786 4081 his
2808 4020 3037 4096 verbis,
3075 4039 3149 4080 ea
3169 4038 3589 4099 quaecumque
3617 4021 3683 4080 in
3710 4020 3934 4082 eodem

2403 4116 2731 4177 clericatus
2761 4113 2962 4192 gradu
2993 4113 3257 4191 locoque
3281 4111 3560 4173 viventes
3581 4113 3930 4191 acquirere,

2402 4212 2464 4268 et
2493 4207 2724 4268 habere
2756 4205 3096 4285 potuerint,
3133 4204 3379 4266 etiamsi
3409 4205 3470 4264 in
3500 4205 3694 4285 patris
3723 4209 3925 4285 potes-

2401 4305 2530 4362 tate
2562 4299 2877 4360 constituti
2926 4297 3083 4373 sint,
3140 4302 3438 4377 tanquam
3475 4297 3642 4357 bona
3681 4296 3932 4376 propria

2404 4392 2773 4468 vendicent,
2826 4389 2921 4449 his
2966 4390 3014 4450 si
3047 4389 3300 4469 quando
3332 4389 3695 4451 eislibitum
3725 4390 3930 4465 fuerit,

2403 4483 2671 4547 testandi
2699 4530 2714 4560 ,
2768 4484 2864 4543 vel
2896 4482 3172 4543 donandi
3202 4529 3217 4558 ,
3268 4482 3368 4543 vel
3398 4482 3711 4543 alienandi
3743 4483 3938 4543 libera

2405 4578 2700 4641 facultate
2741 4595 3059 4640 concessa.
3100 4599 3128 4633 »
3181 4576 3297 4639 Ubi
3331 4593 3619 4655 expresse
3665 4575 3941 4655 loquitur

2403 4672 2481 4732 de
2506 4671 2687 4732 bonis
2716 4671 2862 4731 solis
2893 4675 3033 4749 post
3061 4668 3424 4732 clericatum
3456 4669 3795 4748 acquisitis.

2487 4766 2672 4825 Sexto
2705 4764 2781 4823 (16
2813 4768 2985 4824 muto
3033 4768 3095 4824 et
3135 4763 3326 4824 surdo
3358 4764 3523 4823 clare
3554 4768 3617 4824 et
3646 4762 3937 4823 distincte

2406 4856 2759 4935 disponitur
2801 4855 2861 4915 in
2904 4856 3026 4935 leg.
3063 4854 3346 4916 Discretis
3372 4903 3387 4931 ,
3431 4873 3491 4916 x.
3529 4858 3594 4917 C.
3628 4855 3734 4936 qui
3758 4865 3938 4916 testa-

2405 4958 2600 5009 menta
2627 4949 2747 5029 fac.
2774 4968 2937 5030 poss.
2985 4949 3088 5008 ubi
3121 4948 3478 5011 decernitur
3506 4949 3707 5028 primo
3739 4949 3936 5026 illum,

2412 5042 2518 5123 qui
2549 5041 2732 5101 simul
2779 5060 2816 5100 a
2847 5041 3170 5103 nativitate
3218 5046 3314 5102 est
3357 5046 3568 5102 mutus
3600 5046 3662 5102 et
3689 5041 3935 5118 surduS,

2411 5134 2626 5197 testari
2659 5152 2778 5194 non
2811 5153 3028 5213 posse,
3064 5138 3174 5195 aut
3201 5135 3519 5195 codicillos
3548 5135 3755 5195 facere
3777 5182 3792 5212 ,
3845 5135 3940 5195 vel

4079 1054 4159 1112 67

4032 1178 4143 1230 Quid
4177 1179 4205 1220 d

3987 1233 4205 1276 filiofamili

756 5228 1108 5309 permissum
1135 5229 1331 5309 facere
1359 5236 1756 5289 testamentum
1777 5276 1792 5306 ,
1823 5228 1867 5289 1.
1904 5227 2079 5306 Ejus,
2114 5229 2156 5289 l.
2188 5228 2307 5288 Ab·

763 5319 935 5397 sides,
975 5326 1038 5383 et
1065 5320 1223 5397 aliis,
1262 5323 1323 5382 ff.
1355 5320 1423 5381 de
1452 5321 1824 5382 testamentis.

520 5419 597 5479 66
848 5415 1080 5487 Quarto
1127 5414 1466 5494 prodigus,
1514 5415 1613 5476 cui
1661 5434 1697 5475 a
1736 5415 1951 5494 judice
1996 5416 2304 5477 bonorum

770 5507 1226 5568 administratio
1259 5507 1591 5569 interdicta
1622 5511 1748 5584 est,
1799 5509 2013 5570 testari
2043 5527 2167 5569 non
2203 5526 2306 5588 po-

2412 5227 2785 5288 donationcs
2815 5246 3004 5288 causa
3032 5228 3285 5305 mortis,
3336 5232 3453 5288 etc.
3509 5228 3798 5289 Secundo
3824 5275 3839 5305 ,
3892 5228 3940 5289 si

2414 5340 2538 5381 non
2568 5339 2607 5380 a
2636 5319 2982 5397 nativitate,
3016 5320 3125 5381 sed
3156 5339 3230 5379 ex
3250 5319 3469 5381 morbo
3499 5320 3579 5380 sit
3607 5320 3789 5380 simul
3811 5339 3944 5380 mu-

2412 5419 2515 5476 tus
2545 5420 2608 5476 61
2636 5413 2884 5490 506ᾶο3,
2920 5433 3101 5493 00336
3133 5412 3384 5488 testari,
3431 5412 3641 5492 legare
3663 5460 3678 5489 ,
3732 5417 3847 5474 etc.
3895 5411 3945 5472 si

2412 5507 2685 5569 scribere
2725 5507 2903 5569 sciat.
2956 5507 3020 5569 Si
3070 5512 3277 5569 aut-em
3327 5504 3406 5567 sit
3451 5506 3654 5567 solum
3684 5506 3940 5584 surdus,
