4263 6376
512 1133 630 1196 264

470 1260 590 1314 Quid,
623 1262 658 1304 sl

418 1315 599 1361 debitum
626 1318 713 1359 ent

470 1382 522 1416 ex
550 1370 657 1425 leffe.

750 302 867 367 138

831 481 1189 562 Excipitur,
1223 481 1474 565 quando
1505 483 1768 545 testator
1791 480 2064 543 debebat
2090 480 2287 542 solve·

751 593 820 639 re
848 574 1085 655 aliquid
1115 575 1176 636 in
1195 575 1330 637 foro
1361 575 1494 637 solo
1523 573 1943 652 conscientiae,
1970 574 2057 636 ita
2076 576 2288 637 tamen

753 674 824 731 ιιι
850 670 909 729 in
942 669 1076 730 foro
1109 672 1365 731 externo
1396 686 1522 729 non
1552 670 1764 748 posset
1792 667 1872 732 ad
1903 668 1967 728 id
1996 667 2289 729 condem-

755 763 891 823 nari
925 781 939 823 t
969 766 1119 825 tunc
1149 762 1316 824 enim
1342 762 1623 841 legatum
1657 762 1721 822 in
1769 761 1958 823 dubio
2003 763 2293 823 censetur

755 856 989 918 factum
1019 855 1096 916 ad
1114 855 1579 918 exonerandam
1600 854 2070 930 conscientiam,
2094 857 2158 915 et
2175 853 2293 914 sol-

757 948 1032 1012 vendum
1061 948 1365 1027 debitum,
1400 953 1470 1011 ut
1495 966 1639 1010 cum
1654 948 1907 1026 Melina,
1934 951 1997 1010 et
2017 946 2154 1011 aliis
2181 946 2295 1007 do-

758 1045 857 1103 cet
886 1042 1165 1104 Sanchez
1196 1060 1369 1105 num.
1403 1046 1461 1104 5.

840 1136 1133 1200 Secunda
1158 1136 1379 1215 regula
1407 1140 1521 1213 est,
1555 1135 1807 1218 quando
1838 1135 2120 1197 debitum
2150 1152 2297 1214 pro-

764 1227 931 1290 cedit
957 1246 1033 1288 ex
1074 1229 1214 1308 1636
1244 1230 1377 1290 sola
1421 1229 1735 1309 obligante
1768 1229 1847 1289 ad
1879 1228 2112 1309 aliquid
2143 1227 2299 1287 dan-

763 1322 916 1382 dum
943 1368 957 1398 ,
1023 1322 1087 1383 in
1144 1322 1334 1384 dubio
1363 1323 1638 1403 legatum
1684 1324 1973 1384 censetur
2012 1319 2299 1382 relictum

764 1414 845 1477 ad
873 1415 1409 1494 compensandum
1433 1434 1545 1494 pro
1577 1433 1650 1476 eo
1678 1413 1910 1491 debito,
1936 1414 2100 1476 hanc
2126 1417 2302 1475 tenet

764 1508 1179 1570 Covarruvias
1208 1509 1420 1571 dicens
1443 1555 1459 1586 ,
1501 1527 1635 1571 esse
1662 1507 1943 1570 omnium
1971 1507 2300 1569 doctorum

765 1601 1089 1682 utriusque
1111 1601 1292 1683 juriS,
1325 1606 1584 1683 excepto
1616 1601 1892 1679 Corasio,
1916 1603 1978 1663 et
2006 1600 2110 1661 alii
2142 1619 2300 1680 quos

769 1695 1038 1759 offerunt
1059 1701 1122 1758 et
1166 1699 1515 1779 sequuntur
1566 1694 1798 1760 Molina
1826 1695 2100 1757 conclus,
2128 1694 2206 1756 ΙΙ.
2242 1698 2305 1757 et

768 1788 998 1851 Sanch.
1050 1807 1222 1854 num.
1256 1792 1314 1852 8.
1368 1792 1431 1851 et
1471 1789 1786 1869 colligitur
1823 1807 1899 1849 ex
1927 1787 2305 1850 Anthentica

765 1881 1086 1960 Praeterea,
1120 1885 1186 1947 C.
1219 1881 1370 1944 unde
1398 1883 1508 1961 vir,
1542 1902 1619 1944 ex
1645 1882 1687 1947 l.
1723 1880 1800 1944 Si
1822 1901 1952 1943 cum
1982 1881 2171 1942 dotem
2194 1928 2210 1958 ,
2242 1881 2298 1960 ἓ.

767 1975 845 2036 Si
862 1985 1055 2057 pater,
1089 1979 1152 2039 ff.
1184 1976 1373 2038 soluto
1399 1976 1769 2038 matm‘mom‘o
1793 2023 1809 2054 ,
1843 1995 1914 2036 ex
1941 1976 1985 2038 l.
2024 1974 2306 2051 Quoniam

765 2068 1025 2148 novella,
1058 2070 1189 2134 etl.
1227 2068 1588 2148 omnimoda,
1613 2072 1679 2133 C.
1706 2068 1776 2131 de
1802 2068 2029 2151 inoffi&
2075 2076 2299 2132 testam.

766 2162 809 2226 l.
843 2162 1052 2224 Etiam
1074 2210 1090 2241 ,
1144 2165 1200 2243 ἓ.
1235 2163 1312 2225 Si
1335 2162 1526 2226 debita
1548 2210 1563 2241 ,
1598 2166 1661 2226 ff.
1697 2161 1764 2224 de
1808 2161 1968 2223 bonis
2013 2161 2208 2226 libert.
2242 2163 2305 2223 in

771 2256 998 2336 quibus
1025 2257 1073 2317 si
1102 2256 1349 2336 legetur
1377 2258 1589 2334 uxori,
1630 2257 1729 2317 cui
1756 2256 1960 2336 portio
2004 2274 2081 2316 ex
2123 2255 2307 2316 bonis

768 2350 975 2412 mariti
1006 2369 1080 2410 ex
1106 2350 1245 2430 lege
1276 2349 1561 2427 debetur,
1594 2350 1694 2411 vel
1722 2349 1865 2410 filiae
1897 2366 2087 2429 quam
2130 2352 2310 2428 pater

772 2443 958 2505 debet
985 2443 1224 2522 dotare,
1259 2445 1359 2505 vel
1387 2443 1528 2504 filiis
1559 2444 1784 2524 quibus
1814 2443 2079 2505 debetur
2104 2442 2310 2521 legiti-

769 2555 896 2614 ma,
930 2536 1028 2598 vel
1056 2541 1319 2615 patrono
1345 2538 1443 2598 cui
1469 2537 1729 2598 libertus
1748 2536 1939 2598 debet
1956 2537 2305 2617 portionem

771 2649 1026 2692 suorum
1055 2630 1387 2708 bonorum,
1407 2631 1686 2710 legatum
1707 2633 2107 2709 computatur
2134 2629 2198 2689 in
2214 2648 2310 2690 so·

769 2724 1073 2786 lutionem
1101 2724 1361 2787 totalem
1390 2725 1491 2785 vel
1518 2722 1849 2803 partialem
1894 2721 2127 2795 debiti;
2162 2721 2311 2802 quia

772 2817 908 2879 haec
923 2817 1133 2878 omnia
1164 2817 1376 2878 debita
1404 2836 1478 2878 ex
1526 2834 1703 2878 mera
1744 2814 1900 2896 legis
1942 2816 2310 2876 necessitate

774 2909 1143 2990 procedunt.
1178 2910 1357 2984 Quod
1400 2909 1568 2971 idem
1615 2910 1822 2972 locum
1865 2908 2057 2970 habet
2101 2909 2166 2969 in
2196 2908 2310 2969 do-

774 3002 1027 3065 natione
1055 3021 1246 3065 causa
1275 3003 1515 3081 mortis,
1547 3002 1709 3065 sicut
1736 3002 1799 3063 in
1828 3003 2058 3082 legat0,
2084 3005 2154 3063 ut
2166 3020 2310 3064 con-

775 3101 899 3160 stat
924 3116 1001 3157 ex
1029 3097 1197 3159 dicta
1222 3097 1263 3159 l.
1313 3096 1522 3158 Etiam
1550 3143 1566 3174 ,
1626 3099 1813 3175 atque
1860 3096 2084 3157 eodem
2122 3095 2311 3156 modo

777 3191 1127 3272 procedunt
1152 3191 1217 3251 in
1247 3190 1496 3252 haerede
1544 3190 1709 3251 illius
1738 3190 2038 3251 debitoris
2062 3235 2078 3266 ,
2125 3188 2232 3270 qui
2262 3188 2314 3249 si

778 3285 966 3347 etiam
993 3285 1269 3365 legatum
1311 3283 1637 3364 relinquit,
1674 3288 1964 3345 censetur
1998 3283 2204 3343 facere
2235 3282 2314 3342 ad

780 3378 1247 3459 compensanda
1309 3377 1415 3439 illa
1460 3376 1675 3439 debita
1728 3375 1955 3456 legalia
2011 3375 2312 3453 defuncti,

781 3490 921 3552 quae
949 3471 1030 3533 ad
1061 3471 1267 3551 ipsum
1292 3470 1716 3546 transierunt,
1748 3474 1819 3532 ut
1846 3472 2066 3532 notant
2088 3468 2319 3550 praedi-

780 3565 860 3627 cti
893 3566 1201 3627 doctoreS.
1235 3564 1353 3637 Qui
1382 3567 1595 3625 tamen
1639 3563 1874 3624 nullam
1916 3562 2191 3625 reddunt
2217 3580 2320 3624 ra-

781 3659 1015 3720 t10nem
1044 3657 1231 3737 hujus
1260 3656 1625 3719 differentiae
1655 3656 1819 3717 inter
1838 3655 2048 3717 debita
2065 3656 2314 3735 legalia,

783 3756 846 3814 et
872 3770 997 3813 non
1024 3751 1255 3831 legalia
1279 3798 1295 3828 ,
1349 3767 1466 3811 nec
1511 3749 1699 3810 credo
1750 3748 1928 3810 reddi
1976 3767 2160 3829 posse
2208 3767 2322 3811 cur

782 3846 984 3924 magis
1011 3848 1432 3925 praesumatur
1457 3845 1722 3904 testator
1747 3843 1813 3902 in
1845 3842 1963 3903 illis
1987 3889 2002 3919 ,
2037 3861 2228 3922 quam
2255 3843 2320 3902 in

784 3940 880 4000 his
909 3938 1132 4019 legatis
1181 3954 1590 4015 compensare
1617 3935 1889 3998 voluisse
1941 3953 2053 4015 pro
2083 3934 2316 4011 debito,

786 4051 980 4113 quare
1034 4031 1462 4093 reducendam
1518 4028 1707 4091 credo
1770 4032 1967 4090 totam
2012 4029 2324 4090 rationem

788 4126 870 4186 ad
896 4126 1102 4204 legem
1130 4124 1334 4204 ipsam
1363 4124 1449 4184 ita
1478 4123 1937 4203 disponentem.
1970 4124 2126 4183 Cum
2157 4122 2324 4183 enim

789 4219 923 4280 haec
953 4218 1166 4280 debita
1194 4236 1271 4279 ex
1296 4215 1430 4278 sola
1456 4216 1595 4295 lege
1620 4215 1990 4296 procedunt,
2009 4215 2207 4276 voluit
2222 4233 2328 4275 ea-

790 4312 935 4373 dem
970 4311 1069 4372 lex
1091 4356 1107 4387 ,
1142 4329 1221 4371 ne
1253 4310 1515 4371 nimium
1544 4312 1840 4389 gravaret
1866 4327 1980 4369 sua
2008 4307 2330 4387 obligatio-

793 4424 892 4483 ne,
921 4408 1215 4468 contenta
1232 4422 1366 4466 esse
1387 4401 1748 4482 hujusmodi
1768 4401 2099 4478 solutione,
2136 4418 2329 4481 quan-

791 4501 872 4561 do
928 4502 1192 4562 testator
1240 4496 1536 4559 creditori
1589 4495 1775 4576 legali
1830 4495 2088 4556 donavit
2140 4511 2331 4555 causa

791 4591 1031 4669 morti8‚
1064 4591 1163 4653 vel
1192 4589 1428 4671 legavit
1454 4588 1921 4669 aequivalenter,
1955 4587 2107 4650 etin
2139 4586 2329 4648 dubio

794 4703 920 4748 non
952 4685 1232 4765 obligare
1261 4683 1341 4744 ad
1385 4681 1573 4745 aliam
1616 4681 1989 4744 solutionem
2011 4727 2027 4757 ,
2075 4681 2207 4742 sive
2236 4684 2330 4741 te-

1907 302 2010 366 DE
2052 300 2408 364 JUSTITIA
2452 301 2552 362 ET
2594 300 2793 364 JURE

2386 483 2603 560 gatum
2632 483 2695 542 et
2740 479 3021 542 debitum
3067 484 3213 542 sunt
3253 480 3646 541 diversarum
3680 476 3950 558 specie—

2387 591 2550 649 rum,
2586 577 2653 634 ut
2679 574 2731 634 si
2759 573 3107 634 debebatur
3135 573 3364 634 fundus
3384 621 3400 648 ,
3448 578 3513 635 et
3537 574 3802 652 legatur
3831 588 3951 649 pe-

2389 666 2594 742 cunia,
2628 670 2698 727 ut
2726 666 3037 745 colligitur
3052 667 3188 728 exl.
3225 667 3336 731 ult.
3369 670 3435 727 C.
3471 666 3543 727 de
3568 672 3944 747 compensat.

2391 759 2496 820 ubi
2524 758 2730 839 glossa
2776 763 2838 821 et
2878 760 3167 821 doctores
3212 760 3633 822 communiter
3675 760 3750 820 id
3805 763 3948 818 tra-

2392 853 2568 915 dunt.
2591 852 2799 915 Tertio
2831 853 3157 934 excipitur,
3192 854 3243 914 si
3271 857 3532 916 testator
3559 853 3730 915 dicat
3780 873 3797 913 :
3840 851 3952 912 Le·

2390 965 2465 1027 90
2493 945 2562 1007 de
2589 946 2747 1007 bonis
2772 947 2933 1025 meis,
2967 952 3113 1009 tunc
3144 948 3310 1008 enim
3356 966 3480 1009 non
3525 946 3956 1027 praesumitur

2393 1041 2818 1120 compensatio
2853 1060 2866 1102 :
2901 1058 3048 1103 nam
3091 1041 3258 1102 bona
3307 1041 3622 1103 testatoris
3667 1045 3829 1102 sunt
3877 1057 3956 1099 ea

2396 1133 2598 1194 solum
2626 1151 2764 1213 quae
2793 1138 3122 1196 remanent
3149 1134 3417 1196 deducto
3449 1152 3575 1196 aere
3604 1134 3854 1208 aliene,
3892 1137 3958 1195 et

2397 1227 2613 1289 solutis
2642 1227 2869 1290 debitis
2890 1274 2904 1303 ,
2938 1228 3027 1291 ita
3054 1246 3200 1289 cum
3229 1228 3366 1289 aliis
3414 1228 3646 1290 Sanch.
3681 1247 3804 1288 nu.
3851 1230 3952 1288 15.

2398 1325 2629 1397 Quarto
2656 1320 3058 1400 excipiendus
3086 1321 3357 1398 videtur,
3390 1321 3496 1401 qui
3525 1320 3822 1401 legatum
3854 1338 3960 1379 re-

2397 1415 2580 1495 liquit
2608 1415 2920 1495 episcopo,
2962 1414 3126 1496 quod
3158 1416 3220 1476 in
3250 1415 3442 1477 dubio
3489 1434 3614 1476 non
3644 1419 3961 1476 censetur

2401 1508 2685 1570 relictum
2714 1509 2851 1571 loco
2880 1509 3182 1588 portionis
3207 1556 3222 1586 ,
3275 1527 3415 1589 quae
3447 1508 3526 1569 de
3577 1508 3718 1589 jure
3768 1525 3963 1569 com-

2400 1602 2573 1664 muni
2605 1602 2898 1683 episcopo
2928 1603 3193 1666 debetur
3238 1603 3315 1664 de
3344 1603 3578 1664 relictis
3626 1603 3956 1677 ecclesiae‚

2403 1700 2511 1759 aut
2537 1696 2675 1758 loco
2706 1696 3042 1776 sepulturae
3073 1716 3109 1756 a
3137 1699 3455 1774 testatore,
3488 1700 3560 1757 ut
3588 1699 3853 1758 constat
3883 1714 3962 1755 611

2403 1809 2541 1872 cap.
2586 1789 2792 1872 Officii
2827 1789 2896 1850 de
2940 1800 3165 1854 testam.
3216 1790 3362 1852 Haec
3411 1792 3626 1852 tamen
3674 1809 3809 1851 non
3864 1793 3966 1851 est

2403 1886 2653 1965 proprie
2685 1884 2996 1963 exceptio,
3033 1884 3181 1966 quia
3223 1887 3483 1947 testator
3511 1902 3638 1945 non
3671 1883 3966 1944 debebat

2405 1978 2695 2058 episcopo
2725 1978 2916 2039 talem
2945 1979 3297 2058 portionem
3317 2025 3333 2056 ,
3386 1978 3496 2039 sed
3545 1977 3827 2039 ecclesia
3860 1976 3962 2037 vel

2403 2071 2890 2149 monasterium,
2923 2071 3024 2132 cui
3051 2091 3163 2151 pro
3211 2072 3428 2134 funere
3475 2071 3576 2132 vel
3624 2072 3966 2152 sepultura

2405 2165 2795 2247 relinquitur,
2831 2165 3019 2227 debet
3043 2169 3282 2228 tantam
3311 2165 3663 2244 pertionem
3704 2165 3965 2246 episeo-

2406 2279 2485 2341 po
2514 2260 2665 2321 dare
2695 2278 2771 2319 ex
2814 2259 3019 2339 legato
3053 2278 3067 2320 :
3103 2277 3297 2339 quare
3346 2277 3470 2320 non
3514 2264 3818 2320 censetur
3869 2263 3966 2319 te·

2407 2357 2601 2415 stator
2629 2352 2868 2413 solvere
2898 2352 3066 2433 quod
3096 2371 3221 2414 non
3252 2351 3543 2414 debebat.
3569 2351 3753 2415 Unde
3779 2352 3962 2413 idem

2408 2446 2624 2508 dicunt
2649 2446 2827 2508 multi
2858 2446 2935 2506 de
2965 2449 3188 2526 quarta
3206 2445 3467 2506 funerali
3490 2445 3707 2507 debita
3734 2445 3965 2507 Eccle-

2409 2542 2515 2601 siae
2543 2539 2887 2620 parochiali
2917 2559 2990 2600 ex
3019 2538 3250 2601 relictis
3297 2539 3478 2601 alteri
3517 2538 3808 2601 ecclesias
3842 2556 3960 2618 pro

2406 2635 2864 2713 funerezquare
2898 2632 2948 2693 si
2968 2635 3229 2694 testator
3247 2632 3414 2712 leget
3447 2631 3732 2693 ecclesiae
3766 2649 3966 2710 paro·

2407 2728 3586 2805 chiali,noncenseturcompensarepro
3601 2725 3708 2785 illa
3721 2728 3965 2804 quarta

2410 2821 2643 2884 debita.
2678 2820 2798 2882 Alii
2828 2824 3070 2897 tamen,
3106 2837 3262 2899 quos
3289 2817 3572 2897 sequitur
3597 2816 3746 2878 Mol.
3802 2816 3962 2877 dict.

2411 2915 2570 2993 disp.
2605 2931 2696 2975 cc,
2735 2910 2883 2975 Cum
2913 2911 2981 2973 de
2999 2911 3238 2987 relictis,
3273 2911 3510 2987 dicunt,
3546 2914 3694 2972 tunc
3722 2928 3964 2989 proce·

2410 3009 2556 3068 dere
2587 3006 2872 3086 regulam
2916 3024 3107 3084 supra
3133 3005 3436 3084 positam,
3483 3007 3545 3065 et
3592 3001 3966 3082 computari

2411 3120 2523 3181 pro
2553 3100 2860 3162 solutione
2911 3100 3194 3179 quartae,
3248 3096 3398 3177 quia
3443 3096 3612 3157 illam
3660 3114 3791 3157 non
3831 3099 3964 3157 tam

2412 3196 2643 3257 debent
2697 3193 2974 3255 ecclesias
3018 3191 3189 3268 aliae,
3243 3210 3430 3271 quam
3485 3193 3616 3271 ipse
3662 3193 3964 3265 testator,

2412 3290 2654 3351 ratione
2698 3288 3235 3348 sacramentorum
3264 3288 3328 3347 et
3366 3284 3627 3346 subsidii
3653 3284 3970 3363 spiritua-

2412 3383 2508 3459 lis,
2543 3380 2711 3462 quod
2753 3400 2792 3441 a
2819 3379 3073 3459 propria
3119 3378 3419 3458 parochia
3469 3377 3736 3457 accepit.
3774 3380 3969 3440 Utra-

2415 3494 2537 3556 que
2568 3473 2822 3555 quidem
2868 3491 3013 3552 pars
3059 3491 3239 3533 suam
3285 3470 3801 3552 probabilitatem
3857 3470 3968 3530 ha·

2413 3570 2809 3723 ΒΘ1100011101·
2836 3645 3050 3726 quinto
3080 3646 3157 3707 de
3184 3646 3391 3727 legato
3421 3644 3513 3706 rei
3540 3642 3766 3705 alienae
3791 3689 3810 3720 ,
3853 3662 3959 3718 an,

2420 3748 2481 3806 et
2510 3741 2823 3823 quomodo
2853 3739 3131 3800 validum
3162 3740 3279 3817 sit,
3329 3739 3394 3800 in
3433 3758 3554 3819 quo
3583 3738 3780 3799 etiam
3813 3756 3966 3799 casu

2419 3835 2712 3900 standum
2741 3838 2834 3896 est
2862 3833 3189 3895 intentioni
3217 3833 3552 3908 testatori5‚
3586 3835 3647 3893 et
3677 3831 3746 3889 in
3769 3829 3968 3891 dubio

2420 3929 2724 3993 utendum
2755 3932 2847 3990 est
2887 3926 3261 4007 conjecturis
3285 3973 3301 4003 ,
3352 3931 3415 3988 et
3453 3923 3970 4006 praesumptioni-

2421 4026 2560 4101 buS,
2593 4024 2675 4085 ad
2705 4040 2860 4103 quas
2889 4022 3091 4083 solent
3118 4021 3342 4101 aliquae
3373 4018 3601 4099 regulae
3630 4018 3973 4097 generales

2425 4138 2462 4179 a
2489 4117 2850 4180 doctoribus
2898 4134 2972 4176 ex
3018 4115 3260 4194 legibus
3304 4113 3554 4193 colligi,
3603 4111 3679 4172 de
3730 4111 3971 4192 quibus

2423 4210 2656 4274 Molina
2685 4210 2844 4288 disp.
2880 4225 3082 4270 cxcv1.
3135 4211 3197 4269 et
3226 4223 3345 4268 001.
3394 4209 3456 4267 et
3482 4208 3774 4285 Vasquez
3827 4223 3968 4282 cap.

2425 4306 2584 4367 VIII.
2618 4305 2673 4383 ἓ.
2708 4320 2795 4365 1v.
2829 4303 2978 4364 dub.
3029 4305 3090 4364 2.
3139 4304 3199 4364 3.
3244 4305 3307 4363 6ι
3351 4303 3410 4362 9.
3464 4299 3568 4379 qui
3611 4298 3777 4358 bene
3829 4316 3974 4358 cum

2428 4401 2682 4460 Covarr.
2716 4396 3069 4472 advertunt,
3092 4413 3216 4456 non
3247 4412 3382 4455 esse
3411 4393 3524 4453 has
3551 4391 3719 4470 leges
3750 4391 3976 4452 civiles

2426 4494 2753 4553 revocatas
2795 4491 2894 4552 vel
2941 4488 3309 4567 reprobatas
3351 4490 3420 4547 ut
3462 4484 3718 4565 injustas
3756 4503 3797 4544 a
3832 4487 3976 4546 Gre-

2431 4585 2607 4666 gorio
2638 4584 2703 4644 in
2732 4602 2870 4664 cap.
2889 4582 3087 4643 Filius
3104 4589 3321 4659 noster,
3337 4578 3406 4640 de
3426 4577 3804 4653 testamentis,
3829 4575 3977 4659 quia

2432 4678 2516 4739 ibi
2547 4678 2626 4738 de
2648 4676 2765 4737 alio
2797 4695 2946 4737 casu
2975 4675 3222 4736 diverso
3253 4690 3457 4734 sermo
3503 4674 3674 4747 erat,
3723 4671 3840 4731 01ιί
3881 4670 3975 4730 hae

798 4785 997 4843 stator
1022 4778 1364 4854 habuisset,
1395 4777 1525 4838 sive
1556 4794 1682 4838 non
1711 4774 2033 4836 habuisset
2052 4774 2334 4835 animum
2431 4771 2604 4851 leges
2657 4771 2826 4832 nullo
2874 4768 3059 4831 modo
3121 4766 3639 4829 adversabantur.
3691 4764 3822 4826 Ubi
3869 4762 3980 4825 ad-

798 4872 1249 4953 compensandi
1277 4890 1389 4951 pro
1412 4869 1663 4944 debito;
1709 4869 1773 4930 in
1820 4868 1941 4930 hoc
1987 4869 2154 4929 enim
2203 4867 2336 4928 nul-
2437 4869 2608 4927 verte
2665 4882 2996 4944 perperam
3053 4861 3431 4922 decisionem
3487 4858 3656 4919 illam
3700 4875 3738 4917 a
3797 4855 3982 4918 Moli-

797 4970 924 5029 lam
962 4965 1259 5047 injuriam
1287 4964 1526 5045 irrogat
1553 4962 1869 5040 creditori,
1904 4980 2047 5023 cum
2077 4980 2202 5022 non
2234 4960 2340 5020 de·
2436 4977 2518 5021 na
2545 4958 2736 5020 tribui
2784 4957 3083 5035 Gregorio
3113 4972 3277 5017 nono
3301 5000 3317 5030 ,
3377 4971 3522 5014 cum
3567 4951 3645 5013 sit
3691 4946 3978 5028 Gregorii

798 5062 1024 5124 beatur
1050 5060 1167 5121 nisi
1198 5078 1274 5121 ex
1301 5059 1465 5139 lege,
1495 5061 1559 5120 et
1584 5057 1793 5119 ablata
1820 5055 1977 5135 legis
2007 5054 2337 5135 obligatio·
2437 5052 2650 5131 magni
2680 5051 2743 5112 in
2770 5049 2879 5111 lib.
2914 5051 3046 5112 VII.
3096 5048 3292 5128 Epist.
3340 5046 3554 5107 indict.
3590 5061 3634 5106 1.
3667 5043 3853 5122 epist.
3894 5059 3975 5105 lv.

804 5173 884 5215 ne
913 5154 1067 5215 nihil
1097 5153 1154 5215 ei
1181 5153 1469 5216 debetur.
2520 5145 2727 5207 Prima
2779 5162 2930 5223 ergo
2977 5142 3196 5223 regula
3249 5141 3348 5202 sit.
3408 5137 3669 5212 Quando
3714 5139 3985 5198 testator

545 5263 660 5323 265
887 5247 1208 5327 Excipitur
1250 5246 1329 5309 ab
1387 5246 1505 5307 hac
1533 5243 1808 5307 secunda
1849 5242 2067 5322 regula
2111 5241 2337 5322 primo,
2443 5239 2700 5316 sciebat,
2734 5256 2868 5298 rem
2899 5255 3032 5297 esse
3061 5235 3333 5297 alienam
3356 5280 3371 5311 ,
3424 5250 3614 5314 quam
3652 5229 3982 5292 scientiam

462 5389 761 5487 sermm„
809 5341 1062 5496 qual-‘¹⁰
1106 5344 1368 5449 “imm
1395 5339 1699 5421 ⁶³¹¹'¹“³³⁸“
1724 5337 1932 5496 {ssiam
1970 5335 2346 5492 ῗέἒιῗὲωηέῖ
2441 5327 3301 5489 ξὲἲὲῗὲἓὶἒῖἒὲῗζίᾔῗῗ
3321 5326 3666 5482 ’νὲῗὲἒῖῗ
3694 5323 3983 5496 ζὲῗξὲῗ

617 5456 718 5499 ‘⁰3¹¹
808 5450 2235 5612 Ξὲιῖιέ6ἰιὲιῗι1ῗ11ἰιέῃέωξὲῗέιὲᾘίζξιιιζῗ(111611ᾶο
2263 5521 2349 5583 le·
2447 5524 2569 5585 test
2594 5470 3254 5582 aestimationemuare
3281 5469 3581 5594 legatario
3602 5557 3618 5589 ‚
3649 5530 3724 5571 ex
3751 5509 3797 5571 l.
3839 5508 3980 5572 Cum
