4263 6376
517 1680 594 1737 22

467 1804 529 1846 Ex
548 1817 594 1846 se
612 1809 675 1847 est

448 1858 696 1901 indifferens.

758 297 874 354 268

758 470 953 531 relato
994 471 1056 529 in
1100 489 1238 549 cap.
1295 471 1577 551 Ejiciens‚
1612 473 1991 533 LXXXVIII.
2041 473 2185 533 dist.
2222 489 2288 532 ιι.

762 567 877 638 est,
912 580 1036 641 qua
1063 582 1162 623 res
1191 563 1396 642 aliqua
1429 564 1656 624 emitur
1705 582 1777 623 eo
1810 564 2016 624 animo
2047 570 2116 625 ut
2146 565 2295 625 inte·

762 674 875 733 gra
923 660 984 716 et
1029 674 1152 716 non
1195 661 1436 715 mutata
1476 674 1619 716 cum
1664 657 1837 717 lucro
1871 658 2201 733 vendatur,
2237 660 2299 717 et

762 747 898 807 haec
927 752 1021 808 est
1073 747 1326 826 propria
1383 748 1742 826 negotiatio,
1803 753 1873 810 ιιι
1925 755 2169 810 constat
2222 768 2297 809 ex

762 839 1188 917 Chrysostom.
1236 840 1492 900 ibidem.
1527 842 1595 901 In
1626 860 1748 920 qua
1778 842 2139 903 definitione
2160 862 2297 902 ver-

758 932 934 1007 bum,
966 931 1207 1007 emendi,
1227 942 1282 993 et
1309 932 1606 1010 vendendi,
1629 934 1929 1012 accipitur
1945 935 2090 1011 late,
2112 938 2299 1013 prout

761 1024 1240 1102 comprehendit
1312 1025 1503 1086 etiam
1589 1028 2144 1104 permutationem,
2231 1032 2300 1088 ut

763 1117 1002 1178 notavit
1054 1117 1300 1178 Lessius
1329 1119 1516 1197 capit.
1557 1120 1714 1180 XXI.
1754 1119 1902 1179 dub.
1939 1138 1982 1181 1.
2026 1139 2199 1181 num.
2231 1123 2290 1180 4.

762 1210 909 1288 quia
936 1214 1079 1271 ante
1108 1228 1292 1269 usum
1334 1210 1614 1288 pecuniae
1661 1212 1865 1272 adhuc
1887 1216 2135 1291 poterat
2162 1230 2297 1272 esse

758 1302 1122 1381 negotiatio,
1156 1309 1343 1380 prout
1370 1302 1447 1363 de
1476 1306 1639 1365 facto
1667 1303 1941 1380 barbari,
1977 1306 2082 1384 qui
2113 1320 2304 1383 pecu··

761 1394 862 1455 nia
907 1397 1143 1470 carent,
1192 1396 1612 1473 negotiantur,
1647 1400 1708 1457 et
1753 1415 2111 1475 campsores
2159 1415 2297 1475 pro-

760 1486 1069 1566 priissime
1133 1488 1549 1564 negotiantur,
1601 1506 1723 1549 non
1776 1489 2127 1565 vendendo,
2187 1488 2297 1550 sed

762 1578 1180 1659 permutando
1210 1580 1538 1657 pecuniam
1567 1600 1680 1660 pro
1710 1582 1994 1659 pecunia.

850 1673 1100 1733 Certum
1122 1672 1429 1751 imprimis
1445 1678 1557 1750 est,
1585 1674 2073 1752 negotiationem
2092 1675 2156 1734 in
2180 1674 2299 1736 hoc

772 1781 959 1823 sensu
982 1810 998 1838 ,
1032 1768 1095 1824 et
1123 1765 1372 1844 proprie
1402 1771 1726 1844 acceptam
1757 1784 1882 1826 non
1912 1785 2046 1827 esse
2077 1767 2300 1828 intrin-

769 1875 911 1917 sece
940 1856 1194 1933 malam,
1228 1857 1339 1918 sed
1368 1858 1827 1919 indifferentem
1848 1906 1863 1935 ,
1915 1864 1984 1920 ut
2011 1859 2172 1919 bene
2200 1859 2299 1919 vel

767 1949 931 2009 male
963 1955 1331 2011 exerceatur
1352 1997 1368 2026 ,
1416 1951 1563 2013 licet
1608 1952 1987 2013 contrarium
2019 1952 2298 2013 indicare

767 2041 1056 2103 videatur
1076 2043 1398 2121 Chrysost.
1429 2044 1492 2104 in
1522 2044 1625 2104 illo
1647 2046 1783 2125 cap.
1814 2044 2066 2125 ejiciens.
2102 2045 2301 2105 Debet

767 2138 980 2196 tamen
1008 2136 1272 2215 intelligi
1313 2137 1390 2197 de
1420 2138 1841 2215 negotiatione
1884 2156 2026 2198 cum
2068 2137 2300 2199 fraudi·

769 2228 909 2295 bus,
946 2231 1055 2288 aut
1083 2232 1358 2307 peccatis
1386 2231 1573 2307 tacta,
1607 2235 1795 2310 prout
1820 2230 2239 2292 communiter
2263 2248 2299 2289 a

769 2321 981 2382 multis
1010 2320 1346 2401 fit;·quare
1374 2323 1523 2384 licet
1562 2323 1640 2383 de
1683 2342 1749 2383 se
1788 2324 1869 2384 sit
1909 2322 2295 2398 indifferenS,

771 2417 866 2475 est
894 2419 1104 2476 tamen
1137 2415 1320 2475 nimis
1348 2416 1695 2494 periculosa
1715 2461 1731 2491 ,
1765 2421 1828 2477 et
1855 2434 1999 2476 raro
2027 2415 2301 2494 peccatis

770 2494 965 2581 caret,
1000 2507 1167 2567 unde
1186 2507 1506 2585 Chrysost.
1532 2527 1674 2568 cum
1696 2508 2126 2570 moderatione
2149 2508 2304 2568 dixit

770 2597 907 2673 vix,
940 2607 1043 2658 aut
1069 2619 1382 2681 numquam
1403 2647 1417 2676 ,
1467 2601 1923 2678 negotiatorem
1956 2619 2140 2680 posse
2171 2603 2300 2661 Deo

770 2690 1040 2769 placere.
1084 2694 1294 2770 Adde,
1330 2693 1555 2754 librum
1586 2693 1759 2753 illum
1788 2711 1911 2753 non
1943 2712 2077 2753 esse
2106 2693 2306 2771 Chry-

771 2784 1058 2861 sostomi,
1092 2785 1202 2845 sed
1233 2786 1507 2860 alterius,
1541 2786 1686 2847 licet
1711 2786 1875 2846 inter
1893 2804 2085 2865 opera
2105 2785 2302 2863 Chry-

771 2878 1030 2939 sostomi
1071 2883 1379 2956 ponatur,
1430 2883 1500 2939 ut
1538 2878 1703 2939 docti
1745 2896 1965 2939 omnes
2002 2878 2297 2940 fatentur.

772 2969 1096 3048 Colligitur
1124 2971 1312 3032 etiam
1342 2991 1418 3031 ex
1444 2971 1548 3031 illo
1579 2971 1979 3033 ecclesiastici
2014 2975 2297 3047 xxv1,28.

773 3060 925 3121 Duae
947 3062 1160 3141 speeies
1187 3062 1483 3143 difficiles,
1516 3073 1570 3123 et
1575 3063 1923 3145 periculosa»
1949 3064 2097 3124 mihi
2118 3084 2307 3145 appa-

773 3164 1053 3215 ruerunt·
1081 3155 1327 3237 difficile
1354 3156 1592 3217 eoeuitur
1615 3156 1915 3238 neqotians
1943 3178 1978 3217 a
2005 3156 2300 3238 neqliyen·

776 3248 861 3307 tia
904 3249 1151 3329 (nempe
1199 3250 1365 3310 circa
1404 3251 1727 3329 propriam
1765 3250 2056 3329 salutem)
2099 3260 2156 3311 et
2191 3270 2306 3310 non

771 3339 1194 3420 justificabitur
1236 3361 1420 3423 caupo
1465 3362 1502 3402 a
1538 3342 1813 3423 peccatis.
1867 3343 2046 3403 Ratio
2095 3348 2306 3403 autem

775 3433 985 3495 reddit
1011 3435 1346 3513 Apostolus
1385 3453 1427 3496 1.
1461 3435 1541 3495 ad
1570 3436 1818 3497 Timoth.
1843 3442 2003 3512 V1‚9.
2034 3435 2191 3497 Nam
2207 3435 2313 3516 qui

775 3525 979 3588 volunt
1006 3526 1210 3588 divites
1232 3527 1402 3608 fieri,
1438 3528 1698 3589 incidunt
1728 3529 1788 3588 in
1818 3528 2220 3604 tentationem,
2254 3537 2308 3588 et

777 3620 836 3680 in
866 3620 1133 3701 laqueum
1161 3619 1418 3698 Diaboli,
1447 3630 1501 3681 et
1528 3620 1811 3681 desideria
1836 3619 2020 3680 multa
2048 3619 2303 3697 inutilia,

775 3723 832 3775 et
858 3713 1063 3775 noez'va
1081 3760 1097 3789 ,
1132 3731 1263 3794 quoe
1288 3723 1557 3793 merqunt
1584 3713 1836 3774 homines
1878 3714 1938 3773 in
1984 3714 2304 3790 interitum,

776 3816 832 3868 et
846 3807 1256 3888 perditionem.
1302 3806 1505 3868 Badiz-
1545 3807 1696 3867 enim
1735 3807 1988 3867 omnium
2021 3807 2309 3868 malorum

775 3909 859 3961 est
885 3900 1193 3982 cupiditas,
1230 3900 1440 3961 Oritur
1464 3904 1677 3960 autem
1708 3899 1828 3960 hoc
1857 3900 2203 3977 periculum
2234 3920 2311 3960 ex

778 3994 1087 4073 perjuriis,
1118 3993 1463 4053 mendaciis
1486 4039 1501 4067 ‚
1543 3992 1903 4068 fraudibuS,
1959 4011 2216 4053 excessu
2243 3994 2308 4052 in

776 4087 998 4166 pretio,
1033 4092 1096 4147 et
1120 4087 1258 4147 aliis
1287 4086 1592 4146 similibus
1622 4104 1760 4166 quae
1781 4091 1991 4147 tamen
2015 4104 2139 4146 non
2166 4088 2312 4147 sunt

778 4178 929 4239 vitia
958 4178 1428 4257 negotiationiS,
1479 4178 1586 4239 sed
1620 4178 2029 4257 negotiantiS,
2077 4184 2144 4239 ut
2173 4197 2311 4256 pro-

778 4271 886 4332 bat
913 4270 1299 4349 Augustinus
1327 4270 1559 4331 relatus
1589 4270 1652 4330 in
1680 4290 1819 4349 cap.
1854 4270 2195 4347 Fornieari,
2249 4275 2311 4332 et

779 4364 838 4423 in
872 4382 1009 4441 cap.
1047 4362 1351 4437 Quoniam,
1385 4379 1680 4423 Lxxxvm.
1716 4363 1858 4423 dist.
1892 4367 1954 4423 et
1982 4364 2045 4423 S.
2078 4363 2302 4423 Thom.

781 4455 841 4514 in
875 4456 1164 4535 praesenti
1213 4459 1432 4534 quaest.
1462 4472 1687 4518 Lxxvn.
1723 4460 1839 4516 art.
1865 4459 1923 4517 4.
1958 4456 2308 4534 Negotiatio

779 4549 946 4609 enim
977 4548 1053 4608 de
1083 4567 1147 4607 se
1179 4566 1302 4608 non
1332 4548 1535 4607 solum
1569 4548 1735 4608 licita
1765 4552 1877 4623 est,
1911 4548 2021 4608 sed
2051 4548 2219 4609 utilis
2250 4554 2312 4608 et

780 4642 1130 4702 necessaria
1160 4642 1521 4721 reipublicae
1557 4645 1795 4720 :potest
1840 4641 2006 4701 enim
2049 4641 2309 4703 honesto

778 4737 900 4796 tine
930 4735 1207 4796 exerceri
1237 4735 1318 4795 ad
1349 4734 1766 4795 necessariam
1789 4734 2040 4795 familiae
2071 4740 2311 4795 susten·

780 4830 1100 4904 tationem,
1133 4827 1233 4887 vel
1263 4827 1338 4886 ad
1369 4826 1868 4886 subveniendum
1897 4827 2305 4906 pauperibus

777 4925 1048 4984 Lucrum
1078 4925 1290 4981 autem
1318 4919 1470 4979 illud
1500 4919 1736 4980 licitum
1765 4926 1881 4996 est,
1915 4920 2194 4980 debitum
2230 4920 2311 4980 ob

777 5015 1172 5091 industriam,
1207 5014 1287 5074 ob
1317 5012 1620 5072 mercium
1649 5012 2177 5091 asportationem,
2230 5013 2309 5072 ob

777 5110 1147 5170 varietatem
1189 5107 1474 5168 locorum
1503 5105 1603 5165 vel
1631 5109 1988 5184 temporum
2012 5151 2026 5180 ,
2078 5105 2141 5164 in
2175 5106 2313 5184 qui-

778 5202 894 5262 bus
923 5201 1195 5279 pretium
1223 5200 1505 5261 variatur
1526 5245 1541 5274 ,
1593 5198 1694 5258 vel
1724 5199 1872 5277 quia
1904 5198 2066 5259 intra
2097 5197 2312 5258 termi-

780 5313 895 5353 nos
945 5295 1127 5371 pretii
1174 5293 1324 5372 justi
1382 5297 1590 5371 potest
1644 5291 1783 5370 quis
1835 5291 2051 5352 infimo
2108 5291 2311 5370 pretio

783 5404 1012 5459 emere,
1037 5391 1100 5447 et
1118 5405 1362 5447 summo
1386 5386 1682 5445 vendere.
1709 5384 2143 5444 Necessarium
2165 5384 2313 5444 item

783 5480 1145 5559 reipublicae
1175 5487 1296 5553 est;
1332 5479 1501 5559 quod
1530 5479 1654 5539 sint
1680 5477 1869 5557 aliqui
1921 5477 2026 5556 qui
2071 5496 2142 5536 ex
2177 5477 2313 5537 aliis

1913 296 2013 355 DE
2053 297 2404 358 JUSTITIA
2454 297 2553 356 ΕΤ
2597 297 2797 356 JURE

2393 471 2546 532 locis
2575 489 2817 531 merces
2858 471 2920 531 in
2952 489 3182 548 magna
3212 470 3391 547 copia
3434 471 3743 541 afferant,
3794 463 3938 543 qui·

2392 563 2507 623 bus
2530 564 2664 624 haec
2685 563 3010 642 provincia
3028 562 3326 640 indigeat,
3363 580 3518 641 quas
3540 558 3778 638 singuli
3812 575 3939 616 non

2393 659 2648 734 possent
2692 656 2809 716 sibi
2848 658 3071 716 afferre
3107 675 3119 715 :
3182 660 3244 716 et
3290 655 3394 734 qui
3442 649 3942 713 advenientibus

2394 750 2644 825 exteriS,
2680 749 2786 828 qui
2817 767 2921 809 eas
2940 750 3226 822 afferant,
3262 752 3473 807 emant
3502 746 3657 819 inas,
3695 750 3774 805 ut
3795 761 3942 821 pos-

2393 847 2527 903 stea
2557 842 2849 920 singulis,
2898 841 3150 919 quando
3182 841 3270 900 eis
3299 840 3614 918 indigent,
3646 836 3941 897 vendere

2395 934 2666 1012 possint;
2701 940 2763 995 et
2792 935 3063 1013 denique
3093 933 3195 1012 qui
3220 938 3501 1011 tempore
3522 927 3943 992 abundantiae

2393 1028 2631 1088 fructus
2660 1031 3027 1106 comparent
3056 1032 3118 1087 et
3146 1030 3546 1093 conservent,
3600 1030 3663 1083 ut
3710 1028 3941 1102 postea

2394 1123 2676 1197 tempore
2703 1120 2984 1199 pecuniae
3012 1119 3387 1198 provideant
3415 1118 3548 1177 aliis
3579 1135 3728 1176 cum
3758 1116 3941 1175 lucro

2395 1230 2523 1272 suae
2561 1212 2883 1273 industriae
2932 1230 3005 1271 ac
3047 1211 3386 1289 diligentiae
3431 1208 3643 1269 debito
3691 1228 3706 1268 :
3778 1225 3943 1286 quas

2396 1304 2671 1365 rationes
2717 1304 2951 1383 optime
2998 1303 3397 1382 prosequitur
3442 1302 3672 1363 Molina
3704 1300 3935 1378 dispu-

2395 1400 2506 1457 tat.
2542 1399 2681 1458 339.

2477 1492 2607 1550 Hoc
2636 1507 2784 1568 ergo
2814 1490 3134 1567 supposito
3155 1535 3170 1564 ,
3220 1486 3544 1549 fatendum
3588 1486 3786 1548 etiam
3818 1492 3936 1560 est,

2397 1582 2708 1660 aliquibus
2738 1582 3017 1659 personis
3059 1581 3120 1640 in
3151 1579 3515 1661 particulari
3544 1579 3755 1639 minus
3787 1598 3943 1638 con-

2395 1692 2621 1753 gruere
2653 1674 3092 1752 negotiationis
3123 1673 3486 1734 exercitium
3508 1718 3523 1747 ,
3571 1672 3798 1750 quales
3828 1691 3943 1751 po-

2395 1767 2704 1829 tissimum
2732 1772 2878 1828 sunt
2905 1766 3111 1827 clerici
3143 1773 3205 1828 et
3222 1764 3519 1844 religiosi,
3553 1765 3781 1825 etideo
3807 1783 3943 1823 me-

2394 1859 2514 1920 rito
2545 1859 3034 1939 negotiationem
3062 1860 3274 1920 stricte
3302 1862 3620 1935 sumptam
3649 1857 3776 1917 illis
3797 1876 3941 1936 pro-

2396 1951 2661 2013 hibitam
2693 1971 2827 2012 esse
2852 1998 2868 2028 ‚
2912 1957 2980 2013 ut
3007 1955 3251 2012 constat
3278 1969 3354 2011 ex
3389 1968 3530 2028 cap.
3568 1948 3945 2031 Consequens

2396 2061 2692 2105 Lxxxv111.
2741 2045 2883 2105 dist.
2926 2062 3064 2123 cap.
3105 2037 3283 2104 'finali
3321 2042 3393 2104 de
3432 2043 3584 2118 vita,
3624 2051 3678 2102 et
3704 2042 3935 2103 honest.

2396 2137 2759 2213 clericorum,
2794 2142 2856 2198 et
2883 2154 3023 2214 cap.
3072 2135 3433 2211 Secundum,-
3466 2154 3540 2195 ne
3567 2135 3803 2209 elerici,
3850 2135 3946 2195 vel

2395 2230 2681 2307 monachi,
2704 2231 2809 2292 ubi
2825 2231 3109 2292 Pontifex
3138 2231 3256 2291 ait:
3285 2252 3313 2285 «
3330 2230 3940 2291 Etinterminatione

2399 2323 2815 2385 anathematis
2860 2322 3307 2402 prohibemus,
3369 2341 3448 2381 ne
3494 2322 3793 2383 monachi
3838 2322 3940 2381 vel

2399 2416 2605 2478 clerici
2635 2416 2996 2477 causalucri
3017 2416 3437 2494 negotientur.
3463 2438 3492 2471 n
3532 2415 3704 2477 Idem
3736 2415 3937 2475 habe-

2400 2512 2504 2569 tur
2532 2527 2607 2568 ex
2635 2526 2774 2587 cap.
2810 2507 2934 2569 Sed
2947 2527 3148 2588 neque,
3176 2523 3475 2568 Lxxxvm.
3500 2507 3782 2568 distinct.
3807 2508 3941 2568 Cle-

2401 2601 2682 2661 mentina
2708 2616 2751 2661 1.
2785 2599 2855 2660 de
2881 2600 3022 2676 vita,
3055 2609 3111 2660 et
3137 2600 3356 2662 honest.
3389 2599 3759 2673 elericorum,
3792 2619 3934 2678 cap.

2398 2692 2665 2769 Placuit,
2692 2694 2853 2753 XXI.
2888 2697 3108 2772 quaest.
3143 2704 3247 2753 111.
3281 2711 3420 2771 cap.
3449 2691 3778 2767 Canonum,
3806 2708 3935 2753 xm.

2403 2804 2464 2865 q.
2495 2790 2554 2845 4.
2593 2788 2798 2846 Poenae
2848 2789 3058 2846 autem
3102 2786 3513 2864 imponuntur
3554 2786 3937 2864 negotianti-

2399 2879 2541 2954 buS,
2575 2878 3162 2956 excommunicatio,
3196 2879 3522 2957 suspensio
3546 2925 3563 2954 ,
3596 2879 3933 2958 depositio,

2405 2989 2545 3052 quae
2575 2975 2787 3032 tamen
2835 2989 2956 3032 non
3005 2976 3153 3032 sunt
3199 2972 3345 3032 latae
3393 2971 3720 3032 sententiae
3751 3019 3767 3047 ,
3828 2972 3937 3032 sed

2404 3064 2678 3124 ferendae
2698 3109 2714 3139 ,
2764 3068 2831 3125 ut
2859 3063 3085 3142 probat
3112 3065 3343 3125 Molina
3373 3065 3534 3143 disp.
3567 3066 3703 3124 342.
3749 3065 3939 3143 paulo

2403 3161 2545 3239 post
2572 3156 2947 3236 principium
2974 3176 2988 3217 :
3024 3176 3202 3236 quaS‚
3237 3163 3300 3219 et
3327 3158 3482 3218 alias
3511 3175 3732 3237 poenas
3763 3158 3939 3217 inno·

2405 3254 2512 3311 vat
2537 3249 2971 3310 Tridentinum
3023 3269 3174 3311 sess
3209 3252 3397 3311 XXII.
3441 3269 3580 3329 cap.
3616 3268 3682 3311 11.
3734 3252 3940 3330 impo-

2404 3344 2574 3404 nitur
2600 3343 2789 3403 etiam
2820 3343 2878 3401 in
2911 3361 3048 3421 cap.
3083 3343 3192 3403 ult.
3235 3343 3305 3403 de
3340 3344 3461 3404 vita
3488 3353 3543 3404 et
3569 3343 3790 3404 honest.
3823 3343 3935 3403 cle·

2404 3436 2584 3497 m'eor.
2619 3440 2688 3497 ut
2713 3440 3190 3514 perseverantes
3219 3441 3361 3513 post
3386 3438 3614 3497 trinam
3645 3437 3941 3497 monitio-

2406 3547 2547 3589 nem
2579 3529 2871 3589 amittant
2898 3527 3184 3589 clericale
3215 3528 3610 3607 privilegium
3641 3529 3939 3589 immuni-

2404 3622 2549 3683 tatis
2586 3640 2624 3681 a
2660 3619 2909 3681 tributis
2955 3620 3160 3700 quoad
3202 3619 3323 3681 alia
3366 3622 3574 3681 omnia
3603 3622 3771 3682 bona
3798 3642 3931 3697 sua,

2409 3713 2486 3774 de
2517 3731 2640 3793 quo
2683 3717 2745 3774 et
2786 3713 2863 3773 de
2906 3713 3287 3791 obligatione
3330 3714 3609 3774 solvendi
3655 3716 3936 3793 gabellas

2409 3807 2595 3867 etiam
2626 3811 2771 3867 ante
2784 3805 3193 3867 monitionem
3210 3806 3373 3866 exiis
3391 3826 3532 3886 quae
3546 3807 3624 3867 ad
3659 3809 3938 3886 negotia·

2407 3899 2640 3960 tionem
2662 3903 2878 3959 emunt
2905 3903 3013 3959 aut
3033 3898 3332 3974 vendunt,
3369 3900 3647 3960 dicemus
3667 3919 3781 3961 suo
3799 3901 3934 3961 loco

2408 4011 2483 4053 ex
2528 3994 2808 4072 professo
2864 3990 3121 4051 inferius
3162 3991 3410 4069 agendo
3461 3994 3539 4052 de
3585 3993 3833 4054 tributis
3874 4001 3931 4053 et

2406 4086 2691 4164 gabelliS.

2487 4178 2664 4241 Circa
2693 4179 2811 4239 hoc
2840 4180 3049 4258 plures
3080 4182 3419 4240 occurrunt
3448 4179 3865 4241 difficultates,

2486 4273 2693 4333 PrIma
2725 4276 2855 4335 est.
2916 4292 2991 4332 an
3039 4273 3380 4351 negotiatio
3429 4272 3490 4331 in
3531 4273 3628 4332 his
3656 4275 3930 4352 personis
4024 4329 4033 4356 ¹

2407 4365 2486 4424 sit
2514 4367 2840 4441 peccatum
2867 4365 3166 4440 mortale,
3213 4366 3456 4424 etiamsi
3499 4366 3695 4424 semel
3736 4366 3926 4425 solum

2407 4554 2577 4629 gent,
2612 4550 3094 4628 negotiationem
3118 4568 3252 4610 esse
3283 4550 3342 4609 in
3367 4551 3593 4612 clerico
3617 4557 3926 4629 peccatum

2409 4642 2670 4702 mortale
2712 4645 2854 4702 ante
2883 4642 3290 4703 monitionem
3317 4690 3332 4719 ,
3384 4648 3447 4705 et
3473 4645 3718 4705 secluso
3762 4662 3911 4705 scau·

2410 4734 2599 4795 dalo?
2628 4736 2719 4795 lta
2749 4734 3026 4812 Cajetan.
3062 4755 3121 4793 m
3152 4736 3398 4796 Summa
3419 4783 3433 4802 .
3468 4737 3643 4798 verb.
3679 4737 3925 4806 eleum.

2408 4827 2672 4889 Michael
2702 4827 2781 4887 de
2816 4827 3001 4888 Palao
3032 4826 3103 4888 de
3129 4838 3413 4889 eontract.
3446 4829 3557 4890 lib.
3593 4832 3669 4891 II.
3704 4849 3834 4910 cap.
3864 4845 3923 4888 x.

2408 4925 2469 4981 et
2521 4919 2770 4980 videtur
2821 4922 3175 4981 consentire
3196 4922 3550 5000 Rodriguez
3584 4921 3642 4980 in
3673 4923 3924 4986 Summa.

2408 5018 2562 5075 tom.
2597 5015 2669 5073 11.
2704 5031 2841 5092 cap.
2864 5029 2908 5073 1.
2944 5032 3115 5074 num.
3141 5017 3198 5073 2.
3233 5013 3577 5074 dummodo
3602 5014 3928 5093 negotiatio

2411 5125 2535 5167 non
2565 5105 2644 5166 sit
2671 5106 2890 5185 turpis.
2926 5105 3042 5166 Alii
3075 5125 3107 5165 c
3138 5109 3358 5167 contra
3385 5106 3650 5178 docent,
3697 5125 3929 5183 semper

2411 5217 2546 5260 esse
2572 5199 2857 5274 mortale,
2895 5198 3137 5259 etiamsi
3170 5200 3361 5259 semel
3401 5200 3530 5260 fiat.
3579 5202 3674 5260 lta
3712 5199 3923 5259 indicat

2414 5294 2598 5352 Azor.
2665 5306 2732 5350 11.
2789 5295 2958 5351 tomo
3006 5291 3164 5350 libro
3205 5293 3362 5351 vul.
3442 5311 3580 5371 cap.
3626 5309 3695 5353 11.
3747 5309 3929 5371 quaes-

2414 5384 2582 5445 tione
2610 5388 2670 5445 5.
2711 5384 2819 5444 ubi
2863 5386 3043 5444 affert
3072 5384 3440 5444 Redoanum
3481 5386 3819 5464 quaestione
3857 5399 3921 5443 11.

2414 5476 2483 5537 de
2508 5476 2710 5558 spoliis
2738 5475 3077 5537 elericorum
3108 5495 3276 5538 num.
3310 5480 3411 5539 65.
3455 5478 3536 5539 ad
3578 5479 3784 5538 finem.
3814 5474 3923 5537 Alii

3988 1616 4114 1774 {it
4068 1491 4114 1548 ψ.

4060 4198 4113 4254 2⁴

4028 4321 4113 4372 hd,

4000 4377 4111 4434 ἀἱ

2406 4458 2505 4518 vel
2531 4457 2756 4517 iterum
2780 4458 3208 4530 negotientur.
3254 4459 3387 4517 Non
3428 4458 3658 4518 desunt
3696 4459 3798 4537 qui
3827 4478 3931 4517 ne-
3992 4435 4113 4524 ,ἐξ
