4263 6376
582 5027 658 5085 35

496 5151 768 5247 “maiia-3¹²²

484 5257 778 5313 negotiationis

536 5311 731 5366 speeiem.

842 290 958 350 272

846 464 1129 543 exemplo
1175 471 1385 543 posset
1431 463 1704 524 dubitari
1740 484 1753 523 :
1789 482 1934 523 nam
1975 462 2238 523 clericus
2267 481 2381 541 po-

850 562 970 618 test
996 577 1070 617 ex
1098 558 1224 617 suis
1251 558 1387 617 uvis
1414 576 1528 635 per
1554 556 1872 635 operarios
1919 556 2261 616 conductos
2293 556 2380 614 vi-

851 668 1001 711 num
1030 651 1356 725 conficere,
1392 655 1461 711 ut
1487 649 1739 723 vendat,
1774 649 1834 708 in
1866 667 1989 727 quo
2021 667 2145 708 non
2175 648 2378 708 solum

847 742 1061 803 vendit
1087 760 1240 801 uvas
1270 760 1435 816 suas,
1469 741 1580 801 sed
1608 742 1794 801 etiam
1826 759 2046 819 operas
2070 741 2381 801 ministro-

847 853 986 895 rum
1016 853 1172 914 quas
1200 839 1458 894 emerat.
1492 836 1646 895 ltem
1687 839 1891 913 potest
1918 834 2042 895 mel
2072 852 2281 893 emere
2309 837 2381 894 ut

847 946 987 987 cum
1043 945 1153 986 suo
1195 927 1340 987 vino
1396 926 1669 986 mulsum
1722 926 1912 987 faciat
1949 926 2371 1001 vendendum,

845 1038 968 1099 quo
997 1038 1147 1080 casu
1176 1039 1299 1081 non
1330 1020 1530 1079 solum
1559 1018 1776 1080 vendit
1801 1019 2016 1078 vinum
2038 1037 2242 1093 suum,
2263 1018 2374 1079 sed

845 1113 1028 1173 etiam
1059 1113 1183 1172 mel
1212 1111 1378 1190 quod
1410 1111 1582 1189 prius
1612 1115 1869 1170 emerat.
1914 1113 2037 1171 Cur
2073 1129 2223 1189 ergo
2252 1129 2374 1171 non

842 1206 1069 1284 poterit
1095 1205 1365 1264 vendere
1394 1222 1672 1282 pannum
1696 1251 1712 1278 ,
1764 1204 1824 1263 in
1859 1222 1980 1282 quo
2025 1204 2258 1265 vendat
2292 1204 2375 1264 si-

844 1297 971 1356 mul
1001 1302 1063 1357 et
1089 1297 1298 1356 lanam
1329 1314 1536 1370 suam,
1593 1302 1654 1356 et
1685 1314 1905 1373 operas
1947 1296 2374 1356 ministrorum

842 1395 904 1450 et
932 1391 1242 1450 artificum
1273 1408 1426 1469 quas
1455 1390 1740 1448 emerat?
1767 1390 1834 1447 ln
1854 1388 1949 1447 his
1968 1395 2201 1463 tamen,
2227 1388 2375 1466 quia

844 1483 1105 1543 moralia
1131 1489 1313 1557 sunt,
1347 1482 1610 1542 multum
1660 1482 1808 1541 facit
1840 1482 2191 1542 communis
2236 1497 2374 1541 sen·

842 1595 967 1652 suS‚
1002 1581 1065 1636 et
1092 1575 1462 1635 existimatio
1496 1594 1511 1634 τ
1546 1581 1608 1635 et
1636 1574 1852 1651 negari
1883 1593 2004 1635 non
2037 1578 2263 1653 potest,
2286 1574 2374 1634 di-

842 1686 1020 1730 verso
1050 1668 1237 1728 modo
1267 1667 1511 1745 concipi
1560 1685 1702 1726 eum
1732 1666 1836 1745 qui
1866 1666 2080 1725 vinum
2113 1685 2189 1726 ex
2234 1685 2372 1745 pro·

841 1762 991 1840 priis
1020 1761 1156 1821 uvis
1184 1759 1452 1834 conficit,
1485 1760 1565 1819 ab
1596 1777 1668 1819 eo
1700 1759 1804 1838 qui
1836 1760 1953 1819 arti
1983 1759 2247 1819 diversae
2278 1764 2372 1819 at-

839 1854 1040 1916 tendit
1079 1852 1329 1913 texendi
1373 1870 1647 1929 pannOS,
1706 1870 1845 1929 quae
1901 1869 2022 1910 non
2081 1855 2372 1911 censetur

843 1947 1072 2008 habere
1128 1945 1579 2006 connexionem
1635 1963 1778 2004 cum
1841 1944 2200 2004 venditione
2240 1944 2370 2004 fru-

841 2045 1054 2100 ctuum
1083 2043 1144 2098 et
1177 2039 1370 2112 lanae,
1420 2037 1531 2096 sed
1577 2055 1712 2097 esse
1756 2036 2119 2096 exercitium
2168 2036 2369 2095 diver-

841 2150 1011 2208 sum,
1041 2137 1102 2192 et
1130 2132 1335 2190 minus
1380 2130 1608 2189 decens
1653 2147 1951 2206 personas
1996 2128 2373 2190 ecclesiasti-

841 2243 968 2300 cas,
1002 2223 1252 2304 quando
1304 2241 1417 2300 per
1446 2221 1767 2300 operarios
1820 2227 1883 2282 et
1922 2222 2193 2281 artifices
2224 2239 2369 2281 con-

839 2318 1060 2379 ductos
1103 2316 1181 2375 ad
1230 2315 1350 2375 hoc
1395 2313 1715 2392 negotium
1756 2314 2136 2375 attendunt:
2172 2332 2368 2393 quare

841 2411 901 2470 id
930 2409 1264 2470 dicendum
1297 2412 1495 2482 esset,
1549 2406 1801 2485 quando
1833 2426 1908 2466 ex
1937 2406 2080 2467 vino
2111 2406 2366 2485 proprio

841 2510 903 2564 et
923 2502 1106 2563 melle
1136 2506 1368 2579 empto,
1404 2500 1503 2559 vel
1533 2499 1721 2559 etiam
1771 2500 2026 2578 proprio
2075 2518 2189 2577 per
2214 2517 2363 2559 con-

838 2597 1060 2656 ductos
1097 2594 1415 2673 operarios
1458 2592 1728 2652 mulsum
1758 2593 2159 2652 vendendum
2207 2592 2365 2652 sace-

838 2695 977 2750 rent
1008 2709 1022 2749 :
1070 2689 1120 2748 si
1149 2687 1315 2747 enim
1343 2686 1621 2745 facerent
1648 2704 1758 2764 per
1784 2704 1851 2745 se
1879 2686 2046 2763 ipsos
2066 2731 2081 2762 ,
2114 2704 2237 2745 non
2271 2703 2368 2745 es-

839 2787 934 2843 set
961 2781 1181 2841 eadem
1209 2778 1368 2840 ratio
1398 2825 1414 2853 ,
1463 2796 1607 2838 cum
1653 2778 1776 2837 mel
1820 2779 2024 2857 ipsum
2055 2784 2364 2839 mutatum

839 2894 950 2953 per
985 2873 1303 2953 propriam
1354 2889 1609 2949 operam
1652 2875 1715 2931 et
1758 2870 2091 2931 artificium
2138 2870 2366 2930 vende-

839 2972 998 3026 rent.
1031 2964 1221 3025 Addit
1248 2964 1532 3023 similiter
1576 2963 1744 3022 idem
1787 2963 2020 3024 Melina
2044 2964 2103 3022 in
2136 2964 2263 3023 sine
2294 2963 2366 3022 il-

838 3061 956 3119 lius
986 3056 1422 3135 disputationis
1447 3102 1462 3127 ‚
1498 3056 1780 3116 illicitum
1812 3074 1980 3129 esse,
2022 3057 2075 3116 si
2104 3056 2366 3116 clericus

831 3153 1118 3232 jumenta
1146 3154 1314 3210 emat
1340 3154 1410 3210 ut
1437 3154 1651 3227 postea
1678 3148 1834 3209 lucri
1864 3149 2067 3228 gratia
2087 3147 2360 3209 ealocet.

839 3249 927 3307 De
954 3263 1076 3325 quo
1105 3249 1315 3305 tamen
1362 3260 1479 3321 ego
1518 3243 1720 3320 magis
1749 3243 1966 3303 dubito
2000 3261 2015 3301 ε
2051 3243 2199 3321 quia
2233 3243 2366 3321 ipse

837 3338 1067 3399 Molina
1097 3337 1323 3398 fatetur
1370 3353 1552 3414 posse
1583 3334 1880 3394 clericum
1927 3335 2177 3414 propria
2210 3354 2367 3412 prae-

837 3431 964 3507 dia,
998 3430 1096 3490 vel
1142 3428 1427 3508 jumenta
1479 3428 1718 3503 locare,
1775 3432 2106 3507 postquam
2157 3433 2367 3488 autem

837 3525 935 3584 illa
970 3523 1155 3598 emit,
1203 3522 1336 3602 jam
1384 3525 1528 3580 sunt
1563 3520 1817 3599 propria
1865 3521 2064 3598 illiue,
2113 3521 2274 3581 sicut
2315 3520 2366 3579 si

838 3617 1008 3677 domi
1055 3620 1203 3676 nata
1257 3615 1554 3686 fuissent3
1616 3614 1784 3693 quod
1835 3632 1983 3674 vero
2033 3632 2105 3674 eo
2156 3613 2364 3674 animo

837 3709 1059 3769 emerit
1088 3726 1210 3766 non
1241 3706 1488 3767 videtur
1516 3705 1665 3766 satis
1699 3726 1711 3766 :
1748 3706 1894 3785 quia
1942 3706 2088 3766 licet
2128 3706 2367 3784 praedia

837 3802 1060 3862 emerit
1088 3801 1295 3860 animo
1337 3818 1415 3859 ea
1441 3798 1691 3860 locandi
1718 3799 1953 3859 colonis
1977 3846 1991 3872 ,
2022 3799 2084 3858 id
2116 3817 2240 3858 non
2271 3818 2368 3858 es-

837 3901 931 3955 set
957 3895 1264 3969 illicitum,
1298 3893 1662 3974 necfaceret
1698 3892 2221 3970 negotiationem,
2257 3910 2369 3952 cur

837 4005 987 4065 ergo
1019 3987 1248 4065 emptio
1271 3985 1699 4064 jumentorum
1729 3984 1936 4045 animo
1962 3985 2208 4044 locandi
2240 4002 2368 4044 ma-

837 4080 933 4156 gis
945 4080 1062 4139 erit
1073 4078 1408 4156 negotiatIO
1423 4097 1607 4156 quam
1625 4077 1856 4155 emptio
1877 4078 2367 4155 domuum,prae·

838 4172 1107 4245 diorum,
1143 4170 1240 4229 vel
1267 4171 1775 4230 aliarum-rerum
1816 4169 2026 4229 animo
2070 4168 2369 4230 locandi?

838 4267 1307 4337 Fateortamen‚
1328 4262 1380 4321 si
1407 4263 1766 4341 frequenter
1787 4267 2147 4323 emerentur
2167 4262 2245 4321 ali
2255 4281 2289 4320 a
2306 4265 2369 4322 et

839 4358 961 4417 alia
1015 4357 1309 4416 animalia
1353 4355 1433 4415 ad
1481 4373 1624 4414 eum
1669 4374 1886 4430 usum,
1942 4356 2215 4433 speciem
2258 4353 2369 4413 ali-

840 4469 1032 4531 quam
1060 4447 1498 4528 negotiationis
1529 4447 1758 4507 habere
1796 4469 1808 4508 :
1843 4448 1890 4507 si
1924 4453 2135 4508 tamen
2173 4447 2368 4507 semel

841 4549 1050 4622 empta
1081 4543 1359 4613 fuissent,
1402 4545 1463 4601 et
1490 4546 1708 4618 postea
1735 4541 1968 4600 diutius
1996 4543 2058 4599 in
2089 4559 2163 4601 eo
2194 4558 2371 4600 exer-

841 4637 984 4698 citio
1018 4636 1430 4710 haberentur,
1465 4652 1589 4694 non
1621 4634 1802 4694 video
1843 4632 2149 4712 majorem
2194 4633 2370 4692 inde-

840 4729 1136 4804 centiam,
1170 4746 1358 4808 quam
1386 4728 1437 4787 si
1466 4728 1658 4788 semel
1703 4727 1925 4786 domus
1973 4731 2187 4804 empta
2223 4724 2369 4784 fuis-

838 4827 934 4884 set
962 4823 1040 4882 ad
1069 4821 1429 4889 locandum,
1447 4820 1545 4880 vel
1575 4837 1729 4897 grex
1749 4820 1831 4880 ad
1850 4819 2215 4880 vendendos
2234 4816 2368 4896 ejus

836 4917 1094 4978 fructuS.
1463 4981 1470 4986 ,

914 5010 1121 5086 Addo,
1156 5008 1366 5088 aliqua
1396 4992 1554 5083 esse,
1592 5023 1732 5085 quae
1762 5024 1877 5066 nec
1918 5009 2063 5066 sunt
2091 5004 2369 5084 negotia-

834 5105 922 5165 tio
951 5102 1226 5181 proprie,
1260 5119 1374 5161 nec
1403 5102 1488 5162 ita
1519 5100 1801 5178 proxime
1831 5099 2136 5160 accedant
2161 5098 2244 5159 ad
2261 5117 2370 5158 ne-

828 5197 1239 5277 gotiationem
1265 5240 1281 5269 ,
1317 5211 1458 5273 quae
1489 5198 1701 5253 tamen
1731 5198 1987 5270 propter
2032 5191 2368 5270 aliqualem

827 5289 1197 5352 affinitatem
1248 5286 1454 5346 minus
1501 5284 1796 5344 videntur
1837 5283 2160 5362 religiosos
2198 5284 2365 5343 viros

826 5384 1071 5443 decere.
1106 5380 1288 5443 Unde
1331 5379 1403 5451 in
1425 5377 1913 5455 congregatione
1942 5375 2222 5435 secunda
2252 5394 2364 5436 no-

823 5483 968 5537 strae
1003 5473 1332 5537 Societatis
1379 5489 1519 5532 can.
1552 5486 1696 5530 xxv.
1740 5468 2086 5545 ordinatur,
2136 5473 2202 5528 ut
2247 5486 2362 5528 no·-

2009 289 2105 347 DE
2148 288 2498 348 JUSTITIA
2549 288 2647 346 ET
2689 288 2888 348 JURE

2461 462 2586 543 ‚stri
2615 463 2970 526 abstineant
2998 466 3188 525 etiam
3217 463 3294 523 ab
3324 464 3399 524 iis
3418 512 3433 539 ,
3459 482 3599 543 quae
3630 464 3979 542 negotiatio-

2481 556 2575 614 nis
2601 556 2871 635 speciem
2903 557 3155 632 habent,
3178 562 3238 617 et
3265 558 3326 616 in
3356 556 3821 634 congregatione
3846 557 3978 617 Vll.

2479 648 2732 709 decreto
2769 665 3013 710 Lxxxlv.
3051 650 3398 709 afferuntur
3433 648 3642 727 aliqua
3689 649 3979 726 exempla,

2476 760 2536 801 v.
2566 760 2628 819 g.
2662 742 3124 821 Typographiae
3153 747 3437 819 sumptus
3467 760 3577 819 pro
3608 741 3850 800 edendis
3881 758 3987 799 no-

2476 838 2746 893 strorum
2820 834 2992 894 libris
3063 833 3461 912 suppeditare
3495 880 3510 907 ,
3591 833 3985 911 exemplaque

2476 924 2705 985 damno
2732 926 3032 1005 lucroque
3072 932 3284 985 nostro
3324 925 3661 985 dividenda
3689 928 3982 1003 accipere,

2476 1018 2641 1096 quod
2674 1018 2789 1078 nisi
2830 1019 3213 1097 gravissimis
3256 1019 3332 1078 de
3375 1019 3579 1078 causis
3626 1037 3663 1077 a
3711 1017 3987 1078 Generali

2474 1110 2744 1189 permitti
2776 1130 2899 1171 non
2947 1112 3155 1173 debet.
3206 1113 3357 1171 Item
3386 1110 3882 1189 Typographiam
3922 1112 3984 1169 in

2474 1203 2751 1281 collegiis
2780 1203 3034 1279 habere,
3067 1205 3131 1264 in
3161 1223 3281 1283 qua
3306 1203 3444 1264 libri
3477 1204 3689 1263 excusi
3730 1203 3986 1263 externis

2474 1296 2852 1358 dividantur.
2888 1300 2954 1357 ln
2986 1297 3355 1358 necessitate
3384 1302 3593 1357 tamen
3620 1343 3636 1372 ,
3683 1315 3792 1375 pro
3819 1295 3987 1354 libris

2471 1389 2590 1467 piis
2621 1395 2682 1450 et
2708 1390 2788 1449 ad
2831 1390 3198 1468 religionem
3245 1389 3673 1466 spectantibus
3698 1436 3713 1463 ,
3759 1388 3989 1449 schola-

2472 1500 2735 1561 rumque
2765 1487 3139 1557 nostrarum,
3173 1501 3315 1542 cum
3342 1481 3723 1559 typographi
3747 1480 3982 1555 desunt,

2472 1575 2568 1634 vel
2598 1576 2886 1635 catholici
2913 1575 3131 1636 saltem
3161 1575 3385 1635 desunt
3408 1621 3424 1650 ,
3471 1573 3986 1634 committendum

2470 1667 2532 1725 id
2563 1687 2696 1728 esse
2719 1667 2957 1747 judicio
2985 1668 3314 1746 generalis
3364 1667 3734 1727 Declaratur
3762 1674 3983 1739 autem,

2470 1778 2591 1820 non
2625 1760 2858 1820 habere
2888 1760 3195 1838 ejusmodi
3227 1759 3669 1839 negotiationis
3698 1757 3983 1836 speciem,

2470 1853 2819 1913 conducere
2852 1871 3035 1931 agros
3063 1853 3300 1913 alienos
3344 1853 3421 1912 ad
3466 1852 3847 1930 praediorum
3886 1868 3990 1909 no-

2469 1952 2741 2006 strorum
2790 1946 3435 2017 administrationem,
3484 1945 3578 2005 vel
3631 1944 3989 2004 animalium
4056 1948 4069 1957 “

2469 2045 2822 2100 nostrorum
2868 2039 3421 2111 sustentationem,
3474 2057 3587 2098 nec
3630 2055 3840 2097 emere
3866 2036 3990 2094 ani·

2466 2131 2655 2192 malia
2682 2131 2763 2191 ad
2794 2131 3172 2209 praediorum
3202 2137 3555 2191 nostrorum
3586 2149 3824 2208 pascua
3848 2148 3992 2188 con-

2464 2225 2791 2299 sumenda,
2825 2242 2963 2302 quae
2993 2228 3210 2302 postea
3224 2224 3665 2298 divendantur,
3692 2240 3809 2282 nec
3828 2240 3993 2280 eme-

2467 2337 2531 2377 re
2561 2336 2700 2396 quae
2747 2320 3046 2395 putantur
3076 2316 3287 2377 usibus
3318 2321 3672 2377 nostrorum
3706 2333 3992 2375 necessa-

2464 2412 2577 2485 ria,
2612 2429 2751 2489 quae
2779 2410 2996 2488 pastea
3025 2412 3338 2488 superflua
3368 2410 3748 2470 vendantur.

2546 2504 2777 2576 Quarta
2808 2501 3142 2561 difficultas
3178 2502 3539 2580 principalis
3580 2507 3709 2577 est,
3764 2519 3843 2560 an
3888 2517 3991 2558 ec-

2464 2594 2786 2657 clesi·1stici
2817 2594 3056 2673 possint
3083 2594 3302 2653 saltem
3333 2614 3446 2674 per
3472 2595 3627 2653 alios
3659 2593 3989 2671 negotiari,

2462 2709 2523 2749 v.
2564 2708 2626 2767 g.
2675 2687 2723 2747 si
2771 2687 2978 2747 clerici
3026 2687 3121 2745 vel
3177 2686 3447 2764 religiosi
3500 2686 3650 2747 dent
3694 2685 3993 2764 pecunias
4048 2688 4140 2728 ‹td-⁵

2462 2780 2816 2855 mercatori,
2851 2779 3077 2858 quibus
3115 2780 3247 2857 ipse
3294 2779 3477 2839 simul
3519 2798 3661 2838 cum
3709 2779 3838 2838 suis
3896 2796 3996 2835 ne-

2463 2873 2780 2954 gotietur?
2834 2875 3077 2949 Negant
3128 2871 3465 2949 Ugolinus,
3528 2871 3774 2948 Megala
3797 2918 3812 2945 ‚
3877 2873 3997 2930 Ge-

2464 2966 2737 3040 nuensiS,
2789 2965 3054 3040 RicciuS,
3097 2969 3159 3025 et
3201 2964 3460 3025 Salzedo
3506 2964 3673 3042 apud
3730 2963 3999 3023 Dianam

2464 3065 2615 3120 tom.
2649 3074 2691 3118 1.
2726 3062 2905 3117 tract.
2940 3055 3010 3117 de
3038 3055 3447 3131 contractibus,
3480 3056 3859 3117 resolutione
3893 3059 3994 3115 72.

2464 3152 2581 3215 Alii
2611 3157 2820 3213 tamen
2862 3150 3278 3211 communiter
3318 3150 3532 3210 dicunt
3574 3149 3636 3209 id
3684 3167 3811 3209 non
3858 3167 4001 3209 esse

2463 3250 2790 3325 peccatum
2819 3243 3103 3304 mortale.
3138 3243 3367 3304 Molina
3396 3241 3560 3302 dicta
3591 3241 3825 3320 disput.
3849 3245 3998 3302 342.

2471 3337 2684 3399 Utrum
2709 3345 2920 3396 autem.
2954 3336 3196 3396 Lessius
3226 3335 3392 3396 dicta
3422 3333 3618 3394 dubit.
3652 3352 3694 3393 1.
3731 3352 3914 3394 num.
3939 3337 4000 3394 6.

2466 3431 2753 3491 Rebellus
2782 3430 2946 3490 dicto
2975 3429 3113 3488 libr.
3142 3446 3224 3488 lx.
3256 3427 3582 3507 quaestion.
3610 3426 3809 3487 ultim.
3837 3433 3999 3487 sect.

2466 3528 2523 3585 2.
2565 3521 2747 3585 Joan.
2796 3522 3068 3596 Medina,
3116 3521 3415 3595 Tabiena‚
3465 3520 3744 3594 Armilla,
3796 3521 4002 3598 Vega,

2466 3618 2751 3677 Emman.
2788 3618 3063 3692 Aragon.
3100 3613 3408 3685 Salonius,
3430 3618 3492 3672 et
3511 3612 3819 3686 Valentia,
3841 3630 4007 3690 quos

2464 3710 2647 3769 affert
2673 3713 2737 3769 et
2762 3707 3044 3787 sequitur
3071 3707 3245 3768 Salas
3275 3705 3440 3765 dicto
3462 3704 3614 3768 dub.
3645 3721 3711 3765 11.
3730 3723 3922 3766 num.
3943 3708 4004 3766 8.

2465 3801 2801 3876 MalderuS,
2821 3806 2883 3861 et
2911 3799 3010 3859 alii
3034 3818 3189 3878 quos
3210 3800 3390 3858 affert
3404 3804 3467 3858 et
3494 3798 3774 3876 sequitur
3803 3797 4009 3858 Diana

2465 3896 2601 3955 loco
2630 3893 2839 3968 citato,
2875 3893 3111 3952 Filliuc.
3142 3892 3247 3950 ubi
3278 3910 3467 3969 supra
3495 3909 3668 3952 num.
3702 3894 3805 3950 25.
3839 3893 4009 3951 Tur-

2468 3988 2681 4047 rianus
2702 3986 2869 4046 dicta
2897 3985 3056 4064 disp.
3096 3986 3250 4045 le.
3287 3984 3435 4044 dub.
3489 4001 3558 4044 11.
3595 4002 3765 4043 num.
3799 3987 3857 4045 3.
3898 3986 4009 4062 qui

2469 4079 2680 4154 addit,
2736 4096 2938 4156 neque
2985 4095 3119 4137 esse
3162 4081 3490 4155 peccatum
3536 4075 3781 4135 veniale
3828 4095 3908 4134 ex
3952 4076 4010 4136 vi

2468 4172 2659 4232 solius
2688 4169 3145 4249 prohibitionis,
3196 4171 3263 4229 ln
3313 4188 3436 4248 quo
3476 4168 3724 4248 quidem
3782 4187 4014 4229 conse-

2470 4268 2738 4344 quenter
2766 4263 3041 4342 loquitur
3072 4279 3087 4323 t
3121 4262 3265 4341 quia
3295 4263 3344 4320 si
3372 4261 3543 4340 leges
3573 4262 3897 4321 canonicae
3929 4262 4012 4322 de

2468 4357 2587 4417 hoc
2631 4356 2821 4415 etiam
2879 4373 3026 4414 casu
3078 4353 3440 4432 loquuntur,
3500 4360 3829 4432 peccatum
3888 4357 4016 4415 erit

2465 4467 2696 4528 grave;
2731 4448 2782 4507 si
2809 4465 2957 4507 vero
2990 4465 3114 4506 non
3141 4445 3500 4524 loquuntur,
3536 4464 3737 4524 neque
3753 4446 3870 4506 sub
3898 4466 4015 4508 ve-

2466 4541 2614 4601 niali
2671 4540 3059 4617 obligabunt.
3112 4539 3230 4599 Alii
3278 4543 3485 4597 tamen
3530 4558 3653 4598 non
3700 4547 4019 4601 excusant

2469 4635 2587 4694 hoc
2616 4652 2652 4693 a
2682 4634 2865 4710 culpa
2908 4632 3158 4706 veniali,
3192 4635 3260 4691 ut
3286 4631 3515 4691 Molina
3548 4637 3610 4692 et
3653 4633 4011 4709 MalderuS,

2470 4727 2575 4806 qui
2605 4727 2807 4787 solum
2838 4729 3112 4799 excusat,
3148 4723 3397 4803 quando
3428 4724 3664 4785 faceret
3690 4725 3865 4804 justa
3897 4745 4019 4786 ne-

2470 4820 2757 4880 cessitate
2786 4817 3143 4895 compulsus
3173 4834 3283 4895 pro
3326 4834 3430 4891 se,
3478 4822 3541 4876 et
3582 4836 3837 4877 suorum
3897 4823 4020 4879 tlo-

2470 4917 2648 4973 nesta
2688 4910 3185 4982 sustentatione;
3247 4908 3535 4969 Rebellus
3582 4914 3793 4970 autem
3852 4910 4023 4973 dicit

2469 5024 2592 5066 non
2636 5023 2769 5065 esse
2823 5001 3244 5064 excusandum
3293 5019 3329 5059 a
3372 5002 3594 5061 veniali
3622 5049 3637 5077 ,
3690 5002 3738 5061 si
3786 5022 3901 5081 per
3946 5024 4019 5064 se

2469 5098 2672 5175 ipsum
2704 5096 3009 5158 rationem
3038 5094 3167 5154 dati
3197 5099 3257 5153 et
3285 5094 3523 5171 accepti
3557 5094 3856 5172 exigeret,
3877 5097 4019 5159 imo

2468 5194 2707 5251 tantam
2750 5207 2931 5268 posse
2987 5201 3120 5247 esse
3175 5186 3594 5246 indecentiam
3639 5195 3701 5247 et
3740 5189 4023 5248 scanda-

2469 5282 2620 5358 lum,
2654 5288 2723 5343 ut
2761 5301 2795 5340 a
2825 5279 3071 5341 mortali
3104 5297 3225 5339 non
3256 5285 3608 5340 excusetur.
3647 5280 3765 5339 Alii
3794 5286 4018 5341 tamen

2468 5374 2546 5434 de
2573 5374 2803 5434 veniali
2832 5373 2982 5433 nihil
3024 5372 3258 5445 dicunt,
3294 5371 3406 5431 sed
3434 5372 3806 5451 simpliciter
3835 5392 4022 5435 asse-

2460 5472 2606 5528 runt
2634 5467 2697 5527 id
2725 5466 2963 5527 licitum
2994 5484 3150 5539 esse,
3186 5469 3255 5525 ut
3286 5465 3557 5540 Lessius,
3582 5465 3929 5540 Finiucius,
3954 5477 4021 5531 et

4112 2512 4139 2565 3

4058 2636 4139 2683 Ang-

4080 2751 4135 2792 PT?

4070 2804 4139 2845 teet
