4263 6376
569 1696 647 1754 28

508 1820 742 1875 Religiosos

471 1874 772 1970 ,ἐξ-’.ΐὲὲι

528 1982 564 2022 η’
581 1994 634 2022 ιιι
663 1982 718 2023 sit

516 2034 735 2079 imitabile.

810 313 928 371 270

809 484 1136 546 factoriam
1191 487 1389 545 artem
1455 482 1726 543 faciebat
1792 481 1874 542 ad
1949 501 2015 541 se
2063 499 2338 559 suosque

811 578 1012 639 socios
1040 576 1318 638 alendos
1352 574 1642 636 Monachi
1672 574 1860 635 etiam
1900 574 2139 653 antiqui
2169 592 2342 651 spor-

810 675 927 746 taS,
960 675 1218 743 storeaS,
1244 673 1306 729 et
1323 668 1550 729 similia
1572 666 1904 741 faciebant,
1937 671 2148 744 empta
2169 665 2341 743 prius

811 762 1106 837 materia,
1142 768 1209 821 ut
1235 760 1373 822 illas
1402 760 1788 834 venderent,
1842 763 1904 819 et
1934 778 2006 819 ex
2039 759 2240 837 pretio
2274 777 2339 817 se

810 859 1248 916 sustentarent.
1284 853 1463 927 Quod
1484 852 1811 913 consilium
1839 851 1956 912 fuit
1981 856 2343 912 sanctorum

811 950 1065 1008 Patrum
1096 946 1519 1024 antiquorum,
1555 950 1624 1006 nt
1641 943 1931 1005 monachi
1954 944 2150 1004 otium
2171 943 2341 1021 fuge-

809 1044 949 1099 rent
976 1044 1038 1100 et
1067 1038 1471 1099 comederent
1513 1054 1741 1115 panem
1780 1054 1962 1096 suum
2008 1036 2070 1095 in
2114 1036 2341 1096 sudore

810 1132 1039 1207 vultus,
1099 1136 1161 1192 et
1216 1132 1279 1192 S.
1340 1129 1608 1189 Basilius
1632 1175 1648 1204 ,
1710 1129 1940 1207 aliique
1970 1127 2342 1188 sanctissimi

809 1224 1245 1302 religiosorum
1273 1222 1662 1300 legislatores
1692 1222 1752 1279 in
1784 1221 1911 1280 suis
1927 1221 2157 1299 regulis
2178 1221 2345 1280 hunc

808 1317 1088 1377 laborem
1132 1314 1657 1376 commendarunt
1703 1319 1765 1374 et
1805 1314 2351 1392 praescripserunt,-

811 1409 890 1469 de
920 1428 1043 1488 quo
1071 1408 1302 1487 optime
1333 1407 1751 1484 Hieronymus
1781 1404 1861 1466 ad
1889 1405 2191 1467 Rusticum
2218 1405 2345 1465 Μο-

809 1501 1055 1561 nachum
1097 1501 1175 1560 de
1208 1500 1456 1560 vivendi
1503 1500 1704 1559 forma
1733 1499 1965 1559 relatus
2003 1499 2066 1558 in
2096 1516 2152 1559 c.
2198 1518 2348 1558 nun-

813 1614 1012 1675 quam,
1043 1610 1260 1654 xxx111.
1313 1592 1383 1652 de
1426 1591 1887 1666 consecratione,
1941 1590 2084 1652 dist.
2121 1607 2183 1652 v.
2240 1590 2346 1651 ubi

816 1688 975 1748 inter
994 1687 1115 1747 alia
1135 1686 1222 1747 sic
1239 1686 1358 1746 ait:
1395 1707 1422 1742 «
1440 1683 1801 1763 SiApostoli
1824 1683 2125 1745 habentes
2145 1688 2349 1762 potes-

815 1784 1011 1841 tatem
1040 1779 1118 1839 de
1139 1778 1463 1856 evangelio
1485 1777 1719 1850 vivere,
1752 1776 2041 1836 laborant
2059 1776 2350 1836 manibus

817 1872 966 1949 suiS‚
1000 1889 1079 1931 ne
1110 1890 1297 1950 quem
1326 1874 1690 1949 gravarent,
1738 1874 1800 1929 et
1829 1869 1963 1928 aliis
1992 1869 2352 1930 tribuebant

817 1965 1181 2043 refrigeria,
1236 1982 1507 2044 quorum
1556 1980 1671 2041 pro
1704 1961 2133 2040 spiritualibus
2162 1961 2352 2021 (lebe-

818 2058 973 2119 bant
1000 2062 1235 2118 metere
1264 2056 1589 2117 carnalia:
1640 2074 1755 2116 cur
1801 2059 1867 2115 tu
1911 2055 1974 2113 in
2017 2073 2169 2115 usus
2212 2058 2352 2114 tuos

821 2168 1075 2211 cessura
1125 2169 1249 2209 non
1291 2148 1656 2227 praepares?
1708 2147 1820 2207 Vel
1864 2147 2167 2207 fiscellam
2214 2152 2352 2206 texe

815 2243 1010 2322 junco
1046 2262 1059 2303 :
1104 2242 1207 2301 vel
1235 2241 1578 2302 canistrum
1625 2239 1808 2299 lentis
1855 2239 2055 2317 plecte
2107 2238 2357 2298 vimini-

817 2336 992 2396 bus»
1031 2339 1148 2395 etc.
1185 2338 1247 2394 et
1276 2332 1460 2410 paulo
1509 2337 1691 2412 post:
1736 2336 2075 2392 «texantur
2119 2335 2181 2392 et
2226 2330 2355 2389 lina

821 2426 1142 2505 capiendis
1172 2426 1468 2503 piscibus.
1531 2424 1898 2487 Scribantur
1941 2423 2119 2499 libri,
2183 2428 2251 2484 ut
2292 2425 2354 2483 et

821 2538 1044 2580 manus
1073 2523 1413 2597 operentur
1441 2517 1651 2577 cibum
1672 2563 1686 2592 ,
1722 2521 1785 2576 et
1809 2517 2058 2576 animus
2088 2516 2353 2576 lectione

820 2617 1154 2673 saturetur.
1216 2612 1283 2670 In
1333 2609 1658 2670 desideriis
1706 2613 1800 2669 est
1844 2608 2046 2668 omnis
2092 2608 2349 2668 otiosus.

820 2704 1259 2784 AEgyptiorum
1279 2702 1657 2763 monasteria
1674 2701 1841 2761 hunc
1855 2719 2094 2761 morem
2114 2703 2350 2777 tenent,

824 2802 895 2860 ut
922 2797 1162 2858 nullum
1206 2796 1444 2874 absque
1474 2793 1680 2874 operis
1723 2793 1935 2854 labore
1964 2793 2307 2871 suscipiant
2338 2812 2352 2853 :

823 2909 946 2952 non
977 2894 1107 2950 tam
1137 2892 1396 2967 propter
1423 2887 1625 2948 victus
1657 2886 2093 2947 necessitatem
2113 2931 2129 2962 ,
2164 2903 2355 2964 quam

822 2987 1081 3064 propter
1127 2980 1321 3040 animi
1357 2980 1644 3041 salutem.
1677 3002 1705 3035 »
1757 2979 1936 3040 Unde
1983 2979 2047 3038 in
2092 2977 2356 3038 concilio

825 3074 1119 3151 Carthag.
1155 3074 1256 3133 lV.
1291 3071 1486 3133 relato
1527 3072 1589 3131 in
1620 3089 1715 3131 ca.
1754 3070 2036 3147 Clericus,
2083 3087 2178 3131 111.
2205 3075 2267 3131 et
2294 3088 2349 3132 c.

826 3167 1016 3229 etiam
1045 3182 1131 3227 ιν.
1184 3163 1543 3244 praecipitur
1589 3163 1684 3224 his
1715 3162 1969 3226 verbi's:
2023 3163 2356 3226 «Clericus

825 3261 1084 3335 victum,
1145 3263 1207 3321 et
1234 3258 1677 3319 vestimentum
1706 3257 1822 3317 sibi
1849 3256 2175 3317 artificiolo
2200 3302 2216 3332 ,
2256 3256 2356 3317 vel

827 3351 1208 3431 agricultura
1230 3395 1245 3426 ‚
1279 3350 1518 3429 absque
1548 3350 1735 3411 officii
1775 3350 1871 3410 sui
1900 3350 2227 3411 dumtaxat
2254 3349 2359 3409 de-

829 3445 1121 3506 trimento
1163 3447 1363 3522 paret.
1401 3465 1429 3499 »
1511 3444 1588 3504 Et
1666 3443 1893 3503 iterum
1949 3463 1961 3503 :
2035 3441 2361 3503 «Clericus

829 3536 1293 3618 quantumlibet
1330 3536 1522 3595 verbo
1542 3535 1654 3595 Dei
1673 3535 1975 3610 eruditus,
2033 3533 2357 3595 artificiolo

831 3631 1065 3690 victum
1096 3633 1359 3707 quaerat.
1406 3630 1636 3688 Omnes
1674 3627 1883 3689 clerici
1927 3629 2033 3707 qui
2080 3627 2161 3687 ad
2210 3645 2362 3705 ope-

831 3723 1098 3784 randum
1128 3721 1321 3782 validi
1351 3725 1517 3796 sunt,
1552 3724 1615 3781 et
1642 3721 1994 3796 artificiola,
2030 3726 2093 3781 et
2118 3720 2361 3781 litteras

830 3817 1093 3877 discant.
1118 3837 1146 3872 ι)
1187 3813 1481 3886 Quamvis
1506 3831 1655 3891 ergo
1677 3813 2052 3891 reprehendi
2072 3831 2195 3873 non
2214 3813 2356 3889 sint,

830 3909 941 3971 sed
968 3907 1302 3983 laudandi,
1337 3905 1444 3986 qui
1475 3906 1761 3985 exemplo
1793 3906 2022 3967 Christi
2050 3906 2360 3966 mendici-

830 4007 1024 4064 tatem
1053 4001 1332 4079 eligunt,
1387 4002 1455 4059 ut
1496 4017 1563 4058 se
1605 4002 1769 4060 totos
1814 4001 1940 4059 Deo
1972 4002 2036 4061 et
2067 3998 2365 4077 juvandis

833 4094 1134 4176 proximis
1187 4093 1252 4152 in
1304 4092 1495 4152 rebus
1551 4091 1980 4170 spiritualibus
2027 4091 2360 4163 dedicent3

836 4206 960 4248 non
989 4190 1135 4246 sunt
1161 4190 1371 4246 tamen
1403 4183 1837 4261 vituperandi,
1883 4183 1993 4242 sed
2040 4201 2364 4244 commen-

837 4278 1030 4341 dandi
1059 4277 1166 4356 qui
1187 4276 1472 4354 exemplo
1498 4276 1677 4337 Pauli
1699 4276 2002 4354 Apostoli,
2035 4282 2367 4355 postquam

835 4370 1260 4450 spiritualibus
1290 4369 1478 4429 rebus
1496 4415 1511 4443 ,
1564 4373 1626 4429 et
1666 4368 1802 4429 aliis
1830 4369 1999 4429 circa
2026 4369 2364 4447 proximos,

837 4462 1144 4525 exercitiis
1173 4461 1601 4537 satisfaciunt,
1649 4480 1727 4520 ne
1757 4466 2025 4539 gravent
2052 4461 2370 4539 proximos

836 4557 1074 4631 labore,
1107 4555 1207 4615 vel
1235 4553 1499 4615 artificio
1530 4553 1789 4614 honesto
1819 4555 2054 4614 victum
2085 4554 2204 4614 sibi
2232 4572 2372 4632 pro-

837 4653 1079 4711 curant.
1115 4649 1463 4725 Utrumque
1503 4645 1671 4705 enim
1702 4665 1977 4707 errorem
2007 4664 2232 4707 cavere
2262 4645 2373 4706 de-

835 4743 1080 4814 bemus;
1114 4745 1176 4802 et
1205 4739 1478 4818 primum
1513 4759 1526 4800 :
1561 4738 1665 4818 qui
1698 4738 1813 4800 fuit
1840 4739 2106 4800 Wiclesfi
2139 4739 2369 4800 docen-

836 4837 937 4912 tis,
970 4835 1292 4913 religiosos
1313 4832 1511 4894 teneri
1538 4832 1618 4891 ad
1643 4831 1926 4892 lahorem
1956 4833 2369 4910 corporalem,

837 4947 954 4990 nec
985 4927 1148 4988 licite
1169 4925 1531 4986 mendicare
1551 4942 1756 5004 posse,
1789 4924 1896 5003 qui
1917 4942 2091 4984 error
2110 4925 2375 4984 damna-

837 5027 938 5084 tus
978 5020 1097 5081 fuit
1141 5021 1204 5079 in
1248 5017 1514 5079 concilio
1545 5016 2008 5078 Constantiensi
2045 5035 2198 5077 sess.
2235 5033 2370 5078 v111.

840 5120 904 5177 et
930 5115 994 5175 in
1023 5113 1201 5174 bulla
1248 5110 1502 5174 Martini
1530 5111 1603 5171 V.
1640 5114 1703 5170 et
1743 5109 1805 5168 in
1848 5109 1971 5170 alia
2013 5108 2186 5169 bulla
2218 5111 2377 5170 Leo-

842 5209 936 5269 nis
972 5210 1043 5269 X.
1078 5209 1299 5266 contra
1327 5221 1573 5264 errores
1601 5201 1851 5262 Luiheri
1877 5248 1893 5276 ,
1952 5205 2016 5261 et
2054 5219 2090 5259 a
2120 5202 2373 5262 Nicolao

845 5304 1011 5380 Papa
1042 5301 1104 5359 in
1136 5317 1276 5377 cap.
1326 5296 1504 5356 Exiit
1530 5294 1637 5376 qui
1653 5294 1931 5369 seminat,
1974 5292 2043 5354 de
2070 5293 2377 5355 verborum

841 5392 1297 5473 siqnifi'catione,
1344 5389 1453 5450 lib.
1488 5406 1574 5450 vl.
1623 5392 1842 5449 contra
1882 5404 2068 5466 quem
2098 5404 2378 5448 errorem

841 5484 1039 5545 videri
1093 5486 1353 5563 possunt
1426 5484 1640 5544 Castro
1710 5481 2010 5543 adversus
2082 5479 2374 5556 haereseS,

1955 307 2060 366 DE
2099 306 2449 369 JUSTlTIA
2500 307 2599 367 m·
2639 305 2841 367 JURE

2440 480 2614 541 verb.
2647 480 3007 558 mendicitas,
3040 486 3105 543 et
3119 485 3475 547 Waldensis
3500 486 3611 546 lib.
3637 503 3722 546 ιν.
3750 482 3955 543 ἄσειν-ι’-

2440 573 2592 633 nalis
2618 573 2762 653 fidei
2785 593 2925 653 cap.
2962 592 3057 635 111.
3094 582 3156 638 et
3185 595 3271 638 ιν.
3305 584 3368 638 et
3395 598 3523 638 non
3552 580 3755 638 minus
3780 575 3956 634 debe·

2442 684 2580 725 mus
2609 684 2831 726 cavere
2858 668 3201 728 secundum
3232 688 3507 729 errorem
3539 670 3957 731 haereticorum

2442 758 2867 836 antiquorum,
2894 761 3000 839 qui
3016 761 3306 822 dixerunt
3325 763 3633 842 religiosis
3648 762 3959 823 nonlicere

2444 852 2738 929 operibus
2766 854 3163 914 manualibus
3190 874 3416 915 vacare
3444 902 3459 930 ,
3493 856 3572 915 de
3605 855 3823 933 quibus
3846 851 3961 912 suh

2444 943 2694 1005 nomine
2725 945 3179 1006 Psallianorum
3202 992 3218 1023 ,
3278 966 3390 1008 seu
3438 948 3964 1008 Massallianurum

2443 1037 2865 1098 meminerunt
2894 1037 3152 1099 historia
3181 1040 3493 1119 tripartita
3521 1040 3632 1100 lib.
3665 1042 3792 1101 Vll.
3822 1057 3874 1097 c.
3901 1053 3961 1096 x.

2444 1134 2507 1190 et
2535 1131 2599 1191 S.
2629 1133 2894 1209 August.
2941 1132 3050 1192 lib.
3084 1131 3154 1192 de
3180 1132 3526 1208 haeresibus,
3574 1132 3791 1192 haeresi
3816 1146 3962 1189 ιτιι.

2444 1227 2661 1283 contra
2692 1242 2879 1300 quem
2912 1242 3186 1284 errorem
3217 1225 3383 1285 idem
3410 1227 3792 1303 Augustinus
3815 1222 3967 1283 scri-

2445 1315 2591 1394 psit,
2626 1315 2856 1374 librnm
2905 1316 2982 1376 de
3005 1317 3300 1394 operibus
3336 1317 3807 1378 Monachorum.
3852 1317 3967 1375 Ca·

2445 1407 2721 1468 vendum
2752 1413 2961 1469 tamen
2991 1413 3123 1484 est,
3174 1427 3251 1469 ne
3299 1408 3419 1469 hac
3467 1409 3797 1469 occasione
3826 1407 3972 1467 reli·

2446 1500 2638 1578 giosis
2692 1500 2956 1561 affectus
2997 1501 3222 1579 aliquis
3263 1502 3543 1562 avaritiae
3591 1501 3973 1561 inordinatus

2448 1593 2777 1670 subrepat,
2829 1598 2891 1653 et
2936 1611 3014 1653 ne
3045 1612 3169 1653 non
3199 1594 3276 1653 ad
3308 1594 3511 1654 solam
3542 1594 3975 1653 necessitatem

2447 1684 2931 1760 sublevandam,
2979 1686 3078 1745 vel
3107 1686 3389 1746 divinum
3420 1686 3663 1746 cultum
3692 1686 3978 1745 decenter

2449 1777 2885 1838 sustinendum
2913 1778 3221 1854 laborent,
3254 1779 3366 1838 sed
3394 1779 3477 1838 ad
3507 1778 3973 1851 abundandum‚

2451 1875 2513 1931 et
2565 1870 2647 1929 ad
2701 1869 2952 1930 divitias
3007 1871 3468 1948 comparandas
3539 1869 3707 1930 ultra
3757 1874 3977 1929 statum

2449 1981 2632 2023 suum
2656 2008 2673 2038 ,
2735 1962 2844 2041 qui
2894 1963 3156 2023 affectus
3211 1962 3609 2041 superiorum
3666 1961 3982 2039 vigilantia

2450 2054 2858 2132 corrigendus
2903 2060 3017 2115 est.
3080 2057 3237 2115 Dum
3286 2060 3498 2116 tamen
3542 2059 3719 2115 recta
3749 2060 3811 2113 et
3850 2052 3982 2112 reli·

2451 2147 2628 2225 giosa
2667 2146 2926 2206 intentio
2971 2165 3095 2207 non
3137 2147 3333 2223 desit,
3391 2146 3717 2207 laudabile
3768 2152 3896 2219 est,
3930 2144 3975 2203 si

2445 2238 2626 2318 juxta
2661 2243 3022 2299 sanctorum
3062 2241 3316 2299 Patrum
3345 2239 3607 2299 consilia
3631 2283 3648 2313 ,
3695 2243 3762 2298 et
3788 2255 3984 2298 exem-

2453 2332 2579 2411 pla,
2616 2331 2876 2392 honesto
2923 2332 3132 2411 aliquo
3182 2332 3478 2394 exercitio
3527 2337 3591 2392 et
3639 2332 3855 2391 labore
3884 2351 3976 2390 ne-

2455 2424 2724 2485 cessaria
2751 2424 2870 2483 sibi
2898 2430 3271 2503 procurent,
3305 2430 3368 2486 et
3394 2424 3474 2484 ad
3505 2424 3985 2503 rempublicam,

2455 2515 2632 2594 cujus
2662 2516 2947 2576 membra
2974 2522 3121 2578 sunt
3144 2564 3159 2591 ,
3197 2536 3320 2577 non
3351 2517 3552 2577 solum
3583 2517 3991 2595 spiritualiter

2454 2609 2564 2668 sed
2615 2610 3044 2686 temporaliter
3099 2609 3531 2687 adjuvandam
3585 2609 3991 2688 aliquomodo

2456 2705 2853 2761 concurrant.
2897 2700 3221 2779 Ejusmodi
3266 2706 3478 2762 autem
3523 2703 3827 2763 exercitia
3872 2720 3992 2761 non

2457 2793 2691 2852 debent
2719 2792 2842 2852 ulla
2870 2794 3111 2854 ratione
3142 2813 3276 2854 esse
3320 2813 3395 2853 ex
3423 2795 3498 2854 iis
3527 2814 3673 2873 quae
3703 2795 3995 2855 ecclesia-

2457 2885 2680 2946 sticum
2708 2890 2939 2946 statum
2970 2904 3092 2946 non
3114 2885 3360 2963 decent,
3394 2891 3463 2948 ut
3482 2886 3798 2947 conficere
3819 2887 3997 2947 ehar-

2457 2983 2553 3040 tas
2580 2979 2868 3055 lusorias,
2901 2980 3168 3056 taxilloS,
3204 2998 3381 3040 arma
3409 2979 3659 3055 bellica,
3696 2999 3831 3040 esse
3863 2998 3997 3038 ma-

2459 3071 2802 3148 cellarium,
2835 3072 3288 3149 tabernarium,
3324 3078 3387 3133 et
3404 3072 3658 3149 similia,
3696 3092 3839 3152 quoe
3858 3073 3993 3133 sine

2455 3163 2684 3245 injuria
2737 3165 2975 3244 proprii
3028 3169 3228 3226 status
3282 3165 3488 3226 clerici
3563 3167 3663 3226 vel
3720 3165 4001 3244 religiosi

2454 3276 2745 3319 exercere
2775 3276 2899 3318 non
2931 3264 3213 3336 possunt.
3252 3259 3409 3319 Hinc

2535 3350 2805 3412 Infertur
2857 3351 3083 3429 primo,
3142 3370 3266 3412 non
3320 3370 3455 3412 esse
3510 3352 4005 3430 negotiationem
4130 3403 4150 3415 .

2458 3442 2697 3504 clericis
2724 3443 3128 3522 prohibitam,
3163 3444 3212 3503 si
3261 3444 3558 3504 animalia
3600 3452 3820 3506 emant
3864 3463 4005 3524 quae
4083 3485 4155 3534 Qu,

2459 3537 2706 3616 pascuis
2732 3555 2988 3597 suorum
3020 3538 3400 3615 praediorum
3443 3539 3695 3599 alantur
3721 3544 3790 3599 et
3841 3538 4008 3616 sagi·

2461 3634 2709 3703 nentur,
2762 3634 2824 3690 et
2863 3633 3105 3690 mutata
3147 3635 3363 3708 postea
3408 3632 3771 3693 vendantur
3820 3652 3835 3691 :
3890 3632 4008 3691 hoc

2462 3722 2628 3782 enim
2657 3721 2811 3782 nihil
2841 3727 2934 3783 est
2962 3722 3132 3782 aliud
3179 3741 3370 3801 quam
3422 3724 3697 3784 vendere
3726 3744 3842 3785 sua
3872 3742 4089 3802 pas-

2462 3833 2580 3875 cua
2609 3819 2671 3875 et
2696 3814 2932 3876 fructus
2960 3815 3358 3893 propriorum
3391 3835 3709 3893 agrorum.
3763 3820 3851 3878 Ita
3885 3819 4015 3878 Mo-

2462 3908 2611 3983 lina,
2636 3907 2904 3982 Lessius,
2922 3914 2983 3969 et
3000 3909 3104 3968 alii
3127 3909 3278 3969 locis
3290 3909 3514 3970 citatiS.
3542 3910 4016 3972 Possuntetiam

2462 4019 2688 4080 greges
2717 3999 2972 4075 habere,
2994 4006 3062 4061 ut
3080 4001 3198 4073 lac,
3220 4001 3453 4076 lanam,
3479 4003 3669 4064 foetus
3690 4003 3978 4064 vendant
4002 4022 4016 4063 :

2462 4112 2585 4154 non
2616 4096 2826 4153 tamen
2856 4098 3116 4170 possunt
3144 4094 3498 4155 conducere
3528 4095 3773 4156 alienos
3794 4114 4014 4173 εει-03,

2465 4191 2534 4246 ιιι
2560 4186 2798 4246 fructus
2826 4186 3143 4260 vendant;
3197 4187 3344 4265 quia
3375 4187 3522 4248 licet
3567 4206 3691 4248 non
3739 4189 3820 4248 sit
3868 4206 4022 4267 pro-

2464 4277 2599 4358 prie
2649 4276 3009 4354 negotiati0‚
3070 4283 3165 4338 est
3218 4283 3430 4339 tamen
3496 4279 3614 4339 illis
3660 4280 4026 4358 specialiter

2465 4369 2851 4450 prohibitum
2906 4387 2982 4428 ex
3027 4370 3291 4432 concilio
3351 4371 3828 4450 Carthaginensi
3875 4374 3928 4433 1.
3966 4377 4025 4432 et

2468 4465 2571 4525 lv,
2605 4462 2817 4523 relatis
2844 4478 2972 4523 xx1.
3004 4468 3225 4541 quaest.
3270 4481 3365 4525 111.
3392 4483 3532 4542 cap.
3570 4468 3626 4524 1.
3650 4468 3793 4525 et2.
3818 4465 4027 4524 idem-

2471 4573 2591 4634 que
2621 4560 2734 4631 est,
2770 4554 2821 4615 si
2850 4555 3080 4616 salinas
3117 4557 3355 4617 alienas
3400 4557 3780 4632 conducant,
3815 4565 3885 4617 ut
3934 4557 4028 4617 sal

2470 4649 2615 4708 iude
2644 4648 2942 4724 vendant,
2989 4649 3040 4708 si
3088 4667 3314 4727 greges
3361 4650 3600 4711 alienos
3628 4650 4027 4725 conducant,

2472 4745 2542 4801 ut
2566 4740 2684 4816 lac,
2710 4742 2942 4814 lanam,
2968 4747 3032 4802 et
3060 4760 3313 4801 caseum
3341 4743 3639 4803 vendant.

2552 4833 2822 4894 Insertur
2849 4834 3151 4910 secundo,
3186 4853 3311 4895 non
3342 4853 3478 4895 esse
3521 4833 4030 4912 negotiationem
4134 4845 4173 4901 al

2473 4924 2878 5003 prohibitam,
2912 4927 2963 4985 si
2993 4946 3068 4986 ex
3097 4927 3352 5005 propria
3379 4947 3543 4988 vena
3572 4929 3809 4988 ferrum
3830 4927 4032 4989 etiam
4082 4973 4173 5024 034,

2474 5037 2585 5098 per
2611 5018 2927 5079 ministros
2972 5019 3165 5080 laicos
3211 5020 3448 5082 faciant
3475 5025 3545 5082 ut
3594 5021 3895 5081 vendant.
3964 5022 4031 5082 Si
4070 5034 4169 5082 few·

2474 5116 2684 5172 tamen
2716 5129 2944 5171 venam
2974 5113 3056 5171 ad
3087 5112 3254 5172 hunc
3295 5114 3486 5173 finem
3516 5119 3751 5190 emant,
3800 5118 3868 5174 ιιι
3898 5133 4032 5174 non
4069 5085 4175 5180 013.

2477 5222 2587 5281 per
2617 5222 2682 5263 se
2712 5203 2903 5282 ipsOS,
2936 5205 3047 5264 sed
3078 5205 3423 5266 ministerio
3455 5205 3764 5265 laicorum
3798 5207 4039 5267 serrum

2478 5296 2711 5358 faciant
2738 5301 2801 5357 et
2827 5297 3128 5372 vendant,
3162 5298 3355 5377 aliqui
3408 5297 3652 5374 dicunt,
3687 5317 3825 5358 esse
3854 5299 4040 5361 illici-

2479 5392 2637 5464 tum,
2687 5407 2844 5468 quos
2886 5391 3069 5451 affert
3106 5391 3341 5453 Molina
3366 5390 3535 5451 dicta
3567 5391 3730 5469 disp.
3780 5393 3923 5453 342³..
3975 5394 4034 5472 ἓ.

2479 5481 2824 5562 Sylvester,·
2860 5481 2992 5560 ipse
3023 5487 3234 5544 tamen
3276 5483 3502 5545 merito
3527 5501 3679 5544 cum
3719 5483 3861 5545 aliis
3886 5503 4041 5546 con-

4067 3541 4171 3581 σε*

4059 3709 4171 3753 frum

4052 3808 4171 3847 Μαι
