4263 6376
580 2876 597 2932 Ι
610 2876 688 2933 02).

473 2957 612 3042 {iares
631 2998 769 3044 beno·

511 3052 653 3095 acini-ii
669 3065 723 3096 an

543 3104 691 3149 debeat

471 3158 769 3256 &mim

835 278 911 337 16
1992 272 2094 331 DE
2137 262 2493 332 JUSTl'rlA
2537 271 2639 331 ET
2680 272 2879 333 JURE

829 448 1121 512 omnibus
1150 446 1517 511 solvendum
1544 465 1680 508 esse
1712 466 1728 508 ε
1758 464 1907 507 nam
1926 445 2073 510 licet
2104 446 2362 525 promis-

829 543 921 604 sio
950 561 1027 604 ex
1062 540 1307 622 justitia
1352 540 1680 620 obligaret,
1736 540 2061 602 fatendum
2107 545 2203 603 est
2237 558 2362 600 non

828 634 1093 698 transire
1121 632 1565 713 obligationem
1586 632 1778 709 illam,
1806 633 1887 693 ad
1908 650 2074 708 eum,
2100 631 2362 711 quirem

829 728 950 789 alio
978 727 1156 789 titulo
1187 726 1432 804 accipit,
1485 729 1712 804 praeter
1756 743 1922 802 eum,
1974 725 2079 805 qui
2131 724 2363 802 accipit

830 839 901 882 ex
949 823 1344 895 testamento,
1389 818 1488 879 vel
1535 837 1723 880 causa
1764 819 2027 881 mortis:
2059 818 2185 879 imo
2216 817 2364 878 licet

824 931 926 975 res
952 911 1205 973 vendita
1229 910 1466 986 fuisset,
1499 910 1554 970 si
1578 913 1724 971 ante
1752 910 2156 971 traditionem
2185 907 2359 970 alteri

827 1005 1134 1067 vendatur
1161 1007 1225 1064 et
1250 1002 1557 1078 tradatur,
1590 1001 1902 1062 secundus
1931 1006 2176 1080 emptor
2205 1000 2361 1061 acci·

828 1098 920 1177 pit
943 1115 1083 1157 eam
1128 1096 1412 1172 liberam,
1445 1099 1509 1156 et
1529 1094 1768 1174 absque
1800 1095 1926 1154 ulla
1955 1092 2357 1172 obligatione,

826 1191 972 1252 licet
999 1190 1203 1249 haeres
1234 1188 1547 1266 acciperet
1593 1187 1762 1247 illam
1808 1205 1952 1248 cum
1983 1185 2361 1264 obligatione

824 1282 1110 1345 tradendi
1140 1281 1342 1360 primo
1372 1279 1659 1357 emptori,
1686 1283 1754 1340 ut
1781 1283 2046 1340 constat.
2080 1277 2360 1356 Denique

823 1376 875 1437 si
922 1394 1023 1437 res
1070 1393 1146 1436 ex
1173 1378 1318 1436 voto
1375 1372 1586 1434 debita
1640 1372 1826 1432 alicui
1872 1372 2201 1447 vendatur,
2236 1389 2361 1431 non

824 1468 1050 1531 transit
1077 1467 1157 1527 ad
1187 1471 1534 1545 emptorem
1565 1483 1709 1526 cum
1737 1464 2120 1543 obligatione
2148 1482 2224 1523 ex
2256 1482 2363 1525 vo-

821 1566 911 1637 to,
938 1560 1048 1621 sed
1079 1560 1296 1634 libere,
1329 1558 1476 1618 licet
1514 1557 1802 1617 venditor
1828 1556 2194 1635 peccaverit
2222 1574 2362 1617 eam

822 1652 1153 1716 vendendo
1209 1654 1430 1712 contra
1474 1654 1691 1711 votum
1725 1669 1739 1711 :
1774 1652 1837 1710 et
1894 1653 2105 1711 tamen
2163 1648 2361 1709 haeres

821 1764 958 1808 rem
987 1746 1157 1806 illam
1187 1744 1413 1822 accipit
1445 1760 1589 1803 cum
1616 1741 1996 1822 obligatione
2032 1759 2223 1820 quam
2252 1741 2363 1801 de-

821 1840 1071 1901 functus
1119 1856 1193 1898 ex
1247 1841 1392 1898 voto
1438 1835 1733 1896 habebat.
1793 1837 1927 1895 Non
1983 1852 2135 1913 ergo
2166 1835 2362 1895 oritur

823 1932 959 1994 haec
1006 1929 1357 1993 differentia
1385 1947 1460 1989 ex
1489 1946 1586 2004 eo,
1621 1927 1789 2007 quod
1836 1927 2167 2005 promissio
2196 1927 2357 1989 obli-

821 2030 929 2104 get
971 2025 1073 2087 vel
1117 2041 1243 2084 non
1289 2021 1524 2100 obliget
1567 2040 1644 2080 ex
1689 2020 1955 2099 justitia,
2005 2019 2116 2081 sed
2163 2038 2238 2080 ex
2283 2038 2357 2081 eo

822 2117 991 2197 quod
1021 2117 1243 2194 haereS,
1275 2115 1375 2175 vel
1404 2113 1744 2192 legatarius
1769 2118 2185 2190 repraesentat
2207 2131 2350 2191 per-

819 2227 1043 2271 sonam
1085 2207 1363 2269 defuncti
1409 2205 1617 2285 quoad
1645 2205 1811 2265 bona
1839 2205 1966 2279 illa,
2023 2205 2086 2265 in
2131 2205 2359 2283 quibus

821 2301 1115 2362 defuneto
1144 2298 1442 2374 succedit,
1476 2296 1643 2376 quod
1694 2315 1817 2357 non
1847 2296 2084 2358 habent
2110 2297 2220 2357 alii
2250 2296 2356 2376 qui

820 2411 897 2454 ex
923 2392 1061 2454 aliis
1087 2392 1282 2454 titulis
1306 2391 1474 2452 bona
1501 2389 1835 2468 accipiunt,
1858 2388 1964 2468 qui
1992 2388 2196 2450 solum
2217 2407 2358 2450 suo-

820 2484 1051 2548 cedunt
1077 2485 1140 2545 in
1162 2483 1304 2562 jure
1324 2482 1494 2562 quod
1511 2481 1676 2561 prior
1707 2499 2030 2559 possessor
2050 2480 2349 2557 habebat,

819 2597 943 2641 non
969 2596 1118 2639 vero
1164 2578 1617 2655 repraesentant
1661 2572 1796 2653 ejus
1841 2590 2201 2653 personam,
2236 2592 2354 2645 nec

817 2670 1163 2733 succedunt
1189 2669 1254 2729 in
1284 2667 1421 2728 aliis
1464 2665 1976 2745 obligationibus,
2011 2684 2155 2745 quae
2184 2666 2357 2727 bona

819 2763 957 2843 ipsa
984 2761 1347 2823 immediate
1380 2763 1445 2821 et
1472 2759 1705 2820 directe
1733 2776 1859 2819 non
1896 2758 2274 2820 afficiebant.

899 2854 1186 2934 UrgebiS,
1220 2852 1442 2915 saltem
1468 2851 1645 2930 sequi
1668 2850 1838 2930 quod
1867 2849 2068 2911 haeres
2082 2849 2191 2928 qui
2217 2867 2355 2911 suc·

819 2948 986 3009 cedit
1030 2944 1428 3007 beneficiario
1476 2942 1538 3003 in
1584 2941 1766 3004 bonis
1813 2942 2144 3021 superfluis
2190 2942 2353 3003 redi-

817 3045 994 3102 tuum
1022 3037 1331 3112 beneficii,
1358 3053 1498 3115 quae
1527 3034 1694 3096 bona
1721 3033 2050 3096 defunctus
2092 3034 2351 3095 teneba-

818 3133 1003 3196 batur
1029 3150 1154 3194 non
1183 3149 1259 3192 ex
1279 3128 1542 3210 justitia,
1584 3127 1695 3188 sed
1723 3146 1798 3187 ex
1843 3126 2147 3207 religione
2168 3145 2351 3206 prop-

817 3230 914 3290 ter
951 3231 1243 3288 naturam
1285 3222 1506 3285 talium
1531 3219 1842 3283 bonorum
1886 3221 2240 3306 expendere
2285 3221 2350 3281 in

817 3339 969 3382 usus
997 3320 1155 3400 pios,
1212 3319 1497 3379 teneatur
1539 3313 1655 3375 sub
1707 3317 1966 3394 peccato
2020 3313 2202 3392 gravi
2247 3332 2352 3375 ex-

812 3413 1088 3492 pendere
1143 3411 1248 3471 ilia
1278 3410 1442 3470 bona
1469 3407 1532 3468 in
1562 3426 1710 3467 usus
1754 3406 1913 3486 pios,
1964 3405 2126 3467 sicut
2167 3411 2341 3468 tene-

814 3505 1000 3567 batur
1028 3504 1378 3577 defunctus,
1425 3499 1602 3578 cujus
1631 3516 1962 3578 personam
2004 3516 2347 3577 repraesen-

815 3601 927 3660 tat.
987 3596 1257 3676 Sequela
1297 3593 1621 3673 probatur,
1655 3591 1804 3671 quia
1829 3591 1996 3652 bona
2026 3591 2217 3651 etiam
2245 3592 2348 3652 illa

814 3691 1092 3770 obligata
1146 3692 1325 3749 erant
1377 3685 1600 3747 saltem
1655 3684 1959 3745 indirecte
2014 3688 2078 3744 et
2130 3702 2349 3746 eonse-

813 3788 1099 3866 quenter,
1132 3786 1201 3844 ut
1228 3781 1292 3842 in
1319 3779 1455 3860 pios
1485 3796 1632 3839 usus
1661 3779 2094 3855 erogarentur,
2115 3795 2190 3838 eo
2212 3777 2347 3855 ipso

813 3878 984 3959 quod
1037 3872 1472 3936 beneficiarius
1527 3871 1748 3932 saltem
1795 3888 1871 3930 ex
1920 3869 2219 3949 religione
2267 3869 2347 3929 ad

811 3971 934 4033 hoc
984 3968 1316 4031 tenebatur
1368 3966 1484 4028 sub
1537 3969 1793 4041 peccato
1842 3963 2020 4040 gravi
2052 3982 2066 4023 ε
2102 3980 2253 4041 ergo
2295 3962 2344 4023 si

811 4062 1015 4124 haeres
1041 4063 1448 4139 repraesentat
1476 4074 1807 4134 personam
1839 4054 2117 4116 defuncti
2139 4055 2347 4134 quoad

810 4155 919 4217 illa
936 4154 1123 4229 bona,
1155 4152 1343 4213 debet
1360 4150 1570 4211 subire
1589 4148 1879 4208 eamdem
1899 4147 2347 4227 obligationem

704 4257 708 4261 ’
811 4266 1002 4327 quam
1031 4245 1358 4305 defunctus
1388 4241 1664 4302 habebat
1701 4240 1869 4302 circa
1909 4241 2013 4300 illa
2046 4260 2060 4299 :
2095 4259 2212 4301 nec
2239 4259 2347 4319 po·

810 4343 935 4404 test
958 4339 1140 4400 facile
1168 4335 1349 4397 reddi
1374 4334 1556 4412 ratiO,
1590 4350 1820 4395 curres
1849 4332 2063 4394 debita
2093 4352 2170 4392 ex
2198 4337 2343 4395 voto

811 4433 1004 4496 dandi
1049 4432 1510 4507 eleemosynam
1538 4446 1598 4488 v.
1632 4446 1694 4506 g.
1730 4431 2004 4488 transeat
2033 4426 2113 4485 ad
2147 4425 2345 4487 haere-

811 4526 957 4587 dem
985 4543 1129 4586 eum
1149 4522 1369 4583 eadem
1401 4519 1802 4599 obligatione,
1828 4525 1891 4580 et
1917 4520 2157 4580 fruetus
2188 4537 2345 4598 quos

811 4617 1141 4680 defunctus
1195 4613 1527 4675 tenebatur
1581 4612 1732 4673 dare
1789 4610 2170 4690 pauperibus
2191 4657 2208 4687 ,
2268 4629 2341 4672 eo

810 4710 979 4792 quod
1018 4711 1223 4769 essent
1257 4705 1493 4767 reditus
1548 4703 1969 4779 ecclesiastici,
2021 4721 2142 4763 non
2174 4707 2344 4764 tran-

809 4807 991 4867 seant
1031 4800 1114 4862 ad
1161 4798 1478 4860 haeredem
1507 4815 1651 4858 cum
1680 4796 1903 4856 eadem
1934 4795 2337 4874 obligatione,

810 4915 953 4959 cum
996 4900 1259 4974 utraque
1310 4889 1605 4969 obligatio
1635 4889 1716 4950 sit
1741 4908 1817 4950 ex
1857 4888 1989 4949 sola
2015 4888 2338 4967 religione,

810 4996 874 5052 et
900 4989 1105 5067 magis
1132 4985 1318 5047 realis
1348 5002 1457 5044 seu
1503 4983 1705 5063 magis
1752 4982 2112 5056 intrinseca,
2146 4986 2207 5042 et
2234 4999 2345 5041 an-

809 5102 970 5146 nexa
1002 5082 1289 5143 videatur
1316 5076 1465 5157 ipsis
1493 5076 1672 5137 bonis
1702 5074 2139 5136 ecclesiasticis
2188 5073 2344 5135 obli-

808 5177 979 5256 gatio
1025 5175 1132 5235 illa
1179 5189 1318 5252 quae
1362 5169 1613 5231 fundari
1645 5169 1893 5231 videtur
1937 5167 2001 5227 in
2029 5171 2255 5228 natura
2282 5172 2344 5229 et

809 5268 1165 5332 conditione
1211 5264 1431 5328 talium
1476 5263 1806 5338 bonorum,
1842 5279 2031 5340 quam
2079 5260 2158 5321 sit
2186 5260 2343 5321 obli-

807 5362 976 5440 gatio
1006 5378 1084 5421 ex
1110 5366 1278 5435 voto,
1312 5373 1453 5437 quae
1483 5359 1577 5417 est
1620 5354 1822 5434 magis
1848 5351 2251 5414 accidentalis
2281 5355 2344 5414 et

808 5453 1156 5516 extrinseca
1182 5449 1556 5532 proveniens
1583 5449 1788 5511 solum
1827 5465 1901 5508 ex
1930 5444 2341 5525 promissione

2464 446 2769 508 voventis.
2804 447 3207 525 Consequens
3226 451 3437 510 autem
3463 447 3718 513 videtur
3744 449 3998 527 durum,

2463 543 2526 599 et
2577 542 2798 600 contra
2852 556 3252 600 communem
3306 541 3570 620 praxim,
3631 546 3696 605 et
3748 561 4002 605 sensum

2462 630 2816 707 doctorum,
2850 631 2956 710 qui
3002 632 3290 711 quamvis
3318 632 3634 695 fateantur
3660 635 4003 697 beneficia-

2459 722 2624 783 rium
2654 742 2946 803 peccasse
2976 725 3254 803 graviter
3292 725 3681 805 disponendo
3713 726 3794 787 de
3820 728 4004 790 bonis

2460 815 2581 877 illis
2609 816 2671 876 in
2711 820 2912 878 morte
2942 816 3024 876 ad
3066 836 3215 878 usus
3243 836 3369 878 non
3398 819 3565 897 pios;
3625 824 3863 898 negant
3908 826 4002 882 ta-

2460 927 2604 969 men
2651 908 2971 969 haeredem
3017 928 3277 989 peccare
3305 928 3381 970 ea
3424 912 3592 972 bona
3633 912 4001 992 accipiendo

2460 1006 2525 1063 et
2551 1001 2962 1081 expendendo
2993 1002 3073 1063 ad
3100 1003 3368 1079 libitum,
3388 1005 3640 1082 quando
3660 1005 4005 1066 beneficia-

2458 1094 2588 1155 rius
2618 1094 2748 1154 sive
2777 1113 2852 1155 ex
2889 1096 3290 1157 concessione
3321 1098 3530 1174 Papae,
3575 1097 3707 1157 sive
3739 1115 3818 1157 ex
3845 1097 4003 1176 legi-

2461 1188 2613 1248 tima
2660 1186 3111 1249 consuetudine
3139 1187 3345 1249 valide
3391 1193 3637 1266 poterat
3662 1190 3745 1251 ad
3774 1190 4003 1269 quosli-

2460 1280 2568 1341 bet
2621 1299 2769 1341 usus
2824 1281 2902 1340 de
2957 1279 3077 1341 illis
3130 1281 3365 1356 testari,
3399 1281 3497 1342 vel
3527 1281 3861 1360 disponere
3889 1301 4006 1360 per

2463 1372 2747 1434 ultimam
2791 1372 3201 1447 voluntatem,
3236 1373 3314 1432 de
3343 1391 3466 1452 quo
3510 1374 3711 1434 videri
3741 1380 4006 1453 possunt

2462 1466 2746 1543 vasquez
2776 1464 2841 1524 in
2888 1482 3102 1544 opusc.
3141 1462 3210 1525 de
3248 1464 3527 1526 reditibus
3571 1484 3711 1544 cap.
3746 1467 3795 1529 1.
3845 1468 3903 1546 ἓ.
3937 1471 3995 1529 3.

2461 1557 2611 1619 dub.
2644 1574 2706 1618 x.
2740 1576 2913 1620 num.
2946 1560 3046 1618 81.
3097 1561 3159 1618 et
3198 1558 3628 1637 sequentibus,
3680 1559 4003 1622 Filliucius

2460 1649 2523 1709 in
2554 1648 2916 1728 Appendice
2944 1653 3124 1710 tract.
3160 1651 3374 1713 XLIII.
3426 1650 3497 1711 de
3536 1650 3740 1733 spolii}
3787 1671 3846 1715 c.
3880 1671 3997 1716 vn.

2460 1759 2631 1802 num.
2666 1745 2724 1804 8.
2759 1745 2820 1801 et
2847 1740 3070 1802 Thom.
3106 1741 3337 1803 Sanch.
3390 1742 3452 1802 in
3491 1743 3749 1805 consiliis
3775 1745 3889 1807 lib.
3925 1747 3995 1809 11.

2460 1852 2596 1911 cap.
2633 1850 2701 1894 11.
2736 1833 2887 1894 dub.
2920 1836 3019 1895 51.
3050 1852 3222 1895 num.
3255 1838 3316 1896 7.

2538 1925 2909 2006 Respondeo
2959 1926 3182 2005 primo,
3244 1934 3613 2006 argumento
3672 1932 3997 2010 proposito

2457 2018 2608 2079 satis
2634 2017 3041 2098 probabiliter
3060 2018 3326 2095 ostendi,
3349 2020 3800 2099 obligationem
3824 2023 3997 2084 illam

2456 2111 2721 2173 transire
2750 2110 2938 2171 etiam
2971 2111 3051 2171 ad
3072 2111 3377 2187 haeredes,
3412 2113 3473 2172 in
3506 2132 3631 2193 quo
3661 2133 3791 2177 non
3809 2116 3995 2177 video

2459 2204 2772 2284 quomodo
2803 2221 2928 2264 non
2955 2202 3072 2264 sibi
3114 2205 3505 2267 contradicat
3534 2207 3823 2268 Sanchez
3852 2227 3994 2287 pro-

2457 2295 2620 2356 xime
2650 2296 2975 2374 allegatuS,
3010 2296 3119 2375 qui
3147 2297 3250 2358 illo
3280 2316 3453 2359 num.
3482 2303 3541 2358 7.
3577 2319 3874 2378 expresse
3901 2301 3997 2362 di·-

2455 2393 2652 2464 xerat,
2700 2387 2953 2467 quando
2995 2406 3292 2449 concessa
3336 2394 3430 2451 est
3457 2390 3683 2452 clerico
3728 2393 3996 2455 facultas

2456 2482 2538 2542 ad
2591 2480 2949 2542 testandum
3003 2480 3171 2543 eirca
3224 2501 3372 2543 usus
3415 2484 3551 2561 pios
3580 2490 3645 2547 et
3671 2504 3800 2547 non
3830 2487 3989 2565 pios,

2456 2573 2646 2635 etiam
2678 2574 2812 2633 sine
2842 2590 3033 2634 causa
3058 2573 3359 2653 legitima,
3413 2576 3732 2638 haeredem
3782 2584 3989 2640 tamen

2455 2684 2532 2726 ex
2560 2683 2633 2726 eo
2676 2669 3048 2727 testamento
3078 2685 3203 2727 non
3251 2668 3519 2746 pietatis,
3568 2670 3678 2730 sed
3724 2689 3994 2733 consan-

2454 2759 2778 2836 guinitatis
2806 2759 2983 2821 titulo
3028 2760 3462 2838 accipientem,
3510 2781 3691 2840 posse
3721 2782 3802 2825 ea
3827 2765 3989 2826 bona

2452 2852 2517 2911 in
2546 2851 2855 2932 quoslibet
2880 2869 3027 2913 usus
3049 2852 3422 2931 expendere,
3439 2854 3584 2915 licet
3611 2854 3880 2918 clericus
3908 2857 3993 2919 ita

2452 2944 2515 3004 in
2542 2944 2828 3006 testando
2875 2944 3258 3024 peccaverit;
3318 2945 3478 3007 sicut
3506 2947 3556 3007 si
3600 2946 3664 3008 in
3692 2949 3826 3010 vita
3853 2967 3995 3029 pec·

2452 3041 2657 3099 casset
2709 3037 2971 3116 prodige
3000 3056 3078 3098 ea
3115 3035 3284 3099 bona
3312 3038 3626 3116 donando,
3684 3041 3736 3101 is
3778 3049 3995 3104 tamen

2453 3130 2560 3210 qui
2586 3148 2663 3191 ea
2690 3131 3052 3208 accepisset,
3104 3134 3313 3209 posset
3356 3131 3552 3193 libere
3593 3137 3657 3197 et
3699 3133 3869 3197 licite
3914 3135 3991 3197 de

2449 3223 2525 3284 iis
2565 3223 2746 3285 bonis
2791 3222 3142 3301 disponere.
3190 3225 3266 3284 Et
3306 3228 3518 3286 tamen
3541 3226 3710 3286 idem
3765 3234 3991 3291 auctor

2450 3320 2667 3395 postea
2694 3315 2842 3376 dub.
2875 3332 2995 3377 mv.
3031 3335 3137 3377 nu.
3173 3318 3231 3377 3.
3271 3317 3443 3394 dicit,
3478 3319 3806 3396 probabile
3857 3322 3990 3401 qui·

2449 3408 2595 3469 dem
2623 3426 2757 3469 esse
2787 3408 2849 3468 in
2871 3408 3169 3486 Hispania
3187 3413 3446 3487 propter
3467 3413 3991 3475 consuetudinem

2448 3501 2791 3578 legitimam
2858 3518 3040 3579 posse
3093 3502 3593 3581 consanguineos
3646 3506 3991 3568 succedere

2449 3593 2673 3654 clerico
2707 3592 2914 3672 quoad
2961 3592 3196 3654 fructus
3216 3593 3404 3654 etiam
3434 3596 3891 3660 ecclesiasticos
3910 3598 3990 3659 ab

2448 3686 2770 3761 intestato,
2818 3685 2872 3745 si
2915 3689 3126 3746 tamen
3181 3688 3632 3766 consanguinei
3681 3691 3799 3769 ipsi
3840 3711 3990 3754 vere

2449 3782 2693 3857 egeant,
2728 3777 2827 3837 vel
2855 3777 3131 3839 habeant
3157 3779 3435 3842 animum
3465 3800 3539 3841 ea
3565 3782 3734 3844 bona
3762 3784 3828 3844 in
3839 3803 3991 3846 cau-

2446 3890 2547 3933 sas
2572 3871 2707 3950 pias
2737 3871 3153 3949 expendendi,
3205 3891 3332 3933 non
3361 3878 3571 3935 tamen
3602 3894 3786 3954 posse
3817 3877 3989 3940 licite

2448 3984 2524 4026 ea
2567 3965 2732 4024 bona
2778 3965 2842 4024 in
2884 3982 3034 4024 usus
3071 3965 3364 4042 profanos
3411 3968 3786 4046 expendere,
3838 3971 3991 4049 quia

2446 4056 2654 4136 quoad
2684 4057 2804 4118 hoc
2832 4056 3214 4118 consuetudo
3246 4062 3407 4120 esset
3432 4058 3900 4139 irrationabilis,
3928 4067 3992 4125 et

2439 4149 2562 4230 juri
2596 4149 2805 4210 divino
2835 4148 3122 4209 adversa.
3159 4150 3336 4221 Quod
3360 4151 3606 4229 probat,
3625 4154 3774 4231 quia
3791 4156 3989 4217 etiam

2444 4242 2507 4303 in
2537 4242 2665 4302 vita
2692 4241 2885 4320 ipsius
2912 4241 3291 4303 beneficiarii
3326 4243 3392 4302 id
3431 4263 3557 4305 non
3601 4251 3858 4324 possent
3886 4249 3984 4310 fa-

2445 4352 2586 4396 eere
2617 4335 2870 4412 cognati
2915 4353 2990 4394 ex
3048 4335 3384 4396 donatione
3414 4343 3477 4399 et
3520 4356 3828 4400 consensu
3876 4360 3986 4402 ex-

2444 4445 2657 4506 presso
2688 4427 2910 4507 ipsius;
2962 4445 3110 4505 ergo
3153 4446 3354 4506 neque
3384 4428 3448 4488 in
3476 4435 3699 4507 morte,
3748 4431 3798 4492 si
3848 4433 3983 4512 qui-

2444 4521 2588 4581 dem
2618 4537 2743 4580 non
2773 4518 2910 4597 plus
2931 4519 3089 4598 juris
3113 4519 3345 4582 habent
3362 4540 3476 4600 per
3493 4524 3978 4604 successionem,

2443 4630 2632 4692 quam
2660 4630 2771 4690 per
2800 4611 3224 4672 donationem.
3259 4614 3407 4674 Haec
3436 4615 3717 4676 Sanchez
3743 4637 3757 4677 x
3788 4637 3981 4696 quam

2443 4704 2790 4765 doctrinam
2820 4702 2970 4764 dicit
2996 4722 3062 4763 se
3090 4705 3405 4782 accepisse
3435 4723 3470 4765 a
3488 4707 3673 4769 docto
3703 4713 3979 4788 quodam

2441 4796 2738 4875 magistro
2766 4796 2829 4855 in
2861 4795 2987 4855 suis
3016 4797 3282 4875 scriptis,
3330 4803 3392 4858 et
3436 4799 3646 4878 colligi
3676 4820 3751 4862 ex
3781 4803 3977 4864 omni·

2442 4890 2559 4951 bus
2584 4888 2872 4966 superius
2901 4888 3107 4965 dictis,
3140 4889 3205 4949 in
3235 4890 3460 4969 quibus
3488 4895 3700 4953 tamen
3730 4913 3855 4956 non
3876 4914 3978 4957 so-

2441 4982 2570 5041 lum
2630 4981 2876 5046 videtur
2929 4985 3144 5058 aperte
3199 4981 3518 5044 discedere
3566 5003 3602 5044 a
3649 4985 3971 5062 doctrina,

2444 5091 2634 5153 quam
2689 5073 2874 5151 paulo
2906 5078 3051 5135 ante
3097 5074 3440 5137 tradiderat
3469 5078 3666 5139 dubit.
3724 5096 3805 5142 ιι.
3865 5081 3974 5142 sed

2442 5165 2676 5228 addere
2705 5165 2942 5244 aliquid
2970 5165 3304 5244 difficilius,
3356 5188 3580 5248 nempe
3611 5172 3781 5250 quod
3810 5172 3975 5235 acci-

2440 5259 2617 5339 piens
2645 5259 2833 5320 etiam
2860 5277 2935 5318 ex
2982 5258 3316 5320 donatione
3334 5261 3400 5321 in
3437 5261 3564 5324 vita
3607 5264 3778 5326 subit
3805 5284 3974 5326 eam·-

2440 5351 2586 5412 dem
2616 5351 3015 5430 oligationem
3045 5371 3187 5413 cum
3215 5352 3397 5415 bonis
3426 5358 3697 5436 acceptis
3746 5377 3971 5439 expen-

2441 5444 2633 5506 dendi
2688 5462 2761 5505 ea
2806 5444 2869 5506 in
2917 5463 3066 5508 usus
3113 5445 3271 5525 pios,
3330 5448 3498 5529 quod
3526 5448 3777 5512 videtur
3834 5472 3967 5515 esse
