<?xml version="1.0" encoding="UTF-8"?>
<!DOCTYPE html PUBLIC "-//W3C//DTD XHTML 1.0 Transitional//EN"
    "http://www.w3.org/TR/xhtml1/DTD/xhtml1-transitional.dtd">
<html xmlns="http://www.w3.org/1999/xhtml" xml:lang="en" lang="en">
 <head>
  <title>
</title>
<meta http-equiv="Content-Type" content="text/html;charset=utf-8" />
  <meta name='ocr-system' content='tesseract 3.04.00' />
  <meta name='ocr-capabilities' content='ocr_page ocr_carea ocr_par ocr_line ocrx_word'/>
</head>
<body>
  <div class='ocr_page' id='page_1' title='image "./joannisdelugodi00lugogoog_0682.png"; bbox 0 0 4263 6376; ppageno 0'>
   <div class='ocr_carea' id='block_1_1' title="bbox 889 362 1018 423">
    <p class='ocr_par' dir='ltr' id='par_1_1' title="bbox 889 362 1018 423">
     <span class='ocr_line' id='line_1_1' title="bbox 889 362 1018 423; baseline 0 0"><span class='ocrx_word' id='word_1_1' title='bbox 889 362 1018 423; x_wconf 75' lang='lat'><strong>65⁰</strong></span> 
     </span>
    </p>
   </div>
   <div class='ocr_carea' id='block_1_2' title="bbox 869 536 2423 5649">
    <p class='ocr_par' dir='ltr' id='par_1_2' title="bbox 892 536 2423 694">
     <span class='ocr_line' id='line_1_2' title="bbox 892 536 2423 617; baseline 0.001 -20"><span class='ocrx_word' id='word_1_2' title='bbox 892 536 1001 597; x_wconf 69' lang='lat' dir='ltr'><strong>itta</strong></span> <span class='ocrx_word' id='word_1_3' title='bbox 1044 539 1320 601; x_wconf 65' lang='lat' dir='ltr'><strong>elausula</strong></span> <span class='ocrx_word' id='word_1_4' title='bbox 1346 586 1363 617; x_wconf 88' lang='lat'><strong>,</strong></span> <span class='ocrx_word' id='word_1_5' title='bbox 1413 540 1463 600; x_wconf 86' lang='lat' dir='ltr'><strong>si</strong></span> <span class='ocrx_word' id='word_1_6' title='bbox 1511 540 1815 602; x_wconf 86' lang='lat' dir='ltr'><strong>laicorum</strong></span> <span class='ocrx_word' id='word_1_7' title='bbox 1863 541 2032 603; x_wconf 92' lang='lat' dir='ltr'><strong>bona</strong></span> <span class='ocrx_word' id='word_1_8' title='bbox 2077 557 2203 601; x_wconf 93' lang='lat' dir='ltr'><strong>non</strong></span> <span class='ocrx_word' id='word_1_9' title='bbox 2245 537 2423 599; x_wconf 82' lang='lat' dir='ltr'><strong>suffi-</strong></span> 
     </span>
     <span class='ocr_line' id='line_1_3' title="bbox 892 630 1085 694; baseline 0 -2"><span class='ocrx_word' id='word_1_10' title='bbox 892 630 1085 694; x_wconf 89' lang='lat' dir='ltr'><strong>ciunt.</strong></span> 
     </span>
    </p>

    <p class='ocr_par' dir='ltr' id='par_1_3' title="bbox 875 724 2423 3315">
     <span class='ocr_line' id='line_1_4' title="bbox 970 724 2422 790; baseline 0 -5"><span class='ocrx_word' id='word_1_11' title='bbox 970 726 1040 785; x_wconf 92' lang='lat' dir='ltr'><strong>In</strong></span> <span class='ocrx_word' id='word_1_12' title='bbox 1069 724 1451 786; x_wconf 86' lang='lat' dir='ltr'><strong>contrarium</strong></span> <span class='ocrx_word' id='word_1_13' title='bbox 1471 744 1622 788; x_wconf 86' lang='lat' dir='ltr'><strong>vero</strong></span> <span class='ocrx_word' id='word_1_14' title='bbox 1654 731 1748 789; x_wconf 88' lang='lat' dir='ltr'><strong>est</strong></span> <span class='ocrx_word' id='word_1_15' title='bbox 1776 726 2113 790; x_wconf 88' lang='lat' dir='ltr'><strong>auctoritas</strong></span> <span class='ocrx_word' id='word_1_16' title='bbox 2145 744 2422 787; x_wconf 89' lang='lat' dir='ltr'><strong>commu-</strong></span> 
     </span>
     <span class='ocr_line' id='line_1_5' title="bbox 889 816 2423 896; baseline 0.001 -21"><span class='ocrx_word' id='word_1_17' title='bbox 889 816 985 876; x_wconf 90' lang='lat' dir='ltr'><strong>nis</strong></span> <span class='ocrx_word' id='word_1_18' title='bbox 1013 816 1341 879; x_wconf 89' lang='lat' dir='ltr'><strong>doctorum</strong></span> <span class='ocrx_word' id='word_1_19' title='bbox 1369 818 1732 896; x_wconf 79' lang='lat' dir='ltr'>dicentium,</span> <span class='ocrx_word' id='word_1_20' title='bbox 1759 826 2043 881; x_wconf 79' lang='lat' dir='ltr'><strong>neutram</strong></span> <span class='ocrx_word' id='word_1_21' title='bbox 2065 839 2141 880; x_wconf 86' lang='lat' dir='ltr'><strong>ex</strong></span> <span class='ocrx_word' id='word_1_22' title='bbox 2171 819 2245 879; x_wconf 92' lang='lat' dir='ltr'><strong>iis</strong></span> <span class='ocrx_word' id='word_1_23' title='bbox 2272 835 2423 878; x_wconf 89' lang='lat' dir='ltr'><strong>con-</strong></span> 
     </span>
     <span class='ocr_line' id='line_1_6' title="bbox 889 908 2420 992; baseline -0.001 -23"><span class='ocrx_word' id='word_1_24' title='bbox 889 908 1229 971; x_wconf 74' lang='lat' dir='ltr'><strong>ditionibus</strong></span> <span class='ocrx_word' id='word_1_25' title='bbox 1256 912 1490 992; x_wconf 82' lang='lat' dir='ltr'><strong>requiri</strong></span> <span class='ocrx_word' id='word_1_26' title='bbox 1520 932 1594 974; x_wconf 91' lang='lat' dir='ltr'><strong>eo</strong></span> <span class='ocrx_word' id='word_1_27' title='bbox 1625 932 1795 974; x_wconf 83' lang='lat' dir='ltr'><strong>casu.</strong></span> <span class='ocrx_word' id='word_1_28' title='bbox 1842 915 1919 974; x_wconf 86' lang='lat' dir='ltr'><strong>Et</strong></span> <span class='ocrx_word' id='word_1_29' title='bbox 1957 912 2265 992; x_wconf 88' lang='lat' dir='ltr'><strong>imprimis</strong></span> <span class='ocrx_word' id='word_1_30' title='bbox 2295 928 2420 970; x_wconf 93' lang='lat' dir='ltr'><strong>non</strong></span> 
     </span>
     <span class='ocr_line' id='line_1_7' title="bbox 888 1002 2422 1083; baseline 0 -21"><span class='ocrx_word' id='word_1_31' title='bbox 888 1002 1121 1080; x_wconf 81' lang='lat' dir='ltr'><strong>requiri</strong></span> <span class='ocrx_word' id='word_1_32' title='bbox 1153 1020 1528 1066; x_wconf 87' lang='lat' dir='ltr'><strong>consensum</strong></span> <span class='ocrx_word' id='word_1_33' title='bbox 1562 1006 1899 1083; x_wconf 77' lang='lat' dir='ltr'><strong>PontificiS,</strong></span> <span class='ocrx_word' id='word_1_34' title='bbox 1933 1006 2162 1067; x_wconf 80' lang='lat' dir='ltr'>docent</span> <span class='ocrx_word' id='word_1_35' title='bbox 2188 1003 2422 1066; x_wconf 88' lang='lat' dir='ltr'><strong>Molina</strong></span> 
     </span>
     <span class='ocr_line' id='line_1_8' title="bbox 889 1093 2421 1176; baseline 0.002 -22"><span class='ocrx_word' id='word_1_36' title='bbox 889 1093 1052 1173; x_wconf 87' lang='lat' dir='ltr'><strong>disp.</strong></span> <span class='ocrx_word' id='word_1_37' title='bbox 1084 1099 1223 1159; x_wconf 86' lang='grc'><strong>672.</strong></span> <span class='ocrx_word' id='word_1_38' title='bbox 1255 1116 1361 1161; x_wconf 92' lang='lat' dir='ltr'><strong>nu.</strong></span> <span class='ocrx_word' id='word_1_39' title='bbox 1394 1104 1455 1160; x_wconf 82' lang='lat'><strong>4.</strong></span> <span class='ocrx_word' id='word_1_40' title='bbox 1488 1099 1551 1159; x_wconf 89' lang='lat' dir='ltr'><strong>in</strong></span> <span class='ocrx_word' id='word_1_41' title='bbox 1580 1100 1727 1176; x_wconf 89' lang='lat' dir='ltr'><strong>fine,</strong></span> <span class='ocrx_word' id='word_1_42' title='bbox 1760 1100 1910 1161; x_wconf 89' lang='lat' dir='ltr'><strong>item</strong></span> <span class='ocrx_word' id='word_1_43' title='bbox 1941 1100 2258 1173; x_wconf 80' lang='lat' dir='ltr'><strong>silvester,</strong></span> <span class='ocrx_word' id='word_1_44' title='bbox 2291 1099 2421 1158; x_wconf 91' lang='lat' dir='ltr'><strong>An-</strong></span> 
     </span>
     <span class='ocr_line' id='line_1_9' title="bbox 885 1187 2418 1270; baseline 0.003 -24"><span class='ocrx_word' id='word_1_45' title='bbox 885 1187 1086 1265; x_wconf 77' lang='lat' dir='ltr'><strong>gelu3‚</strong></span> <span class='ocrx_word' id='word_1_46' title='bbox 1122 1191 1458 1253; x_wconf 87' lang='lat' dir='ltr'><strong>Panormit.</strong></span> <span class='ocrx_word' id='word_1_47' title='bbox 1493 1193 1791 1268; x_wconf 85' lang='lat' dir='ltr'><strong>Tabiena,</strong></span> <span class='ocrx_word' id='word_1_48' title='bbox 1822 1193 1978 1253; x_wconf 89' lang='lat' dir='ltr'><strong>Lud.</strong></span> <span class='ocrx_word' id='word_1_49' title='bbox 2012 1195 2240 1270; x_wconf 88' lang='lat' dir='ltr'><strong>Lopez,</strong></span> <span class='ocrx_word' id='word_1_50' title='bbox 2263 1207 2418 1270; x_wconf 87' lang='lat' dir='ltr'><strong>quos</strong></span> 
     </span>
     <span class='ocr_line' id='line_1_10' title="bbox 886 1280 2412 1361; baseline 0.003 -23"><span class='ocrx_word' id='word_1_51' title='bbox 886 1280 1069 1340; x_wconf 80' lang='lat' dir='ltr'><strong>affert</strong></span> <span class='ocrx_word' id='word_1_52' title='bbox 1094 1286 1155 1343; x_wconf 91' lang='lat' dir='ltr'><strong>et</strong></span> <span class='ocrx_word' id='word_1_53' title='bbox 1180 1283 1464 1361; x_wconf 87' lang='lat' dir='ltr'><strong>sequitur</strong></span> <span class='ocrx_word' id='word_1_54' title='bbox 1491 1285 1720 1346; x_wconf 86' lang='lat' dir='ltr'><strong>Sanch.</strong></span> <span class='ocrx_word' id='word_1_55' title='bbox 1754 1285 1921 1346; x_wconf 90' lang='lat' dir='ltr'><strong>dicto</strong></span> <span class='ocrx_word' id='word_1_56' title='bbox 1951 1285 2100 1346; x_wconf 91' lang='lat' dir='ltr'><strong>dub.</strong></span> <span class='ocrx_word' id='word_1_57' title='bbox 2135 1302 2230 1346; x_wconf 70' lang='grc' dir='ltr'><strong>ιν.</strong></span> <span class='ocrx_word' id='word_1_58' title='bbox 2261 1304 2322 1344; x_wconf 93' lang='lat' dir='ltr'><strong>n.</strong></span> <span class='ocrx_word' id='word_1_59' title='bbox 2352 1287 2412 1343; x_wconf 86' lang='lat'><strong>7.</strong></span> 
     </span>
     <span class='ocr_line' id='line_1_11' title="bbox 887 1372 2410 1457; baseline 0.002 -24"><span class='ocrx_word' id='word_1_60' title='bbox 887 1372 1128 1449; x_wconf 83' lang='lat' dir='ltr'><strong>Garzia,</strong></span> <span class='ocrx_word' id='word_1_61' title='bbox 1162 1376 1466 1453; x_wconf 84' lang='lat' dir='ltr'><strong>Layman,</strong></span> <span class='ocrx_word' id='word_1_62' title='bbox 1497 1379 1763 1457; x_wconf 85' lang='lat' dir='ltr'><strong>Megala,</strong></span> <span class='ocrx_word' id='word_1_63' title='bbox 1793 1378 2118 1453; x_wconf 76' lang='lat' dir='ltr'><strong>Ledesma,</strong></span> <span class='ocrx_word' id='word_1_64' title='bbox 2156 1377 2410 1455; x_wconf 88' lang='lat' dir='ltr'><strong>Rodrig.</strong></span> 
     </span>
     <span class='ocr_line' id='line_1_12' title="bbox 887 1466 2417 1550; baseline 0.003 -26"><span class='ocrx_word' id='word_1_65' title='bbox 887 1468 951 1525; x_wconf 87' lang='lat' dir='ltr'><strong>et</strong></span> <span class='ocrx_word' id='word_1_66' title='bbox 973 1466 1157 1528; x_wconf 87' lang='lat' dir='ltr'><strong>Joan.</strong></span> <span class='ocrx_word' id='word_1_67' title='bbox 1194 1468 1272 1527; x_wconf 91' lang='lat' dir='ltr'><strong>de</strong></span> <span class='ocrx_word' id='word_1_68' title='bbox 1302 1469 1362 1528; x_wconf 93' lang='lat' dir='ltr'><strong>la</strong></span> <span class='ocrx_word' id='word_1_69' title='bbox 1391 1471 1570 1546; x_wconf 89' lang='lat' dir='ltr'><strong>Cruz,</strong></span> <span class='ocrx_word' id='word_1_70' title='bbox 1606 1488 1763 1549; x_wconf 90' lang='lat' dir='ltr'><strong>quos</strong></span> <span class='ocrx_word' id='word_1_71' title='bbox 1803 1472 1983 1532; x_wconf 83' lang='lat' dir='ltr'><strong>affert</strong></span> <span class='ocrx_word' id='word_1_72' title='bbox 2031 1475 2093 1531; x_wconf 90' lang='lat' dir='ltr'><strong>et</strong></span> <span class='ocrx_word' id='word_1_73' title='bbox 2131 1469 2417 1550; x_wconf 89' lang='lat' dir='ltr'><strong>sequitur</strong></span> 
     </span>
     <span class='ocr_line' id='line_1_13' title="bbox 885 1556 2413 1642; baseline 0.004 -25"><span class='ocrx_word' id='word_1_74' title='bbox 885 1556 1084 1617; x_wconf 88' lang='lat' dir='ltr'><strong>Diana</strong></span> <span class='ocrx_word' id='word_1_75' title='bbox 1112 1559 1174 1620; x_wconf 90' lang='lat' dir='ltr'><strong>d.</strong></span> <span class='ocrx_word' id='word_1_76' title='bbox 1208 1564 1360 1621; x_wconf 90' lang='lat' dir='ltr'><strong>tom.</strong></span> <span class='ocrx_word' id='word_1_77' title='bbox 1394 1578 1464 1623; x_wconf 91' lang='lat'><strong>11.</strong></span> <span class='ocrx_word' id='word_1_78' title='bbox 1499 1562 1648 1624; x_wconf 88' lang='lat' dir='ltr'><strong>dict.</strong></span> <span class='ocrx_word' id='word_1_79' title='bbox 1698 1563 1885 1626; x_wconf 83' lang='lat' dir='ltr'><strong>resol.</strong></span> <span class='ocrx_word' id='word_1_80' title='bbox 1924 1568 2021 1625; x_wconf 71' lang='lat'><strong>40.</strong></span> <span class='ocrx_word' id='word_1_81' title='bbox 2057 1564 2166 1642; x_wconf 90' lang='lat' dir='ltr'><strong>qui</strong></span> <span class='ocrx_word' id='word_1_82' title='bbox 2197 1567 2413 1641; x_wconf 89' lang='lat' dir='ltr'><strong>postea</strong></span> 
     </span>
     <span class='ocr_line' id='line_1_14' title="bbox 886 1649 2410 1735; baseline 0.005 -27"><span class='ocrx_word' id='word_1_83' title='bbox 886 1649 1075 1712; x_wconf 88' lang='lat' dir='ltr'><strong>resol.</strong></span> <span class='ocrx_word' id='word_1_84' title='bbox 1110 1656 1244 1714; x_wconf 81' lang='grc'><strong>132.</strong></span> <span class='ocrx_word' id='word_1_85' title='bbox 1292 1653 1470 1716; x_wconf 80' lang='lat' dir='ltr'><strong>addit</strong></span> <span class='ocrx_word' id='word_1_86' title='bbox 1524 1655 1910 1735; x_wconf 89' lang='lat' dir='ltr'><strong>Hippolitum</strong></span> <span class='ocrx_word' id='word_1_87' title='bbox 1965 1657 2044 1716; x_wconf 89' lang='lat' dir='ltr'><strong>de</strong></span> <span class='ocrx_word' id='word_1_88' title='bbox 2100 1656 2410 1731; x_wconf 76' lang='lat' dir='ltr'><strong>MarsiliiS,</strong></span> 
     </span>
     <span class='ocr_line' id='line_1_15' title="bbox 886 1744 2416 1828; baseline 0.001 -21"><span class='ocrx_word' id='word_1_89' title='bbox 886 1744 1307 1807; x_wconf 87' lang='lat' dir='ltr'><strong>Guillielmum</strong></span> <span class='ocrx_word' id='word_1_90' title='bbox 1333 1748 1765 1828; x_wconf 89' lang='lat' dir='ltr'><strong>Benedictum,</strong></span> <span class='ocrx_word' id='word_1_91' title='bbox 1801 1750 2165 1811; x_wconf 78' lang='lat' dir='ltr'><strong>Gratianum</strong></span> <span class='ocrx_word' id='word_1_92' title='bbox 2185 1794 2200 1824; x_wconf 93' lang='lat'>‚</span> <span class='ocrx_word' id='word_1_93' title='bbox 2234 1751 2416 1811; x_wconf 89' lang='lat' dir='ltr'><strong>Caro-</strong></span> 
     </span>
     <span class='ocr_line' id='line_1_16' title="bbox 883 1839 2414 1917; baseline 0.001 -17"><span class='ocrx_word' id='word_1_94' title='bbox 883 1839 1073 1915; x_wconf 82' lang='lat' dir='ltr'><strong>cium,</strong></span> <span class='ocrx_word' id='word_1_95' title='bbox 1106 1844 1171 1900; x_wconf 90' lang='lat' dir='ltr'><strong>et</strong></span> <span class='ocrx_word' id='word_1_96' title='bbox 1197 1840 1352 1902; x_wconf 89' lang='lat' dir='ltr'><strong>alios</strong></span> <span class='ocrx_word' id='word_1_97' title='bbox 1379 1840 1547 1901; x_wconf 89' lang='lat' dir='ltr'><strong>idem</strong></span> <span class='ocrx_word' id='word_1_98' title='bbox 1576 1843 1893 1904; x_wconf 83' lang='lat' dir='ltr'><strong>docentes,</strong></span> <span class='ocrx_word' id='word_1_99' title='bbox 1922 1843 2098 1917; x_wconf 89' lang='lat' dir='ltr'><strong>Quod</strong></span> <span class='ocrx_word' id='word_1_100' title='bbox 2118 1861 2268 1903; x_wconf 85' lang='lat' dir='ltr'><strong>vero</strong></span> <span class='ocrx_word' id='word_1_101' title='bbox 2289 1861 2414 1903; x_wconf 92' lang='lat' dir='ltr'><strong>non</strong></span> 
     </span>
     <span class='ocr_line' id='line_1_17' title="bbox 882 1931 2415 2015; baseline 0.001 -22"><span class='ocrx_word' id='word_1_102' title='bbox 882 1932 963 1993; x_wconf 83' lang='lat' dir='ltr'><strong>sit</strong></span> <span class='ocrx_word' id='word_1_103' title='bbox 997 1931 1199 1993; x_wconf 84' lang='lat' dir='ltr'><strong>solum</strong></span> <span class='ocrx_word' id='word_1_104' title='bbox 1255 1933 1319 1992; x_wconf 93' lang='lat' dir='ltr'><strong>in</strong></span> <span class='ocrx_word' id='word_1_105' title='bbox 1376 1934 1745 2011; x_wconf 86' lang='lat' dir='ltr'><strong>subsidium,</strong></span> <span class='ocrx_word' id='word_1_106' title='bbox 1804 1936 2055 2015; x_wconf 87' lang='lat' dir='ltr'><strong>quando</strong></span> <span class='ocrx_word' id='word_1_107' title='bbox 2100 1935 2246 1995; x_wconf 88' lang='lat' dir='ltr'><strong>laici</strong></span> <span class='ocrx_word' id='word_1_108' title='bbox 2289 1953 2415 1995; x_wconf 92' lang='lat' dir='ltr'><strong>non</strong></span> 
     </span>
     <span class='ocr_line' id='line_1_18' title="bbox 882 2025 2416 2107; baseline 0.001 -22"><span class='ocrx_word' id='word_1_109' title='bbox 882 2031 1164 2104; x_wconf 83' lang='lat' dir='ltr'><strong>possunt,</strong></span> <span class='ocrx_word' id='word_1_110' title='bbox 1199 2025 1425 2088; x_wconf 80' lang='lat' dir='ltr'><strong>docent</strong></span> <span class='ocrx_word' id='word_1_111' title='bbox 1453 2027 1557 2087; x_wconf 87' lang='lat' dir='ltr'><strong>alii</strong></span> <span class='ocrx_word' id='word_1_112' title='bbox 1588 2045 1745 2107; x_wconf 89' lang='lat' dir='ltr'><strong>quos</strong></span> <span class='ocrx_word' id='word_1_113' title='bbox 1773 2030 1992 2104; x_wconf 85' lang='lat' dir='ltr'><strong>affert,</strong></span> <span class='ocrx_word' id='word_1_114' title='bbox 2043 2033 2106 2089; x_wconf 90' lang='lat' dir='ltr'><strong>et</strong></span> <span class='ocrx_word' id='word_1_115' title='bbox 2133 2028 2416 2107; x_wconf 86' lang='lat' dir='ltr'><strong>sequitur</strong></span> 
     </span>
     <span class='ocr_line' id='line_1_19' title="bbox 884 2118 2408 2182; baseline 0.001 -3"><span class='ocrx_word' id='word_1_116' title='bbox 884 2118 1114 2179; x_wconf 82' lang='lat' dir='ltr'><strong>Sancb.</strong></span> <span class='ocrx_word' id='word_1_117' title='bbox 1148 2118 1295 2179; x_wconf 89' lang='lat' dir='ltr'><strong>dict.</strong></span> <span class='ocrx_word' id='word_1_118' title='bbox 1326 2119 1475 2180; x_wconf 90' lang='lat' dir='ltr'><strong>dub.</strong></span> <span class='ocrx_word' id='word_1_119' title='bbox 1511 2137 1607 2182; x_wconf 70' lang='lat' dir='ltr'><strong>nv.</strong></span> <span class='ocrx_word' id='word_1_120' title='bbox 1639 2140 1701 2181; x_wconf 92' lang='lat' dir='ltr'><strong>n.</strong></span> <span class='ocrx_word' id='word_1_121' title='bbox 1726 2124 1785 2182; x_wconf 86' lang='grc'><strong>6.</strong></span> <span class='ocrx_word' id='word_1_122' title='bbox 1810 2122 2083 2182; x_wconf 82' lang='lat' dir='ltr'><strong>Anchar.</strong></span> <span class='ocrx_word' id='word_1_123' title='bbox 2119 2120 2408 2182; x_wconf 88' lang='lat' dir='ltr'><strong>Menoch.</strong></span> 
     </span>
     <span class='ocr_line' id='line_1_20' title="bbox 883 2211 2414 2294; baseline 0.002 -24"><span class='ocrx_word' id='word_1_124' title='bbox 883 2215 950 2272; x_wconf 85' lang='lat' dir='ltr'><strong>et</strong></span> <span class='ocrx_word' id='word_1_125' title='bbox 970 2211 1198 2273; x_wconf 72' lang='lat' dir='ltr'><strong>(levall.</strong></span> <span class='ocrx_word' id='word_1_126' title='bbox 1233 2230 1376 2272; x_wconf 89' lang='lat' dir='ltr'><strong>cum</strong></span> <span class='ocrx_word' id='word_1_127' title='bbox 1408 2213 1543 2274; x_wconf 87' lang='lat' dir='ltr'><strong>aliis</strong></span> <span class='ocrx_word' id='word_1_128' title='bbox 1566 2260 1581 2290; x_wconf 93' lang='lat'><strong>,</strong></span> <span class='ocrx_word' id='word_1_129' title='bbox 1626 2233 1782 2294; x_wconf 92' lang='lat' dir='ltr'><strong>quos</strong></span> <span class='ocrx_word' id='word_1_130' title='bbox 1813 2217 1993 2275; x_wconf 78' lang='lat' dir='ltr'><strong>affert</strong></span> <span class='ocrx_word' id='word_1_131' title='bbox 2020 2216 2190 2275; x_wconf 91' lang='lat' dir='ltr'><strong>idem</strong></span> <span class='ocrx_word' id='word_1_132' title='bbox 2217 2214 2414 2274; x_wconf 82' lang='lat' dir='ltr'><strong>Diana</strong></span> 
     </span>
     <span class='ocr_line' id='line_1_21' title="bbox 879 2304 2414 2382; baseline 0.001 -18"><span class='ocrx_word' id='word_1_133' title='bbox 879 2306 1034 2364; x_wconf 85' lang='lat' dir='ltr'><strong>tom.</strong></span> <span class='ocrx_word' id='word_1_134' title='bbox 1068 2320 1130 2363; x_wconf 86' lang='lat' dir='ltr'><strong>v.</strong></span> <span class='ocrx_word' id='word_1_135' title='bbox 1161 2304 1310 2366; x_wconf 88' lang='lat' dir='ltr'><strong>dict.</strong></span> <span class='ocrx_word' id='word_1_136' title='bbox 1344 2324 1467 2367; x_wconf 81' lang='lat' dir='ltr'><strong>res,</strong></span> <span class='ocrx_word' id='word_1_137' title='bbox 1505 2310 1601 2368; x_wconf 81' lang='lat'><strong>11.</strong></span> <span class='ocrx_word' id='word_1_138' title='bbox 1634 2306 1761 2368; x_wconf 92' lang='lat' dir='ltr'><strong>imo</strong></span> <span class='ocrx_word' id='word_1_139' title='bbox 1792 2307 1969 2369; x_wconf 81' lang='lat' dir='ltr'><strong>addit</strong></span> <span class='ocrx_word' id='word_1_140' title='bbox 1998 2306 2305 2382; x_wconf 86' lang='lat' dir='ltr'><strong>Sanchez,</strong></span> <span class='ocrx_word' id='word_1_141' title='bbox 2339 2306 2414 2366; x_wconf 86' lang='lat' dir='ltr'><strong>li-</strong></span> 
     </span>
     <span class='ocr_line' id='line_1_22' title="bbox 882 2396 2406 2479; baseline 0.001 -24"><span class='ocrx_word' id='word_1_142' title='bbox 882 2400 983 2456; x_wconf 85' lang='lat' dir='ltr'><strong>cet</strong></span> <span class='ocrx_word' id='word_1_143' title='bbox 1026 2414 1101 2456; x_wconf 85' lang='lat' dir='ltr'><strong>ex</strong></span> <span class='ocrx_word' id='word_1_144' title='bbox 1145 2396 1325 2457; x_wconf 89' lang='lat' dir='ltr'><strong>bonis</strong></span> <span class='ocrx_word' id='word_1_145' title='bbox 1374 2400 1643 2479; x_wconf 89' lang='lat' dir='ltr'><strong>propriis</strong></span> <span class='ocrx_word' id='word_1_146' title='bbox 1698 2399 1989 2476; x_wconf 76' lang='lat' dir='ltr'><strong>civitatiS,</strong></span> <span class='ocrx_word' id='word_1_147' title='bbox 2026 2399 2122 2459; x_wconf 81' lang='lat' dir='ltr'><strong>vel</strong></span> <span class='ocrx_word' id='word_1_148' title='bbox 2172 2398 2406 2478; x_wconf 90' lang='lat' dir='ltr'><strong>oppidi,</strong></span> 
     </span>
     <span class='ocr_line' id='line_1_23' title="bbox 881 2489 2408 2570; baseline 0.003 -22"><span class='ocrx_word' id='word_1_149' title='bbox 881 2492 1091 2566; x_wconf 85' lang='lat' dir='ltr'><strong>posset</strong></span> <span class='ocrx_word' id='word_1_150' title='bbox 1114 2489 1267 2549; x_wconf 88' lang='lat' dir='ltr'><strong>illud</strong></span> <span class='ocrx_word' id='word_1_151' title='bbox 1297 2509 1453 2570; x_wconf 90' lang='lat' dir='ltr'><strong>opus</strong></span> <span class='ocrx_word' id='word_1_152' title='bbox 1482 2492 1615 2552; x_wconf 83' lang='lat' dir='ltr'><strong>fleri</strong></span> <span class='ocrx_word' id='word_1_153' title='bbox 1641 2538 1656 2569; x_wconf 94' lang='lat'><strong>,</strong></span> <span class='ocrx_word' id='word_1_154' title='bbox 1706 2492 1915 2553; x_wconf 90' lang='lat' dir='ltr'><strong>adhuc</strong></span> <span class='ocrx_word' id='word_1_155' title='bbox 1961 2493 2161 2555; x_wconf 90' lang='lat' dir='ltr'><strong>teneri</strong></span> <span class='ocrx_word' id='word_1_156' title='bbox 2208 2491 2408 2553; x_wconf 88' lang='lat' dir='ltr'><strong>eccle-</strong></span> 
     </span>
     <span class='ocr_line' id='line_1_24' title="bbox 879 2580 2414 2666; baseline 0.004 -26"><span class='ocrx_word' id='word_1_157' title='bbox 879 2580 1162 2643; x_wconf 88' lang='lat' dir='ltr'><strong>siasticos</strong></span> <span class='ocrx_word' id='word_1_158' title='bbox 1190 2584 1272 2644; x_wconf 87' lang='lat' dir='ltr'><strong>ad</strong></span> <span class='ocrx_word' id='word_1_159' title='bbox 1302 2585 1826 2646; x_wconf 83' lang='lat' dir='ltr'><strong>contribuendum</strong></span> <span class='ocrx_word' id='word_1_160' title='bbox 1846 2631 1862 2662; x_wconf 97' lang='lat'><strong>,</strong></span> <span class='ocrx_word' id='word_1_161' title='bbox 1916 2586 2063 2666; x_wconf 89' lang='lat' dir='ltr'><strong>quia</strong></span> <span class='ocrx_word' id='word_1_162' title='bbox 2109 2586 2216 2647; x_wconf 88' lang='lat' dir='ltr'><strong>illa</strong></span> <span class='ocrx_word' id='word_1_163' title='bbox 2244 2585 2414 2646; x_wconf 91' lang='lat' dir='ltr'><strong>bona</strong></span> 
     </span>
     <span class='ocr_line' id='line_1_25' title="bbox 879 2675 2418 2754; baseline 0.003 -21"><span class='ocrx_word' id='word_1_164' title='bbox 879 2675 1258 2754; x_wconf 87' lang='lat' dir='ltr'><strong>communia,</strong></span> <span class='ocrx_word' id='word_1_165' title='bbox 1317 2696 1461 2738; x_wconf 92' lang='lat' dir='ltr'><strong>cum</strong></span> <span class='ocrx_word' id='word_1_166' title='bbox 1516 2678 1641 2739; x_wconf 90' lang='lat' dir='ltr'><strong>sint</strong></span> <span class='ocrx_word' id='word_1_167' title='bbox 1695 2678 2005 2740; x_wconf 88' lang='lat' dir='ltr'><strong>destinata</strong></span> <span class='ocrx_word' id='word_1_168' title='bbox 2044 2679 2123 2740; x_wconf 87' lang='lat' dir='ltr'><strong>ad</strong></span> <span class='ocrx_word' id='word_1_169' title='bbox 2173 2679 2418 2739; x_wconf 85' lang='lat' dir='ltr'><strong>bonum</strong></span> 
     </span>
     <span class='ocr_line' id='line_1_26' title="bbox 878 2772 2412 2850; baseline 0.005 -23"><span class='ocrx_word' id='word_1_170' title='bbox 878 2783 1233 2846; x_wconf 72' lang='lat' dir='ltr'><strong>commune,</strong></span> <span class='ocrx_word' id='word_1_171' title='bbox 1257 2789 1380 2831; x_wconf 91' lang='lat' dir='ltr'><strong>non</strong></span> <span class='ocrx_word' id='word_1_172' title='bbox 1400 2775 1546 2832; x_wconf 88' lang='lat' dir='ltr'><strong>sunt</strong></span> <span class='ocrx_word' id='word_1_173' title='bbox 1560 2772 1968 2850; x_wconf 87' lang='lat' dir='ltr'><strong>expendenda</strong></span> <span class='ocrx_word' id='word_1_174' title='bbox 1996 2772 2058 2832; x_wconf 91' lang='lat' dir='ltr'><strong>in</strong></span> <span class='ocrx_word' id='word_1_175' title='bbox 2080 2774 2412 2835; x_wconf 84' lang='lat' dir='ltr'><strong>utilitatem</strong></span> 
     </span>
     <span class='ocr_line' id='line_1_27' title="bbox 880 2859 2411 2942; baseline 0.006 -23"><span class='ocrx_word' id='word_1_176' title='bbox 880 2859 1232 2939; x_wconf 87' lang='lat' dir='ltr'><strong>aliquorum</strong></span> <span class='ocrx_word' id='word_1_177' title='bbox 1287 2863 1779 2941; x_wconf 86' lang='lat' dir='ltr'><strong>particularium.</strong></span> <span class='ocrx_word' id='word_1_178' title='bbox 1839 2867 2034 2927; x_wconf 83' lang='lat' dir='ltr'><strong>Affert</strong></span> <span class='ocrx_word' id='word_1_179' title='bbox 2084 2865 2297 2942; x_wconf 88' lang='lat' dir='ltr'><strong>etiam,</strong></span> <span class='ocrx_word' id='word_1_180' title='bbox 2350 2872 2411 2928; x_wconf 90' lang='lat' dir='ltr'><strong>et</strong></span> 
     </span>
     <span class='ocr_line' id='line_1_28' title="bbox 878 2954 2411 3039; baseline 0.004 -26"><span class='ocrx_word' id='word_1_181' title='bbox 878 2954 1175 3032; x_wconf 89' lang='lat' dir='ltr'><strong>reprobat</strong></span> <span class='ocrx_word' id='word_1_182' title='bbox 1200 2956 1429 3017; x_wconf 90' lang='lat' dir='ltr'><strong>multos</strong></span> <span class='ocrx_word' id='word_1_183' title='bbox 1458 2956 1772 3035; x_wconf 80' lang='lat' dir='ltr'><strong>dicenteS,</strong></span> <span class='ocrx_word' id='word_1_184' title='bbox 1820 2977 2005 3037; x_wconf 88' lang='lat' dir='ltr'><strong>posse</strong></span> <span class='ocrx_word' id='word_1_185' title='bbox 2051 2963 2203 3020; x_wconf 86' lang='lat' dir='ltr'><strong>tunc</strong></span> <span class='ocrx_word' id='word_1_186' title='bbox 2239 2959 2411 3039; x_wconf 87' lang='lat' dir='ltr'><strong>judi-</strong></span> 
     </span>
     <span class='ocr_line' id='line_1_29' title="bbox 878 3047 2413 3129; baseline 0.004 -22"><span class='ocrx_word' id='word_1_187' title='bbox 878 3065 1014 3107; x_wconf 77' lang='lat' dir='ltr'><strong>cezn</strong></span> <span class='ocrx_word' id='word_1_188' title='bbox 1044 3047 1275 3109; x_wconf 89' lang='lat' dir='ltr'><strong>laicum</strong></span> <span class='ocrx_word' id='word_1_189' title='bbox 1314 3068 1541 3129; x_wconf 88' lang='lat' dir='ltr'><strong>cogere</strong></span> <span class='ocrx_word' id='word_1_190' title='bbox 1590 3051 1848 3113; x_wconf 89' lang='lat' dir='ltr'><strong>clericos</strong></span> <span class='ocrx_word' id='word_1_191' title='bbox 1889 3052 1969 3113; x_wconf 90' lang='lat' dir='ltr'><strong>ad</strong></span> <span class='ocrx_word' id='word_1_192' title='bbox 2016 3053 2413 3115; x_wconf 87' lang='lat' dir='ltr'><strong>contribuen-</strong></span> 
     </span>
     <span class='ocr_line' id='line_1_30' title="bbox 877 3139 2410 3225; baseline 0.005 -25"><span class='ocrx_word' id='word_1_193' title='bbox 877 3139 1028 3200; x_wconf 87' lang='lat' dir='ltr'><strong>dum</strong></span> <span class='ocrx_word' id='word_1_194' title='bbox 1057 3158 1181 3202; x_wconf 90' lang='lat' dir='ltr'><strong>non</strong></span> <span class='ocrx_word' id='word_1_195' title='bbox 1210 3143 1614 3223; x_wconf 89' lang='lat' dir='ltr'><strong>astringendo</strong></span> <span class='ocrx_word' id='word_1_196' title='bbox 1643 3163 1966 3225; x_wconf 83' lang='lat' dir='ltr'><strong>personaS,</strong></span> <span class='ocrx_word' id='word_1_197' title='bbox 1991 3146 2101 3208; x_wconf 90' lang='lat' dir='ltr'><strong>sed</strong></span> <span class='ocrx_word' id='word_1_198' title='bbox 2124 3166 2199 3208; x_wconf 87' lang='lat' dir='ltr'><strong>ex</strong></span> <span class='ocrx_word' id='word_1_199' title='bbox 2228 3147 2410 3209; x_wconf 90' lang='lat' dir='ltr'><strong>bonis</strong></span> 
     </span>
     <span class='ocr_line' id='line_1_31' title="bbox 875 3232 1382 3315; baseline 0.014 -23"><span class='ocrx_word' id='word_1_200' title='bbox 875 3232 1027 3313; x_wconf 89' lang='lat' dir='ltr'><strong>ipsis</strong></span> <span class='ocrx_word' id='word_1_201' title='bbox 1055 3236 1382 3315; x_wconf 76' lang='lat' dir='ltr'><strong>capiendo·</strong></span> 
     </span>
    </p>

    <p class='ocr_par' dir='ltr' id='par_1_4' title="bbox 869 3328 2410 5649">
     <span class='ocr_line' id='line_1_32' title="bbox 959 3328 2410 3413; baseline 0.004 -26"><span class='ocrx_word' id='word_1_202' title='bbox 959 3329 1090 3406; x_wconf 82' lang='lat' dir='ltr'><strong>Ego</strong></span> <span class='ocrx_word' id='word_1_203' title='bbox 1116 3329 1182 3388; x_wconf 91' lang='lat' dir='ltr'><strong>in</strong></span> <span class='ocrx_word' id='word_1_204' title='bbox 1212 3328 1332 3390; x_wconf 92' lang='lat' dir='ltr'><strong>hoc</strong></span> <span class='ocrx_word' id='word_1_205' title='bbox 1359 3348 1505 3392; x_wconf 84' lang='lat' dir='ltr'><strong>casu</strong></span> <span class='ocrx_word' id='word_1_206' title='bbox 1529 3330 2039 3411; x_wconf 89' lang='lat' dir='ltr'><strong>distinguendum</strong></span> <span class='ocrx_word' id='word_1_207' title='bbox 2061 3337 2213 3412; x_wconf 89' lang='lat' dir='ltr'><strong>puto</strong></span> <span class='ocrx_word' id='word_1_208' title='bbox 2236 3353 2249 3394; x_wconf 90' lang='lat'>:</span> <span class='ocrx_word' id='word_1_209' title='bbox 2269 3352 2410 3413; x_wconf 91' lang='lat' dir='ltr'><strong>pos-</strong></span> 
     </span>
     <span class='ocr_line' id='line_1_33' title="bbox 877 3421 2408 3505; baseline 0.005 -25"><span class='ocrx_word' id='word_1_210' title='bbox 877 3424 1025 3481; x_wconf 79' lang='lat' dir='ltr'><strong>sunt</strong></span> <span class='ocrx_word' id='word_1_211' title='bbox 1048 3421 1215 3482; x_wconf 84' lang='lat' dir='ltr'><strong>enim</strong></span> <span class='ocrx_word' id='word_1_212' title='bbox 1241 3427 1391 3485; x_wconf 86' lang='lat' dir='ltr'><strong>tunc</strong></span> <span class='ocrx_word' id='word_1_213' title='bbox 1418 3425 1859 3502; x_wconf 85' lang='lat' dir='ltr'><strong>ecclesiastici,</strong></span> <span class='ocrx_word' id='word_1_214' title='bbox 1905 3445 2173 3505; x_wconf 89' lang='lat' dir='ltr'><strong>quorum</strong></span> <span class='ocrx_word' id='word_1_215' title='bbox 2216 3427 2408 3488; x_wconf 89' lang='lat' dir='ltr'><strong>inter-</strong></span> 
     </span>
     <span class='ocr_line' id='line_1_34' title="bbox 876 3516 2401 3597; baseline 0.005 -24"><span class='ocrx_word' id='word_1_216' title='bbox 876 3531 1014 3574; x_wconf 81' lang='lat' dir='ltr'><strong>esse</strong></span> <span class='ocrx_word' id='word_1_217' title='bbox 1052 3516 1278 3594; x_wconf 82' lang='lat' dir='ltr'><strong>agitur,</strong></span> <span class='ocrx_word' id='word_1_218' title='bbox 1339 3521 1401 3578; x_wconf 91' lang='lat' dir='ltr'><strong>et</strong></span> <span class='ocrx_word' id='word_1_219' title='bbox 1453 3518 1557 3596; x_wconf 90' lang='lat' dir='ltr'><strong>qui</strong></span> <span class='ocrx_word' id='word_1_220' title='bbox 1615 3519 1851 3597; x_wconf 87' lang='lat' dir='ltr'><strong>praedia</strong></span> <span class='ocrx_word' id='word_1_221' title='bbox 1897 3519 2133 3581; x_wconf 85' lang='lat' dir='ltr'><strong>habent</strong></span> <span class='ocrx_word' id='word_1_222' title='bbox 2174 3520 2401 3595; x_wconf 86' lang='lat' dir='ltr'><strong>vicina,</strong></span> 
     </span>
     <span class='ocr_line' id='line_1_35' title="bbox 877 3607 2408 3690; baseline 0.005 -23"><span class='ocrx_word' id='word_1_223' title='bbox 877 3607 1105 3686; x_wconf 88' lang='lat' dir='ltr'><strong>quibus</strong></span> <span class='ocrx_word' id='word_1_224' title='bbox 1152 3609 1486 3671; x_wconf 81' lang='lat' dir='ltr'><strong>subvenire</strong></span> <span class='ocrx_word' id='word_1_225' title='bbox 1529 3611 1902 3688; x_wconf 88' lang='lat' dir='ltr'><strong>intenditur,</strong></span> <span class='ocrx_word' id='word_1_226' title='bbox 1936 3613 2270 3673; x_wconf 82' lang='lat' dir='ltr'><strong>convenire</strong></span> <span class='ocrx_word' id='word_1_227' title='bbox 2294 3661 2309 3690; x_wconf 92' lang='lat'><strong>,</strong></span> <span class='ocrx_word' id='word_1_228' title='bbox 2345 3617 2408 3675; x_wconf 89' lang='lat' dir='ltr'><strong>et</strong></span> 
     </span>
     <span class='ocr_line' id='line_1_36' title="bbox 872 3702 2407 3782; baseline 0.003 -21"><span class='ocrx_word' id='word_1_229' title='bbox 872 3705 1057 3779; x_wconf 86' lang='lat' dir='ltr'><strong>pacto</strong></span> <span class='ocrx_word' id='word_1_230' title='bbox 1087 3719 1153 3762; x_wconf 89' lang='lat' dir='ltr'><strong>se</strong></span> <span class='ocrx_word' id='word_1_231' title='bbox 1183 3702 1460 3782; x_wconf 89' lang='lat' dir='ltr'><strong>obligare</strong></span> <span class='ocrx_word' id='word_1_232' title='bbox 1506 3705 1586 3764; x_wconf 87' lang='lat' dir='ltr'><strong>ad</strong></span> <span class='ocrx_word' id='word_1_233' title='bbox 1634 3706 2159 3766; x_wconf 86' lang='lat' dir='ltr'><strong>contribuendum</strong></span> <span class='ocrx_word' id='word_1_234' title='bbox 2189 3707 2266 3766; x_wconf 89' lang='lat' dir='ltr'><strong>ad</strong></span> <span class='ocrx_word' id='word_1_235' title='bbox 2300 3726 2407 3766; x_wconf 84' lang='lat' dir='ltr'><strong>ex-</strong></span> 
     </span>
     <span class='ocr_line' id='line_1_37' title="bbox 871 3797 2406 3875; baseline 0.004 -22"><span class='ocrx_word' id='word_1_236' title='bbox 871 3811 1098 3871; x_wconf 88' lang='lat' dir='ltr'><strong>pensas</strong></span> <span class='ocrx_word' id='word_1_237' title='bbox 1126 3814 1241 3875; x_wconf 88' lang='lat' dir='ltr'><strong>pro</strong></span> <span class='ocrx_word' id='word_1_238' title='bbox 1269 3801 1448 3875; x_wconf 87' lang='lat' dir='ltr'><strong>parte</strong></span> <span class='ocrx_word' id='word_1_239' title='bbox 1468 3816 1580 3858; x_wconf 87' lang='lat' dir='ltr'><strong>sua</strong></span> <span class='ocrx_word' id='word_1_240' title='bbox 1612 3817 1627 3858; x_wconf 92' lang='lat'>:</span> <span class='ocrx_word' id='word_1_241' title='bbox 1660 3798 1758 3858; x_wconf 85' lang='lat' dir='ltr'><strong>vel</strong></span> <span class='ocrx_word' id='word_1_242' title='bbox 1790 3802 1996 3875; x_wconf 86' lang='lat' dir='ltr'><strong>potest</strong></span> <span class='ocrx_word' id='word_1_243' title='bbox 2021 3797 2160 3859; x_wconf 83' lang='lat' dir='ltr'><strong>hoec</strong></span> <span class='ocrx_word' id='word_1_244' title='bbox 2175 3800 2406 3861; x_wconf 88' lang='lat' dir='ltr'><strong>contri-</strong></span> 
     </span>
     <span class='ocr_line' id='line_1_38' title="bbox 871 3885 2405 3971; baseline 0.005 -25"><span class='ocrx_word' id='word_1_245' title='bbox 871 3885 1045 3948; x_wconf 81' lang='lat' dir='ltr'><strong>butio</strong></span> <span class='ocrx_word' id='word_1_246' title='bbox 1074 3887 1193 3948; x_wconf 79' lang='lat' dir='ltr'><strong>illis</strong></span> <span class='ocrx_word' id='word_1_247' title='bbox 1221 3889 1458 3968; x_wconf 90' lang='lat' dir='ltr'><strong>imponi</strong></span> <span class='ocrx_word' id='word_1_248' title='bbox 1485 3908 1601 3969; x_wconf 89' lang='lat' dir='ltr'><strong>per</strong></span> <span class='ocrx_word' id='word_1_249' title='bbox 1626 3890 1884 3951; x_wconf 90' lang='lat' dir='ltr'><strong>modum</strong></span> <span class='ocrx_word' id='word_1_250' title='bbox 1912 3891 2131 3952; x_wconf 91' lang='lat' dir='ltr'><strong>tributi</strong></span> <span class='ocrx_word' id='word_1_251' title='bbox 2159 3909 2195 3951; x_wconf 88' lang='lat' dir='ltr'><strong>a</strong></span> <span class='ocrx_word' id='word_1_252' title='bbox 2223 3911 2405 3971; x_wconf 86' lang='lat' dir='ltr'><strong>supe-</strong></span> 
     </span>
     <span class='ocr_line' id='line_1_39' title="bbox 869 3977 2405 4062; baseline 0.004 -23"><span class='ocrx_word' id='word_1_253' title='bbox 869 3977 1056 4040; x_wconf 82' lang='lat' dir='ltr'><strong>riore.</strong></span> <span class='ocrx_word' id='word_1_254' title='bbox 1090 3983 1159 4042; x_wconf 95' lang='lat' dir='ltr'><strong>In</strong></span> <span class='ocrx_word' id='word_1_255' title='bbox 1187 3983 1392 4061; x_wconf 89' lang='lat' dir='ltr'><strong>primo</strong></span> <span class='ocrx_word' id='word_1_256' title='bbox 1421 4001 1566 4044; x_wconf 86' lang='lat' dir='ltr'><strong>casu</strong></span> <span class='ocrx_word' id='word_1_257' title='bbox 1590 4001 1806 4044; x_wconf 86' lang='lat' dir='ltr'><strong>veram</strong></span> <span class='ocrx_word' id='word_1_258' title='bbox 1836 4002 1972 4045; x_wconf 89' lang='lat' dir='ltr'><strong>esse</strong></span> <span class='ocrx_word' id='word_1_259' title='bbox 2001 3990 2153 4062; x_wconf 88' lang='lat' dir='ltr'><strong>puto</strong></span> <span class='ocrx_word' id='word_1_260' title='bbox 2181 4003 2405 4046; x_wconf 89' lang='lat' dir='ltr'><strong>secun-</strong></span> 
     </span>
     <span class='ocr_line' id='line_1_40' title="bbox 872 4072 2402 4156; baseline 0.005 -25"><span class='ocrx_word' id='word_1_261' title='bbox 872 4072 1021 4133; x_wconf 88' lang='lat' dir='ltr'><strong>dam</strong></span> <span class='ocrx_word' id='word_1_262' title='bbox 1075 4076 1450 4137; x_wconf 85' lang='lat' dir='ltr'><strong>sententiam</strong></span> <span class='ocrx_word' id='word_1_263' title='bbox 1475 4122 1490 4153; x_wconf 91' lang='lat'><strong>,</strong></span> <span class='ocrx_word' id='word_1_264' title='bbox 1561 4094 1675 4137; x_wconf 91' lang='lat' dir='ltr'><strong>nec</strong></span> <span class='ocrx_word' id='word_1_265' title='bbox 1738 4077 1974 4156; x_wconf 85' lang='lat' dir='ltr'><strong>requiri</strong></span> <span class='ocrx_word' id='word_1_266' title='bbox 2029 4096 2402 4139; x_wconf 89' lang='lat' dir='ltr'><strong>consensum</strong></span> 
     </span>
     <span class='ocr_line' id='line_1_41' title="bbox 871 4167 2402 4252; baseline 0.004 -26"><span class='ocrx_word' id='word_1_267' title='bbox 871 4167 1101 4227; x_wconf 89' lang='lat' dir='ltr'><strong>summi</strong></span> <span class='ocrx_word' id='word_1_268' title='bbox 1131 4168 1477 4244; x_wconf 76' lang='lat' dir='ltr'><strong>PontificiS,</strong></span> <span class='ocrx_word' id='word_1_269' title='bbox 1511 4169 1659 4248; x_wconf 87' lang='lat' dir='ltr'><strong>quia</strong></span> <span class='ocrx_word' id='word_1_270' title='bbox 1687 4169 1841 4230; x_wconf 89' lang='lat' dir='ltr'><strong>illud</strong></span> <span class='ocrx_word' id='word_1_271' title='bbox 1872 4188 1996 4231; x_wconf 91' lang='lat' dir='ltr'><strong>non</strong></span> <span class='ocrx_word' id='word_1_272' title='bbox 2026 4175 2123 4232; x_wconf 91' lang='lat' dir='ltr'><strong>est</strong></span> <span class='ocrx_word' id='word_1_273' title='bbox 2150 4172 2402 4252; x_wconf 86' lang='lat' dir='ltr'><strong>proprie</strong></span> 
     </span>
     <span class='ocr_line' id='line_1_42' title="bbox 869 4257 2402 4342; baseline 0.003 -23"><span class='ocrx_word' id='word_1_274' title='bbox 869 4257 1172 4321; x_wconf 83' lang='lat' dir='ltr'><strong>tributum</strong></span> <span class='ocrx_word' id='word_1_275' title='bbox 1196 4307 1212 4337; x_wconf 94' lang='lat'><strong>,</strong></span> <span class='ocrx_word' id='word_1_276' title='bbox 1264 4261 1376 4322; x_wconf 87' lang='lat' dir='ltr'><strong>sed</strong></span> <span class='ocrx_word' id='word_1_277' title='bbox 1422 4262 1800 4323; x_wconf 85' lang='lat' dir='ltr'><strong>contributio</strong></span> <span class='ocrx_word' id='word_1_278' title='bbox 1832 4281 2019 4342; x_wconf 90' lang='lat' dir='ltr'><strong>quam</strong></span> <span class='ocrx_word' id='word_1_279' title='bbox 2049 4263 2301 4341; x_wconf 89' lang='lat' dir='ltr'><strong>ipsimet</strong></span> <span class='ocrx_word' id='word_1_280' title='bbox 2328 4284 2402 4324; x_wconf 76' lang='lat' dir='ltr'><strong>ex</strong></span> 
     </span>
     <span class='ocr_line' id='line_1_43' title="bbox 871 4354 2401 4436; baseline 0.002 -23"><span class='ocrx_word' id='word_1_281' title='bbox 871 4356 1055 4431; x_wconf 86' lang='lat' dir='ltr'><strong>pacto</strong></span> <span class='ocrx_word' id='word_1_282' title='bbox 1083 4354 1198 4415; x_wconf 91' lang='lat' dir='ltr'><strong>sibi</strong></span> <span class='ocrx_word' id='word_1_283' title='bbox 1222 4355 1555 4434; x_wconf 91' lang='lat' dir='ltr'><strong>imponunt</strong></span> <span class='ocrx_word' id='word_1_284' title='bbox 1581 4359 1839 4433; x_wconf 86' lang='lat' dir='ltr'><strong>propter</strong></span> <span class='ocrx_word' id='word_1_285' title='bbox 1864 4356 2164 4418; x_wconf 89' lang='lat' dir='ltr'><strong>interesse</strong></span> <span class='ocrx_word' id='word_1_286' title='bbox 2182 4403 2199 4434; x_wconf 88' lang='lat'><strong>,</strong></span> <span class='ocrx_word' id='word_1_287' title='bbox 2233 4357 2401 4436; x_wconf 91' lang='lat' dir='ltr'><strong>quod</strong></span> 
     </span>
     <span class='ocr_line' id='line_1_44' title="bbox 873 4445 2401 4526; baseline 0.004 -21"><span class='ocrx_word' id='word_1_288' title='bbox 873 4445 1128 4523; x_wconf 88' lang='lat' dir='ltr'><strong>habent,</strong></span> <span class='ocrx_word' id='word_1_289' title='bbox 1162 4465 1280 4508; x_wconf 86' lang='lat' dir='ltr'><strong>nec</strong></span> <span class='ocrx_word' id='word_1_290' title='bbox 1301 4452 1453 4508; x_wconf 90' lang='lat' dir='ltr'><strong>tunc</strong></span> <span class='ocrx_word' id='word_1_291' title='bbox 1481 4448 1716 4509; x_wconf 86' lang='lat' dir='ltr'><strong>attendi</strong></span> <span class='ocrx_word' id='word_1_292' title='bbox 1748 4449 1968 4526; x_wconf 89' lang='lat' dir='ltr'><strong>debet,</strong></span> <span class='ocrx_word' id='word_1_293' title='bbox 2010 4469 2089 4510; x_wconf 89' lang='lat' dir='ltr'><strong>an</strong></span> <span class='ocrx_word' id='word_1_294' title='bbox 2114 4450 2259 4511; x_wconf 85' lang='lat' dir='ltr'><strong>laici</strong></span> <span class='ocrx_word' id='word_1_295' title='bbox 2287 4452 2401 4512; x_wconf 88' lang='lat' dir='ltr'><strong>soli</strong></span> 
     </span>
     <span class='ocr_line' id='line_1_45' title="bbox 871 4540 2398 4618; baseline 0.003 -19"><span class='ocrx_word' id='word_1_296' title='bbox 871 4540 1113 4617; x_wconf 88' lang='lat' dir='ltr'><strong>possint</strong></span> <span class='ocrx_word' id='word_1_297' title='bbox 1140 4558 1446 4618; x_wconf 80' lang='lat' dir='ltr'><strong>expensas</strong></span> <span class='ocrx_word' id='word_1_298' title='bbox 1465 4542 1729 4604; x_wconf 85' lang='lat' dir='ltr'><strong>solvere.</strong></span> <span class='ocrx_word' id='word_1_299' title='bbox 1749 4544 1828 4603; x_wconf 83' lang='lat' dir='ltr'><strong>Et</strong></span> <span class='ocrx_word' id='word_1_300' title='bbox 1846 4544 1908 4603; x_wconf 92' lang='lat' dir='ltr'><strong>in</strong></span> <span class='ocrx_word' id='word_1_301' title='bbox 1938 4543 2058 4604; x_wconf 91' lang='lat' dir='ltr'><strong>hoc</strong></span> <span class='ocrx_word' id='word_1_302' title='bbox 2079 4562 2262 4604; x_wconf 91' lang='lat' dir='ltr'><strong>sensu</strong></span> <span class='ocrx_word' id='word_1_303' title='bbox 2294 4562 2398 4604; x_wconf 88' lang='lat' dir='ltr'><strong>ac-</strong></span> 
     </span>
     <span class='ocr_line' id='line_1_46' title="bbox 872 4631 2396 4715; baseline 0.003 -23"><span class='ocrx_word' id='word_1_304' title='bbox 872 4631 1231 4711; x_wconf 88' lang='lat' dir='ltr'><strong>cipiendum</strong></span> <span class='ocrx_word' id='word_1_305' title='bbox 1287 4634 1535 4695; x_wconf 87' lang='lat' dir='ltr'><strong>videtur</strong></span> <span class='ocrx_word' id='word_1_306' title='bbox 1589 4636 1758 4714; x_wconf 85' lang='lat' dir='ltr'><strong>quod</strong></span> <span class='ocrx_word' id='word_1_307' title='bbox 1832 4635 2021 4715; x_wconf 76' lang='lat' dir='ltr'><strong>aliqui</strong></span> <span class='ocrx_word' id='word_1_308' title='bbox 2079 4639 2396 4713; x_wconf 89' lang='lat' dir='ltr'><strong>notarunt,</strong></span> 
     </span>
     <span class='ocr_line' id='line_1_47' title="bbox 869 4727 2402 4805; baseline 0.001 -18"><span class='ocrx_word' id='word_1_309' title='bbox 869 4729 1021 4787; x_wconf 87' lang='lat' dir='ltr'><strong>tunc</strong></span> <span class='ocrx_word' id='word_1_310' title='bbox 1048 4727 1500 4805; x_wconf 85' lang='lat' dir='ltr'><strong>exquirendum</strong></span> <span class='ocrx_word' id='word_1_311' title='bbox 1535 4748 1671 4790; x_wconf 86' lang='lat' dir='ltr'><strong>esse</strong></span> <span class='ocrx_word' id='word_1_312' title='bbox 1719 4747 2093 4790; x_wconf 87' lang='lat' dir='ltr'><strong>consensum</strong></span> <span class='ocrx_word' id='word_1_313' title='bbox 2121 4730 2402 4789; x_wconf 90' lang='lat' dir='ltr'><strong>omnium</strong></span> 
     </span>
     <span class='ocr_line' id='line_1_48' title="bbox 872 4819 2397 4902; baseline 0.004 -24"><span class='ocrx_word' id='word_1_314' title='bbox 872 4819 980 4898; x_wconf 88' lang='lat' dir='ltr'><strong>qui</strong></span> <span class='ocrx_word' id='word_1_315' title='bbox 999 4819 1299 4880; x_wconf 79' lang='lat' dir='ltr'><strong>interesse</strong></span> <span class='ocrx_word' id='word_1_316' title='bbox 1319 4820 1572 4899; x_wconf 85' lang='lat' dir='ltr'><strong>habent,</strong></span> <span class='ocrx_word' id='word_1_317' title='bbox 1594 4823 1762 4902; x_wconf 92' lang='lat' dir='ltr'><strong>quod</strong></span> <span class='ocrx_word' id='word_1_318' title='bbox 1788 4823 2001 4884; x_wconf 85' lang='lat' dir='ltr'><strong>docuit</strong></span> <span class='ocrx_word' id='word_1_319' title='bbox 2014 4823 2227 4883; x_wconf 83' lang='lat' dir='ltr'><strong>Molin.</strong></span> <span class='ocrx_word' id='word_1_320' title='bbox 2247 4823 2397 4884; x_wconf 90' lang='lat' dir='ltr'><strong>dict.</strong></span> 
     </span>
     <span class='ocr_line' id='line_1_49' title="bbox 872 4911 2401 4992; baseline 0.002 -20"><span class='ocrx_word' id='word_1_321' title='bbox 872 4911 1032 4992; x_wconf 85' lang='lat' dir='ltr'><strong>disp.</strong></span> <span class='ocrx_word' id='word_1_322' title='bbox 1065 4916 1203 4974; x_wconf 76' lang='grc'><strong>672.</strong></span> <span class='ocrx_word' id='word_1_323' title='bbox 1238 4931 1298 4975; x_wconf 92' lang='lat' dir='ltr'><strong>n.</strong></span> <span class='ocrx_word' id='word_1_324' title='bbox 1331 4919 1389 4975; x_wconf 69' lang='lat'><strong>4.</strong></span> <span class='ocrx_word' id='word_1_325' title='bbox 1424 4916 1486 4975; x_wconf 92' lang='lat' dir='ltr'><strong>in</strong></span> <span class='ocrx_word' id='word_1_326' title='bbox 1516 4917 1661 4991; x_wconf 86' lang='lat' dir='ltr'><strong>fine,</strong></span> <span class='ocrx_word' id='word_1_327' title='bbox 1687 4915 1784 4976; x_wconf 88' lang='lat' dir='ltr'><strong>his</strong></span> <span class='ocrx_word' id='word_1_328' title='bbox 1810 4915 2020 4976; x_wconf 84' lang='lat' dir='ltr'><strong>verbis</strong></span> <span class='ocrx_word' id='word_1_329' title='bbox 2054 4936 2067 4977; x_wconf 91' lang='lat'>:</span> <span class='ocrx_word' id='word_1_330' title='bbox 2104 4936 2133 4971; x_wconf 75' lang='grc' dir='ltr'><strong>(ι</strong></span> <span class='ocrx_word' id='word_1_331' title='bbox 2162 4918 2317 4991; x_wconf 82' lang='grc' dir='ltr'>Ιιῐιο,</span> <span class='ocrx_word' id='word_1_332' title='bbox 2351 4916 2401 4976; x_wconf 92' lang='lat' dir='ltr'><strong>si</strong></span> 
     </span>
     <span class='ocr_line' id='line_1_50' title="bbox 871 5007 2404 5087; baseline 0.002 -21"><span class='ocrx_word' id='word_1_333' title='bbox 871 5025 972 5067; x_wconf 87' lang='lat' dir='ltr'><strong>res</strong></span> <span class='ocrx_word' id='word_1_334' title='bbox 1000 5007 1077 5067; x_wconf 84' lang='lat' dir='ltr'><strong>ad</strong></span> <span class='ocrx_word' id='word_1_335' title='bbox 1110 5008 1340 5069; x_wconf 84' lang='lat' dir='ltr'><strong>multos</strong></span> <span class='ocrx_word' id='word_1_336' title='bbox 1367 5008 1822 5070; x_wconf 84' lang='lat' dir='ltr'><strong>ecclesiasticos</strong></span> <span class='ocrx_word' id='word_1_337' title='bbox 1868 5007 2215 5087; x_wconf 79' lang='lat' dir='ltr'><strong>pertineat,</strong></span> <span class='ocrx_word' id='word_1_338' title='bbox 2266 5010 2404 5069; x_wconf 90' lang='lat' dir='ltr'><strong>fieri</strong></span> 
     </span>
     <span class='ocr_line' id='line_1_51' title="bbox 872 5100 2404 5179; baseline 0.001 -20"><span class='ocrx_word' id='word_1_339' title='bbox 872 5100 1081 5176; x_wconf 85' lang='lat' dir='ltr'><strong>debet,</strong></span> <span class='ocrx_word' id='word_1_340' title='bbox 1115 5118 1238 5161; x_wconf 92' lang='lat' dir='ltr'><strong>non</strong></span> <span class='ocrx_word' id='word_1_341' title='bbox 1267 5102 1470 5162; x_wconf 88' lang='lat' dir='ltr'><strong>solum</strong></span> <span class='ocrx_word' id='word_1_342' title='bbox 1499 5102 1577 5161; x_wconf 87' lang='lat' dir='ltr'><strong>de</strong></span> <span class='ocrx_word' id='word_1_343' title='bbox 1607 5120 1915 5162; x_wconf 90' lang='lat' dir='ltr'><strong>consensu</strong></span> <span class='ocrx_word' id='word_1_344' title='bbox 1945 5102 2269 5179; x_wconf 84' lang='lat' dir='ltr'><strong>laicorum,</strong></span> <span class='ocrx_word' id='word_1_345' title='bbox 2292 5103 2404 5162; x_wconf 83' lang='lat' dir='ltr'><strong>sed</strong></span> 
     </span>
     <span class='ocr_line' id='line_1_52' title="bbox 874 5193 2399 5270; baseline 0.003 -17"><span class='ocrx_word' id='word_1_346' title='bbox 874 5193 1062 5254; x_wconf 87' lang='lat' dir='ltr'><strong>etiam</strong></span> <span class='ocrx_word' id='word_1_347' title='bbox 1092 5195 1678 5270; x_wconf 83' lang='lat' dir='ltr'><strong>ecclesiasticorum,</strong></span> <span class='ocrx_word' id='word_1_348' title='bbox 1705 5194 1919 5256; x_wconf 87' lang='lat' dir='ltr'><strong>habita</strong></span> <span class='ocrx_word' id='word_1_349' title='bbox 1946 5213 2020 5255; x_wconf 86' lang='lat' dir='ltr'><strong>ea</strong></span> <span class='ocrx_word' id='word_1_350' title='bbox 2050 5196 2128 5256; x_wconf 90' lang='lat' dir='ltr'><strong>de</strong></span> <span class='ocrx_word' id='word_1_351' title='bbox 2158 5215 2225 5256; x_wconf 89' lang='lat' dir='ltr'><strong>re</strong></span> <span class='ocrx_word' id='word_1_352' title='bbox 2250 5215 2399 5257; x_wconf 88' lang='lat' dir='ltr'><strong>con-</strong></span> 
     </span>
     <span class='ocr_line' id='line_1_53' title="bbox 875 5287 2397 5367; baseline 0.003 -21"><span class='ocrx_word' id='word_1_353' title='bbox 875 5287 1205 5348; x_wconf 85' lang='lat' dir='ltr'><strong>sultatione</strong></span> <span class='ocrx_word' id='word_1_354' title='bbox 1236 5288 1398 5348; x_wconf 87' lang='lat' dir='ltr'><strong>inter</strong></span> <span class='ocrx_word' id='word_1_355' title='bbox 1425 5287 1809 5367; x_wconf 89' lang='lat' dir='ltr'><strong>episcopum,</strong></span> <span class='ocrx_word' id='word_1_356' title='bbox 1829 5292 1893 5348; x_wconf 88' lang='lat' dir='ltr'><strong>et</strong></span> <span class='ocrx_word' id='word_1_357' title='bbox 1924 5289 2397 5350; x_wconf 83' lang='lat' dir='ltr'><strong>ecclesiasticos.</strong></span> 
     </span>
     <span class='ocr_line' id='line_1_54' title="bbox 875 5379 2402 5456; baseline 0.002 -16"><span class='ocrx_word' id='word_1_358' title='bbox 875 5380 1051 5453; x_wconf 87' lang='lat' dir='ltr'><strong>Quod</strong></span> <span class='ocrx_word' id='word_1_359' title='bbox 1081 5381 1248 5440; x_wconf 88' lang='lat' dir='ltr'><strong>enim</strong></span> <span class='ocrx_word' id='word_1_360' title='bbox 1278 5382 1358 5440; x_wconf 88' lang='lat' dir='ltr'><strong>ad</strong></span> <span class='ocrx_word' id='word_1_361' title='bbox 1388 5381 1668 5441; x_wconf 84' lang='lat' dir='ltr'><strong>diversos</strong></span> <span class='ocrx_word' id='word_1_362' title='bbox 1696 5379 1953 5456; x_wconf 81' lang='lat' dir='ltr'><strong>attinet,</strong></span> <span class='ocrx_word' id='word_1_363' title='bbox 2005 5382 2084 5442; x_wconf 90' lang='lat' dir='ltr'><strong>de</strong></span> <span class='ocrx_word' id='word_1_364' title='bbox 2121 5383 2402 5444; x_wconf 88' lang='lat' dir='ltr'><strong>omnium</strong></span> 
     </span>
     <span class='ocr_line' id='line_1_55' title="bbox 874 5474 2401 5554; baseline 0.003 -21"><span class='ocrx_word' id='word_1_365' title='bbox 874 5491 1182 5534; x_wconf 87' lang='lat' dir='ltr'><strong>consensu</strong></span> <span class='ocrx_word' id='word_1_366' title='bbox 1229 5474 1447 5549; x_wconf 83' lang='lat' dir='ltr'><strong>statui,</strong></span> <span class='ocrx_word' id='word_1_367' title='bbox 1491 5475 1901 5554; x_wconf 82' lang='lat' dir='ltr'><strong>mandarique</strong></span> <span class='ocrx_word' id='word_1_368' title='bbox 1948 5476 2139 5537; x_wconf 82' lang='lat' dir='ltr'><strong>debet</strong></span> <span class='ocrx_word' id='word_1_369' title='bbox 2176 5495 2401 5537; x_wconf 87' lang='lat' dir='ltr'><strong>execu-</strong></span> 
     </span>
     <span class='ocr_line' id='line_1_56' title="bbox 873 5566 2399 5649; baseline 0.003 -21"><span class='ocrx_word' id='word_1_370' title='bbox 873 5566 1050 5629; x_wconf 88' lang='lat' dir='ltr'><strong>tioni.</strong></span> <span class='ocrx_word' id='word_1_371' title='bbox 1095 5569 1189 5630; x_wconf 80' lang='lat' dir='ltr'><strong>lta</strong></span> <span class='ocrx_word' id='word_1_372' title='bbox 1243 5567 1582 5629; x_wconf 85' lang='lat' dir='ltr'><strong>Panormit.</strong></span> <span class='ocrx_word' id='word_1_373' title='bbox 1626 5586 1766 5649; x_wconf 79' lang='lat' dir='ltr'><strong>cap.</strong></span> <span class='ocrx_word' id='word_1_374' title='bbox 1802 5587 1925 5631; x_wconf 88' lang='lat' dir='ltr'><strong>non</strong></span> <span class='ocrx_word' id='word_1_375' title='bbox 1955 5570 2165 5630; x_wconf 84' lang='lat' dir='ltr'><strong>minus</strong></span> <span class='ocrx_word' id='word_1_376' title='bbox 2187 5570 2399 5647; x_wconf 86' lang='lat' dir='ltr'><strong>citato,</strong></span> 
     </span>
    </p>
   </div>
   <div class='ocr_carea' id='block_1_3' title="bbox 2049 360 2938 424">
    <p class='ocr_par' dir='ltr' id='par_1_5' title="bbox 2049 360 2938 424">
     <span class='ocr_line' id='line_1_57' title="bbox 2049 360 2938 424; baseline 0.001 -3"><span class='ocrx_word' id='word_1_377' title='bbox 2049 361 2152 422; x_wconf 81' lang='lat' dir='ltr'><strong>DE</strong></span> <span class='ocrx_word' id='word_1_378' title='bbox 2194 360 2549 422; x_wconf 83' lang='lat' dir='ltr'><strong>JUSTITIA</strong></span> <span class='ocrx_word' id='word_1_379' title='bbox 2593 361 2694 421; x_wconf 84' lang='grc' dir='ltr'><strong>ΕΤ</strong></span> <span class='ocrx_word' id='word_1_380' title='bbox 2736 362 2938 424; x_wconf 79' lang='lat' dir='ltr'>JURE</span> 
     </span>
    </p>
   </div>
   <div class='ocr_carea' id='block_1_4' title="bbox 2500 536 4062 5652">
    <p class='ocr_par' dir='ltr' id='par_1_6' title="bbox 2515 536 4062 1549">
     <span class='ocr_line' id='line_1_58' title="bbox 2524 536 4055 622; baseline 0.005 -26"><span class='ocrx_word' id='word_1_381' title='bbox 2524 541 2588 597; x_wconf 90' lang='lat' dir='ltr'><strong>et</strong></span> <span class='ocrx_word' id='word_1_382' title='bbox 2615 536 2740 599; x_wconf 85' lang='lat' dir='ltr'><strong>alii.</strong></span> <span class='ocrx_word' id='word_1_383' title='bbox 2773 562 2802 598; x_wconf 92' lang='lat'>»</span> <span class='ocrx_word' id='word_1_384' title='bbox 2842 540 2991 600; x_wconf 81' lang='lat' dir='ltr'><strong>Haec</strong></span> <span class='ocrx_word' id='word_1_385' title='bbox 3010 539 3263 601; x_wconf 88' lang='lat' dir='ltr'><strong>Molina.</strong></span> <span class='ocrx_word' id='word_1_386' title='bbox 3290 540 3529 602; x_wconf 84' lang='lat' dir='ltr'><strong>Eodem</strong></span> <span class='ocrx_word' id='word_1_387' title='bbox 3558 542 3749 603; x_wconf 91' lang='lat' dir='ltr'><strong>modo</strong></span> <span class='ocrx_word' id='word_1_388' title='bbox 3777 541 4055 622; x_wconf 78' lang='lat' dir='ltr'><strong>loquitur</strong></span> 
     </span>
     <span class='ocr_line' id='line_1_59' title="bbox 2524 630 4052 697; baseline 0.003 -6"><span class='ocrx_word' id='word_1_389' title='bbox 2524 630 2754 693; x_wconf 90' lang='lat' dir='ltr'><strong>Sanch.</strong></span> <span class='ocrx_word' id='word_1_390' title='bbox 2789 632 2953 693; x_wconf 86' lang='lat' dir='ltr'><strong>dicto</strong></span> <span class='ocrx_word' id='word_1_391' title='bbox 2985 632 3136 694; x_wconf 91' lang='lat' dir='ltr'><strong>dub.</strong></span> <span class='ocrx_word' id='word_1_392' title='bbox 3178 651 3277 697; x_wconf 71' lang='grc' dir='ltr'><strong>ΙΝ.</strong></span> <span class='ocrx_word' id='word_1_393' title='bbox 3308 653 3482 695; x_wconf 91' lang='lat' dir='ltr'><strong>num.</strong></span> <span class='ocrx_word' id='word_1_394' title='bbox 3519 638 3614 695; x_wconf 86' lang='lat'><strong>10.</strong></span> <span class='ocrx_word' id='word_1_395' title='bbox 3660 634 3759 695; x_wconf 82' lang='lat' dir='ltr'><strong>his</strong></span> <span class='ocrx_word' id='word_1_396' title='bbox 3800 635 4052 697; x_wconf 79' lang='lat' dir='ltr'><strong>verbis:</strong></span> 
     </span>
     <span class='ocr_line' id='line_1_60' title="bbox 2533 725 4061 807; baseline 0.007 -28"><span class='ocrx_word' id='word_1_397' title='bbox 2533 744 2561 779; x_wconf 90' lang='lat'>«</span> <span class='ocrx_word' id='word_1_398' title='bbox 2589 725 2799 786; x_wconf 88' lang='lat' dir='ltr'><strong>Tertio</strong></span> <span class='ocrx_word' id='word_1_399' title='bbox 2831 731 2978 786; x_wconf 89' lang='lat' dir='ltr'><strong>nota</strong></span> <span class='ocrx_word' id='word_1_400' title='bbox 3000 772 3016 801; x_wconf 92' lang='lat'><strong>,</strong></span> <span class='ocrx_word' id='word_1_401' title='bbox 3070 726 3239 805; x_wconf 93' lang='lat' dir='ltr'><strong>quod</strong></span> <span class='ocrx_word' id='word_1_402' title='bbox 3269 725 3390 787; x_wconf 87' lang='lat' dir='ltr'><strong>hoc</strong></span> <span class='ocrx_word' id='word_1_403' title='bbox 3413 772 3429 804; x_wconf 96' lang='lat'><strong>,</strong></span> <span class='ocrx_word' id='word_1_404' title='bbox 3472 728 3641 807; x_wconf 93' lang='lat' dir='ltr'><strong>quod</strong></span> <span class='ocrx_word' id='word_1_405' title='bbox 3672 727 3908 789; x_wconf 88' lang='lat' dir='ltr'><strong>debent</strong></span> <span class='ocrx_word' id='word_1_406' title='bbox 3933 728 4061 789; x_wconf 87' lang='lat' dir='ltr'><strong>cle-</strong></span> 
     </span>
     <span class='ocr_line' id='line_1_61' title="bbox 2521 816 4062 896; baseline 0.004 -20"><span class='ocrx_word' id='word_1_407' title='bbox 2521 816 2635 876; x_wconf 88' lang='lat' dir='ltr'><strong>rici</strong></span> <span class='ocrx_word' id='word_1_408' title='bbox 2664 818 3064 880; x_wconf 81' lang='lat' dir='ltr'><strong>contribuere</strong></span> <span class='ocrx_word' id='word_1_409' title='bbox 3094 819 3159 878; x_wconf 92' lang='lat' dir='ltr'><strong>in</strong></span> <span class='ocrx_word' id='word_1_410' title='bbox 3187 819 3309 880; x_wconf 88' lang='lat' dir='ltr'><strong>hoc</strong></span> <span class='ocrx_word' id='word_1_411' title='bbox 3335 837 3507 896; x_wconf 84' lang='lat' dir='ltr'><strong>casu,</strong></span> <span class='ocrx_word' id='word_1_412' title='bbox 3543 820 3730 882; x_wconf 89' lang='lat' dir='ltr'><strong>debet</strong></span> <span class='ocrx_word' id='word_1_413' title='bbox 3757 821 3839 882; x_wconf 85' lang='lat' dir='ltr'><strong>ab</strong></span> <span class='ocrx_word' id='word_1_414' title='bbox 3859 821 4062 882; x_wconf 87' lang='lat' dir='ltr'><strong>omni-</strong></span> 
     </span>
     <span class='ocr_line' id='line_1_62' title="bbox 2518 908 4059 994; baseline 0.003 -25"><span class='ocrx_word' id='word_1_415' title='bbox 2518 908 2637 970; x_wconf 90' lang='lat' dir='ltr'><strong>bus</strong></span> <span class='ocrx_word' id='word_1_416' title='bbox 2667 916 2729 971; x_wconf 93' lang='lat' dir='ltr'><strong>et</strong></span> <span class='ocrx_word' id='word_1_417' title='bbox 2756 929 2880 972; x_wconf 93' lang='lat' dir='ltr'><strong>non</strong></span> <span class='ocrx_word' id='word_1_418' title='bbox 2911 930 2947 971; x_wconf 89' lang='lat' dir='ltr'><strong>a</strong></span> <span class='ocrx_word' id='word_1_419' title='bbox 2975 912 3122 973; x_wconf 89' lang='lat' dir='ltr'><strong>solis</strong></span> <span class='ocrx_word' id='word_1_420' title='bbox 3150 912 3324 974; x_wconf 80' lang='lat' dir='ltr'><strong>lalcis</strong></span> <span class='ocrx_word' id='word_1_421' title='bbox 3344 913 3704 992; x_wconf 86' lang='lat' dir='ltr'><strong>approbari,</strong></span> <span class='ocrx_word' id='word_1_422' title='bbox 3722 933 3869 974; x_wconf 90' lang='lat' dir='ltr'><strong>nam</strong></span> <span class='ocrx_word' id='word_1_423' title='bbox 3887 914 4059 994; x_wconf 91' lang='lat' dir='ltr'><strong>quod</strong></span> 
     </span>
     <span class='ocr_line' id='line_1_63' title="bbox 2522 1004 4055 1086; baseline 0.005 -25"><span class='ocrx_word' id='word_1_424' title='bbox 2522 1019 2739 1062; x_wconf 89' lang='lat' dir='ltr'><strong>omnes</strong></span> <span class='ocrx_word' id='word_1_425' title='bbox 2768 1004 2988 1084; x_wconf 76' lang='lat' dir='ltr'><strong>tangit,</strong></span> <span class='ocrx_word' id='word_1_426' title='bbox 3023 1005 3102 1065; x_wconf 89' lang='lat' dir='ltr'><strong>ab</strong></span> <span class='ocrx_word' id='word_1_427' title='bbox 3125 1005 3416 1066; x_wconf 90' lang='lat' dir='ltr'><strong>omnibus</strong></span> <span class='ocrx_word' id='word_1_428' title='bbox 3438 1007 3920 1086; x_wconf 87' lang='lat' dir='ltr'><strong>approbandum</strong></span> <span class='ocrx_word' id='word_1_429' title='bbox 3936 1012 4055 1068; x_wconf 87' lang='lat' dir='ltr'><strong>est.</strong></span> 
     </span>
     <span class='ocr_line' id='line_1_64' title="bbox 2520 1094 4055 1177; baseline 0.003 -22"><span class='ocrx_word' id='word_1_430' title='bbox 2520 1094 2624 1155; x_wconf 89' lang='lat' dir='ltr'><strong>Sic</strong></span> <span class='ocrx_word' id='word_1_431' title='bbox 2656 1096 2987 1171; x_wconf 86' lang='lat' dir='ltr'><strong>Silvester,</strong></span> <span class='ocrx_word' id='word_1_432' title='bbox 3021 1099 3300 1177; x_wconf 85' lang='lat' dir='ltr'><strong>Angelus</strong></span> <span class='ocrx_word' id='word_1_433' title='bbox 3323 1145 3339 1175; x_wconf 93' lang='lat'><strong>,</strong></span> <span class='ocrx_word' id='word_1_434' title='bbox 3376 1099 3714 1161; x_wconf 88' lang='lat' dir='ltr'><strong>Panormit.</strong></span> <span class='ocrx_word' id='word_1_435' title='bbox 3748 1099 4055 1162; x_wconf 84' lang='lat' dir='ltr'><strong>Ludovic.</strong></span> 
     </span>
     <span class='ocr_line' id='line_1_65' title="bbox 2518 1189 4059 1266; baseline 0.003 -18"><span class='ocrx_word' id='word_1_436' title='bbox 2518 1189 2745 1266; x_wconf 89' lang='lat' dir='ltr'><strong>Lopez.</strong></span> <span class='ocrx_word' id='word_1_437' title='bbox 2778 1212 2806 1247; x_wconf 91' lang='lat'>»</span> <span class='ocrx_word' id='word_1_438' title='bbox 2846 1193 2975 1252; x_wconf 92' lang='lat' dir='ltr'><strong>Imo</strong></span> <span class='ocrx_word' id='word_1_439' title='bbox 3022 1195 3224 1252; x_wconf 81' lang='lat' dir='ltr'><strong>stante</strong></span> <span class='ocrx_word' id='word_1_440' title='bbox 3274 1210 3582 1253; x_wconf 89' lang='lat' dir='ltr'><strong>consensu</strong></span> <span class='ocrx_word' id='word_1_441' title='bbox 3632 1193 3918 1253; x_wconf 88' lang='lat' dir='ltr'><strong>omnium</strong></span> <span class='ocrx_word' id='word_1_442' title='bbox 3971 1192 4059 1254; x_wconf 84' lang='lat' dir='ltr'><strong>ad</strong></span> 
     </span>
     <span class='ocr_line' id='line_1_66' title="bbox 2518 1276 4061 1360; baseline 0.002 -19"><span class='ocrx_word' id='word_1_443' title='bbox 2518 1276 2681 1360; x_wconf 80' lang='lat' dir='ltr'><strong>quos&#39;</strong></span> <span class='ocrx_word' id='word_1_444' title='bbox 2704 1284 3009 1360; x_wconf 88' lang='lat' dir='ltr'><strong>pertinet,</strong></span> <span class='ocrx_word' id='word_1_445' title='bbox 3064 1302 3189 1345; x_wconf 93' lang='lat' dir='ltr'><strong>non</strong></span> <span class='ocrx_word' id='word_1_446' title='bbox 3217 1284 3407 1346; x_wconf 87' lang='lat' dir='ltr'><strong>credo</strong></span> <span class='ocrx_word' id='word_1_447' title='bbox 3449 1286 3873 1347; x_wconf 87' lang='lat' dir='ltr'><strong>necessarium</strong></span> <span class='ocrx_word' id='word_1_448' title='bbox 3906 1303 4061 1346; x_wconf 86' lang='lat' dir='ltr'><strong>con-</strong></span> 
     </span>
     <span class='ocr_line' id='line_1_67' title="bbox 2518 1376 4062 1458; baseline 0.004 -25"><span class='ocrx_word' id='word_1_449' title='bbox 2518 1393 2768 1435; x_wconf 88' lang='lat' dir='ltr'><strong>sensum</strong></span> <span class='ocrx_word' id='word_1_450' title='bbox 2798 1376 3096 1456; x_wconf 75' lang='lat' dir='ltr'><strong>episcopi,</strong></span> <span class='ocrx_word' id='word_1_451' title='bbox 3129 1394 3274 1437; x_wconf 91' lang='lat' dir='ltr'><strong>cum</strong></span> <span class='ocrx_word' id='word_1_452' title='bbox 3299 1377 3529 1456; x_wconf 84' lang='lat' dir='ltr'><strong>singuli</strong></span> <span class='ocrx_word' id='word_1_453' title='bbox 3557 1376 3787 1457; x_wconf 80' lang='lat' dir='ltr'><strong>privati</strong></span> <span class='ocrx_word' id='word_1_454' title='bbox 3815 1378 4062 1458; x_wconf 74' lang='lat' dir='ltr'><strong>possint</strong></span> 
     </span>
     <span class='ocr_line' id='line_1_68' title="bbox 2515 1470 3230 1549; baseline 0.004 -22"><span class='ocrx_word' id='word_1_455' title='bbox 2515 1486 2581 1527; x_wconf 91' lang='lat' dir='ltr'><strong>se</strong></span> <span class='ocrx_word' id='word_1_456' title='bbox 2612 1487 2687 1528; x_wconf 86' lang='lat' dir='ltr'><strong>ex</strong></span> <span class='ocrx_word' id='word_1_457' title='bbox 2715 1474 2897 1547; x_wconf 83' lang='lat' dir='ltr'><strong>pacto</strong></span> <span class='ocrx_word' id='word_1_458' title='bbox 2930 1470 3230 1549; x_wconf 85' lang='lat' dir='ltr'><strong>obligare.</strong></span> 
     </span>
    </p>

    <p class='ocr_par' dir='ltr' id='par_1_7' title="bbox 2500 1561 4062 5462">
     <span class='ocr_line' id='line_1_69' title="bbox 2597 1561 4051 1641; baseline 0.001 -21"><span class='ocrx_word' id='word_1_459' title='bbox 2597 1561 2858 1635; x_wconf 87' lang='lat' dir='ltr'><strong>Quando</strong></span> <span class='ocrx_word' id='word_1_460' title='bbox 2887 1581 3037 1623; x_wconf 83' lang='lat' dir='ltr'><strong>vero</strong></span> <span class='ocrx_word' id='word_1_461' title='bbox 3078 1562 3198 1641; x_wconf 90' lang='lat' dir='ltr'><strong>ipsi</strong></span> <span class='ocrx_word' id='word_1_462' title='bbox 3225 1563 3463 1624; x_wconf 87' lang='lat' dir='ltr'><strong>nollent</strong></span> <span class='ocrx_word' id='word_1_463' title='bbox 3504 1564 3900 1639; x_wconf 86' lang='lat' dir='ltr'><strong>consentire,</strong></span> <span class='ocrx_word' id='word_1_464' title='bbox 3949 1563 4051 1623; x_wconf 76' lang='lat' dir='ltr'><strong>vel</strong></span> 
     </span>
     <span class='ocr_line' id='line_1_70' title="bbox 2516 1655 4059 1730; baseline 0.001 -17"><span class='ocrx_word' id='word_1_465' title='bbox 2516 1672 2639 1715; x_wconf 89' lang='lat' dir='ltr'><strong>non</strong></span> <span class='ocrx_word' id='word_1_466' title='bbox 2672 1673 2889 1715; x_wconf 87' lang='lat' dir='ltr'><strong>omnes</strong></span> <span class='ocrx_word' id='word_1_467' title='bbox 2912 1701 2928 1730; x_wconf 97' lang='lat'><strong>,</strong></span> <span class='ocrx_word' id='word_1_468' title='bbox 2975 1659 3038 1716; x_wconf 91' lang='lat' dir='ltr'><strong>et</strong></span> <span class='ocrx_word' id='word_1_469' title='bbox 3066 1672 3321 1716; x_wconf 91' lang='lat' dir='ltr'><strong>necesse</strong></span> <span class='ocrx_word' id='word_1_470' title='bbox 3353 1660 3518 1717; x_wconf 89' lang='lat' dir='ltr'><strong>esset</strong></span> <span class='ocrx_word' id='word_1_471' title='bbox 3561 1656 3698 1717; x_wconf 90' lang='lat' dir='ltr'><strong>illos</strong></span> <span class='ocrx_word' id='word_1_472' title='bbox 3744 1655 4059 1717; x_wconf 85' lang='lat' dir='ltr'><strong>constrin-</strong></span> 
     </span>
     <span class='ocr_line' id='line_1_71' title="bbox 2513 1747 4059 1828; baseline 0.002 -23"><span class='ocrx_word' id='word_1_473' title='bbox 2513 1765 2685 1825; x_wconf 84' lang='lat' dir='ltr'><strong>gere,</strong></span> <span class='ocrx_word' id='word_1_474' title='bbox 2720 1752 2866 1807; x_wconf 90' lang='lat' dir='ltr'><strong>tunc</strong></span> <span class='ocrx_word' id='word_1_475' title='bbox 2888 1749 3023 1826; x_wconf 87' lang='lat' dir='ltr'><strong>jam</strong></span> <span class='ocrx_word' id='word_1_476' title='bbox 3052 1747 3375 1809; x_wconf 84' lang='lat' dir='ltr'><strong>videretur</strong></span> <span class='ocrx_word' id='word_1_477' title='bbox 3403 1767 3539 1809; x_wconf 87' lang='lat' dir='ltr'><strong>esse</strong></span> <span class='ocrx_word' id='word_1_478' title='bbox 3568 1750 3813 1828; x_wconf 87' lang='lat' dir='ltr'><strong>species</strong></span> <span class='ocrx_word' id='word_1_479' title='bbox 3840 1749 4059 1827; x_wconf 87' lang='lat' dir='ltr'><strong>aliqua</strong></span> 
     </span>
     <span class='ocr_line' id='line_1_72' title="bbox 2514 1839 4051 1921; baseline 0.001 -22"><span class='ocrx_word' id='word_1_480' title='bbox 2514 1839 2764 1917; x_wconf 90' lang='lat' dir='ltr'><strong>tributi,</strong></span> <span class='ocrx_word' id='word_1_481' title='bbox 2801 1846 2862 1901; x_wconf 87' lang='lat' dir='ltr'><strong>et</strong></span> <span class='ocrx_word' id='word_1_482' title='bbox 2886 1859 3100 1901; x_wconf 87' lang='lat' dir='ltr'><strong>veram</strong></span> <span class='ocrx_word' id='word_1_483' title='bbox 3132 1840 3319 1903; x_wconf 89' lang='lat' dir='ltr'><strong>credo</strong></span> <span class='ocrx_word' id='word_1_484' title='bbox 3352 1840 3618 1921; x_wconf 86' lang='lat' dir='ltr'><strong>primam</strong></span> <span class='ocrx_word' id='word_1_485' title='bbox 3649 1841 4051 1916; x_wconf 84' lang='lat' dir='ltr'><strong>sententiam,</strong></span> 
     </span>
     <span class='ocr_line' id='line_1_73' title="bbox 2517 1932 4054 2012; baseline 0 -20"><span class='ocrx_word' id='word_1_486' title='bbox 2517 1932 2684 2012; x_wconf 91' lang='lat' dir='ltr'><strong>quod</strong></span> <span class='ocrx_word' id='word_1_487' title='bbox 2738 1933 3154 2011; x_wconf 86' lang='lat' dir='ltr'><strong>requirendus</strong></span> <span class='ocrx_word' id='word_1_488' title='bbox 3211 1939 3376 1996; x_wconf 86' lang='lat' dir='ltr'><strong>esset</strong></span> <span class='ocrx_word' id='word_1_489' title='bbox 3421 1953 3768 1996; x_wconf 89' lang='lat' dir='ltr'><strong>consensus</strong></span> <span class='ocrx_word' id='word_1_490' title='bbox 3825 1933 4054 1995; x_wconf 89' lang='lat' dir='ltr'><strong>summi</strong></span> 
     </span>
     <span class='ocr_line' id='line_1_74' title="bbox 2517 2025 4053 2105; baseline 0 -19"><span class='ocrx_word' id='word_1_491' title='bbox 2517 2025 2832 2086; x_wconf 85' lang='lat' dir='ltr'><strong>Pontificis</strong></span> <span class='ocrx_word' id='word_1_492' title='bbox 2879 2025 2959 2085; x_wconf 88' lang='lat' dir='ltr'><strong>ad</strong></span> <span class='ocrx_word' id='word_1_493' title='bbox 3007 2025 3379 2105; x_wconf 90' lang='lat' dir='ltr'><strong>obligandos</strong></span> <span class='ocrx_word' id='word_1_494' title='bbox 3409 2027 3668 2089; x_wconf 88' lang='lat' dir='ltr'><strong>clericos</strong></span> <span class='ocrx_word' id='word_1_495' title='bbox 3703 2048 3717 2088; x_wconf 90' lang='lat'>:</span> <span class='ocrx_word' id='word_1_496' title='bbox 3770 2028 4053 2090; x_wconf 76' lang='lat' dir='ltr'><strong>Pontifex</strong></span> 
     </span>
     <span class='ocr_line' id='line_1_75' title="bbox 2516 2118 4052 2200; baseline 0.002 -23"><span class='ocrx_word' id='word_1_497' title='bbox 2516 2123 2726 2178; x_wconf 89' lang='lat' dir='ltr'><strong>autem</strong></span> <span class='ocrx_word' id='word_1_498' title='bbox 2768 2118 3107 2198; x_wconf 79' lang='lat' dir='ltr'><strong>aliquando</strong></span> <span class='ocrx_word' id='word_1_499' title='bbox 3137 2120 3491 2182; x_wconf 90' lang='lat' dir='ltr'><strong>consentire</strong></span> <span class='ocrx_word' id='word_1_500' title='bbox 3518 2122 3752 2200; x_wconf 84' lang='lat' dir='ltr'><strong>poterit</strong></span> <span class='ocrx_word' id='word_1_501' title='bbox 3775 2136 3806 2197; x_wconf 76' lang='lat'><strong>,‘</strong></span> <span class='ocrx_word' id='word_1_502' title='bbox 3854 2128 3929 2181; x_wconf 89' lang='lat' dir='ltr'><strong>ut</strong></span> <span class='ocrx_word' id='word_1_503' title='bbox 3956 2120 4052 2180; x_wconf 82' lang='lat' dir='ltr'><strong>ab·</strong></span> 
     </span>
     <span class='ocr_line' id='line_1_76' title="bbox 2515 2212 4052 2288; baseline 0.002 -17"><span class='ocrx_word' id='word_1_504' title='bbox 2515 2212 2715 2272; x_wconf 90' lang='lat' dir='ltr'><strong>solute</strong></span> <span class='ocrx_word' id='word_1_505' title='bbox 2744 2212 3145 2274; x_wconf 87' lang='lat' dir='ltr'><strong>contribuant</strong></span> <span class='ocrx_word' id='word_1_506' title='bbox 3170 2213 3403 2288; x_wconf 86' lang='lat' dir='ltr'><strong>clerici,</strong></span> <span class='ocrx_word' id='word_1_507' title='bbox 3439 2215 3607 2275; x_wconf 85' lang='lat' dir='ltr'><strong>nulla</strong></span> <span class='ocrx_word' id='word_1_508' title='bbox 3626 2214 3795 2276; x_wconf 87' lang='lat' dir='ltr'><strong>facta</strong></span> <span class='ocrx_word' id='word_1_509' title='bbox 3816 2213 4052 2275; x_wconf 86' lang='lat' dir='ltr'><strong>discus-</strong></span> 
     </span>
     <span class='ocr_line' id='line_1_77' title="bbox 2514 2304 4052 2386; baseline 0.002 -22"><span class='ocrx_word' id='word_1_510' title='bbox 2514 2305 2690 2365; x_wconf 89' lang='lat' dir='ltr'><strong>sione</strong></span> <span class='ocrx_word' id='word_1_511' title='bbox 2719 2305 3090 2366; x_wconf 86' lang='lat' dir='ltr'><strong>facultatum</strong></span> <span class='ocrx_word' id='word_1_512' title='bbox 3121 2304 3429 2366; x_wconf 89' lang='lat' dir='ltr'><strong>laicorum</strong></span> <span class='ocrx_word' id='word_1_513' title='bbox 3453 2353 3470 2383; x_wconf 87' lang='lat'><strong>,</strong></span> <span class='ocrx_word' id='word_1_514' title='bbox 3533 2306 3879 2386; x_wconf 87' lang='lat' dir='ltr'><strong>aliquando</strong></span> <span class='ocrx_word' id='word_1_515' title='bbox 3910 2326 4052 2385; x_wconf 88' lang='lat' dir='ltr'><strong>pru-</strong></span> 
     </span>
     <span class='ocr_line' id='line_1_78' title="bbox 2515 2397 4049 2479; baseline 0.002 -22"><span class='ocrx_word' id='word_1_516' title='bbox 2515 2397 2738 2458; x_wconf 87' lang='lat' dir='ltr'><strong>denter</strong></span> <span class='ocrx_word' id='word_1_517' title='bbox 2768 2397 2934 2457; x_wconf 84' lang='lat' dir='ltr'><strong>hanc</strong></span> <span class='ocrx_word' id='word_1_518' title='bbox 2963 2398 3389 2460; x_wconf 89' lang='lat' dir='ltr'><strong>conditionem</strong></span> <span class='ocrx_word' id='word_1_519' title='bbox 3419 2400 3629 2479; x_wconf 87' lang='lat' dir='ltr'><strong>exiget</strong></span> <span class='ocrx_word' id='word_1_520' title='bbox 3661 2420 3674 2460; x_wconf 90' lang='lat'><strong>:</strong></span> <span class='ocrx_word' id='word_1_521' title='bbox 3723 2400 3880 2479; x_wconf 88' lang='lat' dir='ltr'><strong>qnia</strong></span> <span class='ocrx_word' id='word_1_522' title='bbox 3913 2418 4049 2460; x_wconf 89' lang='lat' dir='ltr'><strong>cum</strong></span> 
     </span>
     <span class='ocr_line' id='line_1_79' title="bbox 2514 2490 4049 2571; baseline 0.001 -19"><span class='ocrx_word' id='word_1_523' title='bbox 2514 2491 2595 2553; x_wconf 88' lang='lat' dir='ltr'><strong>sit</strong></span> <span class='ocrx_word' id='word_1_524' title='bbox 2629 2490 2929 2568; x_wconf 89' lang='lat' dir='ltr'><strong>obligatio</strong></span> <span class='ocrx_word' id='word_1_525' title='bbox 2959 2496 3022 2551; x_wconf 90' lang='lat' dir='ltr'><strong>et</strong></span> <span class='ocrx_word' id='word_1_526' title='bbox 3049 2492 3290 2571; x_wconf 88' lang='lat' dir='ltr'><strong>species</strong></span> <span class='ocrx_word' id='word_1_527' title='bbox 3327 2493 3565 2569; x_wconf 89' lang='lat' dir='ltr'><strong>tributi,</strong></span> <span class='ocrx_word' id='word_1_528' title='bbox 3598 2512 3723 2554; x_wconf 91' lang='lat' dir='ltr'><strong>non</strong></span> <span class='ocrx_word' id='word_1_529' title='bbox 3747 2494 3887 2554; x_wconf 81' lang='lat' dir='ltr'><strong>vult</strong></span> <span class='ocrx_word' id='word_1_530' title='bbox 3905 2493 4049 2555; x_wconf 85' lang='lat' dir='ltr'><strong>obli-</strong></span> 
     </span>
     <span class='ocr_line' id='line_1_80' title="bbox 2512 2584 4041 2663; baseline 0.003 -20"><span class='ocrx_word' id='word_1_531' title='bbox 2512 2602 2666 2663; x_wconf 86' lang='lat' dir='ltr'><strong>gare</strong></span> <span class='ocrx_word' id='word_1_532' title='bbox 2714 2584 2975 2645; x_wconf 89' lang='lat' dir='ltr'><strong>clericos</strong></span> <span class='ocrx_word' id='word_1_533' title='bbox 3000 2629 3015 2660; x_wconf 93' lang='lat'><strong>,</strong></span> <span class='ocrx_word' id='word_1_534' title='bbox 3077 2584 3194 2645; x_wconf 89' lang='lat' dir='ltr'><strong>nisi</strong></span> <span class='ocrx_word' id='word_1_535' title='bbox 3241 2585 3306 2645; x_wconf 93' lang='lat' dir='ltr'><strong>in</strong></span> <span class='ocrx_word' id='word_1_536' title='bbox 3335 2585 3687 2647; x_wconf 89' lang='lat' dir='ltr'><strong>subsidium</strong></span> <span class='ocrx_word' id='word_1_537' title='bbox 3715 2586 4041 2648; x_wconf 88' lang='lat' dir='ltr'><strong>laicorum.</strong></span> 
     </span>
     <span class='ocr_line' id='line_1_81' title="bbox 2512 2677 4051 2753; baseline 0.001 -15"><span class='ocrx_word' id='word_1_538' title='bbox 2512 2678 2787 2738; x_wconf 86' lang='lat' dir='ltr'><strong>Adverto</strong></span> <span class='ocrx_word' id='word_1_539' title='bbox 2819 2681 3030 2737; x_wconf 91' lang='lat' dir='ltr'><strong>autem</strong></span> <span class='ocrx_word' id='word_1_540' title='bbox 3053 2723 3069 2753; x_wconf 94' lang='lat'><strong>,</strong></span> <span class='ocrx_word' id='word_1_541' title='bbox 3118 2677 3182 2738; x_wconf 92' lang='lat' dir='ltr'><strong>in</strong></span> <span class='ocrx_word' id='word_1_542' title='bbox 3224 2678 3297 2739; x_wconf 86' lang='lat' dir='ltr'><strong>iis</strong></span> <span class='ocrx_word' id='word_1_543' title='bbox 3325 2678 3511 2739; x_wconf 90' lang='lat' dir='ltr'><strong>bullis</strong></span> <span class='ocrx_word' id='word_1_544' title='bbox 3539 2684 3601 2739; x_wconf 87' lang='lat' dir='ltr'><strong>et</strong></span> <span class='ocrx_word' id='word_1_545' title='bbox 3627 2679 4051 2742; x_wconf 73' lang='lat' dir='ltr'><strong>concessioni-</strong></span> 
     </span>
     <span class='ocr_line' id='line_1_82' title="bbox 2511 2770 4043 2852; baseline 0.001 -21"><span class='ocrx_word' id='word_1_546' title='bbox 2511 2770 2631 2831; x_wconf 90' lang='lat' dir='ltr'><strong>bus</strong></span> <span class='ocrx_word' id='word_1_547' title='bbox 2662 2788 2804 2849; x_wconf 84' lang='lat' dir='ltr'><strong>quae</strong></span> <span class='ocrx_word' id='word_1_548' title='bbox 2836 2771 3214 2846; x_wconf 83' lang='lat' dir='ltr'><strong>afferuntur,</strong></span> <span class='ocrx_word' id='word_1_549' title='bbox 3248 2771 3492 2851; x_wconf 87' lang='lat' dir='ltr'><strong>aliquas</strong></span> <span class='ocrx_word' id='word_1_550' title='bbox 3520 2791 3654 2833; x_wconf 86' lang='lat' dir='ltr'><strong>esse</strong></span> <span class='ocrx_word' id='word_1_551' title='bbox 3683 2791 3803 2852; x_wconf 86' lang='lat' dir='ltr'><strong>pro</strong></span> <span class='ocrx_word' id='word_1_552' title='bbox 3841 2791 4043 2833; x_wconf 88' lang='lat' dir='ltr'><strong>resar-</strong></span> 
     </span>
     <span class='ocr_line' id='line_1_83' title="bbox 2512 2863 4049 2946; baseline 0.001 -21"><span class='ocrx_word' id='word_1_553' title='bbox 2512 2863 2748 2925; x_wconf 90' lang='lat' dir='ltr'><strong>ciendis</strong></span> <span class='ocrx_word' id='word_1_554' title='bbox 2778 2863 3065 2940; x_wconf 78' lang='lat' dir='ltr'><strong>expensis</strong></span> <span class='ocrx_word' id='word_1_555' title='bbox 3105 2865 3285 2926; x_wconf 84' lang='lat' dir='ltr'><strong>factis</strong></span> <span class='ocrx_word' id='word_1_556' title='bbox 3315 2870 3596 2944; x_wconf 90' lang='lat' dir='ltr'><strong>tempore</strong></span> <span class='ocrx_word' id='word_1_557' title='bbox 3624 2866 3858 2943; x_wconf 88' lang='lat' dir='ltr'><strong>pestis,</strong></span> <span class='ocrx_word' id='word_1_558' title='bbox 3915 2885 4049 2946; x_wconf 77' lang='lat' dir='ltr'><strong>quae</strong></span> 
     </span>
     <span class='ocr_line' id='line_1_84' title="bbox 2512 2954 4046 3038; baseline 0.001 -22"><span class='ocrx_word' id='word_1_559' title='bbox 2512 2956 2770 3036; x_wconf 89' lang='lat' dir='ltr'><strong>quidem</strong></span> <span class='ocrx_word' id='word_1_560' title='bbox 2806 2973 2933 3016; x_wconf 92' lang='lat' dir='ltr'><strong>non</strong></span> <span class='ocrx_word' id='word_1_561' title='bbox 2964 2954 3256 3017; x_wconf 82' lang='lat' dir='ltr'><strong>videntur</strong></span> <span class='ocrx_word' id='word_1_562' title='bbox 3283 2976 3419 3018; x_wconf 90' lang='lat' dir='ltr'><strong>esse</strong></span> <span class='ocrx_word' id='word_1_563' title='bbox 3450 2976 3528 3017; x_wconf 84' lang='lat' dir='ltr'><strong>ex</strong></span> <span class='ocrx_word' id='word_1_564' title='bbox 3556 2958 3677 3019; x_wconf 88' lang='lat' dir='ltr'><strong>illis</strong></span> <span class='ocrx_word' id='word_1_565' title='bbox 3707 2958 3789 3018; x_wconf 86' lang='lat' dir='ltr'><strong>de</strong></span> <span class='ocrx_word' id='word_1_566' title='bbox 3821 2959 4046 3038; x_wconf 85' lang='lat' dir='ltr'><strong>quibus</strong></span> 
     </span>
     <span class='ocr_line' id='line_1_85' title="bbox 2508 3047 4044 3129; baseline 0.001 -20"><span class='ocrx_word' id='word_1_567' title='bbox 2508 3050 2860 3129; x_wconf 91' lang='lat' dir='ltr'><strong>loquimur,</strong></span> <span class='ocrx_word' id='word_1_568' title='bbox 2914 3047 3025 3109; x_wconf 90' lang='lat' dir='ltr'><strong>sed</strong></span> <span class='ocrx_word' id='word_1_569' title='bbox 3054 3048 3263 3128; x_wconf 89' lang='lat' dir='ltr'><strong>potius</strong></span> <span class='ocrx_word' id='word_1_570' title='bbox 3293 3049 3653 3113; x_wconf 86' lang='lat' dir='ltr'><strong>immediate</strong></span> <span class='ocrx_word' id='word_1_571' title='bbox 3683 3051 3963 3114; x_wconf 90' lang='lat' dir='ltr'><strong>tendunt</strong></span> <span class='ocrx_word' id='word_1_572' title='bbox 3988 3052 4044 3112; x_wconf 93' lang='lat' dir='ltr'><strong>in</strong></span> 
     </span>
     <span class='ocr_line' id='line_1_86' title="bbox 2508 3141 4048 3225; baseline 0 -20"><span class='ocrx_word' id='word_1_573' title='bbox 2508 3142 2747 3205; x_wconf 90' lang='lat' dir='ltr'><strong>bonum</strong></span> <span class='ocrx_word' id='word_1_574' title='bbox 2789 3141 3256 3204; x_wconf 85' lang='lat' dir='ltr'><strong>communitatis</strong></span> <span class='ocrx_word' id='word_1_575' title='bbox 3276 3190 3292 3220; x_wconf 95' lang='lat'><strong>,</strong></span> <span class='ocrx_word' id='word_1_576' title='bbox 3352 3148 3416 3204; x_wconf 92' lang='lat' dir='ltr'><strong>et</strong></span> <span class='ocrx_word' id='word_1_577' title='bbox 3470 3148 3939 3225; x_wconf 87' lang='lat' dir='ltr'><strong>consequenter</strong></span> <span class='ocrx_word' id='word_1_578' title='bbox 3987 3144 4048 3205; x_wconf 92' lang='lat' dir='ltr'><strong>in</strong></span> 
     </span>
     <span class='ocr_line' id='line_1_87' title="bbox 2510 3234 4043 3316; baseline 0 -18"><span class='ocrx_word' id='word_1_579' title='bbox 2510 3237 2850 3298; x_wconf 86' lang='lat' dir='ltr'><strong>utilitatem</strong></span> <span class='ocrx_word' id='word_1_580' title='bbox 2880 3234 3253 3296; x_wconf 90' lang='lat' dir='ltr'><strong>clericorum</strong></span> <span class='ocrx_word' id='word_1_581' title='bbox 3272 3282 3287 3313; x_wconf 91' lang='lat'><strong>,</strong></span> <span class='ocrx_word' id='word_1_582' title='bbox 3338 3237 3501 3298; x_wconf 90' lang='lat' dir='ltr'><strong>sicut</strong></span> <span class='ocrx_word' id='word_1_583' title='bbox 3527 3243 3750 3315; x_wconf 90' lang='lat' dir='ltr'><strong>pontes</strong></span> <span class='ocrx_word' id='word_1_584' title='bbox 3769 3285 3788 3314; x_wconf 92' lang='lat'>‚</span> <span class='ocrx_word' id='word_1_585' title='bbox 3819 3240 4043 3316; x_wconf 78' lang='lat' dir='ltr'><strong>fonte5‚</strong></span> 
     </span>
     <span class='ocr_line' id='line_1_88' title="bbox 2509 3327 4047 3412; baseline 0.001 -20"><span class='ocrx_word' id='word_1_586' title='bbox 2509 3329 2829 3406; x_wconf 86' lang='lat' dir='ltr'><strong>custodiae,</strong></span> <span class='ocrx_word' id='word_1_587' title='bbox 2863 3331 2927 3390; x_wconf 92' lang='lat' dir='ltr'><strong>et</strong></span> <span class='ocrx_word' id='word_1_588' title='bbox 2953 3327 3214 3400; x_wconf 87' lang='lat' dir='ltr'><strong>similia;</strong></span> <span class='ocrx_word' id='word_1_589' title='bbox 3249 3348 3444 3409; x_wconf 89' lang='lat' dir='ltr'><strong>quare</strong></span> <span class='ocrx_word' id='word_1_590' title='bbox 3475 3348 3599 3391; x_wconf 93' lang='lat' dir='ltr'><strong>non</strong></span> <span class='ocrx_word' id='word_1_591' title='bbox 3620 3331 3861 3392; x_wconf 90' lang='lat' dir='ltr'><strong>mirum</strong></span> <span class='ocrx_word' id='word_1_592' title='bbox 3881 3331 4047 3412; x_wconf 88' lang='lat' dir='ltr'><strong>quod</strong></span> 
     </span>
     <span class='ocr_line' id='line_1_89' title="bbox 2508 3421 4047 3501; baseline 0 -17"><span class='ocrx_word' id='word_1_593' title='bbox 2508 3423 2795 3484; x_wconf 86' lang='lat' dir='ltr'><strong>Pontifex</strong></span> <span class='ocrx_word' id='word_1_594' title='bbox 2839 3422 2996 3482; x_wconf 92' lang='lat' dir='ltr'><strong>nolit</strong></span> <span class='ocrx_word' id='word_1_595' title='bbox 3031 3421 3430 3483; x_wconf 88' lang='lat' dir='ltr'><strong>contribuere</strong></span> <span class='ocrx_word' id='word_1_596' title='bbox 3482 3422 3743 3485; x_wconf 85' lang='lat' dir='ltr'><strong>clericos</strong></span> <span class='ocrx_word' id='word_1_597' title='bbox 3762 3472 3779 3501; x_wconf 93' lang='lat'>‚</span> <span class='ocrx_word' id='word_1_598' title='bbox 3838 3425 3961 3486; x_wconf 88' lang='lat' dir='ltr'><strong>nisi</strong></span> <span class='ocrx_word' id='word_1_599' title='bbox 3987 3425 4047 3485; x_wconf 90' lang='lat' dir='ltr'><strong>in</strong></span> 
     </span>
     <span class='ocr_line' id='line_1_90' title="bbox 2506 3514 4051 3594; baseline 0.002 -18"><span class='ocrx_word' id='word_1_600' title='bbox 2506 3515 2857 3577; x_wconf 89' lang='lat' dir='ltr'><strong>subsidium</strong></span> <span class='ocrx_word' id='word_1_601' title='bbox 2899 3514 3204 3575; x_wconf 86' lang='lat' dir='ltr'><strong>laicorum</strong></span> <span class='ocrx_word' id='word_1_602' title='bbox 3238 3536 3252 3576; x_wconf 73' lang='grc' dir='ltr'>ε</span> <span class='ocrx_word' id='word_1_603' title='bbox 3295 3516 3644 3594; x_wconf 84' lang='lat' dir='ltr'><strong>praesertim</strong></span> <span class='ocrx_word' id='word_1_604' title='bbox 3685 3535 3837 3578; x_wconf 91' lang='lat' dir='ltr'><strong>cum</strong></span> <span class='ocrx_word' id='word_1_605' title='bbox 3882 3537 4051 3579; x_wconf 87' lang='lat' dir='ltr'><strong>sum-</strong></span> 
     </span>
     <span class='ocr_line' id='line_1_91' title="bbox 2507 3607 4050 3689; baseline 0.001 -18"><span class='ocrx_word' id='word_1_606' title='bbox 2507 3613 2649 3687; x_wconf 87' lang='lat' dir='ltr'><strong>ptus</strong></span> <span class='ocrx_word' id='word_1_607' title='bbox 2678 3607 2766 3667; x_wconf 92' lang='lat' dir='ltr'><strong>illi</strong></span> <span class='ocrx_word' id='word_1_608' title='bbox 2813 3607 2943 3687; x_wconf 90' lang='lat' dir='ltr'><strong>jam</strong></span> <span class='ocrx_word' id='word_1_609' title='bbox 2990 3607 3139 3668; x_wconf 79' lang='lat' dir='ltr'><strong>faeti</strong></span> <span class='ocrx_word' id='word_1_610' title='bbox 3187 3613 3395 3670; x_wconf 88' lang='lat' dir='ltr'><strong>essent</strong></span> <span class='ocrx_word' id='word_1_611' title='bbox 3430 3610 3495 3669; x_wconf 91' lang='lat' dir='ltr'><strong>in</strong></span> <span class='ocrx_word' id='word_1_612' title='bbox 3534 3609 3915 3689; x_wconf 87' lang='lat' dir='ltr'><strong>obsequium</strong></span> <span class='ocrx_word' id='word_1_613' title='bbox 3947 3629 4050 3672; x_wconf 90' lang='lat' dir='ltr'><strong>eo-</strong></span> 
     </span>
     <span class='ocr_line' id='line_1_92' title="bbox 2506 3701 4053 3781; baseline 0.002 -19"><span class='ocrx_word' id='word_1_614' title='bbox 2506 3721 2647 3762; x_wconf 87' lang='lat' dir='ltr'><strong>rum</strong></span> <span class='ocrx_word' id='word_1_615' title='bbox 2675 3701 2781 3781; x_wconf 90' lang='lat' dir='ltr'><strong>qui</strong></span> <span class='ocrx_word' id='word_1_616' title='bbox 2813 3701 2911 3760; x_wconf 89' lang='lat' dir='ltr'><strong>vel</strong></span> <span class='ocrx_word' id='word_1_617' title='bbox 2939 3701 3152 3761; x_wconf 86' lang='lat' dir='ltr'><strong>infecti</strong></span> <span class='ocrx_word' id='word_1_618' title='bbox 3190 3702 3478 3779; x_wconf 86' lang='lat' dir='ltr'><strong>fuerant,</strong></span> <span class='ocrx_word' id='word_1_619' title='bbox 3530 3703 3628 3763; x_wconf 81' lang='lat' dir='ltr'><strong>vel</strong></span> <span class='ocrx_word' id='word_1_620' title='bbox 3657 3705 3943 3779; x_wconf 84' lang='lat' dir='ltr'><strong>mortui,</strong></span> <span class='ocrx_word' id='word_1_621' title='bbox 3991 3709 4053 3765; x_wconf 89' lang='lat' dir='ltr'><strong>et</strong></span> 
     </span>
     <span class='ocr_line' id='line_1_93' title="bbox 2504 3793 4053 3857; baseline 0 -2"><span class='ocrx_word' id='word_1_622' title='bbox 2504 3794 2708 3855; x_wconf 92' lang='lat' dir='ltr'><strong>solum</strong></span> <span class='ocrx_word' id='word_1_623' title='bbox 2736 3793 3263 3855; x_wconf 77' lang='lat' dir='ltr'><strong>contribuendum</strong></span> <span class='ocrx_word' id='word_1_624' title='bbox 3291 3812 3457 3855; x_wconf 92' lang='lat' dir='ltr'><strong>nunc</strong></span> <span class='ocrx_word' id='word_1_625' title='bbox 3487 3795 3565 3856; x_wconf 88' lang='lat' dir='ltr'><strong>sit</strong></span> <span class='ocrx_word' id='word_1_626' title='bbox 3591 3795 3671 3856; x_wconf 86' lang='lat' dir='ltr'><strong>ab</strong></span> <span class='ocrx_word' id='word_1_627' title='bbox 3700 3795 3847 3857; x_wconf 83' lang='lat' dir='ltr'><strong>aliis</strong></span> <span class='ocrx_word' id='word_1_628' title='bbox 3878 3797 4053 3857; x_wconf 86' lang='lat' dir='ltr'><strong>cleri·</strong></span> 
     </span>
     <span class='ocr_line' id='line_1_94' title="bbox 2506 3885 4050 3966; baseline 0.003 -19"><span class='ocrx_word' id='word_1_629' title='bbox 2506 3887 2628 3964; x_wconf 83' lang='lat' dir='ltr'><strong>ciS,</strong></span> <span class='ocrx_word' id='word_1_630' title='bbox 2673 3886 2779 3966; x_wconf 91' lang='lat' dir='ltr'><strong>qui</strong></span> <span class='ocrx_word' id='word_1_631' title='bbox 2811 3905 2886 3946; x_wconf 80' lang='lat' dir='ltr'><strong>ex</strong></span> <span class='ocrx_word' id='word_1_632' title='bbox 2913 3885 2987 3946; x_wconf 89' lang='lat' dir='ltr'><strong>iis</strong></span> <span class='ocrx_word' id='word_1_633' title='bbox 3016 3905 3140 3948; x_wconf 92' lang='lat' dir='ltr'><strong>non</strong></span> <span class='ocrx_word' id='word_1_634' title='bbox 3172 3886 3666 3966; x_wconf 80' lang='lat' dir='ltr'><strong>participarunt,</strong></span> <span class='ocrx_word' id='word_1_635' title='bbox 3713 3888 3829 3950; x_wconf 87' lang='lat' dir='ltr'><strong>illa</strong></span> <span class='ocrx_word' id='word_1_636' title='bbox 3854 3891 4050 3951; x_wconf 81' lang='lat' dir='ltr'><strong>etiam</strong></span> 
     </span>
     <span class='ocr_line' id='line_1_95' title="bbox 2505 3979 4052 4057; baseline 0.001 -16"><span class='ocrx_word' id='word_1_637' title='bbox 2505 3980 2827 4043; x_wconf 90' lang='lat' dir='ltr'><strong>concessio</strong></span> <span class='ocrx_word' id='word_1_638' title='bbox 2857 3998 2970 4057; x_wconf 90' lang='lat' dir='ltr'><strong>pro</strong></span> <span class='ocrx_word' id='word_1_639' title='bbox 3010 3979 3421 4041; x_wconf 84' lang='lat' dir='ltr'><strong>fortificandis</strong></span> <span class='ocrx_word' id='word_1_640' title='bbox 3451 3981 3700 4042; x_wconf 81' lang='lat' dir='ltr'><strong>arcibus</strong></span> <span class='ocrx_word' id='word_1_641' title='bbox 3722 4028 3741 4057; x_wconf 88' lang='lat'><strong>,</strong></span> <span class='ocrx_word' id='word_1_642' title='bbox 3792 4002 3925 4044; x_wconf 92' lang='lat' dir='ltr'><strong>non</strong></span> <span class='ocrx_word' id='word_1_643' title='bbox 3958 3987 4052 4043; x_wconf 88' lang='lat' dir='ltr'><strong>est</strong></span> 
     </span>
     <span class='ocr_line' id='line_1_96' title="bbox 2503 4073 4049 4153; baseline 0.002 -19"><span class='ocrx_word' id='word_1_644' title='bbox 2503 4075 2568 4135; x_wconf 91' lang='lat' dir='ltr'><strong>in</strong></span> <span class='ocrx_word' id='word_1_645' title='bbox 2598 4073 2718 4135; x_wconf 89' lang='lat' dir='ltr'><strong>hoc</strong></span> <span class='ocrx_word' id='word_1_646' title='bbox 2743 4091 2975 4152; x_wconf 88' lang='lat' dir='ltr'><strong>genere</strong></span> <span class='ocrx_word' id='word_1_647' title='bbox 3004 4073 3085 4134; x_wconf 90' lang='lat' dir='ltr'><strong>de</strong></span> <span class='ocrx_word' id='word_1_648' title='bbox 3115 4091 3240 4152; x_wconf 91' lang='lat' dir='ltr'><strong>quo</strong></span> <span class='ocrx_word' id='word_1_649' title='bbox 3269 4091 3435 4133; x_wconf 90' lang='lat' dir='ltr'><strong>nunc</strong></span> <span class='ocrx_word' id='word_1_650' title='bbox 3459 4074 3804 4153; x_wconf 90' lang='lat' dir='ltr'><strong>loquimur,</strong></span> <span class='ocrx_word' id='word_1_651' title='bbox 3839 4076 3959 4137; x_wconf 86' lang='lat' dir='ltr'><strong>sed</strong></span> <span class='ocrx_word' id='word_1_652' title='bbox 3986 4077 4049 4137; x_wconf 91' lang='lat' dir='ltr'><strong>in</strong></span> 
     </span>
     <span class='ocr_line' id='line_1_97' title="bbox 2502 4165 4050 4247; baseline 0.001 -19"><span class='ocrx_word' id='word_1_653' title='bbox 2502 4168 2607 4229; x_wconf 92' lang='lat' dir='ltr'><strong>illo</strong></span> <span class='ocrx_word' id='word_1_654' title='bbox 2657 4165 2825 4247; x_wconf 89' lang='lat' dir='ltr'><strong>quod</strong></span> <span class='ocrx_word' id='word_1_655' title='bbox 2870 4166 3142 4244; x_wconf 88' lang='lat' dir='ltr'><strong>pertinet</strong></span> <span class='ocrx_word' id='word_1_656' title='bbox 3186 4166 3550 4227; x_wconf 83' lang='lat' dir='ltr'><strong>immediate</strong></span> <span class='ocrx_word' id='word_1_657' title='bbox 3594 4167 3671 4227; x_wconf 84' lang='lat' dir='ltr'><strong>ad</strong></span> <span class='ocrx_word' id='word_1_658' title='bbox 3705 4169 4050 4230; x_wconf 77' lang='lat' dir='ltr'><strong>utilitatem</strong></span> 
     </span>
     <span class='ocr_line' id='line_1_98' title="bbox 2503 4260 4052 4342; baseline 0.001 -20"><span class='ocrx_word' id='word_1_659' title='bbox 2503 4261 2855 4342; x_wconf 89' lang='lat' dir='ltr'><strong>publicam,</strong></span> <span class='ocrx_word' id='word_1_660' title='bbox 2890 4263 2954 4320; x_wconf 91' lang='lat' dir='ltr'><strong>et</strong></span> <span class='ocrx_word' id='word_1_661' title='bbox 2980 4265 3443 4338; x_wconf 86' lang='lat' dir='ltr'><strong>consequenter</strong></span> <span class='ocrx_word' id='word_1_662' title='bbox 3469 4260 3551 4320; x_wconf 90' lang='lat' dir='ltr'><strong>ad</strong></span> <span class='ocrx_word' id='word_1_663' title='bbox 3580 4261 3875 4324; x_wconf 77' lang='lat' dir='ltr'><strong>clericos,</strong></span> <span class='ocrx_word' id='word_1_664' title='bbox 3934 4264 4052 4323; x_wconf 91' lang='lat' dir='ltr'><strong>De-</strong></span> 
     </span>
     <span class='ocr_line' id='line_1_99' title="bbox 2503 4353 4055 4435; baseline 0.001 -20"><span class='ocrx_word' id='word_1_665' title='bbox 2503 4356 2693 4435; x_wconf 90' lang='lat' dir='ltr'><strong>nique</strong></span> <span class='ocrx_word' id='word_1_666' title='bbox 2718 4354 2824 4413; x_wconf 90' lang='lat' dir='ltr'><strong>illa</strong></span> <span class='ocrx_word' id='word_1_667' title='bbox 2850 4371 2965 4433; x_wconf 91' lang='lat' dir='ltr'><strong>pro</strong></span> <span class='ocrx_word' id='word_1_668' title='bbox 2995 4353 3407 4414; x_wconf 85' lang='lat' dir='ltr'><strong>defendendis</strong></span> <span class='ocrx_word' id='word_1_669' title='bbox 3437 4353 3606 4432; x_wconf 86' lang='lat' dir='ltr'><strong>agris</strong></span> <span class='ocrx_word' id='word_1_670' title='bbox 3633 4373 3674 4415; x_wconf 91' lang='lat' dir='ltr'><strong>a</strong></span> <span class='ocrx_word' id='word_1_671' title='bbox 3700 4355 3904 4416; x_wconf 75' lang='lat' dir='ltr'><strong>fluvio</strong></span> <span class='ocrx_word' id='word_1_672' title='bbox 3933 4359 4055 4417; x_wconf 88' lang='lat' dir='ltr'><strong>Ar-</strong></span> 
     </span>
     <span class='ocr_line' id='line_1_100' title="bbox 2502 4445 4054 4525; baseline 0.001 -16"><span class='ocrx_word' id='word_1_673' title='bbox 2502 4467 2607 4525; x_wconf 92' lang='lat' dir='ltr'><strong>no,</strong></span> <span class='ocrx_word' id='word_1_674' title='bbox 2639 4448 2785 4508; x_wconf 85' lang='lat' dir='ltr'><strong>licet</strong></span> <span class='ocrx_word' id='word_1_675' title='bbox 2812 4447 3134 4508; x_wconf 82' lang='lat' dir='ltr'><strong>videretur</strong></span> <span class='ocrx_word' id='word_1_676' title='bbox 3162 4465 3297 4507; x_wconf 87' lang='lat' dir='ltr'><strong>esse</strong></span> <span class='ocrx_word' id='word_1_677' title='bbox 3325 4445 3692 4509; x_wconf 82' lang='lat' dir='ltr'><strong>immediate</strong></span> <span class='ocrx_word' id='word_1_678' title='bbox 3716 4447 3783 4507; x_wconf 90' lang='lat' dir='ltr'><strong>in</strong></span> <span class='ocrx_word' id='word_1_679' title='bbox 3812 4447 4054 4511; x_wconf 81' lang='lat' dir='ltr'><strong>utilit-a-</strong></span> 
     </span>
     <span class='ocr_line' id='line_1_101' title="bbox 2500 4538 4053 4620; baseline -0.001 -16"><span class='ocrx_word' id='word_1_680' title='bbox 2500 4547 2630 4604; x_wconf 87' lang='lat' dir='ltr'><strong>tem</strong></span> <span class='ocrx_word' id='word_1_681' title='bbox 2661 4560 2880 4603; x_wconf 90' lang='lat' dir='ltr'><strong>eorum</strong></span> <span class='ocrx_word' id='word_1_682' title='bbox 2909 4540 3281 4601; x_wconf 79' lang='lat' dir='ltr'><strong>clericorum</strong></span> <span class='ocrx_word' id='word_1_683' title='bbox 3300 4586 3317 4616; x_wconf 92' lang='lat'><strong>,</strong></span> <span class='ocrx_word' id='word_1_684' title='bbox 3360 4540 3471 4619; x_wconf 88' lang='lat' dir='ltr'><strong>qui</strong></span> <span class='ocrx_word' id='word_1_685' title='bbox 3497 4538 3827 4602; x_wconf 85' lang='lat' dir='ltr'><strong>habebant</strong></span> <span class='ocrx_word' id='word_1_686' title='bbox 3858 4561 4053 4620; x_wconf 83' lang='lat' dir='ltr'><strong>agros</strong></span> 
     </span>
     <span class='ocr_line' id='line_1_102' title="bbox 2502 4633 4056 4712; baseline 0.001 -17"><span class='ocrx_word' id='word_1_687' title='bbox 2502 4636 2694 4696; x_wconf 88' lang='lat' dir='ltr'><strong>fluvio</strong></span> <span class='ocrx_word' id='word_1_688' title='bbox 2722 4634 2964 4695; x_wconf 83' lang='lat' dir='ltr'><strong>vicinos</strong></span> <span class='ocrx_word' id='word_1_689' title='bbox 2998 4653 3011 4694; x_wconf 91' lang='lat'>:</span> <span class='ocrx_word' id='word_1_690' title='bbox 3045 4633 3157 4693; x_wconf 88' lang='lat' dir='ltr'><strong>sed</strong></span> <span class='ocrx_word' id='word_1_691' title='bbox 3187 4637 3401 4695; x_wconf 78' lang='lat' dir='ltr'><strong>tamen</strong></span> <span class='ocrx_word' id='word_1_692' title='bbox 3428 4651 3551 4693; x_wconf 89' lang='lat' dir='ltr'><strong>non</strong></span> <span class='ocrx_word' id='word_1_693' title='bbox 3584 4634 3935 4712; x_wconf 82' lang='lat' dir='ltr'><strong>petebatur</strong></span> <span class='ocrx_word' id='word_1_694' title='bbox 3961 4635 4056 4696; x_wconf 79' lang='lat' dir='ltr'><strong>fa-</strong></span> 
     </span>
     <span class='ocr_line' id='line_1_103' title="bbox 2503 4726 4056 4805; baseline 0 -16"><span class='ocrx_word' id='word_1_695' title='bbox 2503 4729 2703 4790; x_wconf 90' lang='lat' dir='ltr'><strong>cultas</strong></span> <span class='ocrx_word' id='word_1_696' title='bbox 2732 4731 2803 4789; x_wconf 88' lang='lat' dir='ltr'><strong>ut</strong></span> <span class='ocrx_word' id='word_1_697' title='bbox 2828 4728 2917 4788; x_wconf 91' lang='lat' dir='ltr'><strong>illi</strong></span> <span class='ocrx_word' id='word_1_698' title='bbox 2946 4726 3056 4787; x_wconf 90' lang='lat' dir='ltr'><strong>soli</strong></span> <span class='ocrx_word' id='word_1_699' title='bbox 3088 4727 3581 4803; x_wconf 84' lang='lat' dir='ltr'><strong>contribuerent,</strong></span> <span class='ocrx_word' id='word_1_700' title='bbox 3614 4726 3725 4787; x_wconf 87' lang='lat' dir='ltr'><strong>sed</strong></span> <span class='ocrx_word' id='word_1_701' title='bbox 3760 4745 3887 4805; x_wconf 85' lang='lat' dir='ltr'><strong>pro</strong></span> <span class='ocrx_word' id='word_1_702' title='bbox 3922 4733 4056 4790; x_wconf 83' lang='lat' dir='ltr'><strong>toto</strong></span> 
     </span>
     <span class='ocr_line' id='line_1_104' title="bbox 2503 4822 4060 4899; baseline 0 -17"><span class='ocrx_word' id='word_1_703' title='bbox 2503 4822 2692 4899; x_wconf 91' lang='lat' dir='ltr'><strong>clero,</strong></span> <span class='ocrx_word' id='word_1_704' title='bbox 2727 4839 2844 4881; x_wconf 89' lang='lat' dir='ltr'><strong>nec</strong></span> <span class='ocrx_word' id='word_1_705' title='bbox 2864 4825 3270 4899; x_wconf 75' lang='lat' dir='ltr'><strong>praecesserat</strong></span> <span class='ocrx_word' id='word_1_706' title='bbox 3287 4823 3543 4899; x_wconf 83' lang='lat' dir='ltr'><strong>pactum</strong></span> <span class='ocrx_word' id='word_1_707' title='bbox 3571 4825 3682 4880; x_wconf 88' lang='lat' dir='ltr'><strong>aut</strong></span> <span class='ocrx_word' id='word_1_708' title='bbox 3699 4839 4060 4882; x_wconf 87' lang='lat' dir='ltr'><strong>consensus</strong></span> 
     </span>
     <span class='ocr_line' id='line_1_105' title="bbox 2503 4912 4062 4993; baseline -0.001 -17"><span class='ocrx_word' id='word_1_709' title='bbox 2503 4932 2744 4990; x_wconf 89' lang='lat' dir='ltr'><strong>eorum,</strong></span> <span class='ocrx_word' id='word_1_710' title='bbox 2780 4914 2885 4993; x_wconf 91' lang='lat' dir='ltr'><strong>qui</strong></span> <span class='ocrx_word' id='word_1_711' title='bbox 2914 4912 3577 4988; x_wconf 87' lang='lat' dir='ltr'><strong>habebantinteresse,</strong></span> <span class='ocrx_word' id='word_1_712' title='bbox 3612 4912 3722 4972; x_wconf 88' lang='lat' dir='ltr'><strong>sed</strong></span> <span class='ocrx_word' id='word_1_713' title='bbox 3745 4913 4062 4975; x_wconf 77' lang='lat' dir='ltr'><strong>volebant</strong></span> 
     </span>
     <span class='ocr_line' id='line_1_106' title="bbox 2502 5006 4060 5085; baseline -0.001 -16"><span class='ocrx_word' id='word_1_714' title='bbox 2502 5027 2612 5069; x_wconf 88' lang='lat' dir='ltr'><strong>eos</strong></span> <span class='ocrx_word' id='word_1_715' title='bbox 2643 5026 2859 5068; x_wconf 89' lang='lat' dir='ltr'><strong>omnes</strong></span> <span class='ocrx_word' id='word_1_716' title='bbox 2898 5025 3124 5085; x_wconf 87' lang='lat' dir='ltr'><strong>cogere</strong></span> <span class='ocrx_word' id='word_1_717' title='bbox 3163 5006 3545 5084; x_wconf 89' lang='lat' dir='ltr'><strong>imponendo</strong></span> <span class='ocrx_word' id='word_1_718' title='bbox 3582 5024 3811 5066; x_wconf 78' lang='lat' dir='ltr'><strong>verum</strong></span> <span class='ocrx_word' id='word_1_719' title='bbox 3855 5006 4060 5069; x_wconf 82' lang='lat' dir='ltr'><strong>trihu-</strong></span> 
     </span>
     <span class='ocr_line' id='line_1_107' title="bbox 2503 5099 4058 5179; baseline -0.001 -16"><span class='ocrx_word' id='word_1_720' title='bbox 2503 5105 2640 5164; x_wconf 89' lang='lat' dir='ltr'><strong>tum</strong></span> <span class='ocrx_word' id='word_1_721' title='bbox 2672 5122 2684 5162; x_wconf 89' lang='lat'>:</span> <span class='ocrx_word' id='word_1_722' title='bbox 2734 5100 2796 5160; x_wconf 93' lang='lat' dir='ltr'><strong>in</strong></span> <span class='ocrx_word' id='word_1_723' title='bbox 2825 5119 2948 5179; x_wconf 92' lang='lat' dir='ltr'><strong>quo</strong></span> <span class='ocrx_word' id='word_1_724' title='bbox 2980 5101 3265 5161; x_wconf 81' lang='lat' dir='ltr'><strong>Pontifex</strong></span> <span class='ocrx_word' id='word_1_725' title='bbox 3294 5100 3643 5178; x_wconf 86' lang='lat' dir='ltr'><strong>prudenter</strong></span> <span class='ocrx_word' id='word_1_726' title='bbox 3671 5099 3883 5161; x_wconf 85' lang='lat' dir='ltr'><strong>noluit.</strong></span> <span class='ocrx_word' id='word_1_727' title='bbox 3911 5119 4058 5161; x_wconf 91' lang='lat' dir='ltr'><strong>con-</strong></span> 
     </span>
     <span class='ocr_line' id='line_1_108' title="bbox 2506 5192 4059 5271; baseline -0.001 -14"><span class='ocrx_word' id='word_1_728' title='bbox 2506 5196 2761 5271; x_wconf 84' lang='lat' dir='ltr'><strong>sentire,</strong></span> <span class='ocrx_word' id='word_1_729' title='bbox 2795 5194 2915 5254; x_wconf 91' lang='lat' dir='ltr'><strong>nisi</strong></span> <span class='ocrx_word' id='word_1_730' title='bbox 2943 5194 3006 5253; x_wconf 90' lang='lat' dir='ltr'><strong>in</strong></span> <span class='ocrx_word' id='word_1_731' title='bbox 3037 5192 3385 5253; x_wconf 89' lang='lat' dir='ltr'><strong>subsidium</strong></span> <span class='ocrx_word' id='word_1_732' title='bbox 3415 5198 3480 5254; x_wconf 87' lang='lat' dir='ltr'><strong>et</strong></span> <span class='ocrx_word' id='word_1_733' title='bbox 3506 5193 3835 5252; x_wconf 84' lang='lat' dir='ltr'><strong>deiectum</strong></span> <span class='ocrx_word' id='word_1_734' title='bbox 3864 5193 4059 5255; x_wconf 83' lang='lat' dir='ltr'><strong>laico-</strong></span> 
     </span>
     <span class='ocr_line' id='line_1_109' title="bbox 2501 5285 4052 5363; baseline 0 -15"><span class='ocrx_word' id='word_1_735' title='bbox 2501 5307 2641 5349; x_wconf 87' lang='lat' dir='ltr'><strong>rum</strong></span> <span class='ocrx_word' id='word_1_736' title='bbox 2662 5334 2678 5363; x_wconf 97' lang='lat'><strong>,</strong></span> <span class='ocrx_word' id='word_1_737' title='bbox 2712 5290 2783 5348; x_wconf 90' lang='lat' dir='ltr'><strong>ut</strong></span> <span class='ocrx_word' id='word_1_738' title='bbox 2809 5287 3293 5348; x_wconf 87' lang='lat' dir='ltr'><strong>observarentur</strong></span> <span class='ocrx_word' id='word_1_739' title='bbox 3320 5285 3725 5346; x_wconf 85' lang='lat' dir='ltr'><strong>conciliorum</strong></span> <span class='ocrx_word' id='word_1_740' title='bbox 3755 5285 4052 5360; x_wconf 75' lang='lat' dir='ltr'><strong>decreta,</strong></span> 
     </span>
     <span class='ocr_line' id='line_1_110' title="bbox 2504 5379 3219 5462; baseline -0.006 -20"><span class='ocrx_word' id='word_1_741' title='bbox 2504 5385 2811 5462; x_wconf 85' lang='lat' dir='ltr'><strong>quantum</strong></span> <span class='ocrx_word' id='word_1_742' title='bbox 2840 5380 2972 5440; x_wconf 83' lang='lat' dir='ltr'><strong>fieri</strong></span> <span class='ocrx_word' id='word_1_743' title='bbox 3004 5379 3219 5458; x_wconf 80' lang='lat' dir='ltr'><strong>possit.</strong></span> 
     </span>
    </p>

    <p class='ocr_par' dir='ltr' id='par_1_8' title="bbox 2505 5471 4053 5652">
     <span class='ocr_line' id='line_1_111' title="bbox 2585 5471 4053 5552; baseline -0.001 -15"><span class='ocrx_word' id='word_1_744' title='bbox 2585 5477 2802 5537; x_wconf 84' lang='lat' dir='ltr'><strong>Restat</strong></span> <span class='ocrx_word' id='word_1_745' title='bbox 2828 5473 3090 5534; x_wconf 89' lang='lat' dir='ltr'><strong>dubium</strong></span> <span class='ocrx_word' id='word_1_746' title='bbox 3118 5473 3436 5552; x_wconf 82' lang='lat' dir='ltr'><strong>generale,</strong></span> <span class='ocrx_word' id='word_1_747' title='bbox 3469 5491 3553 5533; x_wconf 85' lang='lat' dir='ltr'><strong>an</strong></span> <span class='ocrx_word' id='word_1_748' title='bbox 3582 5471 3658 5533; x_wconf 79' lang='lat' dir='ltr'><strong>iis</strong></span> <span class='ocrx_word' id='word_1_749' title='bbox 3686 5474 3961 5534; x_wconf 77' lang='lat' dir='ltr'><strong>casibus</strong></span> <span class='ocrx_word' id='word_1_750' title='bbox 3988 5476 4053 5536; x_wconf 87' lang='lat' dir='ltr'><strong>in</strong></span> 
     </span>
     <span class='ocr_line' id='line_1_112' title="bbox 2505 5563 4051 5652; baseline -0.001 -22"><span class='ocrx_word' id='word_1_751' title='bbox 2505 5569 2734 5652; x_wconf 84' lang='lat' dir='ltr'><strong>quibus</strong></span> <span class='ocrx_word' id='word_1_752' title='bbox 2762 5565 2971 5629; x_wconf 84' lang='lat' dir='ltr'><strong>clerici</strong></span> <span class='ocrx_word' id='word_1_753' title='bbox 2989 5569 3272 5646; x_wconf 80' lang='lat' dir='ltr'><strong>possunt,</strong></span> <span class='ocrx_word' id='word_1_754' title='bbox 3303 5565 3404 5627; x_wconf 66' lang='lat' dir='ltr'><strong>vel</strong></span> <span class='ocrx_word' id='word_1_755' title='bbox 3425 5566 3617 5627; x_wconf 80' lang='lat' dir='ltr'><strong>etiam</strong></span> <span class='ocrx_word' id='word_1_756' title='bbox 3636 5563 3889 5630; x_wconf 81' lang='lat' dir='ltr'><strong>debent</strong></span> <span class='ocrx_word' id='word_1_757' title='bbox 3905 5587 4051 5631; x_wconf 79' lang='lat' dir='ltr'><strong>con-</strong></span> 
     </span>
    </p>
   </div>
  </div>
 </body>
</html>
