4263 6376
1191 372 1662 435 DISPUTATIO
1706 373 1896 446 XXX,
1946 370 2222 432 SECTIO
2264 370 2339 431 11.

164 544 206 605 l.
239 542 364 606 Sed
386 552 446 605 et
472 545 684 623 socam,
726 548 784 627 §-
808 552 933 611 1.et
957 564 1027 610 n.
1058 549 1101 610 l.
1135 548 1404 627 Actione,
1449 550 1505 629 ἓ.
1526 546 1703 610 Divi-

169 655 310 713 mus,
345 638 415 698 ff.
442 657 566 719 pro
592 638 764 701 socio.

652 1065 1072 1153 sturlo
1143 1071 1232 1156 ΙΙ.

170 1373 253 1435 De
278 1373 462 1435 variis
498 1374 790 1435 societatis
833 1373 1237 1437 contrahendis
1280 1374 1498 1453 modis,
1546 1383 1600 1436 et
1634 1374 1706 1437 de

470 1499 675 1541 eorum
698 1480 949 1560 justitia,
983 1480 1081 1545 vel
1103 1481 1411 1562 injustitia.

246 1748 340 1808 Ad
376 1747 804 1825 judicandum
851 1747 930 1809 de
968 1747 1214 1827 justitia
1265 1749 1365 1811 vel
1403 1749 1709 1829 injustitia

175 1839 351 1917 hujus
380 1844 782 1916 contractuS,
832 1841 1059 1921 aliquae
1105 1841 1345 1922 regulae
1381 1844 1707 1921 generales

173 1932 328 1994 tradi
353 1933 586 1995 solent.

248 2026 479 2101 Prima,
497 2025 941 2088 etuniversalis
960 2028 1095 2089 haec
1107 2032 1230 2089 est:
1258 2028 1583 2109 aequalitas
1595 2027 1707 2088 hu-

114 2191 135 2201 ·
170 2119 265 2199 jus
278 2123 643 2181 contractus
672 2120 905 2198 pendet
922 2121 1316 2199 potissimum
1337 2140 1413 2182 ex
1442 2140 1515 2182 eo
1537 2120 1707 2201 quod

114 2204 135 2286 ’ρ
176 2212 489 2289 proportio
521 2217 808 2273 servetur
830 2214 1213 2291 geometrica
1253 2214 1419 2276 inter
1444 2214 1507 2273 id
1538 2214 1708 2293 quod

113 2290 136 2319 ⁷¹
176 2304 369 2365 socius
389 2305 655 2383 apponit
682 2324 758 2365 ex
786 2324 920 2382 sue,
956 2311 1020 2368 et
1044 2308 1286 2367 lucrum
1318 2308 1486 2387 quod
1515 2307 1709 2385 parti-

175 2397 364 2475 cipat,
413 2398 503 2458 ita
534 2401 603 2458 ut
646 2397 749 2476 qui
781 2398 920 2476 plus
948 2399 1246 2477 apponit,
1278 2400 1377 2460 vel
1409 2400 1470 2459 in
1520 2417 1708 2478 pecu·

176 2490 306 2566 niis,
356 2489 458 2550 vel
488 2491 555 2549 in
585 2491 859 2567 capitali,
911 2492 1009 2551 vel
1036 2491 1100 2552 in
1130 2511 1353 2571 opera,
1405 2497 1467 2553 et
1493 2492 1711 2553 indus-

174 2583 317 2659 tria,
348 2583 450 2643 vel
480 2583 548 2643 in
576 2583 855 2661 periculo
879 2630 894 2655 ,
942 2589 1053 2645 aut
1081 2585 1313 2645 damno
1352 2585 1577 2664 maiori
1607 2584 1708 2645 cui

177 2693 236 2734 se
263 2676 551 2754 exponit,
598 2694 737 2755 quae
766 2677 975 2737 omnia
1016 2678 1211 2755 pluris
1240 2678 1533 2739 aestimari
1566 2696 1708 2756 pos-

177 2774 337 2839 sunt;
369 2786 519 2828 cum
536 2769 759 2829 eadem
776 2771 1176 2847 proportione
1207 2771 1344 2849 plus
1375 2772 1603 2833 debeat
1631 2771 1708 2832 de

176 2860 339 2921 lucro
366 2861 748 2940 participare
782 2882 795 2923 :
831 2862 1106 2941 alioquin
1137 2867 1492 2925 contractus
1520 2865 1710 2925 socie-

177 2953 312 3013 tatis
340 2971 466 3014 non
503 2957 598 3013 est
628 2955 907 3033 aequam,
942 2954 1053 3015 sed
1084 2955 1353 3034 injustus
1381 2975 1524 3017 cum
1554 2956 1712 3018 obli-

179 3046 417 3124 gatione
464 3045 872 3123 restituendi,
934 3047 1054 3107 nisi
1098 3049 1284 3109 mista
1327 3050 1406 3110 sit
1454 3049 1708 3112 donatio

178 3139 376 3218 aliqua
402 3144 775 3219 spontanea,
796 3154 918 3201 non
944 3159 1019 3201 ex
1039 3141 1404 3204 necessitate
1420 3142 1518 3203 vel
1538 3142 1710 3222 igno-

181 3233 404 3310 rantia,
437 3233 553 3293 sed
582 3237 839 3312 propter
866 3234 1205 3295 amicitiam
1235 3240 1343 3297 aut
1369 3236 1712 3299 liberalita-

181 3330 299 3386 tem
326 3327 513 3386 unius
545 3326 697 3388 socii
729 3346 880 3406 erga
907 3327 1083 3389 alios,

256 3419 547 3480 Secunda
574 3418 793 3498 regula
824 3427 939 3496 est,
964 3422 1217 3501 quando
1251 3426 1504 3501 pactum
1531 3423 1601 3485 fit
1632 3423 1711 3483 de

184 3511 515 3573 dividendo
544 3511 744 3588 lucro,
779 3516 842 3573 et
871 3532 993 3574 non
1018 3516 1385 3594 exprimitur
1412 3516 1490 3577 de
1521 3517 1715 3595 parti-

114 3620 128 3649 ¹
182 3603 289 3664 bus
305 3604 745 3684 inaequalibuS,
772 3605 1138 3685 intelligitur
1164 3607 1570 3670 dividendum
1602 3629 1714 3688 per

114 3693 125 3703 '
183 3703 379 3774 partes
408 3698 708 3776 aequaleS,
741 3702 812 3760 ut
837 3704 1082 3762 constat
1105 3719 1178 3761 ex
1208 3702 1405 3764 Instit.
1439 3701 1509 3763 de
1534 3702 1713 3763 socie·

182 3797 308 3866 tate,
338 3789 402 3850 in
424 3791 627 3869 princ.
661 3809 824 3852 vers.
858 3791 949 3851 Et
976 3792 1228 3872 quidem,
1250 3799 1313 3856 et
1339 3813 1415 3855 ex
1441 3795 1482 3856 l.
1508 3794 1712 3856 Sinon

181 3883 381 3960 suerit,
433 3884 497 3943 in
529 3883 729 3961 princ.
767 3885 827 3944 ff.
856 3904 969 3964 pro
997 3886 1171 3947 socie.
1230 3889 1573 3967 AEqualitas
1602 3907 1712 3949 au-

184 3979 299 4034 tem
346 3975 483 4036 haec
528 3975 900 4054 intelligitur
944 3996 1070 4038 non
1127 3978 1517 4041 arithmetica
1537 4027 1553 4056 ,
1600 3981 1710 4041 sed

186 4068 596 4144 geometrica,
655 4072 725 4129 ut
763 4069 1002 4131 scilicet
1035 4070 1216 4150 juxta
1243 4074 1710 4151 proportionem

185 4161 468 4237 partium,
503 4160 731 4240 quibus
762 4161 987 4241 singuli
1019 4171 1418 4241 concurrunt,
1441 4166 1711 4228 debeant

188 4258 384 4329 partes
411 4254 573 4314 lucri
621 4272 763 4314 cum
793 4254 1017 4315 eadem
1048 4258 1446 4336 proportione
1475 4260 1707 4321 divide·

186 4362 266 4404 re.
298 4347 427 4407 Nisi
454 4348 749 4408 tamenin
768 4347 888 4409 hoc
917 4349 1249 4411 manifesta
1277 4351 1581 4431 injustitia
1606 4373 1711 4433 ap-

188 4443 442 4516 pareret,
477 4445 548 4502 ut
575 4441 815 4503 notavit
859 4441 1093 4503 additio
1124 4443 1204 4503 ad
1250 4445 1522 4523 glossam
1550 4446 1615 4506 in
1643 4446 1709 4508 d.

188 4531 295 4591 loc.
336 4532 610 4595 Institut.
670 4535 748 4594 Et
778 4534 1033 4613 quidem
1064 4535 1183 4597 hoc
1227 4555 1303 4597 ex
1331 4537 1467 4617 ipsa
1494 4540 1715 4618 regula

191 4623 509 4687 deducitur
542 4646 555 4687 :
591 4628 737 4706 quia
767 4628 818 4688 si
847 4629 1151 4708 injustitia
1180 4630 1389 4710 aliqua
1417 4638 1716 4712 appareat

190 4715 245 4774 in
274 4719 543 4795 partium
563 4720 942 4799 aequalitate,
964 4721 1104 4783 ideo
1135 4728 1229 4785 est
1257 4725 1404 4803 quia
1432 4744 1590 4787 unus
1620 4745 1714 4787 so-

192 4807 312 4870 cius
339 4809 479 4889 plus
518 4813 780 4891 periculi
827 4815 923 4875 vel
963 4815 1194 4877 laboris
1233 4817 1440 4878 subire
1488 4818 1710 4893 debet3

193 4901 346 4963 unde
387 4904 459 4965 fit
500 4905 668 4966 hunc
704 4904 842 4985 jam
897 4906 1035 4985 plus
1081 4910 1478 4972 contribuere
1525 4930 1715 4992 quam

194 4993 358 5073 alioS,
390 5015 536 5058 cum
564 5017 910 5077 gravamen
938 5000 1090 5060 illud
1111 5002 1192 5063 sit
1219 5003 1417 5081 pretio
1448 5005 1719 5066 aestima-

194 5085 306 5147 bile
325 5134 341 5163 ,
374 5094 564 5170 atque
624 5090 782 5152 adeo
838 5096 907 5154 ut
961 5098 1169 5171 partes
1228 5096 1387 5157 lucri
1444 5098 1720 5159 habeant

196 5182 604 5259 aequalitatem
649 5185 1130 5263 geometricam,
1176 5187 1364 5250 debet
1390 5208 1535 5268 pars
1561 5191 1721 5252 lucri

196 5273 384 5353 major
412 5277 904 5356 correspondere
932 5279 1078 5340 huic
1114 5282 1305 5357 socio,
1340 5301 1529 5362 quam
1557 5283 1715 5345 aliis,

267 5367 472 5430 Tertia
501 5372 722 5449 regula
751 5376 865 5449 est,
910 5373 1162 5451 quando
1196 5374 1347 5434 nihil
1377 5376 1722 5454 explicatur

200 5457 271 5518 de
308 5460 535 5524 damno
584 5463 1036 5541 distribuendo,
1088 5466 1454 5546 intelligitur
1497 5469 1720 5531 eodem

199 5553 374 5616 modo
402 5555 810 5618 dividendum
840 5557 1001 5621 sicut
1025 5559 1269 5620 lucrum
1290 5606 1306 5639 ‚
1353 5565 1414 5623 et
1442 5579 1585 5622 cum
1613 5580 1719 5625 ea·

3229 374 3340 435 47¹

1805 545 1950 607 dem
1981 544 2406 625 proportione,
2439 548 2503 606 et
2530 563 2565 605 e
2595 547 2833 621 contra,
2865 544 2920 605 si
2947 544 3025 605 de
3055 543 3347 609 distribu.
3395 567 3604 621 Quomodo
3636 572 3693 614 ιιι

1801 639 1973 701 tione
2002 638 2221 699 damni
2250 637 2487 699 dictum
2517 638 2617 715 sit,
2652 642 2715 699 et
2740 656 2868 699 non
2899 636 2977 697 de
3004 637 3201 713 lucro,
3235 656 3341 699 ea·
3410 622 3672 721 fflfflffissP

1805 731 1952 793 dem
1982 731 2338 794 distributio
2367 731 2735 810 intelligitur
2760 730 2825 790 in
2850 730 3028 792 lucra
3054 731 3345 792 facienda

1801 842 1944 904 quae
1975 824 2038 885 in
2059 824 2313 899 damno,
2347 843 2421 884 ex
2440 825 2496 902 ἓ.
2513 823 2690 901 Illud,
2722 823 2921 884 Instit.
2954 822 3024 884 de
3048 822 3337 885 societate.

1800 916 1966 996 quod
2012 915 2380 994 idtelligitur
2419 915 2497 976 de
2528 915 2755 976 damno
2785 933 2908 976 non
2939 916 3340 993 proveniente

1800 1027 1877 1069 ex
1905 1008 2090 1087 culpa
2118 1008 2274 1069 socii
2317 1028 2330 1068 :
2379 1008 2549 1086 quod
2592 1008 2759 1069 enim
2801 1027 2877 1068 ex
2906 1008 3090 1087 culpa
3119 1008 3340 1070 saltem

1796 1100 1919 1162 levi
1949 1100 2213 1181 alicujus
2241 1101 2563 1179 provenit,
2610 1101 2693 1162 ad
2737 1101 2913 1162 illum
2956 1102 3159 1162 solum
3198 1103 3340 1181 spe-

1802 1196 1949 1269 ctat,
1984 1197 2052 1255 ut
2076 1192 2239 1253 infra
2266 1193 2527 1255 dicetur.
3247 1255 3258 1267 ,

1885 1286 2120 1359 Quarta
2146 1286 2368 1364 regula
2396 1287 2497 1362 sit,
2531 1288 2718 1365 pacta
2747 1284 2959 1346 omnia
2988 1284 3156 1346 circa
3183 1285 3338 1346 divi·
3487 1296 3561 1356 13

1804 1378 2045 1439 sionem
2079 1377 2237 1439 lucri
2285 1383 2349 1441 et
2393 1378 2606 1439 damni
2650 1378 2832 1439 aliter
2867 1378 3193 1455 facienda,
3237 1378 3338 1438 vel
3404 1422 3528 1465 ΡΜ,
3553 1423 3660 1467 dm

1806 1489 2000 1532 onera
2025 1471 2211 1532 sociis
2240 1471 2531 1550 imposita
2551 1471 2862 1532 servanda
2880 1489 3038 1547 esse,
3072 1471 3186 1531 nisi
3215 1471 3340 1533 sint
3412 1476 3654 1552 divisipqem

1805 1563 2061 1640 speciali
2083 1562 2230 1642 jure
2259 1564 2527 1642 positivo
2556 1563 2911 1642 prohibita,
2961 1565 3061 1624 vel
3107 1563 3227 1625 nisi
3272 1564 3338 1623 in
3413 1530 3656 1626 Ἓνιῖῗᾶῗ

1807 1654 1898 1714 eis
1926 1654 2234 1735 injustitia
2281 1675 2357 1716 ex
2402 1659 2630 1717 natura
2673 1657 2762 1716 rei
2795 1661 3142 1736 appareat:
3194 1674 3339 1718 cum
3484 1641 3599 1678 ⁸¹¹¹¹²⁸

1805 1747 1974 1808 enim
2003 1748 2140 1809 haec
2170 1748 2493 1828 aequalitas
2536 1749 2953 1827 proportionis
2982 1768 3107 1810 non
3136 1749 3341 1811 consi-

1804 1845 1928 1902 stat
1955 1841 2019 1901 in
2048 1841 2431 1917 indivisibili,
2467 1841 2578 1901 sed
2609 1841 2840 1902 habeat
2865 1860 3044 1902 suam
3064 1842 3342 1904 latitudi-

1804 1951 1989 2009 nem,
2042 1933 2205 1995 sicut
2231 1934 2432 2012 pretia
2477 1952 2691 1995 rerum
2715 1935 2922 2013 justa;
2982 1952 3105 1996 non
3154 1934 3343 1996 debet

1805 2026 2090 2087 damnari
2120 2032 2191 2089 ut
2220 2027 2485 2107 injustus
2513 2027 2829 2089 societatis
2848 2031 3204 2089 contractus
3224 2031 3344 2089 sta·

1804 2121 1940 2196 tim,
1982 2119 2099 2181 nisi
2129 2124 2372 2182 constet
2399 2120 2758 2199 transgredi
2791 2138 3010 2181 omnes
3039 2122 3342 2183 terminos

1807 2213 2184 2292 aequalitatis
2213 2213 2403 2275 etiam
2430 2214 2685 2289 infimae,
2720 2213 2821 2273 vel
2847 2232 3148 2287 summae3
3181 2233 3344 2294 prae-

1807 2306 2023 2367 sertim
2052 2325 2196 2366 cum
2223 2306 2638 2385 inaequalitaS,
2699 2325 2839 2387 quae
2869 2325 2943 2367 ex
2971 2325 3096 2368 uno
3140 2309 3345 2387 capite

1808 2402 2090 2478 apparet,
2112 2399 2474 2478 frequenter
2501 2403 2941 2478 compensetur
2970 2420 3044 2460 ex
3072 2400 3209 2461 aliis
3237 2420 3343 2462 ca-

1806 2491 2037 2571 pitibus
2056 2537 2072 2567 ,
2139 2490 2240 2551 vel
2294 2490 2775 2552 circumstantiis
2827 2492 3337 2570 individualibus,

1809 2602 1948 2663 quae
1977 2584 2161 2645 facile
2191 2584 2554 2659 variantur,
2607 2588 2670 2645 et
2710 2588 2835 2644 non
2862 2585 3069 2646 minus
3112 2585 3344 2647 debent

1807 2677 1871 2737 in
1900 2676 2469 2738 considerationem
2497 2677 2733 2737 venire.
2769 2678 2949 2739 Unde
2978 2678 3340 2758 contingere

1808 2774 2013 2849 potest
2070 2769 2239 2849 quod
2289 2770 2807 2831 concurrentibus
2862 2770 3111 2832 duobus
3157 2772 3341 2833 sociis

1809 2880 1953 2923 cum
1983 2863 2205 2923 eadem
2227 2861 2508 2940 pecunioe
2528 2880 2796 2938 summa,
2830 2862 3011 2938 alteri
3028 2862 3343 2942 assignen-

1808 2960 1911 3017 tur
1928 2956 2095 3035 juste
2127 2954 2269 3015 duae
2299 2958 2513 3034 partes
2559 2956 2620 3014 in
2650 2955 2825 3015 lucro
2850 3002 2866 3033 ‚
2918 2956 3095 3017 alteri
3139 2957 3341 3017 solum

1808 3048 2011 3110 tertia.
2036 3050 2192 3109 Item
2217 3047 2553 3126 aliquando
2563 3046 2731 3127 juste
2754 3066 2916 3108 unus
2941 3048 3130 3110 habet
3152 3067 3341 3109 unam

1809 3140 2007 3202 solam
2053 3140 2267 3201 damni
2312 3143 2555 3219 partem
2581 3186 2597 3217 ,
2653 3144 2715 3202 et
2743 3141 2902 3202 duas
2930 3141 3083 3202 lucri
3110 3187 3125 3218 ,
3184 3142 3344 3204 alter

1811 3253 2000 3296 unam
2027 3233 2206 3312 lucri,
2241 3238 2304 3295 et
2323 3234 2535 3295 damni
2558 3235 2736 3296 duas.
2769 3235 3123 3314 Aliquando
3154 3236 3342 3297 etiam

1810 3346 1971 3388 unus
1999 3327 2202 3388 solum
2245 3326 2439 3387 habet
2469 3331 2715 3406 partem
2743 3327 2805 3387 in
2834 3328 3009 3389 lucro
3035 3374 3051 3405 ,
3106 3329 3342 3389 nullam

1812 3421 1874 3482 in
1906 3421 2161 3496 damno,
2196 3423 2265 3481 ut
2292 3439 2368 3478 ex
2395 3420 2436 3480 l.
2460 3420 2662 3481 Sinon
2676 3421 2881 3500 fuerit,
2918 3422 3036 3482 etl.
3062 3421 3337 3498 Maritus,

1811 3514 1878 3576 ff.
1898 3533 2018 3596 pro
2044 3513 2220 3590 socie,
2272 3517 2336 3574 et
2380 3513 2518 3573 aliis
2564 3512 2816 3593 juribus
2860 3514 3086 3592 probat
3111 3515 3344 3576 Molina

1812 3607 1972 3686 disp.
2004 3610 2142 3668 415.
2188 3624 2359 3666 num.
2394 3609 2455 3667 8.
2506 3608 2715 3668 Potest
2751 3605 2918 3666 enim
2949 3606 3256 3668 industria
3282 3609 3346 3669 et

1811 3719 2004 3784 opera
2032 3700 2296 3779 alicujus
2339 3698 2489 3761 socii
2517 3699 2670 3762 tanti
2704 3699 3035 3776 aestimari,
3077 3703 3148 3761 ut
3173 3717 3343 3761 com-

1809 3797 2030 3873 penset
2060 3791 2311 3852 abunde
2361 3791 2475 3852 has
2522 3791 2678 3851 alias
2707 3809 2925 3852 omncs
2952 3791 3345 3872 inaequalita-

1808 3893 1903 3949 tes
1927 3932 1942 3961 ,
1978 3889 2040 3947 et
2067 3888 2425 3946 contractus
2455 3883 2746 3944 omnibus
2771 3884 3050 3963 pensatis
3078 3885 3158 3945 sit
3184 3883 3341 3965 inju-

1811 3984 1961 4041 stus.
2012 3978 2126 4039 Illa
2163 3995 2312 4056 ergo
2344 3976 2612 4038 societas
2661 3977 2796 4038 sola
2832 3976 3163 4057 justificari
3216 3995 3343 4039 non

1810 4075 2050 4152 potest,
2111 4071 2221 4130 sed
2252 4088 2502 4149 semper
2547 4074 2616 4131 ut
2641 4069 2888 4130 leonina
2917 4070 3338 4149 reprobanda,

1810 4166 1873 4225 in
1903 4185 2027 4245 qua
2055 4164 2137 4224 ad
2163 4182 2355 4224 unum
2388 4162 2628 4223 socium
2656 4162 2956 4224 damnum
2978 4165 3179 4224 solum
3200 4183 3345 4244 per-

1811 4259 2007 4321 tinere
2037 4257 2286 4333 debeat,
2321 4227 2566 4318 mil
2593 4256 2776 4321 lucri:
2808 4260 2879 4319 ut
2906 4257 3136 4319 dicitur
3164 4257 3227 4318 in
3257 4258 3348 4318 di-

1811 4356 1912 4413 cta
1939 4351 1980 4412 l.
2016 4350 2230 4411 Sinon
2258 4349 2462 4430 fuem't.

1890 4444 1999 4504 His
2027 4442 2383 4522 suppositis,
2417 4446 2480 4504 et
2507 4445 2577 4503 ut
2601 4441 2684 4502 ad
2703 4442 2949 4521 praxim
2977 4442 3076 4505 hoe
3111 4445 3345 4524 regulae
3499 4450 3573 4508 14

1811 4536 2223 4617 applicentur,
2256 4535 2580 4596 sciendum
2611 4538 2725 4611 est,
2757 4535 3187 4615 multipliciter
3211 4538 3348 4600 fieri
3397 4575 3532 4618 urii,
3564 4575 3698 4617 mod„

1813 4631 2012 4691 solere
2042 4629 2450 4690 societatem:
2500 4627 2838 4706 aliquando
2878 4629 3046 4689 enim
3087 4635 3348 4711 uterque
3400 4629 3700 4726 ffimffieffs

1814 4723 2018 4784 socius
2076 4721 2402 4800 aequaliter
2454 4719 2795 4782 contribuit
2851 4722 3180 4799 pecuniam
3213 4769 3229 4800 ,
3290 4728 3353 4786 et

1816 4819 2037 4877 neuter
2063 4815 2307 4875 confert
2351 4830 2610 4892 operam
2641 4813 2740 4874 vel
2767 4813 3140 4877 industriam
3164 4862 3180 4892 ,
3241 4815 3348 4876 sed

1814 4910 1973 4971 alius
2000 4907 2252 4983 tertius,
2304 4905 2403 4967 cui
2436 4906 2723 4985 expensis
2769 4908 3209 4969 communibus
3250 4907 3354 4970 sti-

1817 5001 2117 5082 pendium
2145 5000 2408 5063 solvitur
2439 5020 2453 5061 :
2505 5003 2568 5061 et
2608 5004 2758 5062 tunc
2787 5019 2913 5061 non
2943 5006 3038 5062 est
3065 5000 3350 5077 dubium,

1814 5097 2011 5172 lucta,
2046 5097 2108 5155 et
2138 5093 2368 5154 damna
2396 5093 2754 5155 communia
2782 5111 2918 5154 esse
2949 5093 3179 5154 debere
3207 5094 3358 5155 utri-

1819 5207 1939 5270 que
1994 5188 2163 5250 socio
2211 5206 2326 5267 per
2376 5190 2589 5267 partes
2644 5185 2939 5265 aequales.
3000 5186 3355 5267 Aliquando

1820 5299 2038 5342 omnes
2066 5281 2222 5342 socii
2251 5280 2582 5341 conferunt
2601 5279 2922 5356 pecunias,
2954 5298 3117 5341 unus
3146 5283 3358 5341 autem

1821 5395 1898 5436 ex
1945 5375 2019 5436 iis
2049 5376 2293 5436 confert
2321 5390 2580 5453 operam
2616 5372 2805 5433 etiam
2849 5375 2912 5433 et
2957 5372 3353 5451 industriam,

1819 5473 1882 5530 et
1908 5471 2058 5529 tunc
2084 5466 2135 5528 si
2166 5467 2351 5528 detur
2378 5465 2466 5526 illi
2494 5464 2875 5543 stipendium
2907 5485 3021 5544 pro
3049 5465 3268 5528 labore
3298 5470 3361 5528 et

1817 5560 2148 5638 industria,
2183 5578 2308 5621 non
2338 5561 2629 5620 censetur
2658 5557 2827 5619 illam
2860 5560 3145 5622 conferre
3174 5564 3245 5622 ut
3263 5579 3358 5621 so-
