4263 6376
1162 361 1633 422 DISPUTATIO
1677 361 1894 437 XXIX,
1944 362 2219 424 SECTIO
2265 364 2337 424 11.

172 548 394 621 portum
419 588 433 616 ,
467 559 656 620 quam
701 540 752 600 si
794 544 987 600 totum
1020 538 1102 598 ad
1132 537 1372 597 Indiam
1403 539 1671 597 confice-

172 640 339 695 retur.
372 637 522 694 Cum
553 651 700 710 ergo
747 632 807 691 in
861 631 1189 692 utilitatem
1217 631 1405 690 etiam
1435 649 1671 689 merca-

169 727 299 788 toris
325 726 594 786 reductae
622 725 850 786 fuerint
876 742 1118 783 merces
1160 723 1225 782 in
1262 727 1509 801 portum
1534 769 1549 799 ‚
1595 740 1671 781 ne

169 822 222 879 in
247 837 406 879 mare
433 817 907 896 projicerentur,
941 815 1020 875 ad
1040 834 1182 874 eum
1202 813 1542 894 pertinebit
1556 814 1672 874 sol-

168 932 294 972 vere
346 911 528 972 etiam
575 908 932 969 mercedem
981 926 1093 985 pro
1148 906 1375 983 reditu,
1437 906 1498 965 in
1548 923 1670 985 quo

168 1005 431 1065 eumdem
447 1003 623 1062 navis
641 1002 847 1062 locum
866 1006 1271 1078 occuparunt.
1291 999 1466 1072 Qnod
1485 999 1672 1060 etiam

168 1098 510 1159 confirmare
559 1112 891 1174 possumus
939 1093 1225 1170 exemplo
1268 1091 1672 1152 conducentis

168 1207 413 1264 currum,
447 1188 544 1248 vel
574 1205 805 1266 equum
831 1232 846 1262 ,
881 1190 949 1248 ut
978 1189 1078 1246 eat
1105 1185 1527 1245 Mediolanum
1561 1198 1574 1243 :
1619 1183 1672 1243 si

167 1283 312 1341 enim
345 1280 403 1339 in
432 1279 641 1340 medio
690 1278 909 1339 itinere
957 1277 1472 1356 impedimentum
1503 1276 1670 1335 inve-

168 1376 277 1433 niat
302 1373 374 1433 ad
420 1369 950 1451 progrediendum
997 1374 1250 1447 propter
1291 1367 1534 1442 hosteS,
1573 1366 1671 1426 vel

167 1466 294 1547 quia
318 1464 501 1545 pestis
530 1464 757 1523 timore
788 1462 1087 1523 transitus
1130 1465 1396 1539 negatur
1424 1459 1669 1535 exteris,

166 1568 217 1620 et
240 1559 367 1618 ideo
414 1560 678 1617 Romam
707 1554 963 1631 redeat,
1014 1553 1212 1614 solvet
1260 1552 1470 1631 utique
1513 1551 1670 1612 inte-

164 1670 321 1729 gram
349 1649 702 1709 mercedem
727 1667 742 1720 ;
776 1666 917 1707 cum
948 1664 1071 1705 non
1101 1644 1309 1703 minus
1336 1643 1675 1721 indiguerit

165 1763 347 1817 curru,
366 1743 461 1801 vel
477 1759 640 1820 equo
664 1740 741 1799 ad
766 1737 1179 1812 redeundum,
1197 1754 1384 1815 quam
1403 1735 1481 1796 ad
1504 1754 1674 1795 eum-

164 1836 313 1906 dum,
346 1854 418 1893 ne
448 1833 641 1911 pedes
671 1831 875 1892 redire
906 1833 1257 1908 cogeretur.

232 1927 472 1988 Accedit
502 1924 775 2003 denique
807 1922 994 1983 tacita
1025 1920 1527 1981 contrahentium
1557 1937 1669 1980 vo·

164 2022 361 2094 luntas,
399 2036 589 2097 quam
617 2016 786 2075 idem
814 2015 1048 2076 Melina
1062 2016 1326 2074 testatur
1342 2030 1479 2071 eam
1498 2030 1662 2083 esse;

163 2115 204 2172 si
229 2113 378 2171 enim
405 2113 720 2170 mercator
740 2108 799 2167 in
822 2112 1077 2186 pactum
1100 2104 1462 2179 deduceret,
1500 2104 1668 2183 quod

165 2205 285 2264 navi
315 2223 430 2264 non
460 2201 865 2282 perveniente
896 2199 976 2259 ad
1006 2198 1279 2273 Indiam,
1314 2197 1583 2275 pretium
1612 2195 1667 2256 ei

163 2299 247 2356 vel
273 2302 458 2358 totum
488 2296 589 2354 vel
642 2312 753 2372 pro
798 2297 936 2353 rata
984 2290 1437 2351 restituendum
1485 2293 1665 2364 esset,

164 2409 269 2450 non
295 2388 597 2449 inveniret
628 2386 735 2466 qui
765 2403 836 2445 eo
860 2388 1041 2463 pacto
1066 2383 1169 2463 jus
1191 2401 1372 2442 suum
1396 2381 1666 2442 vendere

164 2484 244 2542 vel
269 2483 464 2542 loc-are
492 2479 704 2540 vellet.
739 2477 916 2539 Unde
948 2475 1199 2536 attentis
1228 2474 1577 2553 sumptibus
1607 2478 1670 2534 et

162 2574 421 2653 periculis
460 2572 719 2632 navium
746 2569 1131 2643 Indicarum,
1164 2566 1545 2626 credendum
1576 2569 1672 2628 est

162 2667 305 2727 hunc
335 2666 590 2727 modum
620 2661 905 2737 locandi,
938 2661 1083 2720 dato
1116 2659 1282 2738 quod
1312 2659 1535 2719 locatio
1566 2659 1664 2735 sit,

156 2760 365 2841 justum
397 2776 529 2818 esse
556 2804 571 2832 ,
629 2760 691 2815 et
731 2753 911 2833 juxta
941 2751 1442 2813 contrahentium
1472 2751 1672 2811 inten-

161 2854 390 2927 tionem,
426 2847 733 2929 quidquid
753 2846 834 2906 sit
852 2846 929 2906 de
950 2844 1192 2924 legibus
1212 2843 1478 2904 aliarum
1506 2843 1669 2904 loca-

161 2952 393 3101 noil’iildle
419 3037 669 3097 constat
715 3031 938 3094 solutio
982 3030 1062 3091 ad
1091 3030 1501 3090 fundamenta
1525 3046 1668 3089 con-

162 3133 345 3193 traria.

226 3225 312 3286 Ad
334 3224 604 3304 primum
628 3223 916 3298 negatur,
943 3217 1104 3276 hanc
1118 3215 1663 3287 esselocationem;

161 3323 212 3378 et
228 3319 359 3378 dato
389 3315 553 3396 quod
584 3312 815 3375 locatio
847 3314 1030 3386 esset,
1064 3309 1272 3370 adhuc
1302 3327 1427 3368 non
1456 3327 1669 3387 proce-

160 3411 352 3472 derent
392 3410 453 3469 in
510 3427 586 3468 ea
632 3406 803 3484 leges
858 3421 1221 3463 communes
1259 3400 1661 3478 locationum,

159 3508 382 3583 propter
428 3501 688 3562 tacitam
721 3495 1103 3557 voluntatem
1135 3492 1659 3569 contrahentium,

158 3600 207 3655 et
233 3595 504 3675 denique,
539 3589 787 3653 etiamsi
817 3587 1249 3667 procederent,
1279 3586 1548 3664 pretinm
1576 3585 1666 3645 in-

158 3694 374 3766 tegrum
400 3685 737 3746 deberetur
765 3728 779 3757 ,
831 3699 973 3741 cum
1005 3683 1176 3740 tanto
1207 3683 1483 3757 tempore
1514 3697 1662 3738 usus

158 3781 307 3840 naris
332 3795 663 3840 concessus
690 3773 879 3835 fuerit
900 3819 915 3849 ,
977 3775 1210 3852 quanto
1253 3769 1554 3850 potuisset
1580 3769 1661 3830 ad

156 3873 365 3933 Indiam
392 3869 744 3952 pervenire.

222 3966 309 4025 Ad
335 3963 681 4025 secundum
710 3961 994 4030 constat,
1048 3957 1109 4015 in
1140 3973 1287 4014 casu
1319 3954 1479 4014 illius
1507 3953 1663 4033 legis

158 4062 207 4117 et
230 4077 425 4118 veram
460 4054 843 4117 locationem
891 4051 1114 4124 fuisse,
1168 4051 1230 4107 et
1266 4046 1446 4125 juxta
1490 4047 1661 4125 leges

157 4169 487 4210 communes
515 4146 923 4218 locationum,
944 4146 1005 4201 et
1033 4139 1478 4201 conductorem
1508 4159 1660 4199 nun-

159 4263 321 4322 quam
386 4260 566 4303 usum
624 4237 802 4297 navis
873 4233 1202 4295 conductae
1257 4231 1489 4292 habere
1554 4250 1659 4309 po-

156 4337 339 4396 tuisse.

222 4429 305 4489 Ad
334 4426 581 4489 tertium
613 4420 950 4483 dicendum
980 4422 1093 4494 est,
1119 4416 1468 4477 doctrinam
1489 4417 1656 4478 illam

158 4541 341 4581 veram
382 4538 553 4594 esse,
609 4513 861 4594 quando
909 4512 972 4571 in
1022 4513 1274 4588 pactum
1320 4509 1659 4570 deductum

157 4616 270 4690 suit,
300 4619 365 4675 ut
390 4630 499 4692 pro
530 4606 864 4683 mancipiis
906 4602 1316 4664 morientibus
1344 4602 1407 4661 in
1439 4603 1657 4663 itinere

156 4726 364 4767 merces
392 4724 513 4765 non
544 4701 927 4762 solveretur:
962 4696 1201 4756 secluso
1234 4694 1396 4753 enim
1432 4695 1533 4754 illo
1552 4714 1657 4773 pa-

155 4807 259 4876 cta,
277 4799 601 4860 deberetur
623 4793 887 4869 integra,
914 4796 975 4851 et
995 4788 1275 4868 iniquum
1304 4792 1468 4848 esset
1488 4787 1657 4866 quod

153 4892 364 4953 locator
409 4892 468 4950 in
518 4884 729 4948 medio
789 4883 1009 4944 itinere
1036 4928 1050 4956 ,
1111 4879 1363 4959 quando
1419 4898 1658 4940 merces

155 4985 288 5044 alias
314 4985 373 5044 in
402 4980 613 5042 navim
646 4976 873 5036 inferre
906 4993 1026 5035 non
1058 4975 1304 5051 posset,
1364 4971 1655 5031 mercede

155 5096 252 5137 sua
275 5079 507 5138 careret
540 5094 553 5133 :
590 5070 692 5131 Sic
722 5067 934 5144 etiam,
969 5066 1073 5146 qui
1103 5068 1269 5125 locat
1296 5064 1551 5125 domum
1582 5063 1659 5124 ti-

155 5168 208 5228 hi
233 5189 333 5248 pro
359 5174 486 5230 toto
519 5181 718 5239 anne,
765 5159 1008 5221 etiamsi
1049 5156 1336 5218 moriaris
1361 5203 1376 5232 ,
1437 5156 1661 5235 accipit

154 5263 486 5338 pensionem
514 5279 553 5321 a
582 5257 706 5319 tuis
730 5251 1107 5326 haeredibuS,
1142 5250 1288 5328 quia
1315 5269 1428 5327 per
1456 5249 1660 5327 ipsum

156 5373 261 5413 non
311 5358 428 5414 stat
473 5355 869 5412 contractum
900 5343 1256 5404 observare.
1327 5343 1454 5400 Nec
1488 5339 1659 5401 aliud

157 5446 437 5525 colligitur
466 5465 539 5505 ex
563 5441 814 5522 juribus
844 5437 930 5498 ibi
951 5434 1188 5507 citatis;
1221 5451 1461 5493 merces
1491 5433 1657 5493 enim

440 5541 601 5600 Tou.
636 5536 767 5597 vll.
1344 5549 1349 5552 v

3190 373 3307 430 449

1772 538 2088 615 assignata
2116 539 2234 601 fuit
2261 539 2460 600 solum
2489 540 2756 603 durante
2784 542 3161 621 conditione,
3183 562 3309 623 qua

1771 630 2096 691 deficiente
2129 649 2252 692 non
2283 631 2566 695 debetur.

1854 724 2068 783 Restat
2088 722 2221 801 jam
2264 725 2515 785 tertium
2545 730 2843 804 punctum
2874 727 2950 787 de
2981 729 3300 807 pensione,

1773 816 2023 894 quando
2054 816 2396 876 minuenda
2413 818 2492 878 sit
2511 824 2768 897 propter
2787 821 3306 897 sterilitatem,vel

1773 907 1962 965 alium
1993 907 2308 967 defectum
2340 909 2425 968 rei
2458 910 2696 971 locatae.
2753 913 2816 972 In
2852 931 2973 991 quo
3001 914 3160 974 bene
3192 914 3303 973 ad-

1771 1004 2024 1061 vertunt
2070 1000 2274 1078 primo
2303 1002 2448 1062 Mol.
2497 1001 2725 1080 disput.
2759 1007 2897 1064 495.
2947 1025 3119 1067 num.
3152 1010 3211 1067 4.
3247 1010 3309 1066 et

1769 1092 2015 1152 Lessius
2045 1112 2099 1152 c.
2135 1094 2353 1154 XXIV.
2388 1093 2536 1154 dub.
2560 1111 2652 1155 111.
2688 1114 2749 1156 n.
2777 1100 2864 1157 16.
2898 1098 3136 1158 seclusa
3171 1100 3308 1178 lege

1775 1184 2039 1262 positiva
2064 1231 2079 1260 ,
2143 1190 2205 1245 et
2252 1190 2487 1246 attenta
2530 1187 2663 1245 sola
2699 1192 2922 1249 natura
2954 1189 3137 1268 hujus
3168 1210 3308 1252 con-

1774 1281 2028 1352 tractuS,
2064 1277 2430 1354 pensionem
2472 1297 2596 1338 non
2630 1297 2764 1339 esse
2794 1282 3200 1342 minuendam
3230 1283 3309 1344 ob

1774 1368 2167 1429 sterilitatem
2190 1370 2650 1443 advenientem,
2678 1372 2775 1431 vel
2799 1372 2876 1431 ob
2895 1373 3311 1436 similiseven-

1774 1470 1871 1521 tus
1900 1462 2187 1521 fortuitos
2209 1508 2224 1537 ,
2276 1462 2503 1540 quibus
2533 1463 2769 1523 Fructus
2799 1469 2861 1524 et
2890 1467 3312 1529 emolumenta

1773 1554 1861 1613 rei
1890 1554 2110 1614 locatae
2142 1555 2528 1631 minuantur,
2548 1557 2643 1615 vel
2672 1556 3130 1635 impediantur:
3165 1561 3312 1640 quia

1776 1665 1918 1705 cum
1968 1646 2068 1705 hic
2120 1650 2476 1708 contractus
2534 1648 2752 1709 similis
2811 1651 2886 1711 sit
2941 1651 3309 1729 venditioni,

1774 1738 1920 1798 hinc
1951 1743 2064 1813 est,
2099 1742 2168 1799 ut
2192 1739 2351 1799 sicut
2395 1758 2576 1799 casus
2623 1740 2857 1802 fortuiti
2905 1745 3171 1822 emptori
3201 1764 3315 1805 no-

1774 1835 1935 1905 cent,
1971 1835 2032 1891 et
2061 1849 2185 1890 non
2215 1831 2520 1892 venditori
2547 1878 2562 1908 ,
2609 1833 2697 1892 sic
2727 1834 2913 1893 etiam
2943 1836 3309 1899 conductori

1775 1941 2000 1983 nocere
2031 1923 2367 1999 deberent,
2429 1925 2536 2003 qui
2588 1944 2699 1984 suo
2745 1926 3021 2003 periculo
3063 1929 3313 1991 videtur

1775 2033 1981 2075 emere
2012 2034 2190 2092 spem
2221 2016 2536 2075 fructuum
2566 2017 2943 2094 futurorum,
2976 2024 3039 2081 et
3066 2040 3189 2081 non
3217 2022 3311 2081 lo-

1774 2108 1991 2169 catori.
2043 2109 2133 2167 Ex
2181 2109 2475 2187 aequitate
2525 2117 2731 2169 tamen
2760 2155 2774 2185 ,
2837 2115 2898 2171 et
2923 2113 3308 2191 benignitate

1773 2199 2009 2279 aliquid
2041 2199 2354 2261 indultum
2386 2200 2614 2262 esthac
2635 2202 2696 2262 in
2718 2208 2892 2281 parte
2915 2205 3303 2284 conductori,

1774 2297 1839 2352 ut
1867 2292 2075 2353 statim
2106 2293 2535 2370 explicabitur.

1850 2384 2028 2446 Unde
2059 2386 2336 2446 secundo
2367 2386 2821 2448 advertendum
2853 2392 2965 2463 est,
2999 2390 3049 2448 si
3078 2391 3308 2451 condu-

1772 2486 1908 2538 ctor
1938 2481 2122 2555 pacto
2156 2478 2575 2555 praecedente,
2611 2480 2907 2559 suscipiat
2932 2481 2995 2540 in
3027 2501 3092 2541 se
3120 2502 3304 2543 omne

1771 2569 2118 2649 periculum
2139 2615 2154 2644 ,
2228 2574 2416 2647 prout
2467 2572 2881 2632 communiter
2933 2574 3071 2633 fieri
3123 2575 3299 2651 solet,

1772 2661 2021 2741 quando
2050 2661 2121 2722 fit
2149 2662 2454 2740 scriptura
2484 2663 2752 2741 publica,
2780 2668 2841 2724 et
2868 2665 3101 2743 obliget
3128 2686 3193 2727 se
3222 2668 3302 2728 ad

1772 2772 1986 2815 omnes
2016 2772 2196 2814 casus
2225 2754 2533 2832 fortuitOS,
2571 2756 2849 2816 validum
2871 2776 3006 2817 esse
3023 2764 3298 2837 pactum,

1769 2852 1832 2907 et
1859 2850 2249 2907 contractum
2277 2847 2359 2907 ad
2386 2866 2566 2907 suam
2598 2853 2886 2909 naturam
2912 2896 2927 2926 ,
2981 2855 3043 2910 et
3072 2872 3303 2913 renun-

1766 2938 1922 2999 tiare
1953 2939 2152 3000 favori
2197 2939 2300 3019 qui
2330 2940 2393 2999 in
2424 2941 2692 3018 gratiam
2723 2942 3121 3004 conductoris
3149 2964 3299 3005 con-

1767 3050 1979 3092 cessus
2010 3036 2123 3094 est.
2157 3034 2288 3093 lmo
2320 3033 2734 3095 conductores
2758 3036 3149 3114 gabellarum
3174 3084 3190 3114 ,
3240 3042 3303 3101 et

1767 3125 2085 3185 redituum
2115 3125 2437 3203 regiorum
2467 3145 2590 3186 non
2621 3127 2823 3190 solent
2848 3128 2979 3190 sine
3007 3130 3113 3191 tali
3147 3131 3300 3192 obli—

1766 3218 2017 3297 gatione
2048 3216 2327 3293 admitti,
2364 3222 2426 3278 et
2454 3223 2627 3279 notat
2654 3220 2885 3280 Melina
2927 3222 3092 3283 dicto
3124 3243 3294 3286 num.

1764 3314 1823 3371 4.
1860 3314 1921 3371 et
1951 3313 2045 3370 10.
2080 3310 2290 3370 utilius
2319 3310 2471 3385 tore,
2519 3311 2565 3369 si
2598 3312 3031 3375 universaliter
3064 3320 3297 3377 statue-

1764 3408 1956 3478 retur,
1992 3402 2404 3462 conductores
2434 3421 2650 3463 omnes
2681 3404 2944 3483 obligari
2993 3408 3073 3466 ad
3120 3428 3300 3470 casus

1762 3494 2051 3555 fortuitos
2075 3541 2090 3570 ,
2125 3495 2381 3555 seclusis
2410 3496 2750 3575 privilegiis
2781 3497 2857 3557 de
2879 3498 3021 3578 jure
3051 3520 3300 3564 conces-

1763 3587 1869 3663 siS,
1902 3604 1978 3646 ex
2008 3587 2233 3667 quibus
2263 3587 2606 3648 innumerae
2653 3590 2792 3650 lites
2840 3596 2902 3653 et
2927 3594 3299 3671 perplexita-

1762 3685 1857 3742 tes
1879 3679 2197 3755 oriuntur,
2233 3685 2490 3758 propter
2517 3680 2834 3741 difficilem
2864 3685 3297 3761 probationem

1764 3777 1826 3834 et
1848 3776 2107 3851 propter
2137 3771 2488 3849 implicatas
2520 3776 2582 3833 et
2597 3773 2802 3834 varias
2819 3775 3148 3836 doctorum
3171 3779 3298 3856 opi·

1760 3865 2000 3940 niuneS,
2034 3881 2173 3942 quae
2209 3863 2453 3942 judices
2502 3864 2827 3943 perplexos
2872 3868 3176 3946 reddunt,
3236 3875 3299 3933 et

1760 3959 2022 4018 fortasse
2054 3956 2239 4016 nimis
2270 3956 2498 4016 liberos
2527 3957 2605 4016 ad
2637 3957 2972 4020 favendum
2994 4006 3009 4036 ,
3070 3963 3295 4042 quibus

1759 4050 1960 4128 magis
1991 4048 2278 4108 benevoli
2308 4048 2451 4124 sint,
2486 4049 2544 4108 in
2578 4049 2882 4128 ejusmodi
2914 4054 3115 4114 causis
3128 4055 3297 4134 judi-

1761 4141 1996 4203 candiS.
2034 4141 2333 4214 Quamvis
2362 4145 2572 4202 autem
2602 4147 2854 4221 pactum
2886 4144 3034 4206 illud
3059 4149 3296 4209 condu-

1759 4235 1946 4298 ctoris
1978 4233 2252 4293 validum
2282 4233 2378 4309 sit,
2422 4237 2738 4312 oporteret
2767 4240 2976 4297 tamen
3007 4241 3085 4299 ad
3108 4240 3295 4320 justi-

1759 4328 1911 4388 tiam
1941 4330 2298 4387 contractus
2324 4371 2339 4400 ,
2400 4331 2469 4387 ut
2514 4331 2662 4387 tunc
2691 4327 2753 4387 in
2802 4328 2935 4407 ipso
2966 4339 3291 4397 contractu

1758 4419 1963 4479 minor
2018 4417 2233 4496 pensio
2291 4418 2575 4496 exigatur
2627 4426 2883 4499 propter
2936 4442 3092 4485 onus
3137 4427 3291 4487 illud

1760 4510 2125 4573 conductori
2160 4509 2482 4585 additum,
2535 4530 2725 4590 quam
2774 4515 2936 4593 exigi
2985 4518 3183 4580 soleat
3208 4521 3289 4582 ab

1759 4605 1895 4664 aliis
1924 4603 2432 4678 conductoribuS,
2468 4604 2571 4683 qui
2604 4605 2840 4685 absque
2872 4628 3059 4670 onere
3095 4617 3158 4673 et
3184 4633 3291 4692 pa-

1757 4702 1857 4759 cto
1889 4695 1990 4755 illo
2022 4694 2412 4767 conducunt;
2448 4713 2589 4755 cum
2620 4715 2778 4759 onus
2808 4698 2956 4761 illud
2985 4703 3063 4763 sit
3089 4705 3288 4783 pretio

1759 4787 2148 4864 aestimabile‚
2175 4791 2236 4847 et
2264 4806 2377 4865 per
2397 4806 2783 4868 consequens
2805 4811 2876 4853 eo
2892 4795 3127 4872 addim,
3150 4817 3298 4876 pen·

1758 4881 1848 4942 sio
1880 4881 2242 4941 decrescere
2273 4879 2501 4940 debeat
2523 4928 2538 4958 ,
2599 4887 2661 4942 et
2705 4902 2737 4943 e
2770 4891 2984 4946 contra
3014 4907 3294 4952 crescere

1760 4973 1989 5034 ablato.

1840 5070 1936 5126 An
1964 5082 2115 5124 vero
2147 5064 2253 5143 qui
2300 5066 2615 5128 renuntiat
2661 5068 2909 5129 casibus
2934 5070 3202 5135 fortuitis
3231 5075 3293 5135 in

1760 5176 2013 5238 genere,
2048 5156 2433 5234 intelligatur
2450 5160 2808 5219 renuntiare
2831 5162 3024 5223 solitis
3045 5169 3106 5225 et
3132 5167 3295 5228 inso-

1763 5251 1908 5325 litis,
1934 5254 1996 5308 et
2022 5267 2102 5308 an
2135 5249 2238 5326 qui
2271 5249 2587 5310 renuntiat
2627 5252 2813 5312 etiam
2843 5254 3103 5315 insolitis
3127 5304 3142 5334 ,
3202 5260 3298 5319 in-

1762 5343 2079 5420 telligatur
2117 5341 2475 5402 renuntiare
2519 5343 2787 5420 opinatis
2831 5350 2894 5406 et
2937 5347 3292 5430 inopinatis,

1764 5440 1949 5514 atque
1998 5433 2188 5494 etiam
2233 5433 2718 5512 inopinabilibus
2765 5457 2802 5497 a
2845 5441 3176 5521 prudenti,
3236 5451 3298 5509 et

2898 5537 2976 5594 29

3456 744 3534 803 36

3431 871 3604 926 Propter

3378 925 3633 967 sterilitatem

3359 989 3410 1019 an
3439 979 3657 1021 minuenda

3404 1032 3547 1083 pensio
3565 1033 3618 1075 de

3357 1082 3450 1138 juro
3485 1090 3660 1131 natura.

3455 2410 3532 2467 37

3411 2533 3530 2584 Quid,
3563 2533 3598 2575 st

3393 2587 3617 2628 conductor

3358 2640 3563 2681 renuntiet
3581 2640 3651 2682 be-

3356 2692 3502 2735 neficio
3528 2693 3649 2748 legio.
