4263 6376
545 4492 660 4550 1¹8

499 4619 723 4661 Solvuntur

479 4682 735 4727 argumenta.

790 297 909 357 716

794 476 1051 534 cusatur
1067 491 1234 554 saepe
1255 493 1292 535 a
1310 476 1609 537 securiori
1636 478 1919 539 remedio
1937 478 2324 541 adhibendo.

796 564 899 625 Sic
927 565 1116 627 etiam
1137 566 1215 627 de
1237 565 1449 647 judice
1466 567 1802 630 dicendum
1823 574 1949 633 est:
1970 590 2137 652 saepe
2158 573 2325 633 enim

796 658 1215 720 excusabitur.
1249 659 1481 736 Primo,
1515 662 1662 739 quia
1683 681 1807 724 non
1837 668 2088 726 tenetur
2116 665 2328 744 exqui-

793 749 910 811 sito
964 751 1168 813 studio
1199 751 1554 813 discernere
1584 754 1889 834 maJ‘orem
1918 756 2327 836 probabilita-

794 848 921 905 tem
950 844 1354 921 opinionum;
1389 846 1540 908 satis
1574 851 1688 924 est,
1733 848 1784 909 si
1814 867 2214 911 communem
2243 851 2325 911 ad

795 935 916 996 hoc
944 935 1335 1014 diligentiam
1367 938 1665 1001 adhibeat
1699 961 1712 1002 :
1748 960 1873 1021 qua
1902 943 2106 1022 posita
2134 943 2187 1004 si
2216 943 2328 1003 ad-

799 1027 921 1089 huc
941 1047 1064 1089 non
1086 1034 1332 1092 constat
1352 1032 1641 1093 notabilis
1666 1033 2083 1114 inaequalitaS,
2097 1035 2330 1115 poterit

798 1121 1059 1184 alteram
1087 1122 1338 1201 eligere.
1373 1125 1684 1202 Secunde,
1719 1127 1770 1187 si
1796 1128 2029 1207 opinio,
2065 1147 2206 1208 quae
2226 1129 2327 1207 ju·

799 1212 920 1275 dici
976 1215 1226 1276 videtur
1277 1216 1692 1295 probabilior,
1745 1219 2069 1299 judicatur
2119 1222 2328 1282 minus

794 1306 1133 1384 probabilis
1175 1308 1343 1387 apud
1392 1309 1639 1388 judices
1668 1313 2023 1392 superiores
2052 1360 2068 1391 ,
2118 1333 2156 1373 a
2186 1314 2330 1394 qui-

793 1398 912 1460 bus
939 1401 1334 1462 revocabitur
1360 1405 1667 1465 sententia
1688 1405 2020 1484 interioria,
2046 1408 2145 1468 vel
2160 1408 2329 1486 apud

797 1510 954 1570 quos
982 1493 1144 1554 male
1169 1495 1385 1557 audiat
1413 1496 1689 1575 inferior,
1741 1517 1866 1560 non
1908 1504 2159 1562 tenetur
2186 1519 2330 1561 cum

799 1587 971 1645 tanto
999 1604 1112 1646 suo
1144 1586 1470 1665 dispendio
1514 1588 1802 1669 judicare
1841 1610 1954 1671 pro
1983 1593 2089 1653 illa
2122 1613 2137 1654 z
2172 1593 2330 1655 sicut

800 1695 913 1737 nec
941 1696 1305 1742 oeconomus
1360 1700 1503 1742 cum
1557 1683 1735 1760 gravi
1793 1684 2170 1747 detrimento
2216 1704 2331 1746 suo

795 1772 1044 1832 tenetur
1062 1790 1397 1850 procurare
1419 1775 1640 1837 melius
1654 1777 1930 1838 triticum
1945 1795 2057 1857 pro
2069 1778 2327 1842 familia.

796 1864 1078 1943 Denique
1109 1867 1361 1944 quando
1391 1886 1467 1927 ex
1496 1868 1801 1930 electione
1832 1870 2161 1932 sententiae
2191 1889 2330 1951 pro-

795 1955 1117 2018 babilioris
1136 1963 1880 2038 sequereturscandalum
1896 1963 1959 2023 in
1979 1965 2325 2043 republica,

796 2048 896 2108 vel
924 2049 1070 2111 talia
1103 2050 1616 2116 inconvenientia
1644 2059 1713 2117 ut
1740 2059 2069 2117 censeatur
2113 2075 2333 2136 respu-

796 2141 962 2202 blica
987 2144 1191 2223 majus
1222 2145 1667 2209 detrimentum
1695 2151 1828 2228 pati
1855 2168 1932 2210 ex
1958 2149 2079 2210 hoc
2099 2152 2326 2228 capite,

798 2252 988 2312 quam
1019 2255 1095 2296 ex
1125 2256 1199 2299 eo
1247 2240 1410 2318 quod
1464 2240 1731 2320 eligatur
1770 2243 2081 2304 sententia
2124 2244 2332 2304 minus

801 2327 1140 2405 probabilis
1188 2351 1203 2391 ε
1257 2350 1380 2394 non
1438 2340 1728 2396 censetur
1769 2335 2120 2414 respublica
2182 2335 2332 2396 obli-

798 2439 980 2499 gasse
1000 2422 1281 2501 judicem
1311 2426 1390 2487 ad
1423 2427 1797 2488 sententiam
1846 2428 2331 2506 probabiliorem

799 2513 1194 2604 eligendam3
1229 2518 1376 2598 quia
1422 2538 1566 2580 cum
1595 2524 1725 2582 tota
1756 2521 1890 2582 baec
1927 2521 2225 2600 obligatio
2254 2522 2336 2583 sit

797 2627 874 2669 ex
886 2609 1097 2672 debito
1118 2629 1268 2690 erga
1283 2612 1520 2673 bonum
1535 2612 1894 2692 reipublicae
1919 2634 1935 2686 ;
1959 2613 2081 2675 hoc
2096 2615 2219 2675 bon
2229 2633 2333 2674 um

798 2721 928 2780 prm
958 2703 1153 2765 oculis
1184 2704 1544 2766 habendum
1572 2710 1669 2767 est
1695 2752 1711 2783 ,
1744 2709 1814 2767 ut
1840 2711 2171 2767 censeatur
2197 2707 2334 2767 fieri

800 2796 897 2856 vel
927 2813 1052 2856 non
1083 2796 1213 2857 fleri
1257 2802 1474 2860 contra
1521 2797 1687 2858 illam
1735 2798 1967 2878 judicis
2008 2798 2332 2877 obligatio-

799 2906 967 2950 nem.

878 2982 969 3041 Ex
998 2980 1094 3042 his
1121 2986 1331 3044 autem
1360 2987 1604 3046 constat
1628 2983 1831 3063 magis
1859 2984 2087 3046 veritas
2113 3003 2333 3046 secun-

799 3073 896 3134 dae
927 3074 1363 3152 conclusionis,
1398 3075 1649 3155 quando
1682 3077 1849 3136 enim
1888 3077 2087 3157 judici
2120 3078 2332 3139 statim

801 3166 881 3230 ob
914 3167 1126 3228 oculos
1171 3168 1539 3248 proponitur
1586 3169 1978 3249 inaequalitas
2005 3170 2332 3251 utriusque

802 3258 1129 3338 opinionis,
1167 3279 1368 3339 neque
1398 3262 1476 3321 ad
1508 3262 1627 3323 hoc
1659 3262 1896 3342 indiget
1939 3263 2166 3344 majori
2209 3269 2332 3326 stu-

802 3351 928 3429 dio,
964 3370 1079 3414 nec
1110 3353 1305 3414 ullum
1335 3358 1429 3415 est
1473 3354 1920 3417 inconveniens
1949 3357 2011 3416 in
2043 3358 2336 3437 eligenda

802 3446 1245 3526 probabiliori,
1280 3466 1402 3508 non
1432 3448 1682 3509 videtur
1707 3449 1910 3527 magis
1941 3451 2334 3511 excusandus

803 3557 994 3619 quam
1041 3558 1427 3617 oeconomus,
1490 3541 1598 3620 qui
1647 3541 1886 3603 babens
1931 3542 1995 3602 in
2037 3546 2334 3622 promptu

801 3632 1027 3693 melius
1054 3633 1332 3696 triticum
1381 3634 1608 3712 aequali
1662 3635 1862 3713 pretio
1887 3681 1903 3711 ‚
1955 3640 2019 3696 et
2043 3636 2178 3696 sine
2208 3636 2332 3697 ullo

801 3726 1257 3789 inconvenienti
1301 3729 1759 3807 comparabile,
1810 3728 2106 3808 relinquit
2151 3729 2329 3804 illud,

802 3825 1011 3900 empto
1041 3820 1357 3897 deteriori,
1389 3821 1590 3882 solum
1618 3827 1688 3883 ut
1714 3823 2104 3900 complaceat
2130 3822 2333 3883 amico

802 3914 902 3974 vel
932 3917 1197 3993 cognato
1228 3914 1496 3993 petenti3
1542 3918 1606 3975 et
1633 3914 1695 3974 in
1727 3914 1846 3975 hoc
1875 3934 2061 3976 sensu
2089 3915 2336 3976 locutus

802 4006 1054 4069 videtur
1082 4008 1342 4068 Navarr.
1377 4007 1440 4067 in
1471 4026 1526 4068 c.
1559 4007 1638 4068 Si
1659 4008 1787 4088 quis
1816 4016 2028 4084 autem,
2060 4007 2133 4069 de
2148 4008 2337 4089 poeni-

805 4099 1005 4176 tentia,
1039 4100 1188 4161 dict.
1223 4117 1335 4162 vn.
1369 4119 1474 4162 nu.
1514 4104 1648 4162 130.
1684 4106 1745 4161 et
1778 4104 1913 4162 134.
1962 4101 2113 4160 dum
2161 4101 2332 4178 dicit,

806 4212 940 4254 esse
970 4194 1035 4254 in
1064 4193 1230 4255 malo
1279 4197 1442 4255 statu
1494 4194 1740 4273 judices
1759 4240 1774 4270 ‚
1826 4194 1935 4273 qui
1972 4195 2339 4272 opinionum

806 4287 1105 4347 varietate
1137 4286 1353 4347 confisi
1383 4288 1792 4366 pronuntiant
1820 4305 1931 4366 pro
1950 4288 2079 4348 suis
2095 4287 2334 4364 amiciS,

808 4385 875 4442 ut
902 4379 991 4441 eis
1019 4390 1269 4458 gratum
1297 4380 1547 4442 faciant.

887 4476 1115 4535 Contra
1144 4476 1422 4535 nostram
1450 4473 1822 4534 sententiam
1840 4473 1933 4533 his
1963 4473 2163 4534 tribus
2193 4491 2341 4533 con-

806 4568 1185 4630 clusionibus
1214 4567 1586 4646 explicatam
1635 4566 1823 4646 objici
1871 4570 2076 4645 potest
2111 4566 2336 4646 primu,

805 4662 951 4743 quia
979 4662 1136 4723 ratio
1167 4660 1458 4723 secundae
1488 4661 1902 4722 conclusionis
1930 4661 2178 4722 videtur
2204 4678 2344 4740 pro-

803 4757 955 4817 bare
1013 4759 1232 4816 contra
1300 4755 1567 4834 primam
1622 4754 2087 4815 conclusionem
2117 4772 2134 4813 :
2187 4752 2347 4813 sicut

805 4847 970 4909 enim
1001 4847 1105 4928 qui
1142 4847 1386 4927 judicat
1413 4851 1630 4908 contra
1671 4846 2008 4906 habentem
2054 4845 2347 4922 probabi·

809 5051 953 5094 eum
975 5033 1081 5112 qui
1106 5033 1296 5094 habet
1316 5034 1422 5113 jus
1449 5033 1654 5093 minus
1695 5029 2056 5111 probabile;
2105 5031 2194 5091 ita
2239 5029 2347 5110 qui

809 5143 884 5187 ex
926 5127 1169 5188 duobus
1208 5126 1583 5188 habentibus
1627 5144 1806 5205 aeque
1849 5123 2170 5203 probabile
2215 5123 2343 5202 juS,

807 5221 1058 5300 praefert
1082 5238 1274 5281 unum
1305 5220 1506 5296 alteri,
1526 5218 1774 5280 videtur
1797 5218 2025 5277 inferre
2053 5216 2348 5296 injuriam

810 5314 867 5374 ei
894 5313 992 5374 cui
1015 5313 1268 5392 praefcrt
1287 5312 1717 5372 adversarium
1734 5310 2070 5371 habentem
2100 5308 2344 5388 aequale

803 5408 907 5487 jus
940 5428 954 5468 ε
990 5425 1140 5485 ergo
1171 5424 1286 5467 nec
1313 5424 1459 5467 cum
1489 5404 1712 5484 aequali
1744 5402 2182 5482 probabilitate
2234 5420 2342 5480 po-

811 5504 933 5562 test
950 5498 1149 5580 judex
1175 5500 1404 5578 eligere
1435 5516 1625 5559 unam
1654 5501 1916 5577 partem.
1956 5498 2138 5574 Resp.
2191 5514 2335 5574 neg.

1948 300 2051 360 DE
2092 300 2441 362 JUSTITIA
2492 300 2591 361 ET
2633 301 2832 363 JURE

2423 478 2708 543 anteced.
2743 480 2891 560 quia
2928 480 3148 560 judex,
3198 484 3267 542 ut
3308 476 3602 552 vidimuS‚
3640 496 3718 536 ex
3760 475 3968 536 officio

2423 574 2626 634 solum
2655 576 2904 635 tenetur
2931 573 3264 652 diligenter
3290 572 3606 650 inquirere
3636 569 3969 631 veritatem

2425 672 2493 727 ut
2521 685 2632 745 pro
2663 685 2734 727 ea
2776 666 3149 728 sententiam
3189 665 3467 745 proferat
3497 684 3512 725 ι
3545 682 3691 724 cum
3741 661 3970 741 aequali

2424 765 2636 821 autem
2691 757 3130 838 probabilitate
3176 757 3311 838 jam
3366 757 3712 836 prudenter
3760 758 3973 834 potest

2416 852 2705 932 judicare
2733 851 3062 912 veritatem
3089 869 3225 911 esse
3253 869 3368 930 pro
3401 868 3526 910 una
3551 852 3754 928 parte,
3788 851 3856 908 et
3900 845 3973 906 li-

2426 949 2526 1007 cct
2569 948 2839 1023 exponat
2883 962 2949 1005 se
2987 943 3265 1023 periculo
3306 941 3643 1003 aberrandi
3708 958 3748 999 a
3791 956 3968 1014 vero,

2427 1056 2549 1097 no.)
2580 1041 2793 1098 tamen
2823 1041 3029 1115 potest
3056 1037 3255 1097 vitare
3283 1035 3436 1095 illud
3463 1033 3820 1115 periculum
3837 1032 3972 1092 sine

2427 1129 2550 1191 alio
2576 1129 2800 1209 aequali
2830 1129 3130 1208 periculo,
3155 1128 3323 1209 quod
3354 1133 3449 1191 est
3492 1128 3555 1187 in
3598 1131 3779 1205 parte
3824 1142 3973 1185 con-

2425 1223 2640 1285 traria.

2506 1316 2708 1394 Dices»,
2741 1316 3036 1379 vitabitur
3061 1315 3211 1378 illud
3250 1314 3598 1393 periculum
3628 1310 3974 1372 dividendo

2429 1410 2753 1489 aequaliter
2777 1427 2912 1470 rem
2940 1409 3107 1472 inter
3146 1413 3504 1487 utrumque.
3552 1405 3678 1468 Sed
3726 1409 3971 1476 contra,

2428 1502 2553 1562 imo
2584 1506 2736 1563 tunc
2765 1502 2884 1562 erit
2912 1502 3144 1563 certius
3195 1500 3577 1580 periculum3
3611 1503 3765 1559 tunc
3805 1497 3979 1557 enim

2430 1613 2551 1657 non
2609 1595 2809 1655 solum
2851 1593 3198 1674 probabile,
3245 1595 3357 1654 sed
3392 1591 3813 1655 certissimum
3859 1590 3981 1650 erit

2429 1705 2648 1747 verum
2678 1687 3003 1749 dominum
3034 1687 3269 1766 privari
3307 1705 3375 1746 rc
3422 1704 3537 1745 sua
3583 1683 3797 1764 quoad
3844 1700 3981 1741 me-

2430 1780 2599 1840 diam
2628 1784 2868 1859 partem
2904 1799 2917 1841 t
2953 1780 3177 1840 melius
3227 1798 3378 1858 ergo
3426 1782 3523 1840 est
3561 1777 3778 1838 subire
3822 1773 3981 1835 illud

2429 1873 2751 1952 probabile
2782 1873 3150 1952 periculum,
3183 1891 3328 1933 cum
3375 1871 3615 1953 judicio
3660 1867 3979 1949 probabili

2430 1966 2507 2026 de
2543 1964 2787 2045 justitia
2832 1965 2996 2026 illius
3042 1983 3155 2043 pro
3202 1983 3326 2044 quo
3380 1964 3578 2025 fertur
3636 1960 3973 2032 sententia,

2431 2077 2619 2139 quam
2675 2057 3018 2119 certissime
3073 2058 3322 2138 privare
3379 2056 3709 2117 dominum
3762 2072 3832 2114 re
3863 2070 3980 2114 sua

2430 2150 2637 2231 quoad
2668 2149 2944 2210 mediam
2970 2154 3237 2228 partem.
3273 2149 3398 2211 Sed
3428 2156 3648 2210 contra

2503 2242 2772 2319 Objicies
2799 2242 3100 2318 secundo,
3128 2242 3275 2322 quia
3299 2242 3445 2302 hinc
3473 2241 3763 2320 sequitur
3788 2255 3976 2317 posse

2421 2336 2703 2416 judicem
2731 2354 2874 2397 cum
2904 2336 3133 2416 aequali
3163 2334 3601 2414 probabilitate
3630 2331 3975 2411 aliquando

2421 2428 2710 2509 judicare
2739 2446 2851 2508 pro
2880 2447 3031 2504 uno,
3066 2433 3131 2489 et
3171 2432 3386 2507 postea
3436 2427 3498 2486 in
3545 2425 3737 2487 simili
3783 2443 3980 2485 causa

2422 2521 2711 2600 judicare
2765 2539 2878 2601 pro
2923 2526 3100 2600 parte
3155 2519 3472 2582 contraria
3513 2539 3527 2579 :
3588 2519 3712 2579 hoc
3761 2521 3980 2579 autem

2430 2614 2796 2675 scandalum
2825 2618 3179 2691 generaret,
3230 2618 3292 2676 et
3332 2616 3542 2692 posset
3579 2612 3811 2672 merito
3860 2609 3981 2670 hac

2431 2707 2508 2768 de
2538 2725 2731 2768 causa
2758 2707 3041 2767 accusari
3073 2707 3133 2767 in
3165 2705 3521 2785 syndicatu,
3553 2710 3872 2784 tanquam
3902 2703 3978 2764 de

2431 2789 2740 2861 sententia
2768 2800 3021 2877 injusta.
3069 2799 3525 2878 Respondetur,
3561 2796 3977 2859 concedendo

2430 2892 2495 2952 id
2550 2909 2731 2970 posse
2784 2892 2922 2952 fieri
2975 2891 3217 2953 secluso
3274 2891 3607 2963 scandalo;
3658 2908 3780 2949 nec
3836 2889 3976 2950 idco

2431 2989 2643 3064 posset
2670 2984 3128 3046 rationabiliter
3154 2984 3358 3064 puniri
3378 2984 3600 3063 judex,
3636 2987 3750 3042 aut
3790 3000 3978 3042 excu-

2432 3077 2578 3154 sari,
2604 3077 2755 3137 dum
2783 3082 2995 3139 tamen
3036 3080 3281 3138 constet
3324 3095 3468 3136 eum
3516 3093 3777 3153 semper
3809 3072 3977 3152 judi·

2431 3191 2605 3234 casse
2653 3172 2835 3250 juxta
2888 3169 3250 3249 opinionem
3304 3187 3481 3248 aeque
3555 3167 3971 3247 probabilem.

2433 3265 2609 3339 Quod
2666 3265 2719 3325 si
2785 3263 3124 3344 aliquando
3180 3267 3549 3342 sequeretur
3607 3261 3978 3323 scandalum

2432 3358 2820 3437 pusillorum,
2870 3362 3019 3419 tunc
3077 3356 3313 3417 servari
3367 3355 3677 3415 deberent
3744 3353 3978 3433 regulae

2432 3468 2797 3511 communes
2823 3449 2901 3508 de
2931 3449 3118 3509 simili
3148 3446 3442 3509 scandalo
3474 3447 3539 3507 in
3569 3447 3767 3507 rebus
3796 3465 3869 3521 ex
3909 3465 3977 3506 se

2430 3543 2639 3603 licitis.

2513 3634 2784 3713 Objicies
2801 3634 3007 3710 tertio,
3035 3651 3186 3711 ergo
3215 3632 3279 3692 in
3296 3650 3370 3693 eo
3389 3650 3541 3693 casu
3561 3632 3983 3711 possetjudex

2431 3729 2716 3808 accipere
2745 3727 2978 3806 aliquid
2999 3726 3080 3786 ab
3108 3725 3303 3786 altero
3335 3744 3408 3785 ex
3437 3725 3862 3804 litigantibu5‚
3910 3730 3983 3783 ut

2434 3839 2547 3902 pro
2577 3839 2650 3882 eo
2680 3820 2892 3900 potius
2921 3836 3109 3899 quam
3160 3835 3271 3896 pro
3311 3818 3679 3878 adversario
3728 3822 3983 3878 senten-

2432 3914 2585 3976 tiam
2633 3912 2954 3993 proferat:
3008 3915 3157 3972 tunc
3206 3910 3373 3971 enim
3418 3928 3541 3971 non
3589 3910 3823 3988 accipit
3864 3927 3982 3988 pro

2437 4007 2647 4087 aliquo
2678 4004 3017 4084 exjustitia
3070 4003 3303 4076 debit0,
3359 4004 3508 4082 quia
3552 4022 3679 4064 non
3736 4010 3987 4065 tenetur

2436 4118 2550 4181 pro
2581 4101 2685 4161 illo
2706 4097 3029 4179 judicare;
3074 4115 3190 4157 nec
3232 4096 3419 4158 etiam
3471 4096 3708 4175 accipit
3753 4115 3865 4174 pro
3912 4115 3989 4155 re

2438 4194 2644 4272 turpi;
2679 4191 2918 4252 licitum
2947 4190 3116 4251 enim
3145 4193 3240 4250 est
3266 4208 3379 4269 pro
3408 4189 3516 4250 illo
3538 4190 3707 4250 ferre
3735 4192 3991 4250 senten-—

2438 4287 2630 4358 tiam;
2664 4302 2814 4363 ergo
2844 4283 3012 4344 licite
3040 4286 3243 4362 potest
3278 4282 3564 4361 accipere
3594 4301 3713 4360 pro
3734 4286 3993 4342 senten-

2439 4380 2525 4442 tia
2553 4378 2845 4450 ferenda;
2879 4393 3268 4454 consequens
3294 4381 3509 4436 autem
3535 4375 3793 4437 videtur
3833 4373 3994 4435 satis

2440 4471 2804 4533 absurdum.

2522 4567 2705 4643 Resp.
2741 4581 2883 4640 neg.
2918 4562 3153 4641 sequel.
3181 4562 3494 4641 acciperet
3512 4561 3685 4621 enim
3716 4560 3995 4639 pretium

2441 4676 2554 4737 pro
2585 4674 2651 4716 re
2683 4673 2805 4715 non
2836 4654 3028 4732 digna
3055 4654 3255 4732 pre-tio
3281 4673 3296 4727 ;
3328 4673 3474 4715 nam
3504 4673 3581 4714 ex
3603 4653 3846 4734 justitia
3882 4653 3997 4713 de-

2441 4750 2632 4811 bebat
2657 4748 2935 4826 proferre
2980 4746 3354 4808 sententiam
3392 4765 3506 4826 pro
3555 4765 3681 4807 uno
3717 4767 3732 4808 ε
3778 4746 3999 4808 deter-

2446 4840 2704 4903 minatio
2735 4845 2946 4901 autem
2977 4838 3056 4899 ad
3086 4838 3270 4900 istam
3301 4845 3566 4918 partem,
3612 4839 3759 4899 licet
3798 4838 4003 4898 faciat

2444 4934 2819 4997 sententiam
2852 4932 3005 4992 mihi
3036 4931 3372 5007 utiliorem,
3407 4950 3530 4992 non
3562 4936 3776 4992 tamen
3803 4930 4005 4992 addit

2445 5029 2726 5089 laborem
2756 5025 2853 5085 vel
2882 5023 3118 5104 aliquid
3152 5042 3225 5083 ex
3257 5029 3435 5103 parte
3456 5024 3695 5102 judicis
3723 5024 4003 5102 dignum

2448 5120 2668 5201 pretiO.
2707 5118 2880 5180 Sicut
2934 5118 2984 5178 si
3032 5117 3258 5197 aliquis
3311 5118 3569 5178 deberet
3620 5136 3693 5178 ex
3740 5118 4005 5196 justitia

2448 5216 2599 5276 dare
2629 5213 2841 5273 dotem
2885 5210 2994 5271 uni
3037 5229 3113 5271 ex
3162 5210 3406 5271 duabus
3446 5209 3813 5288 virginibus,
3868 5229 4001 5271 non

2449 5310 2661 5387 posset
2687 5304 2923 5384 aliquid
2955 5303 3033 5364 ab
3064 5322 3139 5364 ca
3168 5308 3380 5382 petere
3408 5321 3520 5381 pro
3569 5322 3644 5362 ea
3673 5303 3999 5379 eligenda.

2445 5400 2624 5462 Ratio
2654 5402 2863 5459 autem
2893 5415 2929 5456 a
2956 5396 3148 5475 priori
3178 5400 3294 5471 est,
3336 5396 3485 5474 quia
3518 5399 3835 5475 repugnat
3882 5396 4001 5457 de-

2442 5495 2591 5555 bere
2620 5512 2696 5554 cx
2729 5490 2970 5570 justitia
3022 5489 3174 5549 dare
3218 5507 3352 5550 rem
3398 5487 3711 5568 integram
3752 5488 3875 5548 uni
3924 5508 4003 5549 ex

4119 2256 4178 2313 il·
