4263 6376
1287 387 1756 451 DISPUTATIO
1802 387 1954 462 XLI,
2003 386 2277 448 SEC'PIO
2322 388 2395 448 11.

250 562 432 625 Unde
462 560 663 624 obiter
703 566 969 640 constat,
1021 564 1261 627 etiamsi
1311 566 1375 625 in
1405 565 1613 646 aliquo
1641 565 1779 627 loco

242 654 490 735 judices
519 660 779 734 propter
801 658 1005 737 justas
1041 677 1261 719 causas
1289 659 1454 721 licite
1486 662 1783 739 cogerent

250 748 333 809 ad
355 748 688 810 solvendas
707 750 988 812 modicas
1011 770 1231 811 usuras
1251 752 1610 831 promissas„
1642 752 1781 829 lege

250 841 318 901 id
358 840 758 918 permittente
807 843 888 903 ad
929 844 1185 906 vitanda
1230 844 1524 924 graviora
1576 845 1776 915 1nala3

253 933 462 994 adhuc
493 934 625 994 sine
656 934 961 1014 injustitia
986 936 1298 998 notarium
1331 956 1452 998 non
1483 956 1666 1016 posse
1695 937 1784 996 in·

250 1026 380 1087 vito
435 1025 535 1087 vel
590 1046 713 1088 non
763 1033 1015 1107 petente
1056 1031 1435 1092 mutuatario
1476 1031 1783 1092 conficere

251 1119 738 1180 instrumentum
793 1121 871 1180 de
928 1123 1036 1184 tali
1081 1123 1459 1201 obligatione
1501 1122 1782 1185 solvendi

255 1231 545 1286 usuram3
608 1213 725 1274 nisi
768 1214 883 1293 ipsi
941 1216 1128 1277 etiam
1175 1217 1399 1277 notarii
1451 1217 1531 1277 ab
1562 1216 1785 1276 eadem

253 1305 395 1383 lege
425 1310 797 1383 cogerentur
824 1307 888 1367 id
917 1308 1123 1369 facere
1150 1308 1232 1370 ad
1261 1308 1517 1370 vitanda
1542 1308 1663 1369 alia
1691 1307 1786 1367 in-

255 1399 715 1460 convenientia.

339 1494 486 1553 Haec
516 1493 683 1554 dicta
715 1497 860 1554 sunt
889 1495 966 1555 de
996 1513 1144 1556 casu
1174 1495 1275 1555 illo
1307 1495 1729 1556 conditionato
1765 1514 1778 1556 ε

256 1585 338 1645 de
366 1585 530 1647 facto
559 1589 772 1646 tamen
800 1586 1173 1665 regulariter
1199 1589 1422 1650 notarii
1441 1588 1622 1648 liberi
1641 1592 1788 1649 sunt

258 1679 341 1740 ab
369 1677 490 1740 hoc
516 1697 707 1740 onere
736 1679 1124 1758 restituendi,
1159 1698 1232 1742 eo
1263 1680 1432 1761 quod
1464 1699 1538 1742 ea
1564 1681 1789 1743 instru-

3294 390 3412 450 709

1879 568 2092 626 menta
2122 563 2409 626 usuraria
2438 583 2561 626 non
2584 564 2821 626 faciunt
2849 564 2968 625 nisi
2987 568 3248 644 rogante
3276 564 3410 644 ipso

1880 659 2261 719 mutuatario
2295 674 2308 720 :
2353 658 2414 717 in
2447 676 2593 718 casu
2623 661 2833 719 autem
2863 658 2965 719 illo
2997 658 3074 717 de
3097 657 3411 737 emptione

1881 769 2071 830 supra
2088 752 2328 829 justum
2359 751 2648 829 pretium,
2681 770 2801 812 non
2830 754 3039 812 tamen
3065 769 3179 830 per
3207 769 3413 812 exces-

1881 862 2022 904 sum
2052 845 2215 904 ultra
2245 842 2596 920 dimidium,
2645 844 3114 905 excusabuntur
3142 862 3305 921 saepe
3336 843 3412 904 de

1882 937 2046 998 facto
2105 936 2333 997 notarii
2388 937 2787 998 conficientes
2842 937 3277 1012 instrumenta,
3338 956 3411 996 eo

1883 1030 2050 1109 quod
2081 1030 2180 1089 vel
2245 1048 2371 1091 non
2422 1033 2666 1091 constat
2713 1029 2791 1089 de
2821 1048 3101 1107 excessu,
3160 1030 3258 1090 vel
3287 1048 3413 1091 non

1882 1126 2178 1201 poterunt
2224 1123 2402 1183 facile
2433 1140 2664 1201 negare
2692 1123 2974 1202 partibus
3021 1141 3204 1183 suum
3233 1122 3415 1182 mini-

1885 1216 2143 1276 sterium
2174 1216 2517 1294 publicum.
2566 1215 2632 1277 Si
2659 1219 2871 1276 tamen
2901 1216 3178 1276 notarius
3207 1218 3417 1294 posset

1883 1308 2017 1369 sine
2046 1309 2226 1388 gravi
2249 1309 2475 1369 damno
2498 1308 2837 1369 admonere
2867 1307 3307 1370 contrahentes
3337 1307 3414 1367 de

1883 1402 2102 1462 fraude
2153 1406 2215 1463 et
2256 1402 2560 1481 injustitia
2590 1401 2922 1480 emptionis
2953 1406 3063 1463 aut
3106 1401 3417 1463 venditio-

1884 1495 2002 1573 οἱς,
2036 1514 2162 1556 non
2191 1496 2373 1557 video
2419 1514 2531 1556 cur
2560 1498 2909 1557 excusetur.
2961 1497 3038 1555 Et
3083 1494 3220 1556 haec
3243 1494 3416 1554 suffi-

1885 1589 2053 1649 ciant
2081 1589 2159 1649 de
2190 1587 2649 1667 pertinentibus
2694 1587 2775 1647 ad
2820 1591 3077 1666 peccata
3109 1586 3224 1647 fori
3245 1586 3418 1666 judi-

1886 1681 2078 1743 cialis.

1187 3142 1349 3188 FINIS
1391 3141 1743 3186 TRACTATUS
1786 3142 1862 3185 DE
1904 3141 2171 3187 JUSTITIA
2216 3142 2291 3185 ET
2330 3141 2500 3186 smil-2.
