4263 6376
562 2832 676 2891 128

529 5247 642 5306 129

816 221 893 278 96
1523 233 1526 236 ·
1978 213 2076 272 ΒΕ
2118 209 2477 271 JUs'rl'rlA
2524 211 2623 269 m*
2663 212 2864 272 JURE

816 394 953 472 lege
985 391 1195 471 aliqua
1222 389 1430 470 puniri
1449 388 1748 450 delictum
1777 387 2087 461 adulterii,
2121 387 2221 446 vel
2258 385 2349 445 in·

816 489 1023 547 cestus
1052 504 1088 544 a
1118 491 1293 563 patre
1315 481 1652 556 commissi,
1685 480 2027 542 auferendo
2049 480 2351 541 alimenta

813 579 940 639 filio
971 597 1046 637 ex
1075 577 1298 637 delicto
1329 579 1475 636 nato
1535 595 1549 635 ε
1612 575 1760 653 quia
1788 574 1907 635 hoc
1936 577 2099 634 esset
2127 572 2348 650 punire

816 672 1208 732 innocentem
1237 670 1302 729 in
1339 688 1406 728 re
1451 668 1569 728 sibi
1623 667 1856 744 dehita,
1916 671 2169 746 propter
2198 665 2348 725 deli-

813 770 983 826 ctum
1013 764 1305 825 alienum.
1339 761 1532 823 Addit
1562 767 1769 823 tamen
1801 779 1908 821 nu.
1941 763 2074 822 128.
2112 763 2176 821 et
2208 762 2339 820 133.

813 876 995 937 posse
1021 858 1160 936 lege
1188 856 1391 917 taxari
1421 855 1718 916 alimenta
1747 854 1938 933 spurii
1983 857 2156 913 extra
2187 856 2347 912 tem·

813 969 930 1030 pus
971 948 1275 1029 pueritiae,
1336 953 1397 1010 et
1452 946 1660 1026 quoad
1715 945 2067 1007 decentiam
2106 950 2340 1017 status;

813 1043 960 1122 quia
992 1042 1068 1103 de
1091 1041 1233 1121 jure
1255 1045 1493 1101 naturae
1523 1040 1726 1100 solum
1746 1038 2056 1099 debentur
2073 1038 2201 1097 filio
2231 1038 2344 1097 ali·

809 1140 1026 1197 menta
1052 1136 1114 1196 in
1135 1134 1424 1214 pueritia,
1459 1136 1521 1193 et
1540 1130 1749 1210 quoad
1771 1130 2206 1191 necessitatem
2237 1149 2342 1189 na-

811 1233 968 1289 turoe
1002 1246 1016 1287 t
1052 1232 1225 1288 extra
1253 1225 1405 1285 iilud
1436 1243 1585 1303 ergo
1609 1229 1880 1302 tempuS,
1914 1227 1976 1284 et
2004 1223 2213 1301 quoad
2243 1241 2345 1283 ne-

811 1320 1162 1382 cessitatem
1190 1319 1391 1380 solum
1434 1317 1514 1377 ad
1542 1316 1892 1377 decentiam
1936 1320 2156 1388 statuS,
2215 1333 2339 1375 non

812 1419 906 1475 est
926 1433 1039 1474 cur
1063 1412 1162 1473 lex
1191 1412 1470 1472 humana
1498 1428 1622 1470 non
1652 1408 1851 1488 possit
1866 1413 2078 1469 taxare
2110 1413 2171 1468 et
2201 1425 2340 1485 pro-

811 1506 1026 1567 hibere
1054 1504 1367 1584 ejusmodi
1393 1503 1712 1564 alimenta.
1746 1501 2026 1579 Denique
2056 1519 2164 1561 nu.
2198 1502 2334 1561 138.

810 1598 962 1660 dicit
983 1648 998 1673 ,
1058 1599 1221 1659 facta
1285 1596 1598 1658 taxatione
1652 1595 2095 1655 alimentorum
2151 1592 2339 1653 etiam

809 1691 1016 1771 quoad
1048 1689 1401 1771 pueritiam,
1453 1693 1516 1750 et
1541 1687 1751 1767 quoad
1799 1685 2096 1746 alimenta
2126 1684 2339 1747 debita

809 1784 887 1845 de
919 1783 1062 1864 jure
1092 1787 1354 1857 naturae,
1387 1799 1447 1841 v.
1465 1799 1527 1859 g.
1561 1779 1876 1858 assignato
1894 1777 2099 1857 proiis
2121 1777 2335 1857 quinto

806 1878 1138 1953 bonorum,
1188 1874 1432 1937 etiamsi
1461 1873 1523 1933 in
1548 1872 1756 1951 aliquo
1799 1870 2160 1951 particulari
2190 1889 2337 1931 casu

808 1970 961 2030 illud
993 1989 1114 2031 non
1142 1968 1410 2030 sufficiat
1454 1966 1537 2026 ad
1565 1965 1882 2039 alimenta,
1933 1982 2059 2024 non
2091 1962 2332 2041 deberi,

809 2082 925 2124 nec
952 2064 1092 2141 plus
1117 2061 1275 2137 dari,
1328 2060 1476 2139 quia
1505 2058 1805 2136 obligatio
1851 2075 2016 2135 vaga
2033 2056 2195 2134 juris
2225 2075 2337 2116 na-

806 2161 962 2217 turae
992 2154 1407 2216 determinata
1451 2156 1545 2211 est
1572 2169 1685 2230 per
1729 2149 1934 2228 legem
1974 2149 2331 2229 positivam,

806 2248 969 2309 sicut
1019 2246 1242 2308 solutio
1299 2244 1686 2305 decimarum
1727 2241 2183 2303 determinatur
2224 2260 2335 2321 per

804 2341 1008 2421 legem
1037 2341 1399 2410 humanam,
1435 2341 1499 2397 et
1517 2335 1602 2396 ita
1624 2340 1719 2396 est
1737 2334 2153 2411 observanda,
2188 2335 2337 2413 quia

804 2435 962 2497 utin
996 2432 1335 2512 plurimum
1362 2430 1467 2489 illa
1507 2446 1653 2507 pars
1704 2427 1955 2504 sufficit,
2008 2432 2070 2488 et
2096 2427 2245 2488 licet
2270 2428 2334 2486 in

803 2528 1011 2607 aliquo
1041 2544 1164 2586 non
1194 2522 1483 2598 sufficiat,
1518 2539 1640 2582 non
1672 2519 1883 2581 deficit
1908 2520 2065 2581 ratio
2086 2520 2243 2598 legis
2270 2521 2334 2581 in

803 2619 1143 2695 communi,
1192 2622 1380 2696 atque
1409 2615 1549 2675 ideo
1593 2612 1984 2675 observanda
2013 2618 2126 2675 est.
2188 2615 2334 2675 Haec

804 2714 1016 2774 omnia
1045 2710 1321 2772 difficilia
1348 2712 1513 2769 sunt.

884 2808 1016 2886 Ego
1043 2806 1109 2865 in
1137 2802 1353 2884 primis
1396 2799 1702 2875 existimo,
1752 2817 1934 2877 posse
1979 2799 2186 2878 legem
2215 2799 2334 2860 hu·

803 2916 1056 2960 manam
1110 2896 1409 2957 indirecte
1460 2893 1707 2972 privare
1769 2891 1966 2951 filium
2022 2893 2332 2953 alimentis

803 2991 1099 3072 paternis,
1152 3006 1275 3050 non
1321 2984 1635 3066 puniendo
1683 2984 1881 3044 filium
1928 2984 2040 3044 sed
2087 2990 2332 3063 patrem

800 3089 1057 3164 propter
1097 3081 1495 3156 adulterium,
1544 3077 1642 3139 vel
1687 3076 1993 3138 incestum
2040 3079 2331 3139 commis-

799 3198 961 3240 sum.
1020 3180 1232 3239 Posset
1260 3174 1427 3235 enim
1453 3172 1550 3233 lex
1602 3169 1664 3231 in
1693 3170 1910 3250 primis
1937 3175 2191 3250 propter
2220 3171 2331 3232 de-

797 3273 1013 3334 lictum
1042 3276 1222 3332 atrox
1250 3268 1335 3329 ita
1365 3267 1616 3346 privare
1647 3264 2112 3343 delinquentem
2144 3264 2330 3326 bonis

796 3365 1106 3441 omnihus,
1138 3367 1209 3424 ut
1233 3361 1374 3422 filiis
1401 3359 1588 3421 etiam
1619 3356 1910 3433 legitimis
1938 3356 2329 3436 denegentur

795 3458 918 3519 alia
945 3456 1239 3518 alimenta
1286 3473 1360 3514 ex
1391 3451 1525 3532 ejus
1553 3451 1732 3512 bonis
1760 3454 1989 3529 praeter
2015 3449 2141 3527 illa,
2193 3452 2325 3512 sine

795 3552 1021 3631 quibus
1053 3550 1242 3610 vitam
1270 3561 1640 3608 conservare
1671 3561 1798 3604 non
1826 3546 2105 3622 possunt,
2142 3549 2212 3605 ut
2236 3545 2324 3604 fa-

792 3649 960 3705 tetur
986 3642 1218 3704 Molina
1271 3639 1429 3717 disp.
1491 3638 1599 3697 illa
1626 3652 1877 3699 chviu.
1941 3635 1998 3713 ἓ.
2035 3635 2326 3713 Observa,-

793 3755 986 3816 quare
1039 3737 1249 3813 posset
1288 3731 1422 3812 jam
1476 3730 1689 3810 spurio
1745 3728 1975 3789 auferri
2022 3728 2323 3792 indirecte

790 3848 935 3909 spes
962 3827 1238 3889 habendi
1264 3826 1387 3886 alia
1433 3823 1729 3883 alimenta
1774 3840 1813 3882 a
1853 3825 2051 3898 patre.
2116 3822 2318 3900 Addo,

788 3922 1062 4002 potuisse
1089 3921 1293 3999 legem
1322 3921 1579 3997 propter
1601 3914 1898 3975 delictum
1919 3914 2320 3975 commissum

789 4034 828 4077 a
855 4019 1030 4095 patre
1086 4018 1229 4074 ante
1259 4012 1370 4073 tilii
1420 4007 1890 4088 generationem
1944 4007 2031 4067 ita
2072 4008 2319 4085 privare

788 4113 1031 4188 patrem
1059 4104 1346 4167 omnibus
1373 4101 1575 4178 boniS,
1628 4104 1697 4161 ut
1723 4117 1838 4159 nec
1885 4099 2183 4160 alimenta
2209 4120 2320 4161 ne-

787 4201 1058 4264 cessaria
1084 4199 1166 4260 ad
1217 4197 1360 4258 vitae
1416 4193 1958 4255 conservationem
2014 4193 2320 4272 potuisset

786 4300 1001 4375 postea
1029 4293 1181 4353 dare
1208 4289 1359 4365 filio,
1408 4305 1552 4347 cum
1598 4291 1742 4347 ante
1789 4284 1924 4364 ejus
1964 4286 2319 4364 generatio-

787 4406 928 4449 nem
957 4386 1138 4448 bonis
1166 4382 1455 4445 omnibus
1485 4379 1764 4459 privatus
1793 4383 1975 4440 esset.
2012 4380 2136 4440 Cur
2165 4397 2313 4457 ergo

784 4500 910 4543 non
938 4478 1239 4560 potuisset
1264 4475 1363 4534 lex
1391 4473 1613 4552 punire
1643 4471 1762 4532 hac
1792 4489 1982 4549 poena
2009 4471 2312 4548 privatio-

783 4575 877 4635 nis
904 4571 1182 4634 omnium
1208 4568 1520 4629 bonorum
1559 4566 1899 4641 incestum,
1946 4565 2046 4624 vel
2075 4565 2315 4626 adulte-

779 4667 942 4727 rium
969 4664 1354 4735 inchoatum,
1409 4658 1503 4718 vel
1545 4658 1918 4722 intentatum
1949 4657 2138 4718 etiam
2168 4662 2312 4720 ante

781 4754 1384 4821 consummationem
1453 4755 1516 4811 et
1567 4750 2035 4830 generationem
2091 4751 2305 4829 prolis,

782 4872 904 4932 quo
932 4869 1082 4911 casu
1110 4846 1317 4927 proles
1346 4864 1422 4905 ex
1451 4862 1524 4904 eo
1554 4843 1782 4903 delicto
1826 4842 2040 4922 genita
2067 4843 2308 4903 nullum

776 4944 1037 5005 haberet
1056 4939 1161 5019 jus
1190 4938 1269 4997 ad
1297 4936 1592 4998 alimenta
1639 4936 1991 4997 necessaria
2021 4955 2094 4996 ex
2124 4936 2308 4996 bonis

776 5036 1071 5117 paternis,
1123 5051 1265 5094 cum
1297 5029 1606 5091 inveniret
1642 5030 1778 5107 jam
1806 5028 1973 5089 bona
2000 5028 2195 5107 patris
2226 5028 2307 5091 ab

772 5131 908 5210 ipso
938 5129 1195 5207 propter
1221 5123 1516 5185 delictum
1537 5121 1706 5200 juste
1736 5121 1968 5182 ablata.

853 5219 1141 5284 Secundo
1173 5215 1480 5291 existimo,
1542 5233 1667 5275 non
1721 5216 1921 5274 solum
1967 5232 2091 5274 non
2120 5233 2303 5293 posse

772 5319 909 5395 lege
938 5314 1215 5374 humana
1243 5307 1457 5387 negari
1505 5307 1629 5368 filio
1658 5307 1870 5386 spurio
1912 5306 2211 5367 alimenta
2240 5306 2305 5366 in

770 5408 1057 5491 pueritia,
1091 5410 1161 5467 ut
1178 5403 1427 5465 dicebat
1445 5403 1514 5463 P.
1542 5404 1731 5479 Vasq.
1756 5401 1864 5461 sed
1890 5418 2091 5478 neque
2113 5400 2304 5461 etiam

2450 390 2622 448 extra
2653 386 3005 466 pueritiam,
3041 390 3283 468 quoties
3311 391 3473 453 filius
3502 394 3620 454 sibi
3648 396 3978 473 providere

2451 498 2575 540 non
2605 485 2809 559 potest
2865 498 2880 545 :
2939 483 3106 560 quia,
3160 487 3446 562 utsupra
3475 485 3786 564 dicebam,
3822 491 3979 551 obli-

2447 573 2616 650 gatio
2646 574 2945 635 naturalis
2972 580 3303 654 parentum
3331 577 3537 637 alendi
3562 578 3743 657 filios,
3779 601 3980 660 quan-

2449 665 2529 725 do
2560 666 2676 743 ipsi
2704 667 2957 727 aliunde
3010 668 3125 728 sibi
3156 669 3486 746 providere
3536 691 3658 732 non
3692 681 3971 751 possunt,

2447 776 2572 819 non
2620 763 2898 821 arctatur
2950 759 3032 821 ad
3087 766 3332 838 tempus
3387 763 3589 824 solum
3641 768 3924 845 pueritia}
3959 789 3972 830 ε

2445 856 2575 912 tam
2604 851 2770 912 enim
2812 857 2959 913 sunt
3010 853 3119 912 tilii
3174 860 3390 931 postea
3435 875 3625 934 quam
3686 865 3854 936 tunc,
3917 864 3979 922 et

2443 949 2574 1005 tam
2605 963 2729 1005 non
2746 946 3133 1023 possuntsibi
3169 947 3499 1025 providere
3518 957 3757 1028 postea,
3785 970 3975 1031 quam

2441 1040 2590 1097 tunc
2623 1058 2636 1099 :
2689 1037 2838 1116 quid
2869 1043 3078 1099 autem
3108 1039 3316 1115 refert,
3351 1042 3519 1119 quod
3551 1045 3886 1106 necessitas
3915 1051 3978 1107 et

2441 1128 2810 1208 impotentia
2838 1131 3164 1208 proveniat
3209 1151 3284 1190 ex
3311 1137 3519 1209 aetate,
3575 1136 3670 1195 vel
3698 1155 3772 1196 ex
3803 1137 3975 1198 defe-

2443 1228 2546 1284 ctu
2576 1243 2724 1283 usus
2755 1223 3032 1300 rationis,
3084 1229 3153 1285 ut
3178 1224 3240 1283 in
3272 1231 3480 1287 mente
3509 1229 3727 1306 captiS‚
3770 1231 3868 1290 vel
3898 1250 3974 1291 ex

2443 1316 2801 1377 infirmitate
2829 1316 2974 1393 alia,
3007 1320 3076 1378 ut
3094 1316 3143 1377 si
3174 1317 3336 1378 filius
3357 1324 3521 1381 esset
3548 1339 3772 1398 caecuS,
3807 1323 3972 1384 clau-

2442 1408 2580 1484 duS,
2632 1413 2750 1470 etc.
2784 1409 2987 1468 velex
3033 1428 3431 1490 quacumque
3459 1413 3583 1473 alia
3611 1415 3844 1475 causa?
3896 1418 3974 1478 Et

2441 1501 2696 1580 quidem
2724 1501 3019 1580 obligatio
3076 1503 3187 1563 tilii
3237 1504 3444 1565 alendi
3498 1524 3642 1567 suos
3681 1513 3972 1586 parentes

2440 1594 2814 1673 indigenteS,
2874 1613 3014 1673 quae
3043 1595 3233 1656 etiam
3287 1602 3383 1658 est
3408 1597 3485 1659 de
3526 1598 3669 1677 jure
3700 1604 3967 1679 naturae,

2442 1690 2508 1747 ut
2533 1687 2761 1748 fatetur
2787 1687 2920 1764 ipse
2950 1690 3184 1767 Vasqu.
3217 1688 3367 1750 dub.
3399 1707 3503 1752 xv.
3537 1709 3643 1753 nu.
3672 1696 3807 1754 153.
3843 1712 3969 1756 non

2434 1779 2738 1841 limitatur
2764 1781 2844 1840 ad
2889 1784 3137 1841 aetatem
3182 1782 3563 1862 decrepitam
3611 1792 3963 1864 parentum,

2434 1873 2547 1934 sed
2576 1873 2860 1952 procedit
2914 1875 3157 1953 quoties
3212 1882 3502 1954 parentes
3544 1877 3846 1956 indigent,
3908 1886 3971 1942 et

2435 1965 2551 2025 sibi
2583 1966 2911 2043 providere
2941 1985 3065 2027 non
3095 1973 3388 2046 possunt,
3439 1970 3874 2051 undecumque
3904 1974 3967 2034 id

2435 2059 2765 2137 proveniat
2811 2076 2826 2122 ;
2869 2077 3014 2119 cum
3061 2077 3210 2138 ergo
3239 2062 3375 2121 haec
3422 2062 3717 2141 obligatio
3748 2071 3968 2126 mutua

2433 2153 2515 2212 sit
2540 2155 2604 2212 et
2631 2152 2969 2230 reciproca,
3029 2152 3253 2212 eodem
3292 2151 3435 2231 jure
3490 2159 3730 2216 naturae
3778 2156 3965 2218 debe·

2433 2245 2592 2306 hunt
2616 2250 2905 2322 parentes
2947 2244 3109 2304 filios
3138 2245 3303 2304 alere
3351 2246 3415 2305 in
3462 2266 3859 2329 quacumque
3888 2269 3968 2311 εε-

2433 2342 2582 2415 tate,
2616 2338 2669 2397 si
2697 2336 2806 2398 filii
2834 2336 2951 2397 sibi
2980 2338 3309 2414 providere
3339 2358 3460 2399 non
3495 2348 3772 2418 possunt.

2515 2430 2694 2493 Unde
2722 2431 2904 2492 tertio
2962 2430 3297 2490 dicendum
3348 2432 3616 2510 videtur,
3678 2434 3726 2495 si
3758 2436 3960 2513 portio

2434 2524 2537 2585 illa
2567 2523 2705 2601 lege
2735 2527 2944 2602 taxata
2972 2541 3118 2582 vere
3150 2541 3276 2584 non
3321 2525 3638 2587 sufficeret
3681 2528 3758 2587 ad
3791 2528 3965 2589 alen-

2434 2618 2586 2678 dum
2613 2615 2829 2689 filium,
2890 2619 3130 2693 patrem
3189 2634 3264 2675 ea
3318 2617 3455 2695 lege
3503 2637 3629 2680 non
3675 2620 3964 2684 obstante

2432 2728 2638 2790 posse,
2685 2711 2747 2768 et
2775 2706 3003 2768 debere
3034 2708 3185 2768 dare
3215 2709 3344 2770 filio
3375 2716 3677 2789 quantum
3707 2732 3963 2775 necesse

2433 2807 2528 2864 est
2554 2801 2634 2862 ad
2663 2818 2808 2861 eum
2855 2800 3169 2861 alendum.
3230 2803 3388 2862 Nam
3438 2811 3824 2882 praeceptum
3857 2825 3963 2867 na-

2432 2894 2632 2957 turale
2661 2893 2870 2954 alendi
2913 2893 3111 2953 filium
3142 2912 3264 2954 non
3309 2898 3404 2956 est
3430 2896 3528 2955 lex
3576 2916 3737 2975 vaga
3774 2904 3837 2960 et
3861 2899 3961 2959 in-

2432 2987 2865 3063 determinata,
2923 2987 3085 3048 sicut
3125 2991 3508 3066 praeceptum
3552 2989 3834 3051 divinum
3882 2992 3962 3052 de

2430 3080 2815 3142 confessione
2845 3084 2954 3140 aut
2978 3079 3436 3156 communione,
3470 3081 3581 3141 sed
3602 3087 3697 3144 est
3722 3083 3820 3143 lex
3851 3084 3964 3145 de-

2428 3173 2762 3236 terminata
2831 3172 3198 3252 praecipiens
3266 3172 3417 3234 dare
3487 3175 3747 3255 singulis
3816 3178 3961 3239 filiis

2427 3272 2731 3346 quantum
2759 3265 2862 3326 hic
2889 3271 2952 3327 et
2977 3285 3141 3327 nunc
3171 3268 3588 3328 necessarium
3620 3275 3714 3332 est
3742 3270 3823 3330 ad
3852 3290 3961 3333 eo-

2426 3380 2567 3420 rum
2596 3360 2912 3434 alimenta,
2949 3359 3115 3439 quod
3146 3378 3396 3437 semper
3425 3360 3486 3419 in
3517 3361 3841 3424 individuo
3864 3370 3962 3426 est

2425 3453 2661 3532 aliquid
2692 3452 3175 3514 determinatum
3209 3472 3223 3511 ε
3258 3472 3452 3531 quare
3482 3454 3644 3516 sicut
3670 3474 3796 3516 non
3815 3475 3957 3535 pos·

2424 3551 2520 3607 set
2544 3547 2643 3606 lex
2672 3546 2947 3606 humana
2966 3545 3134 3624 juste
3176 3550 3389 3607 taxare
3438 3552 3819 3626 praeceptum
3848 3568 3956 3611 na-

2422 3640 2622 3700 turale
2648 3638 3061 3700 subveniendi
3090 3644 3367 3699 extreme
3393 3639 3721 3720 indigenti,
3770 3643 3859 3704 ita
3888 3647 3958 3705 ut

2425 3750 2549 3793 non
2575 3738 2784 3811 posset
2810 3731 2893 3791 illi
2944 3730 3097 3804 dari,
3160 3731 3278 3791 nisi
3323 3733 3385 3792 in
3442 3732 3547 3793 tali
3578 3736 3950 3813 quantitate,

2423 3824 2665 3886 etiamsi
2700 3824 2764 3884 id
2795 3842 2917 3884 non
2947 3823 3216 3884 sufficiat
3242 3824 3344 3884 hic
3374 3828 3437 3885 et
3464 3844 3628 3886 nunc
3656 3827 3735 3886 ad
3762 3829 3954 3888 talem

2421 3915 2857 3978 necessitatem
2914 3932 2929 3979 :
2989 3916 3075 3977 ita
3104 3935 3220 3977 nec
3274 3918 3503 3996 poterit
3549 3919 3641 3978 lex
3675 3919 3954 3982 humana

2410 4011 2580 4089 justa
2609 4010 2696 4070 ita
2723 4012 2936 4070 taxare
2964 4010 3262 4070 alimenta
3291 4010 3499 4071 danda
3528 4011 3676 4088 filio,
3728 4018 3798 4074 ut
3823 4032 3951 4075 non

2420 4103 2604 4164 detur
2630 4102 2793 4181 plus,
2854 4102 3097 4162 etiamsi
3152 4103 3214 4163 id
3263 4121 3387 4165 non
3434 4105 3706 4166 sufficiat
3756 4106 3857 4167 hic
3887 4112 3953 4169 et

2418 4215 2583 4257 nunc
2613 4196 2694 4257 ad
2721 4196 2918 4256 filium
2947 4195 3263 4259 alendum.

2496 4288 2674 4351 Unde
2705 4287 2961 4349 ulterius
3017 4295 3239 4368 quarto
3282 4290 3617 4354 dicendum
3671 4295 3941 4372 videtur,

2415 4382 2797 4444 taxationem
2849 4382 3018 4442 illam
3075 4381 3153 4443 de
3210 4384 3425 4462 quinto
3481 4385 3788 4448 bonorum
3820 4408 3944 4449 non

2414 4475 2554 4536 ideo
2577 4474 2836 4554 justam,
2895 4475 3042 4554 quia
3071 4477 3228 4537 utin
3282 4477 3622 4556 plurimum
3677 4481 3741 4540 id
3779 4482 3947 4542 suffi-

2413 4567 2557 4643 ciat,
2590 4567 2699 4628 sed
2729 4567 2877 4646 quia
2905 4586 3127 4628 revera
3155 4588 3399 4648 semper
3427 4572 3657 4634 sufficit
3715 4594 3728 4633 :
3790 4574 3947 4635 obli-

2412 4660 2580 4738 gatio
2640 4660 2807 4720 enim
2834 4660 3043 4720 alendi
3097 4661 3315 4739 filium,
3377 4668 3445 4724 ut
3499 4663 3791 4743 diximuS,
3850 4672 3949 4729 est

2411 4753 2781 4832 respectiva,
2815 4752 3029 4814 habita
3058 4755 3555 4817 consideratione
3576 4759 3656 4819 ad
3686 4760 3945 4821 faculta-

2408 4849 2502 4906 tes
2532 4850 2860 4923 parentum
2921 4866 2934 4906 :
2994 4848 3237 4925 quoties
3285 4853 3493 4910 autem
3545 4856 3723 4929 pater
3753 4853 3945 4916 habet

2408 4937 2568 4998 tilios
2597 4938 2931 5016 legitimOS,
2982 4938 3029 4998 si
3059 4939 3217 5001 adeo
3263 4946 3481 5003 tenues
3509 4948 3657 5004 sunt
3697 4944 3832 5024 ejus
3860 4946 3946 5006 sa·

2408 5030 2690 5107 cultatem,
2725 5035 2794 5091 ut
2821 5031 3038 5110 quinta
3059 5051 3203 5111 pars
3224 5053 3348 5095 non
3367 5037 3637 5099 sufficiat
3665 5039 3745 5098 ad
3774 5040 3946 5100 alen-

2408 5123 2559 5183 dum
2589 5123 2892 5203 spurium,
2945 5125 3193 5204 signum
3227 5132 3339 5204 est,
3404 5130 3570 5209 quod
3622 5130 3755 5210 ejus
3785 5133 3944 5194 obli-

2405 5217 2574 5294 gatio
2604 5217 2969 5278 tenuissima
2999 5223 3093 5280 est
3125 5238 3137 5279 :
3173 5238 3296 5281 non
3327 5221 3492 5281 enim
3518 5222 3829 5302 obligatur
3858 5225 3939 5285 ad

2406 5309 2901 5370 subveniendum
2930 5312 3141 5389 spurio
3187 5330 3330 5372 cum
3360 5318 3531 5376 tanto
3563 5317 3938 5379 detrimento

2402 5401 2824 5480 legitimorum
2853 5404 2917 5463 in
2966 5408 3141 5466 tanta
3170 5412 3556 5486 paupertate.
3620 5410 3685 5471 Si
3726 5416 3937 5471 tamen

4132 2444 4154 2500 -1
4168 2444 4236 2502 3ss

4126 4318 4236 4376 131
