4263 6376
86 1307 150 1484 reg·

80 3971 210 4138 {w

81 4149 230 4191 »banio

88 4266 234 4311 μου.

80 4236 202 4419 {a

1227 443 1697 504 DISPUTA'rlo
1739 443 2040 519 XXXVII,
2090 444 2365 505 SECTIO
2410 445 2540 505 ΧΠ.

252 623 483 682 autem
510 619 808 681 indicium
836 616 1230 699 probandum
1262 620 1356 677 est
1383 634 1496 696 per
1522 616 1680 677 duos
1708 620 1801 677 te-

253 716 396 774 stes
420 713 683 793 juratos
736 714 831 774 An
861 731 1009 774 vero
1053 711 1286 771 indicia
1313 711 1587 771 violenta
1628 710 1801 771 suffi-

255 805 439 867 ciant
466 806 547 866 ad
589 804 1178 867 condemnationem
1221 803 1285 862 in
1336 802 1796 875 criminalibus;

258 897 377 957 alii
406 898 758 958 affirmant:
783 896 887 958 alii
913 897 1133 957 melius
1153 901 1407 974 negant,
1432 913 1589 975 quos
1615 896 1805 956 refert

259 990 555 1051 Sanchez
583 1008 726 1051 cum
762 989 1214 1068 posterioribus
1242 989 1515 1050 sentiens
1546 988 1712 1050 dicto
1741 1005 1797 1049 c.

255 1084 371 1144 ΙΙΙ.
409 1083 558 1146 dub.
590 1100 719 1145 xm

350 1177 521 1237 Inter
537 1176 936 1255 probationes
951 1175 1166 1254 plenas
1184 1179 1546 1237 numeratur
1564 1174 1807 1235 confes-

259 1269 362 1330 sio
386 1269 700 1349 ju'dicialis
728 1271 895 1332 facta
920 1288 961 1332 a
986 1287 1095 1330 reo
1130 1285 1144 1332 :
1189 1268 1270 1330 ad
1300 1268 1468 1348 quod
1498 1268 1681 1347 plura
1706 1285 1808 1327 re-

263 1362 626 1442 quiruntur.

351 1456 584 1533 Primo,
619 1456 787 1536 quod
814 1460 1033 1534 sponte
1062 1456 1436 1516 confiteatur
1453 1457 1517 1517 et
1544 1472 1806 1516 nonme-

263 1553 338 1610 tu
368 1551 627 1609 torturae
651 1595 666 1624 ,
717 1553 780 1609 et
808 1565 1024 1608 coram
1052 1549 1445 1626 competente
1465 1546 1680 1626 judice
1709 1566 1808 1608 se-

261 1641 461 1701 dente
506 1658 620 1720 pro
648 1641 969 1716 tribunali,
1019 1644 1084 1702 et
1110 1640 1481 1701 confiteatur
1507 1658 1641 1700 rem
1670 1657 1808 1700 cer-

259 1738 424 1795 tam.
475 1733 791 1795 Confessio
833 1738 1046 1794 tamen
1095 1733 1158 1792 in
1201 1736 1444 1794 tortura
1479 1731 1649 1812 justa
1678 1733 1809 1793 suf-

260 1825 423 1902 ficit,
483 1826 537 1886 si
589 1829 807 1905 postea
864 1825 1034 1887 illam
1076 1824 1282 1886 denuo
1334 1825 1571 1904 absque
1607 1828 1809 1887 tortu-

261 1936 342 1978 ra
389 1917 689 1991 ratificet3
751 1934 930 1979 secus
976 1917 1025 1978 si
1082 1922 1324 1980 tortura
1387 1917 1604 1979 fuisset
1643 1916 1808 1998 inju-

261 2014 393 2073 sta.

353 2103 644 2166 Secundo
666 2149 682 2180 ,
742 2102 1047 2163 confessio
1094 2102 1304 2164 deficit
1351 2122 1387 2163 a
1434 2103 1621 2183 plena
1664 2123 1809 2182 pro-

262 2197 528 2258 batione
547 2241 564 2272 ,
595 2196 644 2257 si
679 2196 996 2257 confessus
1026 2195 1177 2257 dicit
1201 2202 1420 2274 postea
1447 2215 1513 2257 se
1542 2215 1804 2273 errasse,

264 2293 336 2351 et
365 2306 642 2349 errorem
664 2288 890 2368 probet
914 2292 1061 2350 aute
1089 2288 1485 2351 sententiam.

333 2382 548 2443 Tertio
572 2426 588 2457 ,
647 2381 696 2440 si
737 2382 904 2442 facta
949 2385 1045 2441 est
1085 2399 1200 2459 per
1245 2386 1719 2461 procuratorem
1749 2388 1813 2445 et

267 2478 422 2536 ante
448 2474 729 2535 triduum
757 2475 1112 2535 revocatur.

356 2569 630 2644 Qum-tc,
675 2567 729 2627 si
768 2568 936 2630 facta
977 2571 1071 2628 est
1114 2572 1373 2646 propter
1397 2568 1622 2630 falsam
1642 2568 1811 2649 judi-

269 2661 364 2722 cis
407 2660 922 2738 promissionem,
979 2662 1047 2721 ιιι
1093 2663 1309 2738 postea
1348 2661 1614 2723 dicimus
1651 2667 1806 2724 sect.

267 2769 417 2814 xm.

359 2844 587 2917 Quinto
613 2889 628 2920 ,
669 2844 721 2904 si
747 2844 820 2905 fit
846 2843 924 2904 de
953 2863 1020 2904 re
1053 2846 1421 2907 naturaliter
1446 2847 1813 2925 impossibili

269 2938 378 2999 vel
405 2941 814 3017 repugnante,
849 2941 917 2998 ut
945 2938 997 2998 si
1014 2937 1280 3016 frigidus
1308 2941 1677 3001 confiteatur
1704 2942 1812 3002 ad·

272 3029 595 3092 ulterium.
617 3029 789 3089 Idem
801 3033 913 3107 est,
937 3029 990 3091 si
1003 3030 1076 3092 fit
1087 3029 1164 3090 de
1183 3049 1249 3091 re
1257 3032 1399 3111 jure
1420 3032 1806 3112 impossibili,

274 3128 351 3184 ut
396 3123 445 3182 si
476 3121 865 3184 Christianus
913 3123 1285 3183 confiteatur
1330 3143 1395 3185 se
1426 3125 1810 3205 mancipium

282 3219 317 3280 J
325 3216 516 3278 udaei.

362 3311 587 3385 Sexto,
634 3309 887 3388 quando
934 3308 1239 3370 confessio
1279 3310 1512 3389 proprii
1543 3312 1818 3373 criminis

277 3401 485 3466 tendit
527 3400 592 3461 in
639 3401 1074 3479 praejudicium
1103 3402 1357 3463 alterius
1381 3449 1396 3479 ‚
1445 3408 1512 3464 ut
1537 3405 1591 3464 si
1618 3405 1819 3467 tendit

279 3495 366 3557 ad
411 3493 874 3574 separationem
901 3494 1283 3555 matrimonii
1307 3495 1818 3575 inpraeJudicium

281 3586 541 3650 alterius
586 3585 891 3666 conjugia.
969 3588 1119 3647 Haec
1171 3605 1248 3646 ex
1302 3587 1600 3650 Silvestro
1624 3636 1640 3666 ,
1699 3593 1819 3651 Ta-

281 3680 498 3756 biena,
519 3683 581 3740 et
607 3678 746 3740 aliis
771 3679 1111 3741 summistis
1139 3679 1339 3740 videri
1367 3686 1626 3758 possunt
1653 3682 1823 3761 apud

286 3770 572 3834 Sanchez
601 3770 664 3833 d.
697 3788 837 3851 cap.
872 3771 974 3833 111.
1013 3772 1165 3834 dub.
1200 3788 1336 3833 xm.
1399 3773 1507 3833 His
1535 3775 1822 3854 supposi-

284 3865 367 3927 tis
391 3910 408 3940 2

370 3956 643 4017 Dubium
659 3956 933 4036 primum
952 3961 1066 4034 est,
1088 3976 1167 4019 an
1199 3959 1452 4037 qnando
1481 3977 1604 4019 non
1633 3959 1825 4022 babe-

288 4054 394 4111 tur
414 4049 701 4129 probatio
731 4049 937 4128 plena,
970 4050 1080 4110 sed
1107 4054 1350 4112 tantum
1386 4053 1823 4131 praesumptio-

292 4161 406 4203 nes
435 4144 499 4203 et
524 4141 756 4203 indicia
783 4145 1072 4223 urgentia
1095 4189 1113 4221 ,
1157 4144 1353 4223 possit
1378 4145 1608 4207 mitiori
1639 4164 1826 4225 poena

294 4235 794 4297 extraordinaria
818 4237 1024 4315 puniri
1054 4255 1220 4298 reuS.

377 4328 588 4389 Prima
615 4328 920 4390 sententia
947 4329 1117 4406 dicit,
1142 4329 1377 4391 nullam
1407 4348 1659 4409 poenam
1689 4348 1828 4409 pos·

294 4441 364 4484 se
395 4420 455 4481 ei
481 4421 716 4501 imponi
742 4468 759 4499 ,
806 4422 918 4483 sed
965 4422 1166 4483 solum
1195 4422 1424 4483 debere
1451 4424 1729 4502 torqueri
1759 4426 1831 4485 ut

294 4512 702 4587 confiteatur3
747 4514 800 4575 si
841 4515 922 4575 sit
947 4533 1217 4594 persona
1259 4515 1485 4576 habilis
1524 4516 1603 4576 ad
1633 4520 1826 4578 tortu-

296 4624 472 4679 ram3
508 4606 784 4685 alioquin
815 4606 1289 4669 absolvendum.
1323 4608 1481 4679 Quia
1509 4607 1607 4668 vel
1636 4609 1833 4669 credi-

295 4704 403 4761 tur
429 4698 650 4758 fecisse
679 4699 1006 4774 delictum;
1031 4704 1095 4761 et
1119 4702 1268 4761 tunc
1297 4718 1486 4778 poena
1514 4700 1831 4761 ordinaria

295 4792 553 4868 integra
580 4791 768 4852 debet
798 4792 1008 4871 puniri
1054 4812 1068 4854 ι
1119 4793 1220 4854 vel
1249 4810 1373 4853 non
1404 4792 1709 4866 creditur;
1769 4795 1834 4854 et

293 4889 450 4946 tunc
468 4883 655 4944 debet
668 4885 920 4946 omnino
939 4885 1199 4947 absolvi.
1224 4888 1642 4965 Quaecumque
1664 4886 1833 4947 enim

295 4994 491 5055 poena
504 4976 881 5055 imponatur,
904 4976 1135 5057 injuste
1155 4978 1517 5057 imponitur,
1543 4995 1683 5038 cum
1708 4996 1833 5039 non

296 5072 545 5130 constet
589 5068 666 5128 de
724 5069 970 5131 delicto.
1046 5073 1137 5132 lta
1178 5071 1531 5133 Sarmiento
1552 5117 1567 5146 ,
1626 5076 1690 5131 et
1730 5070 1836 5132 alii

298 5180 462 5242 quos
480 5163 664 5224 affert
680 5162 962 5224 Sancbez
988 5164 1096 5225 lib.
1130 5165 1234 5226 111.
1273 5164 1323 5226 C
1324 5183 1446 5225 ons.
1468 5181 1523 5225 c.
1546 5183 1653 5225 un.
1680 5164 1830 5226 dub.

298 5270 415 5316 ΧΠ.
451 5273 513 5314 ιι.
548 5257 607 5315 ¹.

384 5345 508 5406 Alii
536 5351 752 5409 contra
782 5349 1057 5411 sentiunt
1084 5366 1265 5427 posse
1292 5349 1499 5428 puniri
1526 5366 1711 5427 poena
1741 5367 1837 5409 or-

307 5440 557 5501 dinaria
580 5484 596 5517 ,
631 5441 881 5519 quando
910 5440 1142 5500 indicia
1169 5445 1313 5502 sunt
1339 5441 1627 5519 urgentia
1656 5445 1718 5500 et
1748 5440 1838 5500 in-

3316 447 3433 506 725

1900 635 2026 677 non
2056 634 2245 697 poena
2274 617 2609 694 ordinaria,
2636 618 2746 679 sed
2772 617 2997 678 minori
3014 622 3076 680 et
3092 617 3435 678 extraordi-

1901 728 2098 771 nana.

1983 803 2137 864 Mihi
2167 803 2302 863 haec
2327 806 2508 865 tertia
2526 804 2833 866 sententia
2862 804 3087 884 placet,
3123 823 3313 883 quam
3342 809 3435 866 te-

1903 899 2009 957 net
2034 896 2236 956 Julius
2266 896 2480 958 Clarus
2507 915 2652 958 cum
2686 901 2973 958 Panorm.
3010 898 3203 959 Baldo
3225 944 3239 973 ,
3273 897 3432 957 Feli-

1903 1007 1984 1049 no
2014 990 2077 1049 et
2100 988 2238 1048 aliis
2267 990 2480 1051 multis
2514 1037 2529 1067 ,
2572 1009 2729 1070 quos
2765 991 3044 1051 referunt
3072 996 3134 1051 et
3161 1009 3437 1069 sequun-

1902 1086 2006 1142 tur
2037 1081 2265 1144 Sanch.
2301 1082 2363 1144 d.
2398 1083 2548 1144 dub.
2580 1100 2691 1145 xn.
2746 1102 2917 1145 num.
2954 1086 3048 1145 12.
3101 1087 3162 1144 et
3189 1083 3437 1144 Lessius

1901 1174 2009 1236 lib.
2041 1176 2116 1236 ΙΙ.
2153 1193 2247 1237 ca.
2279 1192 2447 1237 xxlx.
2494 1194 2664 1237 num.
2702 1180 2838 1238 169.
2872 1177 3039 1256 quod
3063 1176 3178 1256 ipsi
3208 1176 3438 1238 admit-

1902 1270 2064 1343 tunt,
2099 1268 2351 1347 quando
2383 1288 2506 1330 non
2533 1269 2862 1349 subjicitur
2888 1273 3145 1331 torturae
3170 1316 3186 1345 ‚
3236 1273 3299 1331 et
3323 1287 3438 1348 per

1906 1377 2045 1420 eam
2075 1379 2201 1422 non
2230 1367 2458 1440 purgat
2488 1381 2630 1422 reus
2658 1362 2908 1424 indicia.
2946 1362 3070 1424 Sed
3101 1380 3216 1442 ego
3247 1363 3435 1423 credo

1905 1452 2071 1513 idem
2100 1471 2281 1532 posse
2310 1454 2467 1531 fieri,
2513 1456 2755 1517 etiamsi
2790 1456 2852 1515 ir.
2882 1459 3120 1517 tortura
3151 1459 3432 1534 negaret,

1902 1545 2220 1624 loquendo
2249 1548 2472 1608 saltem
2501 1547 2580 1608 de
2600 1549 2742 1626 jure
2772 1552 3012 1609 naturae
3073 1568 3087 1609 ε
3148 1548 3225 1609 de
3273 1549 3437 1609 iacto

1905 1642 2114 1699 tamen
2147 1640 2437 1701 standum
2469 1644 2562 1703 est
2587 1641 2829 1720 legibus
2857 1641 3160 1720 positivis,
3205 1645 3267 1701 et
3295 1659 3439 1701 con-

1908 1732 2221 1793 suetudini
2272 1751 2411 1811 quae
2453 1733 2574 1794 hoc
2620 1733 3016 1813 privilegium
3046 1733 3196 1794 dare
3225 1734 3440 1795 viden-

1904 1827 2008 1885 tur
2033 1829 2294 1886 torturae
2317 1872 2333 1902 ‚
2387 1831 2456 1887 ut
2483 1828 2684 1904 possit
2706 1845 2976 1906 purgare
3003 1826 3253 1887 indicia.
3316 1826 3441 1887 Sed

1903 1921 2115 1979 tamen
2140 1918 2341 1980 Julius
2369 1919 2532 1981 Clar.
2562 1920 2670 1982 lib.
2706 1923 2779 1981 V.
2813 1928 3026 2000 recept.
3056 1929 3202 1981 sent.
3235 1920 3292 2000 ἓ.
3325 1919 3433 1981 fin.

1907 2027 1970 2089 q.
1990 2025 2153 2071 Lxlv.
2178 2028 2343 2072 νει-3.
2364 2010 2541 2072 mata
2558 2031 2678 2089 ree,
2703 2016 2766 2074 et
2783 2013 3018 2075 Olanus
3047 2012 3108 2072 in
3137 2011 3442 2073 concordia

1899 2103 2056 2183 juris
2083 2103 2292 2164 littera
2319 2106 2390 2165 T.
2425 2105 2599 2165 verb.
2641 2105 2873 2181 Tor-tm,
2910 2124 3082 2167 num.
3113 2107 3212 2167 30.
3249 2108 3311 2166 et
3336 2108 3438 2166 31.

1908 2214 2051 2257 cum
2075 2196 2236 2273 aliis,
2271 2200 2580 2258 testantur
2606 2198 3125 2259 consuetudinem
3157 2216 3291 2257 esse
3316 2243 3331 2272 ,
3375 2201 3445 2259 ut

1907 2293 2056 2352 tunc
2088 2290 2279 2351 etiam
2295 2308 2481 2368 poena
2499 2291 2709 2370 aliqua
2728 2290 3083 2366 damnetur,
3113 2291 3304 2352 etiam
3332 2290 3446 2352 tri-

1908 2383 2198 2458 remium,
2230 2383 2482 2461 quando
2511 2383 2742 2444 indicia
2762 2387 2909 2444 sunt
2923 2383 3104 2444 valde
3122 2382 3441 2460 urgentia;

1908 2474 2078 2555 quod
2124 2493 2251 2536 non
2295 2475 2593 2553 reprobat
2633 2475 2767 2554 ipse
2796 2474 3027 2537 Sanch.
3071 2493 3178 2537 nu.
3210 2478 3268 2535 9.
3301 2475 3449 2535 licet

1911 2567 2291 2630 contrariam
2321 2567 2695 2628 sententiam
2726 2571 2995 2628 tueatur.

1993 2661 2111 2721 Pro
2141 2658 2326 2738 hujus
2354 2660 2550 2738 partis
2596 2659 2990 2738 probatione,
3044 2659 3324 2735 advertO,
3357 2663 3449 2720 to·

1911 2759 2047 2815 tum
2074 2752 2555 2813 fundamentum
2577 2753 2765 2830 justae
2795 2752 3134 2830 punitionis
3155 2751 3446 2813 humanae

1915 2846 2160 2907 desumi
2186 2864 2259 2905 ex
2289 2845 2454 2905 bono
2485 2844 2873 2923 publicO,cui
2895 2863 3016 2905 non
3039 2849 3243 2923 potest
3269 2843 3450 2905 aliter

1917 2937 2152 2999 consuli
2186 2937 2304 2997 nisi
2330 2937 2671 3016 puniantur
2716 2937 2944 2999 delicta
2967 2983 2982 3013 ,
3035 2936 3279 2999 etiamsi
3324 2955 3449 2997 non

1917 3035 2205 3092 constent
2249 3030 2620 3092 certitudine
2677 3030 3131 3110 metaphysica,
3183 3030 3293 3089 sed
3339 3030 3450 3089 hu·

1917 3141 2125 3184 mana.
2160 3126 2317 3183 Nam
2345 3122 2410 3182 in
2439 3123 2642 3203 rigore
2672 3123 3008 3202 loquendo,
3034 3122 3194 3183 sicut
3222 3122 3455 3182 indicia

1918 3217 2472 3281 vehementissima
2496 3223 2557 3278 et
2570 3217 2923 3277 indubitata
2942 3216 3151 3277 fallere
3169 3219 3450 3295 possunt,

1920 3316 1983 3373 et
2029 3315 2237 3390 potest
2289 3310 2651 3389 contingere
2709 3328 2846 3371 esse
2904 3310 3299 3373 innocentem
3347 3307 3456 3387 qui

1919 3404 2090 3465 visus
2119 3407 2216 3464 est
2242 3403 2410 3463 exire
2439 3402 2648 3481 gladio
2679 3403 2849 3462 nudo
2880 3406 2942 3463 et
2979 3420 3087 3462 ore
3115 3400 3347 3481 pallido
3379 3419 3455 3460 ex

1922 3497 2133 3571 domo,
2186 3495 2249 3555 in
2298 3514 2422 3575 qua
2450 3495 2640 3556 homo
2671 3494 2987 3556 invenitur
3014 3494 3325 3555 recentior
3352 3510 3458 3553 oc-

1923 3590 2107 3665 cisu5‚
2143 3606 2286 3649 cum
2316 3588 2546 3667 poterit
2569 3587 2648 3649 ad
2681 3588 3107 3648 defensionem
3140 3586 3326 3647 occisi
3354 3603 3458 3646 ac-

1925 3683 2192 3746 currisse
2219 3729 2235 3759 ,
2269 3682 2368 3742 vel
2414 3681 2478 3742 in
2526 3681 2953 3742 defensionem
3008 3698 3185 3740 suam
3222 3678 3458 3758 justam

1925 3775 2267 3847 occidisse;
2299 3774 2388 3835 sic
2416 3774 2605 3834 etiam
2636 3773 2760 3833 duo
2775 3777 2965 3834 testes
2986 3771 3180 3851 jurati
3200 3773 3461 3850 possunt

1924 3868 2163 3943 fallere,
2198 3870 2260 3927 et
2286 3884 2452 3944 saepe
2481 3865 2561 3925 de
2590 3866 2752 3926 facto
2784 3864 3035 3939 fallunt,
3068 3866 3131 3923 et
3158 3880 3270 3941 per
3298 3862 3462 3922 calu-

1926 3961 2165 4021 mniam
2194 3958 2575 4020 conveniunt
2603 3957 2683 4016 ad
2710 3954 3177 4022 testificandum
3206 3954 3457 4014 falsum.

1931 4054 2088 4126 Quia
2115 4056 2330 4114 tamen
2370 4050 2420 4110 si
2470 4050 2696 4111 horum
2742 4047 3170 4111 testimonium
3201 4065 3323 4107 non
3355 4046 3462 4106 ad·

1929 4147 2282 4207 mitteretur
2307 4142 2372 4202 in
2401 4142 2835 4221 probationem
2882 4139 3324 4215 sufficientem,
3359 4139 3463 4198 de·

1930 4240 2075 4300 licta
2103 4240 2433 4298 manerent
2459 4234 2769 4313 impunita
2817 4234 2881 4293 in
2910 4251 3210 4310 magnam
3251 4231 3465 4309 reipu-

1929 4332 2110 4394 blicae
2141 4329 2482 4409 perniciem
2507 4374 2523 4404 ‚
2574 4327 2718 4389 ideo
2748 4326 3132 4401 admittitur,
3182 4325 3327 4384 licet
3353 4341 3468 4402 per

1932 4422 2222 4485 accidens
2276 4424 2575 4500 sequatur
2620 4418 2957 4500 aliquando
3004 4416 3244 4497 punitio
3288 4415 3469 4474 inno-

1935 4516 2153 4592 centiS,
2213 4514 2295 4574 ad
2357 4513 2680 4575 vitandum
2734 4512 3030 4572 nimirum
3077 4510 3283 4588 majus
3336 4524 3468 4566 ma·

1934 4610 2065 4669 lum
2097 4654 2113 4684 ,
2174 4606 2345 4686 quod
2401 4625 2475 4667 ex
2528 4606 2816 4686 opposito
2871 4606 3268 4683 sequeretur,
3324 4616 3469 4659 cum

1936 4700 2221 4762 homines
2250 4717 2373 4760 non
2402 4699 2643 4778 possint
2670 4695 3110 4759 certitudinem
3141 4694 3311 4753 illam
3341 4710 3469 4751 me·

1936 4793 2332 4874 taphysicam
2362 4791 2441 4852 de
2477 4790 2742 4851 dedictis
2795 4787 3052 4848 habere.
3082 4788 3216 4847 Hoc
3245 4801 3472 4862 suppo·

1938 4885 2080 4961 sit0‚

2021 4975 2331 5039 Probatur
2356 4974 2673 5036 conclusio
2703 4974 2927 5053 prim0,
2980 4971 3126 5051 quia
3171 4970 3223 5029 is
3252 4971 3471 5029 contra

1944 5087 2130 5150 quem
2151 5072 2298 5129 sunt
2312 5067 2617 5148 ejusmodi
2637 5066 2889 5140 indicia,
2910 5065 3056 5125 licet
3078 5081 3201 5123 non
3216 5059 3469 5121 omnino

1944 5163 2109 5224 clare
2137 5162 2438 5241 probetur
2489 5178 2633 5220 reus
2686 5157 2984 5234 criminiS,
3035 5157 3098 5217 in
3144 5174 3215 5216 eo
3260 5159 3472 5215 tamen

1945 5258 2109 5317 statu
2139 5254 2554 5328 constituitur,
2586 5251 2647 5311 in
2686 5269 2808 5329 quo
2839 5254 3093 5328 propter
3111 5249 3346 5308 bonum
3364 5264 3475 5324 pu-

1945 5348 2180 5409 blicum
2239 5346 2492 5425 aliquod
2550 5345 2786 5404 malum
2843 5342 3010 5421 juste
3065 5340 3194 5420 pati
3255 5338 3471 5417 possit.

1949 5440 2245 5519 Alioquin
2280 5456 2401 5498 non
2433 5439 2644 5516 posset
2663 5435 2830 5515 juste
2851 5432 3152 5513 torqueri,
3177 5449 3320 5490 cum
3350 5434 3480 5490 tor-

308 5532 619 5593 dubitata.
671 5532 790 5594 Alii
819 5533 1089 5613 denique
1129 5532 1381 5610 dicunt,
1435 5552 1617 5612 posse
1646 5532 1855 5611 puniri
1952 5537 2093 5594 tura
2122 5533 2261 5611 ipsa
2282 5546 2584 5609 magnum
2612 5529 2846 5589 malum
2885 5527 2994 5604 sit,
3048 5530 3109 5587 et
3137 5522 3338 5602 majus
3367 5521 3482 5581 ali-

3618 4991 3734 5052 143

3565 5118 3769 5162 Probatur

3567 5172 3772 5215 sententia

3562 5227 3784 5269 affirmans.
