4263 6376
177 612 192 640 5

1182 285 1652 355 DISPU'PATIO
1697 284 1887 360 XXX,
1941 284 2216 345 SEG'rlo
2261 286 2334 346 V.

304 466 493 526 Primo
539 483 648 544 per
693 463 1023 525 disdictam
1053 468 1192 541 post
1232 464 1504 542 primum
1533 481 1734 524 seme-

233 567 340 623 stre
368 577 381 621 :
415 576 547 637 quae
577 557 887 636 quomodo
909 558 1138 618 debeat
1158 557 1295 617 fieri
1322 556 1735 636 praecedenti-

235 655 335 714 bus
363 650 705 730 quindecim
725 650 946 711 diebus
966 697 980 726 ,
1038 654 1101 711 et
1129 669 1252 710 non
1280 649 1591 729 perceptis
1623 649 1734 708 ad·
1757 687 1774 701 .

234 747 337 806 huc
362 743 650 804 fructibus
679 742 840 803 illius
869 743 1208 819 semestriS,
1236 761 1348 820 pro
1371 761 1495 821 quo
1524 742 1595 802 fit
1614 742 1733 801 dis-

233 839 398 913 dicta,
431 842 489 897 et
516 835 826 914 quomodo
870 835 1004 896 dies
1031 835 1115 895 illi
1148 835 1553 914 computandi
1586 834 1729 910 sint,

231 932 440 992 dictum
471 933 561 990 est
590 947 779 1008 supra
807 928 1053 1007 agendo
1086 928 1163 988 de
1194 927 1602 990 translatione
1630 945 1735 1004 pe-

234 1023 393 1085 riculi
417 1022 573 1083 vitae.

294 1114 560 1177 Secundo
608 1113 968 1175 dissolvitur
1014 1113 1282 1174 societas
1335 1118 1538 1175 morte
1585 1113 1737 1174 socii

234 1226 618 1287 quacumque,
652 1206 739 1267 ita
767 1211 977 1267 tamen
1016 1211 1083 1268 ut
1110 1207 1162 1266 si
1191 1224 1362 1267 mors
1390 1207 1471 1267 sit
1499 1206 1737 1268 violen-

231 1308 305 1377 ta,
334 1300 422 1381 vel
452 1303 705 1378 excepta
729 1299 792 1358 in
814 1302 1018 1377 pact0,
1041 1298 1324 1359 officialis
1345 1298 1573 1360 debeat
1590 1298 1734 1359 red-

231 1394 361 1452 dere
387 1396 645 1463 sortem;
679 1391 731 1451 si
761 1410 907 1452 vcro
939 1409 1066 1452 non
1098 1392 1178 1454 sit
1206 1395 1492 1471 excepta,
1536 1391 1738 1451 solum

232 1485 432 1546 debeat
475 1485 714 1546 solvere
758 1484 996 1546 fructus
1042 1485 1338 1546 decursos
1368 1487 1429 1545 et
1460 1484 1739 1544 nondum

231 1579 457 1639 solutos,
491 1577 765 1638 Adverte
795 1582 1004 1638 tamen
1039 1623 1054 1654 ,
1119 1578 1362 1639 etiamsi
1393 1577 1739 1654 periculum

232 1672 356 1732 vitae
382 1670 746 1732 translatum
795 1670 876 1732 sit
917 1672 983 1730 in
1028 1676 1218 1749 caput
1244 1670 1499 1731 alterius
1530 1689 1739 1748 perso-

232 1784 314 1825 nae
353 1764 679 1824 nominata}
724 1783 762 1823 a
804 1763 1011 1839 socie,
1072 1763 1328 1824 dissolvi
1375 1763 1740 1823 societatem

231 1862 407 1917 morte
434 1857 618 1929 socii;
653 1858 801 1935 quia
818 1857 1141 1918 translatio
1164 1857 1298 1917 sola
1328 1856 1593 1934 periculi
1615 1874 1739 1916 non

231 1951 375 2025 facit,
407 1950 568 2029 quod
599 1950 867 2011 societas
888 1969 1012 2010 non
1041 1953 1405 2029 perseveret
1431 1967 1575 2009 cum
1605 1949 1738 2027 ipso

231 2043 409 2115 socio;
467 2061 670 2121 neque
701 2043 867 2103 enim
903 2043 1003 2102 ille
1045 2043 1108 2101 in
1140 2041 1318 2122 cujus
1346 2042 1549 2120 capite
1580 2041 1740 2121 peri-

232 2136 415 2196 culum
442 2136 869 2213 constituitur,
920 2135 1189 2214 acquirit
1216 2135 1411 2195 ullum
1435 2134 1540 2214 jus
1562 2181 1577 2210 ,
1638 2153 1741 2194 ne-

233 2247 335 2307 que
362 2233 451 2290 est
477 2229 705 2305 socius,
740 2229 850 2289 sed
881 2228 1204 2290 translatio
1236 2228 1386 2288 facit
1414 2227 1583 2306 quod
1611 2227 1741 2288 offi—

232 2322 383 2382 cialis
435 2340 555 2382 non
613 2322 893 2383 lucretur
946 2322 1281 2399 pecuniam
1336 2320 1454 2381 sibi
1502 2320 1737 2397 datam,

232 2416 510 2477 moriente
538 2415 745 2492 socio,
807 2415 918 2476 sed
973 2415 1282 2476 moriente
1311 2414 1415 2474 illo
1455 2414 1577 2475 alio
1602 2460 1618 2489 ‚
1677 2413 1742 2473 in

232 2525 396 2585 quem
421 2508 795 2569 transfertur
842 2507 1188 2585 periculum
1214 2507 1381 2568 vitaz.
1443 2506 1628 2580 Quod
1652 2507 1745 2565 lo-

231 2618 357 2659 cum
383 2600 565 2660 etiam
598 2600 834 2661 habere
857 2648 874 2676 ‚
921 2600 1070 2661 licet
1096 2600 1302 2661 socius
1331 2599 1746 2661 transtulisset

231 2693 398 2753 etiam
434 2693 497 2753 in
527 2693 726 2753 alium
780 2697 981 2755 totum
1037 2694 1311 2754 fructum
1359 2697 1422 2753 et
1468 2710 1744 2753 commo-

231 2784 364 2844 dum
406 2785 759 2863 societatiS,
821 2790 1001 2847 notat
1047 2804 1191 2847 cum
1244 2785 1381 2845 aliis
1428 2785 1747 2845 Filliucius

230 2897 383 2940 num.
443 2881 579 2940 120.
632 2880 780 2958 quia
830 2898 1080 2957 semper
1117 2878 1357 2958 primus
1404 2882 1619 2938 manet
1645 2895 1746 2938 so-

231 2972 368 3033 cius,

293 3064 489 3127 Tertio
539 3065 904 3126 dissolvitur
944 3068 1143 3126 morte
1190 3064 1393 3140 illius,
1454 3063 1517 3123 in
1558 3082 1745 3142 quem

233 3159 583 3221 translatum
642 3163 735 3220 est
781 3158 1128 3237 periculum
1187 3157 1327 3218 vitae
1352 3204 1368 3233 ,
1431 3156 1579 3236 quia
1636 3175 1749 3235 per

231 3254 685 3314 translationem
716 3252 951 3313 factum
980 3255 1157 3312 estut
1184 3251 1450 3312 societas
1481 3250 1743 3311 fundata

177 3349 193 3402 .'
234 3350 286 3404 et
310 3351 627 3407 contracta
672 3346 753 3406 sit
800 3365 873 3405 ex
905 3363 1210 3404 consensu
1244 3343 1750 3404 contrahentium

234 3457 400 3517 supra
429 3440 553 3502 vita
586 3439 749 3500 illius
780 3457 1063 3517 personae
1094 3436 1455 3498 nominatae.
1490 3439 1627 3497 Non
1656 3439 1751 3497 ta-

234 3550 362 3591 men
407 3533 689 3594 lucratur
744 3531 1026 3592 officialis
1080 3530 1434 3609 pecuniam,
1496 3529 1549 3589 si
1584 3547 1752 3590 mors

234 3625 403 3687 suerit
430 3645 502 3685 ex
530 3625 653 3685 illis
684 3643 823 3704 quoe
854 3628 1127 3702 exceptae
1142 3624 1392 3683 fuerant
1418 3622 1482 3681 in
1512 3625 1754 3683 contra-

235 3722 324 3778 ctu
352 3718 684 3779 societatis.
719 3717 784 3779 Si
813 3721 1023 3778 autem
1053 3733 1323 3794 persona
1343 3716 1447 3775 illa
1476 3716 1753 3775 nomina·

236 3813 292 3870 ta
313 3812 613 3872 moriatur
641 3810 940 3881 secunde,
976 3810 1073 3869 vel
1102 3809 1284 3869 tertio
1314 3826 1531 3868 mense
1560 3826 1757 3868 seme·

234 3903 382 3981 striS,
413 3904 590 3984 cujus
619 3904 856 3964 fructus
879 3901 1013 3981 jam
1040 3900 1278 3979 recepit
1304 3900 1509 3960 socius
1539 3899 1759 3961 antici-

238 3999 418 4073 patoS,
450 3997 717 4058 dubium
747 4000 842 4055 est
871 4013 951 4055 an
981 3993 1186 4055 socius
1217 3992 1445 4054 debeat
1473 3993 1759 4054 restitue-

236 4105 295 4147 re
322 4108 427 4167 pro
457 4095 597 4152 rata
642 4089 879 4150 fructus
926 4085 1488 4165 correspondentes
1533 4085 1761 4145 mensi-

238 4180 341 4242 bus
364 4183 791 4263 sequentihus„
825 4182 989 4242 Azor
1017 4197 1070 4240 c.
1105 4196 1233 4241 xv1.
1261 4184 1322 4239 et
1349 4179 1665 4240 Filliucius
1695 4198 1757 4239 n.

240 4277 360 4337 130.
394 4296 537 4338 cum
566 4276 707 4337 aliis
731 4322 746 4351 ,
810 4292 968 4354 quos
1011 4272 1321 4348 afferunt,
1381 4273 1767 4351 respondent

241 4371 532 4447 negative,
564 4373 630 4430 et
653 4369 889 4442 dicunt,
911 4366 998 4427 ita
1027 4383 1162 4425 esse
1192 4364 1256 4424 in
1285 4384 1423 4442 usu,
1454 4365 1601 4444 quia
1626 4364 1762 4444 jam

240 4461 503 4524 officialis
517 4463 800 4523 lucratur
813 4464 1013 4522 totum
1030 4458 1316 4536 capitale,
1338 4458 1506 4537 quod
1536 4457 1621 4518 illi
1643 4457 1765 4517 suf-

239 4553 374 4617 ficit.
407 4556 529 4618 Sed
559 4559 730 4616 certe
759 4552 1121 4631 contingere
1152 4556 1395 4628 potest,
1444 4551 1614 4630 quod
1637 4550 1767 4610 offi-

240 4647 398 4709 cialis
426 4649 580 4709 nihil
610 4648 907 4723 lucretur,
928 4644 1039 4705 sed
1067 4644 1298 4706 debeat
1316 4644 1505 4705 etiam
1526 4645 1767 4705 solvere

242 4742 490 4819 capitale
512 4789 529 4816 ,
581 4740 835 4821 quando
862 4786 877 4816 ‚
936 4758 996 4799 V.
1030 4757 1092 4816 g.
1126 4755 1297 4798 mors
1326 4738 1442 4799 fuit
1470 4737 1763 4798 violenta.

240 4833 570 4896 Dicendum
603 4852 751 4911 ergo
783 4837 933 4911 puto
958 4876 973 4907 ,
1034 4831 1097 4891 id
1143 4834 1344 4891 totum
1388 4830 1665 4909 pendere
1696 4848 1771 4890 ex

242 4923 571 4989 intentione
602 4924 1134 4999 contrahentium,
1170 4942 1311 5002 quae
1342 4923 1634 5002 praesumi
1665 4941 1770 5000 po-

243 5023 355 5080 test
378 5021 518 5081 talis
553 5039 630 5080 ex
660 5038 777 5080 usu
825 5021 886 5078 et
915 5016 1369 5078 consuetudine
1401 5016 1721 5077 communi
1753 5035 1767 5076 z

243 5111 480 5174 aliunde
510 5117 727 5175 tamen
755 5109 957 5171 videri
998 5109 1186 5170 debet
1206 5110 1387 5187 juxta
1412 5109 1773 5189 supradicta

244 5220 315 5262 an
342 5209 594 5284 pactum
644 5203 799 5265 illud
846 5203 1012 5264 circa
1058 5201 1435 5263 solutionem
1466 5202 1773 5280 anticipa-

246 5298 361 5355 iam
380 5343 396 5372 ‚
431 5304 494 5360 et
520 5300 937 5360 retentionem
967 5294 1122 5356 lucri
1153 5313 1277 5354 nou
1307 5295 1553 5355 decursi
1588 5294 1773 5356 fuerit

245 5395 452 5451 contra
472 5391 781 5471 justitiam
801 5436 817 5466 ,
850 5392 1108 5468 propter
1135 5387 1409 5449 rationes
1438 5406 1626 5466 supra
1656 5387 1768 5447 ad-

247 5479 474 5546 ductas

556 5580 711 5639 Tou.
745 5577 876 5639 Vll.

3252 286 3367 343 497

1913 464 2145 534 Quarto
2168 461 2524 522 dissolvitur
2552 460 2818 521 societos
2837 464 3037 521 morte
3058 460 3252 538 ipsius
3283 460 3369 519 of-
3516 469 3591 527 87

1833 555 2049 615 ficialis
2079 555 2382 628 naturali;
2417 555 2543 616 imo
2574 558 2635 616 et
2664 558 2864 615 morte
2895 554 3093 630 civili,
3126 572 3188 614 v.
3222 572 3284 631 g.
3320 552 3371 611 si
3456 593 3665 645 Quomodo

1835 647 1968 727 ejus
1997 649 2167 708 hona
2194 650 2636 724 confiscentur,
2697 647 2794 706 vel
2828 646 3244 724 publicentur,
3306 648 3373 705 ut
3420 648 3716 743 cffiffia‘gfflg-

1835 744 2078 801 constat
2119 760 2196 800 ex
2243 741 2520 820 quadam
2550 744 2832 801 Romana
2878 739 3242 818 pecuniaria
3270 741 3366 800 11.
3422 754 3468 807 li,
3502 755 3712 797 autea-ai.

1834 834 2128 895 Decemb.
2181 838 2356 896 1613.
2419 839 2481 895 et
2532 838 2628 895 17.
2680 834 2862 895 Febr.
2926 837 3099 894 1614.
3160 850 3372 893 coram

1835 928 2244 989 MancanedO.
2298 929 2376 989 Et
2403 928 2690 1007 quamvis
2716 932 2881 989 Azor
2928 946 2982 988 c.
3015 944 3145 988 xvr.
3180 927 3370 1003 dicat,

1786 1018 1793 1025 ’
1835 1022 2054 1082 fiscum
2085 1039 2210 1081 non
2239 1021 2437 1081 teneri
2462 1022 2543 1081 ad
2571 1021 2928 1081 reddendas
2954 1021 3253 1101 pecunias
3282 1038 3376 1080 so-

1837 1114 1954 1191 cie,
1990 1114 2100 1174 scd
2130 1114 2448 1191 haeredes,
2483 1115 2583 1175 vel
2612 1113 3011 1193 fidejussores
3040 1112 3321 1175 officialis
3356 1133 3369 1174 :

1837 1207 2194 1285 oppositum
2243 1212 2456 1268 tamen
2498 1207 2840 1268 tenendum
2871 1211 3002 1281 est,
3054 1212 3124 1268 ut
3151 1207 3378 1284 prohat

1839 1301 2077 1361 Filliuc.
2114 1318 2288 1361 unm.
2326 1302 2461 1361 131.
2510 1303 2739 1360 etcum
2768 1299 2903 1360 aliis
2932 1299 3231 1360 Zacchias
3265 1319 3369 1360 nu.

1840 1394 1973 1453 177.
2028 1397 2089 1453 et
2134 1392 2506 1471 supponitur
2550 1411 2590 1452 a
2620 1395 2776 1452 Rota
2825 1392 2886 1451 in
2930 1393 3241 1454 decisione
3272 1392 3377 1452 illa

1841 1488 1937 1545 17.
1974 1485 2156 1546 Febr.
2193 1503 2359 1545 nunc
2391 1485 2661 1564 allegata
2684 1531 2698 1560 ,
2734 1488 2797 1546 et
2825 1485 2982 1546 ratio
3013 1490 3107 1547 est
3135 1486 3281 1565 quia
3309 1486 3377 1544 li—

1840 1582 1939 1639 cet
1968 1579 2235 1639 societas
2266 1595 2391 1638 non
2419 1582 2703 1639 transeat
2732 1578 2795 1638 in
2824 1579 3074 1655 fiscum,
3109 1579 3218 1638 sed
3245 1576 3375 1638 dis-

1840 1672 2149 1743 solvatur;
2186 1671 2401 1733 debita
2431 1676 2642 1733 tamen
2669 1717 2685 1748 ,
2746 1676 2812 1734 et
2838 1690 3029 1732 onera
3059 1676 3379 1733 contracta

1840 1768 2168 1826 transeunt
2195 1782 2338 1824 cum
2371 1764 2517 1843 ipsis
2548 1764 2728 1826 honis
2759 1766 3131 1841 confiscatiS,
3166 1783 3281 1825 nec
3309 1765 3378 1824 fi-

1833 1855 2196 1937 dejussores
2224 1861 2539 1936 tenentur,
2574 1858 2688 1919 nisi
2720 1859 2781 1918 in
2813 1858 3124 1919 defectum
3153 1857 3379 1936 prinei-

1842 1950 1998 2028 palis
2018 1997 2033 2027 ,
2095 1968 2212 2010 nec
2242 1951 2431 2012 etiam
2464 1952 2749 2012 haeredes
2779 1951 3059 2012 officialis
3089 1954 3381 2012 tenentur

1839 2044 2002 2103 ultra
2039 2043 2203 2103 vires
2248 2043 2665 2116 haereditatis;
2717 2046 2865 2104 fisco
2915 2048 3125 2105 autem
3170 2043 3380 2105 omnia

1842 2135 2207 2212 accipiente,
2244 2136 2399 2197 nihil
2429 2137 2785 2197 remanebit
2815 2137 3193 2198 haeredibuS.
3251 2136 3383 2197 Ad-

1839 2233 2035 2305 verte,
2067 2228 2214 2290 licet
2239 2235 2440 2292 morte
2467 2230 2749 2290 officialis
2780 2229 3155 2291 dissolvatur
3183 2230 3382 2291 socie-—

1840 2326 1957 2397 taS,
2018 2340 2145 2382 non
2174 2327 2382 2384 tamen
2414 2323 2669 2384 dissolvi
2711 2327 2913 2383 morte
2940 2322 3380 2402 fidejussorum

1843 2414 1959 2474 nisi
1990 2415 2054 2475 id
2084 2415 2150 2474 in
2180 2420 2505 2476 contractu
2538 2433 2903 2494 expressum
2931 2415 3169 2476 fuisset.

1924 2506 2149 2578 Quinto
2181 2507 2542 2568 dissolvitur
2569 2508 2836 2569 societas
2868 2507 3251 2583 venditione,
3284 2506 3383 2567 vel
3531 2511 3610 2570 88

1844 2599 2220 2661 alienatione
2249 2647 2265 2677 ,
2316 2605 2426 2662 aut
2453 2600 2913 2663 renuntiatione
2944 2601 3131 2662 officii
3165 2648 3180 2678 ,
3240 2618 3382 2660 cum
3469 2635 3681 2689 Quomodo

1841 2710 2164 2753 successor
2191 2698 2301 2755 aut
2330 2699 2579 2773 emptor
2607 2712 2733 2755 non
2762 2698 3055 2756 teneatur
3085 2714 3159 2755 ex
3188 2694 3385 2755 socie-
3435 2691 3732 2786 ,ffssessffiss'sss

1843 2789 1971 2846 tate
2002 2803 2193 2863 quam
2224 2804 2349 2846 nou
2378 2787 2558 2864 fecit,
2610 2807 2726 2849 nec
2755 2789 2927 2867 prior
2970 2787 3249 2849 officialis
3279 2787 3386 2847 ha·
3450 2799 3560 2841 tione
3579 2798 3719 2841 oflicii.

1844 2878 1992 2939 beat
2011 2876 2147 2957 jam
2179 2878 2452 2940 officium
2502 2879 2563 2940 in
2614 2899 2737 2961 quo
2785 2882 3146 2943 societatem
3194 2880 3387 2942 conti-

1845 2990 2040 3032 nuare
2070 2976 2300 3049 posset.
2350 2973 2511 3046 Quid
2542 2993 2691 3036 vero
2723 2974 3059 3035 dicendum
3087 2975 3187 3052 sit,
3222 2976 3273 3035 si
3303 2975 3389 3034 fa-

1845 3068 1947 3126 cta
1974 3064 2191 3125 fuisset
2219 3066 2484 3127 societas
2513 3087 2702 3147 super
2717 3067 2962 3128 duobus
2976 3069 3217 3144 officiiS,
3239 3085 3390 3147 quo-

1844 3175 1984 3218 rum
2014 3176 2211 3218 unum
2241 3159 2443 3220 solum
2472 3161 2850 3222 venderetur
2871 3166 2979 3223 aut
3007 3162 3390 3224 renuntiare-

1847 3254 1969 3326 tur,
2021 3254 2084 3311 et
2110 3252 2379 3313 alterum
2411 3259 2800 3330 remaneret,
2862 3255 3135 3316 diximus
3173 3274 3384 3334 supra.

1851 3343 2011 3417 Quid
2031 3362 2182 3404 vero
2216 3349 2399 3420 esset,
2451 3346 2504 3406 si
2523 3348 2904 3409 renuntiatio
2935 3368 3059 3408 non
3090 3354 3254 3409 esset
3279 3349 3394 3409 ad-

1850 3436 2040 3497 missa
2070 3456 2107 3496 a
2137 3438 2456 3517 superiore
2490 3486 2504 3515 ,
2565 3440 2765 3500 videri
2811 3445 3014 3519 potest
3043 3442 3208 3520 apud
3239 3446 3394 3503 Zac-

1852 3529 2061 3591 chiam
2093 3549 2265 3592 num.
2317 3536 2452 3594 291.
2514 3533 2620 3612 qui
2677 3533 2802 3594 alia
2851 3535 3041 3595 etiam
3089 3535 3280 3595 dubia
3308 3535 3393 3594 le·

1853 3623 2028 3684 viora
2069 3624 2367 3703 proponit
2414 3625 2493 3685 ad
2543 3625 2664 3686 hoc
2692 3627 3081 3705 propositum
3141 3647 3155 3687 z
3215 3627 3394 3687 nobis

1853 3733 1968 3795 pro
2022 3717 2158 3777 foro
2229 3715 2626 3779 conscientiae
2691 3718 2826 3779 haec
2883 3719 3162 3797 tetigisse
3228 3719 3395 3780 suffi-

1857 3807 2000 3870 ciat.
