4263 6376
750 268 787 325 2
1908 263 2010 323 DE
2052 260 2410 324 JUSTITIA
2454 262 2554 321 ΕΤ
2596 263 2796 325 JURE

746 446 967 506 Petrus
995 444 1176 504 offert
1195 488 1211 519 ,
1270 441 1405 503 vult
1430 442 1491 502 te
1543 440 1719 500 illum
1747 438 2054 518 accipere,
2085 442 2274 517 atque

744 537 886 597 ideo
916 535 1187 597 conditio
1216 532 1569 594 verificatur
1594 550 1782 611 :ergo
1806 531 2026 592 eodem
2061 530 2271 606 mod0‚

745 629 794 689 si
828 632 1042 690 Petrus
1073 626 1395 706 promittit,
1423 624 1591 704 quod
1613 629 1707 684 est
1726 625 1948 685 offerre
1964 623 2075 684 tibi
2096 641 2275 682 suam

741 721 1209 800 obligationem,
1244 724 1305 780 et
1331 724 1397 780 tu
1429 718 1601 777 dicas
1635 737 1647 777 :
1680 726 1911 796 accepto
1931 762 1946 791 ‚
1995 716 2050 775 si
2074 716 2159 775 vis
2186 735 2276 776 me

739 822 1059 895 acceptare,
1094 811 1438 889 acceptatio
1469 809 1587 870 erit
1626 808 1911 869 absoluta
1950 812 2012 868 et
2038 807 2267 885 valida,

739 907 886 987 quia
914 925 987 967 eo
1018 905 1152 985 ipso
1169 902 1335 983 quod
1359 903 1539 963 offert
1557 920 1735 962 suam
1756 900 1945 960 fidem
1963 899 2270 978 etobliga-

736 999 970 1060 tionem
989 1045 1006 1074 ,
1038 998 1173 1058 vult
1203 1001 1264 1057 te
1294 995 1463 1055 illam
1494 993 1776 1073 accipere
1802 997 1864 1053 et
1889 996 2215 1070 acceptare
2251 1013 2264 1053 :

734 1091 1096 1170 promittere
1125 1088 1290 1148 enim
1311 1134 1327 1163 ,
1378 1092 1448 1147 ut
1488 1106 1562 1146 ex
1610 1086 1926 1147 communi
1971 1084 2268 1164 loquendi

731 1183 920 1244 modo
951 1185 1195 1243 constat
1222 1185 1317 1240 est
1345 1178 1497 1239 dare
1527 1178 1716 1238 fidem
1740 1224 1757 1256 ,
1802 1181 1865 1238 et
1907 1195 2020 1256 per
2048 1193 2266 1238 conse-

730 1294 928 1355 quens
957 1275 1114 1336 velle
1143 1273 1308 1354 quod
1356 1272 1513 1334 alter
1555 1260 1725 1331 illam
1770 1269 2058 1347 accipiat.
2122 1252 2263 1328 'Dixi

727 1373 939 1430 tamen
968 1363 1383 1428 communiter
1410 1360 1719 1424 verificari
1746 1360 2170 1423 conditionem
2184 1359 2263 1421 il-

724 1460 853 1522 lam
882 1460 960 1520 de
988 1457 1281 1538 praesenti
1315 1477 1328 1517 :
1382 1456 1528 1536 quia
1561 1454 1811 1534 quando
1837 1453 2165 1533 promissio
2196 1453 2267 1515 fit

726 1552 970 1614 absenti
989 1570 1099 1630 per
1119 1550 1470 1628 epistolam,
1496 1548 1857 1625 contingere
1874 1550 2079 1625 potest
2094 1546 2263 1625 quod

723 1644 1370 1726 promittenS‚mutata
1396 1640 1714 1702 voluntate
1741 1639 1961 1699 saltem
1989 1639 2257 1715 interna,

724 1740 879 1800 nolit
906 1736 1172 1816 amplius
1193 1733 1504 1814 acceptari
1524 1751 1704 1793 suam
1729 1732 1918 1791 fidem
1935 1750 1971 1790 a
1991 1732 2258 1810 promis*

721 1830 884 1891 sario
911 1877 926 1905 ,
979 1835 1041 1890 et
1083 1835 1232 1890 tunc
1260 1826 1608 1904 acceptatio
1637 1825 1753 1885 sub
1786 1824 2170 1900 conditione,
2205 1824 2258 1884 si

721 1923 1092 2002 promittens
1120 1921 1274 1995 vult,
1309 1938 1433 1979 non
1464 1916 1916 1997 purificabitur,
1942 1933 2086 1975 cum
2116 1934 2260 1976 con-

719 2016 870 2077 ditio
893 2014 1027 2095 jam
1054 2018 1202 2074 tunc
1233 2011 1522 2086 deficiat,
1582 2015 1772 2089 atque
1813 2007 1955 2069 ideo
1992 2006 2287 2088 promit-'

717 2113 855 2171 tens
876 2127 950 2168 ex
981 2107 1085 2167 illa
1131 2102 1558 2183 acceptatione
1606 2118 1730 2162 non
1775 2100 2054 2162 manebit
2099 2099 2257 2161 obli-

717 2204 903 2280 gatus
933 2196 1124 2261 etiam
1153 2215 1227 2257 ex
1260 2196 1585 2256 fidelitate.

772 2294 905 2353 Hoc
921 2290 1264 2370 supposit0‚
1286 2289 1454 2349 circa
1466 2286 1806 2347 secundam
1819 2285 1989 2346 dubii
2010 2289 2253 2364 partem

583 2442 594 2453 ,
719 2384 1076 2459 dubitatur,
1123 2401 1204 2442 an
1234 2380 1313 2440 ad
1345 2378 1796 2458 obligationem
1824 2377 2252 2457 promissionis

369 2442 668 2542 ιλιῗῗιῗῖἷῗῖῗιῖι
717 2476 1077 2557 requiratur
1124 2472 1468 2552 acceptatio
1512 2470 1819 2531 sensibilis
1880 2474 1942 2531 et
1995 2474 2250 2531 externa

395 2551 637 2604 requiratur.
716 2567 1121 2650 promissarii,
1157 2585 1235 2626 an
1252 2583 1400 2626 vero
1430 2562 1699 2624 sufficiat
1727 2562 1990 2638 interna,
2025 2567 2095 2624 ut
2115 2562 2250 2642 jam

716 2661 1084 2748 promittens
1112 2677 1236 2719 non
1267 2657 1463 2737 possit
1490 2655 1758 2735 amplius
1774 2654 2251 2734 promissionem

715 2753 1048 2815 revocare?
1075 2751 1281 2831 Aliqui
1312 2749 1600 2809 videntur
1619 2765 1994 2826 supponere,
2015 2747 2253 2826 requiri

715 2847 969 2908 omnino
990 2843 1483 2923 acceptationem
1506 2844 1848 2914 externam,
1864 2838 2245 2915 sensibilem,

716 2939 840 3000 imo
872 2956 1010 3018 quae
1054 2956 1090 2996 a
1136 2935 1539 3015 promittente
1585 2931 1999 3011 percipiatur,
2056 2930 2146 2991 ita
2183 2936 2250 2992 ut

713 3030 1040 3112 promissio
1063 3048 1187 3089 non
1211 3026 1464 3105 obliget,
1485 3025 1686 3085 donec
1704 3023 2072 3103 promittens
2091 3023 2250 3084 sciat

715 3119 1628 3205 promissarii-acceptationem,
1658 3116 1767 3177 sed
1785 3115 1980 3196 possit
1997 3115 2247 3177 interim

715 3236 856 3280 eam
901 3231 1217 3277 revocare.
1279 3214 1372 3274 Ita
1412 3229 1763 3290 supponere
1792 3210 2083 3271 videntur
2129 3210 2249 3272 Sil-

713 3317 921 3372 vester
947 3308 1140 3369 verbo
1167 3303 1624 3379 matrimonium,
1659 3319 1720 3363 v.
1756 3321 1818 3382 q.
1855 3305 1950 3362 12.
1986 3308 2048 3364 et
2088 3304 2247 3363 Tur-

712 3402 924 3464 rianus
953 3400 1014 3462 in
1044 3400 1337 3480 praesenti
1366 3398 1525 3476 disp.
1558 3397 1683 3457 LV.
1737 3395 1886 3456 dub.
1920 3412 2031 3457 xn.
2067 3413 2239 3457 num.

711 3499 771 3558 3.
806 3501 869 3557 et
912 3494 1080 3554 idem
1121 3509 1472 3571 supponere
1512 3488 1757 3550 videtur
1783 3487 2055 3548 Thomas
2086 3490 2245 3550 San-

712 3588 863 3651 chez
892 3587 1057 3648 dicto
1085 3585 1194 3646 lib.
1229 3586 1276 3644 1.
1330 3582 1489 3662 disp.
1523 3597 1660 3642 vm.
1693 3600 1800 3642 nu.
1834 3583 1931 3642 29.
1966 3581 2074 3660 qui
2103 3581 2242 3641 ideo

711 3680 999 3744 concedit
1044 3677 1324 3755 obligare
1370 3673 1709 3753 gratuitam
1741 3672 2239 3751 promissionem,

711 3771 963 3854 quando
994 3771 1354 3847 acceptatur
1400 3784 1614 3827 coram
1661 3764 1876 3826 nuntio
1925 3784 1962 3824 a
1990 3765 2244 3843 promit-

710 3870 878 3927 tente
907 3864 1097 3925 misso
1123 3909 1138 3939 ,
1191 3861 1339 3940 quia
1372 3859 1626 3920 nuntius
1672 3876 1745 3919 eo
1776 3876 1923 3918 casu
1953 3862 2245 3919 censetur

711 3957 885 4038 quusi
933 3958 1300 4035 procurator
1339 3950 1757 4032 promittentis
1781 3996 1797 4026 ‚
1848 3954 2035 4030 atque
2082 3950 2240 4011 adeo

709 4048 1054 4127 acceptatio
1085 4046 1140 4106 ei
1170 4045 1473 4119 intimata,
1503 4047 1792 4104 censetur
1810 4042 2096 4104 intimata
2123 4043 2243 4121 ipsi

710 4139 1114 4221 promittenti.
1155 4137 1334 4200 Unde
1365 4154 1402 4197 a
1428 4135 1739 4197 contrario
1769 4154 2121 4214 supponere
2152 4136 2242 4195 vi-

710 4235 913 4309 detur,
948 4231 1117 4312 quod
1148 4234 1291 4290 ante
1321 4228 1816 4308 acceptationem
1845 4228 2241 4307 promittenti

708 4327 1169 4388 manifestatam
1198 4341 1322 4384 non
1353 4321 1589 4383 oriatur
1615 4320 1911 4398 obligatio
1934 4319 2239 4380 irrevoca-

709 4420 870 4482 bilis.
921 4417 1099 4493 Quod
1144 4416 1311 4478 idem
1339 4414 1567 4475 sentire
1595 4413 1844 4474 videtur
1871 4413 2240 4473 Emmanuel

710 4512 1059 4592 Rodriguez
1086 4511 1160 4572 11.
1195 4513 1281 4570 tc.
1315 4506 1575 4568 Summoe
1601 4525 1740 4585 cap.
1781 4521 1976 4566 xxvn.
2031 4506 2229 4567 concl.

705 4611 765 4668 4.
799 4624 862 4667 n.
892 4608 954 4667 4.

788 4695 1110 4760 Sententia
1151 4687 1360 4755 nostro
1404 4692 1466 4753 in
1515 4691 1636 4752 hoc
1664 4696 1895 4769 puncto
1926 4689 2237 4769 colligitur

448 4833 555 4875 vm
705 4810 781 4853 ex
809 4791 883 4852 iis
907 4836 923 4867 ‚
982 4808 1123 4869 quoe
1165 4786 1434 4847 diximus
1481 4785 1712 4863 disput.
1746 4783 2125 4864 praecedenti
2156 4783 2234 4845 de

398 4887 614 4930 ⁸⁶⁸¹⁰⁰¹¹m
703 4883 1125 4947 contractibus
1166 4880 1228 4940 in
1259 4878 1574 4940 communi
1604 4883 1755 4938 sect.
1791 4893 1884 4937 ιιι.
1937 4876 2040 4935 ubi
2087 4877 2237 4938 assi-

698 4976 1030 5058 gnavimus
1078 4973 1411 5034 discrimen
1459 4971 1621 5031 inter
1648 4974 2002 5032 contractus
2031 4987 2236 5047 respe-

697 5071 915 5146 ctivos‚
948 5086 1059 5129 seu
1088 5083 1406 5140 onerOSOS‚
1433 5069 1495 5124 et
1521 5061 2021 5140 intergratuitOS,
2048 5065 2110 5122 et
2137 5061 2233 5122 di-

694 5163 897 5223 ximus
927 5160 990 5221 in
1021 5160 1139 5221 illis
1169 5164 1231 5220 et
1260 5175 1383 5218 non
1416 5157 1476 5215 in
1507 5155 1639 5216 istis
1668 5153 1900 5233 requiri
1932 5153 2012 5212 ad
2042 5154 2228 5231 perfi-

692 5254 982 5316 ciendum
1005 5255 1415 5325 contractum,
1441 5253 1501 5311 et
1515 5247 1870 5327 ponendam
1894 5244 2222 5324 obligatio-

692 5366 857 5423 nem,
892 5345 1061 5425 quod
1088 5343 1432 5423 acceptatio
1463 5341 1643 5403 unius
1671 5339 2103 5400 manifestetur
2131 5339 2223 5399 al·-

688 5439 842 5516 teri,
886 5457 1082 5519 quare
1129 5437 1369 5516 absque
1399 5454 1473 5496 eo
1502 5433 1670 5515 quod
1702 5430 2047 5510 acceptatio
2078 5450 2220 5510 pro-

467 2318 546 2377 62

455 4708 533 4767 63

2376 437 2645 499 missarii
2683 440 3006 518 perveniat
3031 441 3109 503 ad
3157 442 3440 506 notitiam
3468 444 3909 524 promittentia,

2376 532 2704 609 promissio
2733 533 2869 593 fieri
2898 539 3101 613 potest
3126 536 3585 614 irrevocabiliS,
3624 538 3791 617 quod
3824 537 3910 596 ibi

2375 624 2584 686 multis
2610 627 2908 704 exemplis
2929 629 3476 706 comprobavimus
3498 676 3515 707 ,
3548 636 3611 692 et
3639 630 3910 691 ostendi-

2373 733 2513 776 mus
2543 718 2852 778 rationem
2899 736 3011 778 cur
3056 720 3119 779 in
3151 722 3572 783 contractibus
3600 722 3904 800 onerosiS,

2374 827 2483 868 seu
2516 811 2878 889 respectivis
2923 811 2986 871 id
3031 812 3439 887 desideretur,
3500 814 3905 893 ecquomodo

2374 901 2707 980 aliquando
2745 903 2808 963 in
2839 903 2934 965 his
2962 905 3152 966 etiam
3180 906 3476 986 obligatio
3508 908 3657 986 poni
3685 908 3903 986 possit,

2370 999 2707 1074 antequam
2735 998 3077 1075 acceptatio
3125 1000 3449 1076 perveniat
3491 1000 3572 1060 ad
3620 1000 3906 1062 notitiam

2368 1086 2623 1148 alterius
2652 1089 3097 1151 contrahentis,
3125 1091 3359 1162 Quibus
3386 1092 3719 1171 suppositis
3740 1112 3907 1155 nunc

2369 1179 2575 1240 adhuc
2608 1179 2882 1242 dubitari
2911 1188 3158 1261 posset,
3225 1202 3304 1243 an
3346 1183 3492 1245 licet
3527 1204 3655 1245 non
3683 1185 3767 1247 sit
3795 1206 3906 1247 ne-

2366 1270 2637 1334 cessaria
2665 1273 2883 1335 notitia
2911 1268 3357 1354 acceptationis
3378 1276 3459 1336 ad
3488 1275 3628 1354 hoc,
3663 1282 3733 1339 ut
3760 1297 3903 1357 pro-

2364 1364 2615 1425 mittens
2643 1364 2953 1445 obligatus
2984 1373 3258 1444 maneat,
3284 1374 3619 1448 postquam
3643 1370 3903 1448 promis-

2366 1457 2565 1517 sarius
2612 1458 2820 1536 reipsa
2865 1465 3175 1538 acceptat;
3242 1478 3498 1522 necesse
3546 1466 3762 1524 tamen
3792 1465 3893 1540 sit,

2364 1549 2532 1628 quod
2580 1550 2714 1610 haec
2762 1553 3108 1629 acceptatio
3138 1553 3446 1615 sensibilis
3476 1554 3586 1631 sit,
3640 1574 3719 1616 an
3749 1575 3897 1618 vero

2363 1641 2631 1703 sufficiat
2675 1644 3019 1721 acceptatio
3065 1644 3311 1706 interna
3358 1664 3482 1725 qua
3527 1648 3736 1709 animo
3782 1668 3895 1710 suo

2362 1735 2835 1812 promissionem
2854 1736 3082 1797 factam
3114 1739 3437 1816 acceptat?
3464 1740 3552 1800 Ex
3585 1760 3709 1801 una
3729 1742 3896 1801 enim

2358 1830 2550 1905 parte·
2574 1825 2831 1897 videtur,
2849 1828 3085 1908 requiri
3105 1830 3293 1891 etiam
3324 1833 3670 1911 acceptatio
3701 1840 3897 1895 exter-

2360 1937 2441 1978 na
2470 1924 2532 1980 et
2558 1919 2870 1981 sensibilis
2922 1940 2935 1981 ε
2990 1939 3135 1981 nam
3182 1923 3264 1983 ad
3294 1925 3750 2003 acquirendum
3782 1946 3895 1989 no-

2357 2029 2507 2071 vum
2523 2010 2628 2091 jus
2657 2031 2732 2072 ex
2754 2011 3001 2092 justitia
3036 2013 3197 2074 inter
3225 2013 3510 2077 homines
3540 2020 3892 2080 necessaria

2358 2107 2470 2179 est,
2504 2108 2791 2183 utsupra
2819 2104 3089 2166 diximus
3112 2152 3127 2182 ,
3164 2107 3468 2170 connexio
3501 2127 3666 2171 nova
3695 2112 3892 2174 sensi-

2355 2192 2496 2255 bilis
2525 2214 2649 2274 qua
2694 2215 2794 2258 res
2838 2197 2943 2257 illa
2968 2202 3376 2260 connectatur
3414 2219 3558 2261 cum
3585 2221 3747 2265 novo
3778 2204 3892 2267 do-

2353 2287 2523 2348 mino
2558 2308 2571 2348 :
2598 2307 2745 2368 ergo
2778 2289 3119 2368 requiritur
3148 2292 3308 2352 actio
3339 2297 3595 2355 externa
3623 2313 3747 2375 qua
3775 2317 3890 2377 per

2352 2381 2847 2458 acceptationem
2889 2382 3248 2442 sensibilem
3302 2384 3561 2463 incipiat
3601 2389 3884 2451 connecti

2352 2471 2726 2533 sensibiliter
2745 2472 2850 2552 jus
2878 2473 3031 2533 illud
3054 2492 3196 2534 cum
3214 2494 3333 2552 eo„
3356 2478 3462 2556 qui
3482 2478 3635 2539 illud
3665 2480 3744 2541 de
3772 2500 3887 2543 no-

2352 2582 2430 2625 vo
2458 2563 2744 2642 acquirit.

2430 2654 2699 2717 Aliunde
2727 2660 2938 2717 tamen
2960 2657 3211 2720 videtur
3236 2659 3300 2719 id
3330 2678 3454 2721 non
3481 2663 3738 2742 requiri,
3772 2667 3882 2727 sed

2350 2749 2635 2810 sufficere
2666 2750 3158 2829 acceptationem
3187 2751 3519 2816 internam.
3570 2757 3775 2820 Primo
3806 2778 3881 2820 ex

2347 2858 2464 2901 usu
2494 2843 2557 2901 et
2583 2840 2793 2919 praxi;
2840 2841 2890 2901 si
2938 2841 3105 2901 enim
3148 2842 3382 2904 habeas
3412 2850 3881 2912 commodat-um
3971 2862 3981 2871 '

2348 2932 2576 2992 librum
2607 2933 2771 2993 Petri
2797 2952 2813 3005 ;
2864 2937 2928 2995 et
2953 2933 3086 3012 ipse
3116 2936 3350 2997 scribat
3375 2937 3487 2999 tibi
3515 2939 3745 3002 librum
3774 2943 3882 3005 do·

2349 3043 2506 3084 nans
2536 3042 2608 3085 eo
2640 3024 2773 3102 ipso
2792 3070 2807 3100 ,
2855 3025 3024 3104 quod
3067 3032 3326 3106 accepta
3355 3030 3616 3109 epistola
3645 3033 3882 3096 donum

2348 3120 2670 3196 acceptaS,
2730 3116 2864 3177 sine
2912 3116 3032 3179 alio
3074 3122 3216 3180 actu
3256 3126 3548 3201 extern0,
3609 3129 3883 3191 censeris

2346 3209 2727 3271 sufficienter
2753 3211 3077 3291 acquirere
3105 3213 3249 3273 libri
3277 3214 3645 3290 dominium,
3680 3226 3743 3282 et
3770 3241 3884 3303 po-

2346 3307 2441 3363 tes
2472 3302 2549 3362 de
2584 3302 2687 3362 illo
2716 3302 2910 3363 libere
2940 3302 3272 3383 disponere
3302 3308 3539 3388 absque
3572 3313 3696 3375 ullo
3719 3333 3887 3377 scru-

2345 3395 2492 3474 pulo
2524 3399 2824 3474 tanquam
2852 3396 2929 3455 de
2960 3414 3025 3456 re
3056 3401 3164 3458 tua
3198 3417 3211 3459 :
3264 3418 3388 3460 non
3438 3421 3587 3482 ergo
3618 3407 3885 3487 requiri-

2343 3491 2449 3549 tur
2491 3487 2614 3547 alia
2660 3493 2916 3549 externa
2972 3492 3317 3569 acceptatio
3362 3494 3442 3553 ad
3490 3497 3883 3562 reddendam

2346 3579 2747 3640 donationem
2776 3579 3252 3642 irrevocabilem
3278 3604 3294 3656 ;
3345 3605 3541 3665 quare
3588 3589 3754 3651 idem
3785 3592 3883 3652 di-

2345 3672 2613 3734 cendum
2642 3672 2889 3733 videtur
2934 3673 3012 3734 de
3041 3675 3449 3753 promissione
3493 3682 3715 3743 eodem
3743 3704 3885 3747 mo-

2343 3765 2425 3826 do
2454 3770 2797 3844 acceptata,
2833 3784 2976 3826 cum
3005 3765 3228 3826 eadem
3244 3769 3323 3830 sit
3347 3773 3671 3854 utriusque
3690 3780 3875 3842 ratio.

2346 3856 2659 3932 Secundo,
2714 3856 2863 3937 quia
2888 3857 2938 3918 si
2971 3861 3331 3921 necessaria
3373 3871 3537 3928 esset
3577 3870 3738 3931 actio
3768 3890 3877 3932 ex-

2341 3953 2521 4012 terna
2548 3950 2629 4010 ad
2658 3949 3014 4028 ponendam
3044 3954 3495 4018 connexionem
3520 3963 3879 4025 sensibilem

2341 4062 2486 4104 cum
2512 4043 2695 4118 libro,
2727 4042 2827 4103 vel
2856 4061 3001 4104 cum
3020 4042 3163 4122 jure
3192 4048 3526 4129 acquisitO,
3561 4055 3880 4120 sufficeret

2340 4136 2421 4196 ad
2451 4135 2617 4194 hunc
2643 4136 2865 4211 finem,
2900 4135 3068 4215 quod
3098 4137 3265 4198 solus
3307 4140 3370 4200 in
3400 4143 3684 4208 cubiculo
3714 4149 3877 4212 lecta

2341 4226 2603 4306 epistola
2646 4226 2890 4287 diceres
2924 4246 3036 4306 per
3064 4248 3284 4291 vocem
3326 4237 3722 4318 sensibilem,
3774 4262 3876 4303 ac-

2339 4329 2522 4401 cepto.
2569 4321 2700 4380 Hoc
2745 4323 2956 4380 autem
3008 4324 3391 4401 superfluum
3419 4329 3670 4393 omnino
3699 4334 3874 4395 vide-

2337 4417 2443 4475 tur
2475 4429 2489 4471 t
2536 4412 2613 4471 ad
2646 4411 2797 4490 quid
2826 4412 2993 4472 enim
3022 4419 3232 4492 posset
3270 4416 3586 4482 deservire
3621 4443 3736 4486 vox
3763 4427 3872 4488 illa

2338 4510 2634 4581 externa,
2685 4523 2829 4564 cum
2855 4522 3058 4585 neque
3102 4507 3181 4566 ab
3227 4507 3363 4587 ipso
3402 4510 3674 4576 donante
3699 4562 3715 4593 ‚
3766 4519 3866 4580 vel

2337 4598 2735 4678 promittente
2777 4597 3136 4673 audiretur,
3197 4619 3400 4680 neque
3427 4604 3507 4664 ab
3537 4607 3673 4668 aliis
3700 4610 3868 4674 testi·

2335 4691 2474 4767 bna,
2509 4707 2623 4750 nec
2650 4689 2851 4768 magis
2879 4694 3089 4768 posset
3115 4692 3389 4772 probari,
3421 4697 3521 4757 vel
3549 4698 3866 4765 deservire

2336 4783 2416 4844 ad
2446 4781 2892 4843 commercium
2922 4781 3289 4862 humanum,
3323 4806 3511 4866 quam
3541 4792 3593 4852 si
3620 4796 3866 4872 prolata

2332 4894 2457 4936 non
2490 4873 2751 4935 fuisset?
2778 4877 2972 4935 Porro
3004 4879 3430 4941 necessarium
3458 4902 3584 4944 non
3616 4905 3750 4949 esse
3779 4891 3860 4951 ad

2332 4966 2859 5046 complementum
2876 4967 3293 5047 obligationis,
3328 4975 3494 5052 quod
3513 4983 3858 5058 acceptatio

2330 5059 2781 5140 promissioniS,
2814 5060 2911 5120 vel
2944 5060 3299 5125 donationis
3326 5070 3616 5145 gratuitae
3645 5092 3859 5152 perve-

2329 5154 2462 5215 niat
2472 5152 2549 5212 ad
2573 5152 2855 5214 notitiam
2868 5151 3159 5214 donantis
3179 5156 3277 5216 vel
3291 5162 3726 5236 promittentia,
3747 5169 3857 5231 sed

2329 5246 2531 5325 posita
2557 5244 2983 5325 acceptatione
3003 5292 3019 5322 ,
3070 5246 3472 5312 donationem
3495 5300 3510 5330 ,
3565 5258 3663 5318 vel
3711 5279 3852 5339 pro-

2324 5339 2686 5398 missionem
2718 5336 2894 5396 reddi
2925 5337 3431 5420 irrevocabilem,
3466 5346 3736 5412 vidimus
3765 5353 3855 5413 di-

2321 5435 2422 5494 cta
2450 5436 2601 5493 sect.
2636 5446 2730 5491 111.
2767 5434 2830 5491 et
2858 5434 3101 5492 constat
3128 5451 3203 5493 ex
3232 5453 3345 5497 usu
3377 5441 3677 5506 omnium.
3711 5448 3854 5508 'Per-
