4263 6376
1224 378 1692 440 DISPUTATIO
1737 381 1952 455 XXVI,
2004 382 2277 441 SECTIO
2323 382 2480 443 XIII.

279 549 597 610 venditoris
623 553 725 613 80.
786 557 966 629 paeto
1021 552 1084 611 in
1132 554 1411 614 savorem
1467 554 1790 634 utriusque

278 642 572 721 apposito,
632 643 840 705 valeat
892 646 1156 706 fortasse
1210 649 1310 707 88.
1357 646 1456 706 vel
1496 650 1593 710 90.
1648 666 1792 708 con-

276 734 543 796 sideratis
570 735 1088 813 circumstantiiS,
1138 738 1397 800 arbitrio
1441 740 1785 818 prudentis,

277 827 437 899 Quod
466 828 634 906 prius
664 828 967 891 docuerat
992 832 1026 891 J
1033 849 1175 891 oan.
1201 832 1452 892 Medina
1482 835 1547 894 C.
1569 831 1640 893 de
1666 853 1794 893 usu-

275 920 368 995 ris,
398 940 454 999 q.
481 920 589 981 ult.
626 920 733 980 ubi
765 922 1073 982 rationem
1107 923 1335 1000 reddit,
1362 926 1509 1003 quia
1537 930 1792 1004 pactum

276 1013 329 1072 in
358 1012 622 1072 favorem
653 1014 1000 1076 venditoris
1037 1016 1187 1077 facit
1232 1036 1366 1077 rem
1397 1018 1602 1079 minus
1631 1020 1794 1078 vale-

275 1124 369 1181 re,
416 1123 487 1165 eo
515 1105 687 1184 quod
728 1106 837 1167 dat
892 1108 1205 1169 actionem
1237 1110 1546 1171 venditori
1576 1116 1792 1173 contra

274 1216 390 1259 rem
417 1197 612 1275 ipsam
639 1244 655 1275 ‚
711 1204 900 1279 atque
930 1200 1072 1262 ideo
1105 1220 1229 1263 non
1258 1204 1633 1265 transfertur
1659 1206 1789 1284 ple-

274 1310 406 1352 num
431 1290 620 1370 ipsius
648 1292 997 1354 dominium
1028 1294 1091 1354 in
1122 1301 1502 1374 emptorem:
1535 1303 1791 1377 paetum

273 1402 405 1444 vero
454 1384 516 1444 in
572 1384 857 1447 favorem
912 1387 1210 1466 emptoris
1277 1407 1400 1450 non
1456 1390 1606 1451 facit
1657 1409 1790 1450 rem

272 1478 453 1556 ipsam
483 1476 619 1556 plus
647 1480 861 1539 valere
881 1525 897 1557 ,
931 1499 1047 1541 nec
1079 1482 1191 1542 dat
1212 1482 1527 1543 actionem
1556 1483 1792 1544 realem

271 1570 546 1649 emptori,
592 1572 707 1631 sed
738 1573 939 1633 solum
971 1575 1367 1652 personalem
1397 1579 1616 1638 eontra
1643 1595 1790 1637 ven-

270 1663 533 1741 ditorem,
567 1683 695 1744 qua
723 1683 866 1726 eum
896 1667 1175 1745 obligare
1202 1673 1409 1748 potest
1437 1673 1682 1748 emptor
1709 1669 1790 1731 ad

270 1775 387 1817 rem
415 1757 869 1819 redimendam.
918 1760 1123 1831 Quare
1152 1764 1334 1821 caute
1363 1761 1667 1839 legendus
1697 1766 1793 1823 est

269 1850 399 1912 Mol.
432 1849 595 1911 dieta
626 1850 790 1930 disp.
816 1854 953 1912 377.
989 1852 1053 1911 in
1081 1851 1229 1928 fine,
1262 1852 1367 1912 ubi
1399 1854 1580 1915 dicit:
1629 1855 1792 1914 «Per

267 1947 496 2021 paetum
525 1944 590 2003 in
619 1944 906 2005 favorem
935 1946 1237 2023 emptoris
1266 1945 1623 2027 appositum
1650 1947 1790 2026 plus

266 2036 497 2115 gravari
524 2036 925 2099 venditorem
946 2084 961 2115 ,
998 2057 1188 2118 quam
1215 2043 1515 2118 gravetur
1544 2044 1792 2120 emptor

268 2146 367 2206 per
404 2132 654 2207 pactum
702 2129 770 2189 in
815 2131 1098 2192 favorem
1144 2132 1490 2194 venditoris
1545 2134 1787 2213 apposi-

268 2226 403 2283 tum.
434 2243 462 2278 »ι
526 2222 644 2293 Oui
673 2225 894 2301 procul
925 2224 1119 2284 dubio
1150 2224 1267 2286 fuit
1297 2226 1512 2305 lapsus
1540 2227 1785 2300 calami,

266 2318 321 2375 et
343 2319 846 2377 contrementem
878 2315 1070 2395 ipsius
1091 2319 1389 2396 auctoriS,
1419 2320 1523 2399 qui
1547 2325 1787 2380 contra·

264 2406 408 2467 rium
436 2407 643 2468 dicere
664 2409 885 2471 voluit.
923 2410 1155 2487 Prim0,
1182 2412 1329 2490 quia
1349 2413 1516 2473 nulla
1543 2413 1785 2473 ratione

265 2498 472 2577 probat
496 2500 737 2562 Molina
759 2548 774 2577 ,
818 2502 1147 2580 probasset
1176 2508 1419 2581 autem,
1452 2505 1499 2565 si
1533 2524 1569 2564 a
1595 2505 1786 2567 Medi-

265 2610 349 2652 nae
372 2593 675 2654 sententia
706 2594 1007 2655 voluisset
1026 2595 1370 2672 discedere,
1390 2615 1577 2676 quem
1596 2598 1785 2677 paulo

265 2688 392 2745 ante
420 2685 495 2744 de
528 2685 649 2747 hoc
678 2691 913 2766 puncto
951 2692 1244 2766 agentem
1284 2689 1607 2751 citaverat.
1671 2692 1787 2752 Se-

264 2777 470 2853 cundo,
491 2778 552 2838 id
581 2779 754 2840 clare
785 2780 1100 2859 colligitur
1128 2800 1201 2841 ex
1232 2786 1549 2859 contextu,
1572 2801 1647 2842 ex
1667 2783 1786 2844 hoc

265 2871 415 2929 enim
451 2871 637 2932 infert
684 2873 858 2951 quod
890 2874 1173 2953 apposito
1203 2880 1386 2953 paeto
1416 2876 1479 2935 in
1507 2876 1787 2936 favorem

264 2962 562 3044 utriusque
585 3010 602 3040 ,
636 2966 912 3044 pretium
943 2966 1170 3028 debeat
1199 2986 1334 3027 esse
1362 2967 1567 3048 majus
1597 2988 1785 3048 quam

263 3056 306 3114 si
332 3061 573 3134 paetum
604 3063 775 3120 esset
803 3060 863 3119 in
895 3061 1175 3121 favorem
1210 3062 1399 3123 solius
1417 3062 1780 3134 venditoris;

266 3150 453 3210 minus
481 3156 695 3213 tamen
734 3171 920 3232 quam
953 3154 1004 3214 si
1032 3154 1310 3216 venditio
1340 3156 1520 3218 fieret
1545 3156 1783 3235 absque

265 3242 373 3304 ullo
399 3249 601 3323 pacto,
636 3244 820 3325 cujus
848 3247 1231 3309 contrarium
1261 3249 1489 3309 inferre
1515 3248 1788 3312 debebat

264 3354 329 3394 ex
368 3338 865 3414 praecedentibus
896 3339 1140 3412 verbis;
1202 3341 1351 3420 quia
1395 3342 1447 3402 si
1496 3342 1785 3403 omnibus

264 3430 518 3506 pensatis
564 3432 710 3509 plus
749 3437 1053 3510 gravatur
1078 3434 1370 3495 venditor
1414 3454 1605 3515 quam
1655 3454 1786 3495 em-

263 3525 422 3598 ptor3
470 3524 751 3602 pretium
799 3524 1059 3586 deberet
1099 3525 1306 3606 majus
1343 3546 1480 3588 esse
1512 3546 1698 3608 quam
1732 3529 1786 3589 si

265 3632 350 3673 res
375 3615 605 3695 absque
652 3617 775 3678 ullo
806 3622 990 3696 pacto
1021 3619 1399 3681 venderetur
1420 3666 1435 3696 ,
1487 3620 1567 3679 ad
1615 3639 1788 3681 com-

262 3709 640 3783 pensandum
687 3728 945 3770 excessu
987 3711 1168 3788 pretii
1211 3713 1416 3791 majus
1443 3731 1785 3791 gravamen

260 3800 616 3877 venditoriS,
671 3820 795 3862 non
840 3821 991 3881 ergo
1038 3803 1313 3864 debebat
1364 3806 1634 3882 pretium
1682 3805 1787 3865 de-

261 3893 539 3953 scendere
583 3894 699 3954 sed
729 3896 1094 3956 ascendere.
1157 3899 1360 3968 Quare
1390 3897 1558 3957 clare
1590 3915 1787 3976 appa-

260 3989 380 4060 ret,
429 3987 596 4065 quod
652 3989 1134 4050 commutaverit
1181 4009 1257 4050 ex
1290 4008 1499 4050 errore
1529 3991 1787 4050 vendico-

262 4095 389 4153 rem,
422 4097 531 4156 pro
562 4089 846 4161 emptore,
881 4085 945 4141 et
971 4100 1006 4141 e
1036 4086 1278 4157 contra,
1300 4083 1463 4143 sicut
1491 4083 1633 4143 etin
1652 4102 1784 4143 ver·

263 4168 349 4229 bis
374 4173 777 4251 sequentibus
802 4220 818 4248 ‚
869 4173 1086 4235 dicens
1121 4196 1133 4237 :
1206 4197 1233 4232 «
1262 4176 1631 4237 Taxandum
1670 4176 1788 4237 hoc

263 4280 384 4322 esse
438 4265 700 4326 arbitrio
758 4266 1085 4344 prudentis
1144 4285 1257 4345 pro
1313 4267 1533 4347 majori
1568 4287 1788 4347 grava-

262 4355 415 4417 mine
438 4358 787 4419 venditoris
818 4378 1008 4438 quam
1039 4361 1378 4438 emptoris»
1423 4382 1436 4421 ε
1482 4362 1676 4422 voluit
1701 4362 1791 4421 di-

263 4466 390 4508 cere
423 4470 533 4530 pro
576 4450 802 4531 majori
844 4452 1188 4532 yravamine
1231 4454 1508 4534 emptoris
1539 4501 1554 4530 ‚
1614 4474 1789 4535 quam

264 4541 557 4604 tendimns
578 4590 597 4621 ,
653 4562 843 4624 quem
882 4564 1163 4606 errorem
1192 4548 1618 4608 commutandi
1652 4548 1789 4609 haec

263 4635 498 4697 nomina
522 4637 803 4717 emptoris
848 4656 962 4716 pro
993 4637 1289 4698 venditore
1312 4685 1329 4716 ,
1386 4644 1449 4701 et
1479 4659 1511 4700 e
1541 4646 1784 4717 contra,

262 4729 555 4791 commisit
600 4731 756 4792 alias
790 4732 961 4792 idem
989 4736 1209 4794 auctor
1236 4733 1299 4792 in
1330 4733 1451 4794 hoc
1482 4737 1783 4806 tractatu,

266 4838 369 4881 nec
394 4823 624 4884 mirum
653 4828 749 4887 est
776 4871 791 4901 ,
825 4825 995 4904 quod
1025 4830 1315 4887 currente
1348 4827 1590 4887 calamo
1611 4873 1627 4903 ‚
1678 4827 1791 4887 ali-

267 4915 501 4991 quando
550 4917 809 4978 nomina
857 4918 991 4979 haee
1034 4919 1502 4981 inadvertenter
1532 4921 1792 4982 confun-

268 5004 482 5069 dantur
508 5014 573 5071 et
600 5011 869 5072 alterum
897 5031 1011 5091 pro
1041 5012 1237 5073 altero
1268 5018 1626 5092 usurpetur.

339 5101 663 5164 Dubitatur
690 5104 959 5180 decimo,
992 5105 1244 5184 quando
1277 5106 1509 5186 emptio
1540 5110 1793 5184 propter

269 5190 557 5269 ejusmodi
604 5202 792 5275 pacta
837 5202 1054 5275 postea
1097 5198 1493 5272 dissolvitur,
1553 5199 1793 5261 fructus

167 5285 173 5324 ἰ
268 5287 533 5364 tempore
594 5289 966 5351 intermedio
1010 5292 1287 5370 percepti
1342 5292 1423 5352 ad
1464 5310 1653 5371 quem
1682 5291 1793 5351 de-

201 5424 213 5434 .
270 5376 447 5441 beant
474 5382 786 5460 pertinere
806 5384 837 5443 ῖ)
883 5384 1319 5463 Respondetur
1348 5385 1621 5446 breviter
1650 5403 1794 5445 eum

270 5471 478 5533 eodem
505 5476 738 5536 Molina
766 5477 828 5536 d.
872 5476 1032 5555 disp.
1066 5481 1208 5538 377.
1243 5478 1350 5538 ubi
1380 5479 1539 5538 bene
1569 5477 1647 5536 de
1677 5476 1797 5538 hoc

272 5564 391 5641 agit
413 5566 924 5648 distinguendum
954 5589 1111 5632 esse.
1173 5573 1331 5632 Nam
1357 5571 1411 5632 si
1439 5575 1798 5632 contractus

3309 378 3426 436 327

1891 556 2254 618 dissolvitur
2302 576 2374 617 ex
2406 576 2595 618 causa
2623 559 2701 618 de
2731 557 3046 637 praeterito
3067 603 3083 633 ‚
3129 574 3270 636 quae
3292 553 3426 633 jam

1892 652 2027 709 erat
2054 653 2336 727 tempore
2384 654 2742 712 contractus
2789 650 3128 726 celebrati,
3189 649 3428 709 fructus

1889 742 2204 819 pertinent
2247 742 2328 803 ad
2369 743 2801 820 venditorem,
2862 744 3008 823 quia
3065 760 3257 803 causa
3303 759 3425 801 non

1889 833 2265 895 subsistente
2285 881 2300 910 ,
2350 840 2707 898 contractus
2737 857 2774 897 a
2806 836 3115 916 principio
3147 835 3262 896 fuit
3289 834 3429 894 nul-

1889 927 2007 987 luS.
2040 929 2117 989 Et
2147 927 2314 988 idem
2344 933 2457 1005 est,
2492 931 2740 1009 quando
2765 930 3123 991 dissolvitur
3144 947 3214 988 ex
3238 945 3430 987 causa

1890 1021 2318 1099 consequenti,
2380 1021 2428 1081 si
2460 1028 2711 1102 pactum
2768 1024 2883 1084 fuit
2937 1028 3006 1084 ut
3054 1022 3427 1083 adveniente

1888 1114 1998 1173 tali
2028 1132 2240 1191 eausa,
2274 1120 2631 1177 contractus
2657 1120 3018 1177 censeretur
3048 1134 3170 1176 non
3202 1116 3421 1179 factus,

1891 1210 1953 1266 et
1980 1226 2079 1266 res
2110 1225 2232 1268 non
2267 1208 2521 1270 vendita
2541 1256 2556 1285 ,
2591 1227 2835 1287 argum.
2867 1209 3053 1287 legis,
3104 1208 3251 1269 Item
3275 1207 3434 1288 quod

1887 1299 2104 1360 dietum
2124 1310 2227 1376 est,
2255 1300 2476 1379 juncta
2505 1302 2545 1363 l.
2586 1301 2841 1377 Quoties,
2869 1304 2930 1361 ff.
2957 1301 3027 1362 de
3055 1301 3116 1361 in
3143 1301 3291 1361 diem
3321 1301 3423 1361 ad-

1872 1393 2152 1474 jectione,
2187 1394 2314 1454 etl.
2350 1392 2576 1472 Funde,
2613 1398 2674 1456 ff.
2708 1394 2778 1456 de
2809 1395 2932 1474 leye
2956 1395 3308 1457 commissor.
3360 1395 3425 1457 Si

1888 1505 2037 1547 vero
2070 1491 2325 1564 paetum
2354 1488 2557 1548 solum
2586 1488 2702 1563 sit,
2738 1492 2808 1549 ut
2834 1508 2933 1548 res
2963 1492 3179 1567 postea
3203 1488 3426 1548 redimi

1889 1579 2117 1639 debeat
2159 1580 2258 1639 vel
2304 1581 2541 1659 possit,
2602 1581 2839 1642 fructus
2891 1586 3172 1659 tempore
3217 1580 3424 1640 medio

1887 1672 2167 1752 percepti
2197 1672 2278 1731 ad
2307 1679 2655 1751 emptorem
2683 1674 3019 1753 pertinent,
3054 1674 3158 1752 qui
3187 1677 3316 1735 toto
3349 1691 3423 1735 eo

1885 1768 2168 1843 tempore
2196 1764 2287 1825 rei
2318 1766 2607 1827 dominus
2636 1785 2783 1827 vere
2812 1767 2949 1828 fuit.

2562 2155 2619 2234 ς.
2658 2158 2720 2219 2.

1885 2417 1974 2479 De
1990 2428 2170 2500 paeto
2198 2418 2560 2489 venditionis,
2632 2429 2687 2480 et
2728 2420 3033 2501 emptionis
3078 2421 3415 2502 reciproeoe,

2057 2524 2217 2606 quod
2232 2525 2438 2586 baraca
2466 2525 2559 2586 vel
2582 2525 2851 2586 moliatra
2879 2525 3233 2607 appellatur.

1963 2779 2148 2840 Aliud
2182 2781 2434 2857 pactum
2461 2779 2617 2840 solet
2655 2778 2718 2838 in
2749 2778 3106 2839 venditione
3154 2779 3408 2857 apponi,

1885 2872 2138 2951 quando
2183 2872 2407 2951 aliquis
2449 2872 2737 2949 indigens
2792 2872 3060 2950 pecunia
3094 2872 3409 2952 praesenti,

1886 2985 2001 3026 nee
2042 2965 2214 3026 illam
2244 2971 2460 3027 mutuo
2504 2965 2861 3041 invenienS‚
2914 2966 3064 3027 emit
3108 2965 3344 3026 credito
3375 2984 3414 3026 a

1884 3063 2233 3120 mercatore
2253 3046 2496 3119 merces
2517 3058 2716 3137 pretio
2738 3076 3007 3134 summo,
3042 3058 3267 3137 quibus
3288 3077 3411 3119 non
3478 3129 3484 3135 ⁸

1883 3152 2123 3232 indiget
2171 3153 2250 3213 ad
2289 3170 2473 3213 suum
2503 3170 2721 3228 usum,
2768 3171 2925 3232 quas
2969 3153 3177 3214 statim
3207 3152 3410 3213 eidem

1882 3248 2220 3307 mercatori
2260 3246 2459 3325 pretio
2489 3246 2778 3324 praesenti
2823 3247 3035 3307 infimo
3065 3246 3311 3318 vendit;
3348 3253 3416 3307 ut

1884 3357 2012 3399 suae
2069 3338 2424 3399 necessitati
2495 3339 2786 3416 praesenti
2842 3339 3200 3417 provideat,
3274 3358 3414 3418 quae

1884 3431 2050 3510 apud
2074 3430 2406 3508 HispanOS,
2439 3432 2729 3507 Baratra,
2759 3432 3170 3508 velmolzatra‚
3203 3434 3414 3511 appel-

1883 3523 1999 3583 lari
2030 3523 2217 3599 solet,
2252 3525 2421 3602 apud
2449 3525 2637 3585 Italos
2664 3525 2903 3600 stoc-ola,
2936 3530 3045 3586 aut
3074 3524 3409 3585 varackola.

1886 3617 2281 3678 Conveniunt
2300 3635 2537 3691 omneS,
2564 3619 2913 3678 usurarium
2937 3637 3070 3678 esse
3086 3619 3416 3679 huneeon-

1884 3714 2177 3786 tractum,
2210 3710 2260 3771 si
2291 3711 2540 3770 animus
2561 3711 2881 3770 usurarius
2910 3711 3009 3787 sit,
3044 3711 3164 3771 hoc
3191 3715 3287 3771 est
3312 3730 3417 3772 ca-

1883 3803 2095 3882 piendi
2140 3803 2383 3864 lucrum
2440 3823 2512 3862 cx
2569 3809 2788 3863 mutuo
2835 3804 2951 3864 sub
2995 3807 3298 3882 praetextu
3356 3809 3419 3864 et

1885 3896 2092 3973 specie
2141 3896 2517 3956 venditionis
2569 3896 2651 3955 ad
2705 3895 3085 3973 palliandam
3134 3914 3410 3956 usuram.

1886 3989 2223 4050 Usurarius
2253 3988 2441 4048 etiam
2485 3988 2604 4048 erit
2632 3987 2731 4047 vel
2773 3988 2994 4048 saltem
3032 3987 3296 4067 injustus
3317 4035 3332 4064 ,
3366 3988 3416 4047 si

1885 4089 2070 4162 pacto
2103 4082 2416 4160 obligetur
2467 4086 2716 4160 emptor
2761 4082 2841 4142 ad
2886 4082 3250 4143 vendendas
3302 4083 3417 4143 itc-

1886 4193 2029 4235 rum
2057 4174 2259 4235 viliori
2301 4174 2501 4253 pretio
2544 4174 2839 4253 praesenti
2885 4175 3139 4234 easdem
3179 4194 3419 4236 merces

1887 4269 2101 4330 statim
2130 4267 2440 4328 venditori
2475 4286 2489 4327 :
2524 4268 2871 4328 resolvetur
2898 4267 3066 4326 enim
3085 4272 3251 4329 totus
3271 4286 3421 4329 con-

1886 4365 2123 4424 tractus
2172 4362 2232 4419 in
2273 4365 2563 4421 mutuum
2590 4361 2857 4421 virtuale
2887 4361 3069 4441 pretii
3099 4362 3420 4439 praesentis

1887 4474 2000 4534 pro
2031 4454 2257 4532 majori
2300 4472 2546 4513 summa
2576 4473 2651 4514 ex
2681 4453 2883 4533 prima
2911 4454 3270 4515 venditione
3299 4456 3421 4516 sol-

1889 4547 2092 4608 venda
2121 4547 2183 4606 in
2215 4548 2516 4607 futurum.
2554 4548 2808 4608 Secluso
2838 4553 3049 4608 autem
3079 4548 3188 4610 tali
3211 4553 3414 4626 pacto,

1888 4641 2163 4702 fatentur
2192 4641 2380 4701 etiam
2402 4659 2523 4701 non
2547 4659 2808 4719 peecare
2838 4645 3251 4703 mercatorem
3271 4660 3422 4702 ven-

1889 4735 2142 4794 dentem
2170 4752 2411 4794 merces
2459 4752 2603 4794 suas
2644 4733 2881 4795 credito
2930 4752 3175 4794 summo
3220 4734 3419 4812 pret-io

1883 4827 2052 4906 justo
2082 4826 2141 4886 ei
2170 4844 2357 4905 quem
2387 4826 2504 4886 scit
2525 4872 2540 4902 ‚
2587 4826 2667 4886 ob
2697 4826 3107 4904 indigentiam
3139 4826 3420 4905 pecunia}

1892 4938 1999 4980 eas
2036 4919 2248 4980 statim
2291 4919 2427 4979 aliis
2471 4919 2674 4979 viliori
2723 4919 2924 4997 pretio
2970 4920 3418 4980 venditurum:

1894 5011 2041 5091 quia
2068 5012 2360 5073 venditor
2381 5012 2523 5090 jure
2555 5031 2666 5073 suo
2698 5013 2891 5073 utitur
2926 5013 3255 5072 vendendo
3287 5031 3425 5090 pre—

1892 5106 1978 5167 tio
1991 5106 2162 5183 justo
2185 5123 2453 5181 summo,
2489 5105 2794 5184 quidquid
2817 5110 3035 5183 postca
3067 5110 3314 5184 emptor
3345 5105 3423 5165 de

1895 5197 2211 5258 mercibus
2264 5198 2544 5258 facturus
2588 5198 2688 5258 sit.
2749 5198 3092 5258 Difficultas
3147 5202 3278 5259 tota
3332 5202 3427 5260 cst

1897 5290 2151 5370 quando
2181 5290 2348 5351 idem
2376 5291 2665 5351 venditor
2710 5291 2862 5352 emit
2907 5291 2986 5351 ab
3026 5297 3305 5370 emptore
3335 5292 3429 5352 vi-

1895 5384 2034 5446 liori
2066 5384 2263 5463 pretio
2295 5386 2545 5445 easdem
2575 5402 2839 5444 merces,
2901 5385 3034 5458 Quo
3082 5403 3230 5445 casu
3277 5404 3428 5446 con-

1896 5482 2164 5539 tractum
2208 5479 2383 5538 illum
2419 5477 2773 5538 usurarium
2805 5497 2939 5538 esse
2972 5479 3200 5539 docent
3227 5481 3429 5539 Anto-

1897 5571 2081 5632 ninus
2106 5617 2122 5648 ,
2155 5572 2403 5633 Medina
2431 5616 2446 5647 ‚
2480 5570 2772 5632 Mercado
2800 5616 2815 5648 ,
2846 5571 3100 5633 Toletus
3120 5616 3136 5648 ,
3196 5576 3260 5632 et
3297 5571 3424 5648 alii,

3561 2786 3679 2846 204

3490 2910 3658 2962 Quando
3673 2912 3741 2954 hic

3499 2970 3731 3006 mnu-actu.-

3481 3018 3535 3059 sit
3552 3018 3729 3071 injustus
