4263 6376
495 3453 700 3505 Pontifex,
721 3458 766 3497 et

519 3508 739 3551 concilium

499 3562 694 3615 generale
711 3574 763 3604 an

547 3616 721 3670 possint.

836 264 954 323 608

836 442 999 515 rent,
1032 438 1506 518 imperatorum,
1559 437 1658 497 vel
1685 454 1930 514 regum,
1963 437 2063 496 vel
2118 438 2366 497 Latera·

834 532 1043 592 nensis
1060 530 1300 594 concilii
1318 520 1648 608 largitione
1678 548 1997 605 concessa,
2022 530 2119 591 vel
2154 549 2229 589 ex
2259 548 2366 589 an-

834 625 1010 704 tiqua
1068 622 1520 684 consuetudine
1583 642 1619 683 a
1665 626 1949 701 tempore
1998 623 2178 701 cujus
2242 640 2365 682 non

836 717 1060 779 existat
1087 716 1413 791 memoria,
1444 715 1822 791 introducta,
1863 742 1886 767 ι
1923 720 1986 778 et
2014 715 2078 775 in
2102 733 2158 775 c.
2196 715 2366 774 inno-

834 830 1054 882 vamuS,
1088 808 1157 869 de
1203 808 1480 884 cevm'buS,
1514 808 1620 868 ubi
1651 808 2041 887 prohibetur.
2077 810 2165 867 Ne
2197 807 2365 885 quis-

837 922 1026 984 quam
1058 903 1244 962 alicui
1284 922 1478 962 novas
1533 901 1948 981 pedagiorum
2007 901 2365 963 exactiones

834 997 969 1057 sine
999 995 1393 1066 auctoritate,
1430 998 1493 1056 ct
1522 1012 1826 1055 consensu
1847 1012 2070 1072 regum
2101 999 2166 1055 et
2194 992 2367 1071 prin-

835 1089 1047 1167 cipum
1072 1091 1344 1149 statuere
1375 1087 1583 1167 aliquo
1629 1086 1817 1148 modo
1874 1091 2236 1166 praesumat.
2301 1085 2364 1148 Si

833 1182 973 1261 quis
1007 1185 1218 1242 autem
1239 1185 1457 1242 contra
1487 1182 1606 1240 hoc
1635 1179 1874 1254 fecerit,
1909 1183 1973 1240 et
2017 1178 2365 1239 commoni-

809 1266 933 1337 tus
964 1293 1088 1336 non
1120 1272 1467 1335 destiterit:
1502 1272 1704 1333 donec
1728 1271 2051 1347 satisfacit,
2087 1290 2365 1333 commu-

833 1368 1144 1429 nicatione
1165 1370 1378 1427 careat
1406 1365 1813 1426 christiana.»
1851 1365 1882 1426 J
1891 1384 1993 1425 am
2023 1384 2172 1426 vero
2204 1366 2366 1444 ejus-

831 1460 1005 1522 modi
1033 1460 1353 1538 exigentes
1371 1458 1608 1520 tributa
1626 1458 1759 1518 sine
1790 1457 2074 1537 legitima
2093 1457 2366 1519 auctori-

832 1558 960 1615 tate
1015 1551 1640 1614 excommunicantur
1677 1551 1814 1629 ipso
1874 1550 2037 1611 facto
2076 1551 2140 1611 in
2195 1550 2367 1611 bulla

833 1650 1064 1709 Coenae.
1100 1648 1189 1707 De
1211 1645 1592 1723 imperatore
1621 1644 1833 1723 itaque
1866 1662 2049 1704 nemo
2080 1643 2358 1714 dubitat;

833 1741 911 1802 de
958 1739 1096 1800 aliis
1151 1756 1300 1799 vero
1343 1737 1600 1816 regibus
1657 1736 1917 1797 dubium
1964 1755 2098 1798 esse
2128 1739 2360 1815 posset,

832 1833 981 1914 quia
1008 1832 1283 1911 Angelus
1339 1830 1514 1891 verb.
1538 1828 1859 1910 pedaqium
1884 1848 1910 1905 ,·
1938 1829 2016 1889 de
2046 1830 2178 1890 solo
2208 1848 2358 1908 rege

829 1929 1255 1988 Romanorum
1301 1922 1366 1983 id
1418 1922 1739 1999 intellexit,
1807 1921 1987 2001 quasi
2033 1922 2142 1982 alii
2187 1940 2364 1983 reco-

831 2021 1139 2098 gnoscant
1165 2016 1377 2096 aliquo
1407 2016 1594 2077 modo
1644 2016 1999 2094 superiores
2028 2015 2362 2093 imperato-

831 2131 954 2189 res,
988 2111 1051 2171 id
1081 2114 1290 2171 tamen
1310 2109 1443 2189 jam
1473 2112 1568 2169 est
1611 2113 1786 2169 extra
1842 2107 2358 2184 controversiam,

831 2222 976 2266 cum
1002 2203 1081 2263 de
1119 2202 1309 2277 facto,
1342 2202 1473 2262 sive
1504 2220 1577 2261 ex
1633 2201 2060 2275 concessione,
2120 2200 2253 2261 sive
2286 2219 2364 2261 ex

831 2295 1321 2378 praescriptione,
1383 2294 1513 2355 sive
1544 2293 1664 2354 alio
1695 2293 1873 2355 titulo
1903 2293 2007 2353 alii
2038 2311 2223 2371 reges
2259 2312 2364 2353 su-

830 2408 1115 2472 premam
1172 2387 1611 2448 auctoritatem
1667 2391 1728 2447 et
1807 2385 2364 2464 independentiam

824 2482 1244 2565 acquisierint,
1278 2485 1348 2542 ut
1366 2479 1606 2542 notavit
1633 2482 1919 2558 Vasquez
1950 2497 2094 2539 cum
2123 2478 2263 2539 aliis
2291 2478 2356 2540 d.

827 2597 967 2657 cap.
1001 2578 1103 2638 v1.
1133 2576 1191 2654 ἓ.
1223 2591 1268 2635 1.
1302 2573 1454 2634 dub.
1490 2576 1546 2634 1.
1580 2592 1642 2633 n.
1691 2576 1751 2633 4.
1810 2572 1928 2633 sub
1961 2572 2215 2632 nomine
2246 2592 2355 2633 au-

827 2676 955 2733 tem
983 2686 1203 2746 regum
1245 2667 1678 2745 intelliguntur
1707 2665 1897 2729 etiam
1942 2665 2156 2739 duces,
2191 2684 2363 2725 mar-

828 2763 1107 2839 chiones,
1140 2764 1204 2822 et
1242 2759 1346 2821 alii
1402 2760 1791 2838 superiorem
1848 2777 1973 2819 non
2028 2758 2356 2836 habentes,

829 2857 1047 2938 quales
1074 2856 1220 2915 sunt
1248 2853 1375 2913 dux
1404 2851 1731 2928 Hetruriae,
1778 2856 1839 2913 et
1899 2850 2154 2913 simileS.
2189 2852 2362 2912 Idem

830 2954 925 3011 est
953 2950 1031 3010 de
1060 2945 1384 3026 republica
1409 2944 1628 3021 libera,
1688 2944 1891 3024 qualis
1947 2950 2043 3006 est
2095 2946 2356 3022 Veneta,

831 3040 1199 3111 GenuensiS,
1233 3042 1295 3099 et
1320 3036 1573 3113 simileS,
1599 3036 1696 3097 hae
1728 3037 1894 3097 enim
1911 3036 2147 3098 habent
2173 3038 2362 3100 etiam

827 3151 1189 3215 supremam
1270 3129 1705 3192 auctoritatem
1760 3129 1824 3190 in
1892 3129 1986 3192 sui
2044 3130 2359 3208 guberna·

827 3230 1022 3292 tione.

910 3321 1088 3384 Circa
1118 3319 1253 3380 haec
1281 3316 1603 3378 dubitatur
1642 3316 1865 3395 prime.
1900 3319 1993 3379 An
2025 3316 2358 3377 concilium

828 3413 1120 3495 generale
1151 3411 1346 3489 possit
1397 3409 1633 3471 tributa
1672 3409 2019 3489 imponere,
2053 3410 2143 3469 sic
2192 3410 2359 3469 enim

827 3508 1079 3570 videtur
1097 3504 1363 3583 supponi
1386 3503 1447 3562 in
1464 3503 1630 3563 dicto
1662 3501 1889 3581 capite,
1914 3503 2112 3583 Super
2127 3501 2357 3583 quibus-

826 3601 983 3675 dam,
1017 3600 1079 3660 in
1124 3596 1334 3659 verbis
1364 3596 1551 3675 paulo
1600 3599 1746 3656 ante
1776 3595 2086 3656 adductiS.
2122 3597 2201 3656 Et
2225 3595 2357 3674 qui-

826 3695 994 3770 dem,
1027 3692 1081 3753 si
1116 3690 1450 3753 concilium
1496 3692 1723 3767 potest,
1759 3706 1796 3748 a
1834 3688 2079 3749 fortiori
2128 3689 2360 3767 poterit

823 3791 1017 3867 Papa,
1040 3805 1077 3846 a
1105 3802 1227 3865 quo
1257 3783 1504 3845 concilii
1523 3785 1798 3861 potestas
1827 3781 2356 3855 derivatur.Quod

822 3886 1035 3944 autem
1064 3882 1239 3957 Papa
1265 3876 1329 3936 id
1360 3876 1556 3955 possit
1579 3874 1848 3938 interris
1877 3893 1990 3936 suo
2019 3875 2356 3953 temporali

821 3973 1097 4036 dominio
1128 3969 1446 4050 subjectis,
1482 3988 1607 4029 non
1638 3972 1732 4029 est
1762 3967 2047 4044 dubium,
2083 3985 2229 4029 cum
2277 3967 2358 4028 sit

819 4067 904 4128 ibi
934 4082 1262 4146 supremus
1289 4062 1582 4142 princeps
1608 4062 1674 4121 in
1701 4061 2178 4140 temporalibus·
2212 4063 2354 4122 Cer-

817 4165 953 4223 tum
986 4158 1176 4219 etiam
1204 4156 1475 4231 videtur,
1510 4154 1678 4234 quod
1723 4153 1892 4213 idem
1947 4154 2144 4232 possit
2197 4153 2354 4213 indi·

818 4257 987 4314 recte
1016 4252 1078 4311 in
1132 4250 1401 4310 aliorum
1458 4246 1957 4309 Christianorum
2011 4245 2353 4307 ditionibus

818 4366 894 4409 ex
923 4346 1232 4424 potestate
1261 4340 1592 4416 indirecta,
1626 4358 1816 4419 quam
1845 4339 2037 4401 habet
2086 4338 2168 4399 ad
2226 4338 2348 4399 dis·

815 4437 1178 4520 ponendum
1235 4434 1314 4494 de
1344 4432 1819 4511 temporalibuS,
1854 4430 2107 4512 quando
2139 4431 2202 4490 id
2236 4451 2343 4491 ne-

818 4550 992 4594 cesse
1020 4533 1116 4591 est
1143 4527 1218 4589 ad
1269 4528 1549 4607 regImen
1580 4526 1926 4605 spirituale,
1960 4527 2029 4585 ut
2080 4524 2352 4603 explicat

815 4625 978 4686 bene
1005 4621 1252 4685 Lessius
1299 4620 1407 4681 lib.
1442 4621 1518 4681 II.
1579 4638 1718 4699 cap.
1777 4635 2002 4680 xxxm.
2062 4617 2214 4679 dub.
2250 4633 2345 4678 111.

815 4736 990 4779 num.
1027 4719 1123 4777 10.
1177 4713 1428 4775 difficile
1454 4717 1668 4774 tamen
1698 4716 1979 4792 apparet,
2032 4711 2347 4790 quomodo

817 4830 892 4872 ex
921 4808 1190 4885 concilii,
1224 4807 1323 4868 vel
1369 4806 1687 4868 Pontificis
1743 4803 2144 4866 concessione
2178 4804 2350 4883 prin-

816 4905 987 4983 cipes
1039 4902 1184 4964 laici
1230 4899 1473 4980 possint
1523 4898 1803 4978 legitime
1869 4897 2103 4958 tributa
2156 4897 2352 4976 impo—

815 5017 985 5060 nere.

891 5093 1079 5152 Pater
1106 5091 1393 5165 Vasquez
1424 5085 1589 5146 dicto
1626 5084 1681 5162 ἓ.
1718 5100 1763 5144 1.
1799 5083 1948 5144 dub.
1984 5100 2027 5144 1.
2062 5101 2214 5143 num
2245 5085 2342 5143 14.

812 5202 1001 5266 quem
1037 5179 1324 5260 sequitur
1367 5176 1712 5238 Turrianus
1769 5176 2064 5254 disputat.
2127 5177 2340 5237 XLIV.

809 5277 960 5339 dub.
994 5292 1040 5337 1.
1073 5290 1247 5334 num.
1279 5273 1340 5332 8.
1374 5268 1547 5343 dicit,
1592 5268 1656 5329 id
1713 5286 1895 5347 posse
1940 5268 2079 5329 fieri
2122 5271 2346 5347 quate-

809 5389 927 5432 nus
950 5370 1122 5444 Papa
1147 5367 1354 5442 potest
1402 5362 1678 5440 aliquem
1730 5361 1912 5424 titulo
1957 5361 2125 5439 regis
2156 5360 2345 5422 deco-

808 5482 972 5538 rare,
1008 5459 1087 5519 ad
1117 5473 1305 5537 quem
1352 5453 1758 5532 consequitur
1802 5457 2078 5533 potestas
2107 5453 2341 5514 tributa
2390 5515 2393 5518 .

1996 261 2098 320 Du
2140 260 2493 324 Jus'rl'rlA
2544 260 2645 321 ET
2685 259 2885 321 JURE

2468 434 2853 515 imponendi,
2886 434 3050 495 sicut
3093 434 3432 515 Gregorius
3461 434 3619 496 XIII.
3654 435 3812 495 Duci
3867 433 4001 494 Flo-

2465 529 2689 589 rentiae
2719 527 2895 588 dedit
2923 527 3175 589 titulum
3203 528 3414 606 Magni
3447 527 3625 588 ducis
3670 527 3997 588 Hetruriae.

2467 621 2533 682 Si
2560 625 2772 682 tamen
2802 619 2928 680 dux
2956 620 3057 680 ille
3089 620 3353 682 haberet
3378 620 3573 680 alium
3611 620 4001 699 superiorem

2466 712 2527 773 iu
2556 713 3027 791 temporalibus,
3062 731 3184 774 non
3203 719 3415 792 posset
3437 713 3719 775 Pontifex
3748 714 3809 772 in
3844 730 4002 791 prae-

2458 806 2769 884 judicium
2797 806 3138 885 superioris
3180 806 3528 867 concedere
3587 805 3867 865 inferiori
3915 810 4001 865 ta-

2464 900 2588 959 lem
2616 902 3013 976 potestatem,
3050 919 3189 977 quae
3239 899 3354 959 soli
3388 899 3651 977 principi
3693 897 3999 976 superiori

2465 992 2880 1069 competebat.
2911 993 3036 1054 Sed
3069 993 3202 1053 haec
3232 992 3554 1070 responsio
3588 991 3837 1051 videtur
3863 990 4001 1050 red-

2467 1084 2618 1144 dere
2649 1083 3104 1162 impossibilem
3158 1083 3412 1146 omnino
3472 1102 3689 1145 casum
3742 1082 4003 1145 decisio-

2465 1177 2593 1237 nis:
2616 1195 2762 1236 nam
2788 1177 2888 1237 vel
2917 1176 3209 1256 princeps
3239 1178 3339 1238 cui
3362 1181 3533 1258 Papa
3561 1177 3730 1238 hunc
3748 1177 4002 1239 titulum
4090 1166 4097 1173 ’

2465 1270 2773 1346 concedit,
2808 1269 3085 1332 habebat
3110 1271 3304 1330 alium
3333 1271 3721 1349 superiorem
3754 1269 3852 1330 vel
3874 1288 4000 1330 non

2463 1361 2756 1423 habebat.
2796 1362 2858 1423 Si
2889 1362 3166 1424 habebat
3195 1380 3319 1424 non
3349 1368 3554 1442 potest
3582 1382 3693 1442 per
3722 1368 3785 1423 te
3824 1364 4000 1441 Papa

2462 1454 2551 1515 illi
2579 1454 2730 1515 dare
2760 1454 2923 1514 hanc
2970 1458 3368 1534 potestatem.
3424 1455 3489 1517 Si
3539 1474 3664 1521 non
3695 1455 4003 1531 habebat,

2464 1564 2589 1606 non
2616 1547 2860 1625 indiget
2887 1548 3293 1609 concessione
3341 1550 3528 1627 Papae
3572 1548 3674 1609 vel
3723 1548 4001 1624 concilii,

2463 1640 2611 1718 quia
2658 1659 2731 1702 eo
2765 1640 2897 1718 ipso
2927 1640 3098 1720 quod
3127 1660 3462 1719 supremus
3516 1642 3810 1720 princeps
3839 1646 4005 1717 erat,

2461 1732 2591 1792 sive
2621 1732 2885 1793 haberet
2913 1733 3164 1794 titulum
3222 1734 3411 1812 regiS,
3446 1734 3577 1795 sive
3609 1734 3809 1811 duciS,
3866 1734 4009 1794 sive

2460 1825 2866 1901 marchioniS,
2901 1829 3152 1904 poterat
3178 1825 3415 1887 tributa
3459 1827 3806 1906 imponere,
3842 1827 4014 1888 sicut

2463 1917 2726 1996 quilibet
2752 1936 3085 1997 supremus
3115 1918 3407 1979 dominus
3461 1919 3527 1979 in
3575 1939 3690 1980 sua
3722 1920 3965 1981 ditione
3991 1940 4007 1980 ;

2462 2028 2786 2089 nunquam
2817 2030 2963 2089 ergo
2995 2030 3072 2071 ex
3101 2014 3285 2091 Papae
3315 2013 3715 2074 concessione
3763 2031 3841 2074 ea
3892 2032 4013 2092 po-

2460 2107 2655 2163 testas
2681 2102 2819 2164 aliis
2848 2104 3234 2182 principibus
3263 2109 3621 2184 competere
3645 2110 3873 2185 potest.

2542 2194 2764 2256 Melius
2794 2215 2943 2275 ergo
2969 2197 3276 2258 P.Molina
3301 2197 3462 2277 disp.
3484 2201 4013 2260 666.n.2.et1,ae·

2462 2286 2591 2347 sius
2622 2287 2793 2349 dicta
2830 2288 3096 2351 dubitat.
3131 2307 3199 2351 11.
3246 2310 3309 2352 n.
3370 2294 3466 2351 12.
3529 2291 3764 2364 dicunt,
3823 2296 4016 2353 extra

2463 2380 2911 2457 patrimonium
2938 2383 3219 2444 ecclesiae
3262 2385 3498 2462 Papam
3553 2403 3739 2464 posse
3796 2387 4015 2446 solum

2460 2471 2763 2536 indirecte
2792 2476 2983 2536 talem
3012 2475 3377 2537 facultatem
3407 2477 3781 2554 concedere,
3805 2497 4013 2556 quan-

2463 2565 2542 2627 do
2571 2568 2809 2629 scilicet
2837 2569 3157 2630 concessio
3190 2569 3329 2631 talis
3358 2571 3687 2649 potestatis
3713 2590 4015 2632 necessa-

2461 2658 2556 2718 ria
2587 2665 2754 2722 esset
2778 2661 2861 2722 ad
2889 2662 3080 2721 finem
3127 2667 3190 2723 et
3240 2663 3767 2741 gubernationem
3822 2665 4016 2742 spiri-

2458 2753 2716 2832 tualem.
2767 2756 2915 2827 Quae
2956 2760 3253 2834 potestaS,
3315 2774 3666 2836 quousque,
3704 2758 4012 2818 extenda-

2461 2849 2587 2922 tur,
2650 2866 2773 2908 non
2832 2852 2928 2909 est
2979 2848 3167 2926 hujus
3213 2849 3357 2926 loci,
3417 2849 3526 2910 sed
3587 2851 3860 2928 pertinet
3919 2852 4009 2911 ad

2461 2939 2873 3016 quaestionem
2921 2940 2998 3002 de
3045 2946 3358 3020 potestate
3438 2942 3668 3002 summi
3748 2944 4010 3005 Pontifi-

2463 3048 2574 3092 cis.

2548 3125 2883 3187 Dubitatur
2914 3127 3213 3205 secundo,
3246 3146 3359 3187 cur
3405 3127 3539 3190 haec
3573 3131 3857 3208 potestas
3882 3130 4008 3191 im-

2456 3221 2738 3304 ponendi
2765 3220 3022 3297 tributa,
3059 3220 3229 3281 sitin
3260 3221 3408 3281 solis
3464 3221 3861 3301 principibus
3891 3244 4003 3284 su·
4050 3268 4203 3324 ⁸¹⁸⁰&

2458 3314 2738 3397 premis?
2764 3316 2935 3374 LeSS.
2969 3314 3139 3374 solus
3177 3312 3282 3374 ubi
3306 3332 3497 3393 supra
3553 3334 3615 3374 n.
3652 3318 3753 3376 13.
3814 3316 4004 3377 ratio·
4048 3321 4204 3380 epam.

2459 3428 2605 3470 nem
2637 3407 2864 3468 reddit.
2904 3410 2968 3468 et
2995 3405 3219 3485 probat
3239 3407 3465 3484 primo,
3501 3413 3870 3487 competere
3898 3428 4002 3470 su-

2456 3520 2675 3583 premo
2704 3498 3006 3578 principi,
3041 3499 3190 3577 quia
3235 3499 3368 3577 ipse
3402 3500 3854 3562 auctoritatem
3899 3521 4003 3563 su-

2455 3614 2560 3655 am
2589 3594 2780 3654 habet
2822 3611 2859 3651 a
2905 3591 3169 3670 populo;
3223 3611 3419 3670 quare
3468 3593 3548 3653 ab
3592 3593 3731 3672 ipso
3761 3596 3997 3674 populo

2452 3688 2738 3766 accipere
2769 3684 2960 3746 debet
2987 3685 3344 3745 necessaria
3373 3685 3455 3745 ad
3467 3688 4002 3749 sustentationem

2454 3781 2551 3841 sui
2579 3783 2802 3854 statuS‚
2844 3782 2906 3839 et
2935 3776 3017 3837 ad
3060 3777 3466 3838 necessitates
3494 3778 3811 3857 publiceS,
3831 3787 3895 3842 et
3917 3780 3996 3841 ad

2455 3872 2827 3935 solvendum
2884 3869 3266 3949 stipendium
3313 3871 3616 3933 ministris
3683 3872 3997 3936 inferiori-

2453 3966 2596 4041 bus,
2628 3963 2953 4039 militibus,
2980 3962 3266 4038 ducibuS,
3303 3967 3424 4025 etc.
3460 3964 3609 4043 quia
3652 3965 3822 4027 sicut
3848 3985 3997 4046 ope-

2453 4058 2621 4119 rario
2680 4056 2947 4117 debetur
2997 4073 3239 4116 merces
3307 4059 3370 4117 et
3427 4057 3853 4135 stipendium;
3900 4060 3996 4121 sic

2451 4149 2717 4230 principi
2744 4149 3056 4210 debentur
3083 4166 3118 4208 a
3139 4148 3370 4226 populo
3402 4151 3760 4211 necessaria
3789 4152 3867 4211 ad
3895 4152 3993 4212 di-

2450 4244 2754 4322 gnitatem
2802 4240 3254 4303 sustinendam.
3290 4241 3414 4300 Alii
3465 4260 3638 4318 vero,
3703 4243 3809 4322 qui
3861 4262 3993 4304 non

2451 4340 2596 4398 sunt
2623 4335 2938 4414 principes
2968 4333 3267 4412 supremi,
3301 4339 3366 4395 et
3418 4352 3544 4395 non
3574 4334 3813 4397 habent
3861 4355 3989 4397 sua

2448 4448 2714 4490 munera
2742 4447 2779 4488 a
2807 4428 3061 4507 populo,
3109 4445 3235 4488 non
3288 4426 3523 4489 debent
3575 4428 3822 4508 exigere
3870 4430 3999 4490 sti-

2448 4520 2774 4602 pendium,
2801 4519 2915 4581 nisi
2947 4538 2981 4581 a
3019 4518 3302 4599 principe
3324 4539 3644 4598 supreme,
3679 4541 3714 4582 a
3742 4541 3857 4602 quo
3898 4524 3997 4584 of·

2448 4615 2663 4676 ficium
2696 4613 3047 4692 accipiunt;
3083 4632 3280 4693 quare
3311 4632 3434 4674 non
3466 4622 3728 4693 possunt
3753 4616 3997 4695 populo

2448 4709 2685 4770 tributa
2728 4708 3075 4786 imponere,
3109 4707 3324 4768 nisiex
3380 4708 3638 4786 speciali
3691 4709 3996 4788 principis

2451 4801 2912 4863 commissione.

2531 4898 2680 4956 Haec
2709 4898 2918 4955 tamen
2948 4894 3108 4955 ratio
3140 4893 3408 4954 difficilis
3437 4898 3568 4969 est;
3604 4896 3996 4975 primo,quia

2450 4988 2513 5049 in
2544 4988 2868 5067 republica
2895 4987 3096 5047 libera
3124 4988 3528 5065 magistratus
3591 4990 3776 5050 etiam
3823 4988 3998 5049 infe-

2448 5081 2650 5142 riores
2681 5079 3002 5158 accipiunt
3020 5084 3396 5159 potestatem
3425 5099 3462 5140 a
3519 5082 3771 5160 populo,
3800 5099 3918 5141 seu
3952 5099 3997 5142 a

2444 5174 2790 5252 republica,
2824 5192 2865 5233 a
2922 5191 3045 5252 qua
3080 5173 3250 5253 juste
3284 5173 3670 5253 stipendium
3718 5180 3997 5252 possunt

2446 5267 2718 5345 exigere.
2752 5267 2916 5345 Ergo
2948 5270 3211 5345 possunt
3236 5266 3317 5327 ad
3342 5267 3510 5328 hunc
3524 5268 3711 5328 finem
3741 5268 3990 5346 populo

2442 5359 2766 5438 imponere
2824 5359 3055 5420 tributa
3089 5378 3103 5419 ε
3140 5360 3309 5440 quod
3366 5365 3578 5421 tamen
3623 5364 3714 5421 est
3756 5366 3993 5437 aperte

2441 5452 2691 5514 falsum.
2727 5451 3017 5514 Secundo
3048 5457 3110 5513 et
3137 5453 3382 5529 fortiuS,
3403 5453 3551 5532 quia
3583 5453 3809 5515 tributa
3840 5472 3986 5514 non
