4263 6376
1234 259 1704 321 DlSPU'rATlo
1746 258 1933 334 XXV,
1983 256 2257 319 SECTIO
2301 256 2404 316 XI.

276 436 416 496 dicta
457 451 602 493 esse.
659 436 754 494 An
811 451 956 493 vero
1012 433 1412 512 dispensante
1457 433 1753 494 Pontifice

273 526 439 607 possit
474 526 753 603 princeps
796 524 1070 603 obligare
1113 530 1175 585 et
1213 543 1436 604 cogere
1474 524 1756 585 subditos

273 619 338 678 ad
362 617 669 678 solvendas
699 635 919 677 usuras
948 617 1287 696 promissas
1307 664 1323 694 ‚
1372 617 1620 678 videtur
1648 634 1756 675 ne-

270 729 398 789 gare
424 710 655 769 Lessius
684 709 847 769 dicto
893 728 1065 770 num.
1104 713 1238 770 179.
1290 716 1353 771 et
1378 710 1610 770 Melina
1651 707 1757 768 ubi

270 821 430 881 supra
447 802 496 878 ἓ.
523 800 833 861 Dicendum
854 801 1216 883 temporales,
1240 802 1756 880 loquunturenim

271 894 660 954 universaliter
687 893 765 953 de
780 893 924 973 jure
947 898 1205 954 uaturae.
1232 896 1751 968 At'firmantvem,

269 989 338 1048 Sa
364 984 518 1045 verb.
553 1004 766 1061 usura,
818 1005 990 1046 num.
1028 988 1121 1046 15.
1162 986 1266 1046 ubi
1314 986 1402 1046 ait
1433 1005 1445 1046 ε
1507 984 1755 1046 Domini

267 1077 603 1156 temporales
629 1081 893 1156 possunt
933 1078 1010 1138 ob
1039 1078 1274 1138 bonum
1305 1078 1622 1155 publicum
1651 1095 1756 1137 co·-

265 1188 389 1248 gere
414 1169 641 1228 solvere
671 1170 1010 1246 promissas
1037 1189 1307 1231 usuras»
1346 1177 1406 1231 et
1433 1163 1762 1230 Malderus'

264 1263 379 1322 loco
406 1263 603 1335 citam,
637 1265 701 1322 et
728 1261 964 1323 indicat
992 1264 1309 1322 Navarrus
1339 1262 1503 1323 dicto
1533 1262 1748 1322 consil.

264 1369 450 1416 xxxin.
483 1352 582 1412 ubi
609 1357 898 1430 testatur,
932 1356 1166 1430 Romae,
1192 1357 1487 1431 Anconae,
1513 1357 1755 1414 etAve-

263 1447 421 1506 nioue
447 1444 577 1522 cogi
609 1445 995 1506 Christianos
1042 1447 1123 1506 ad
1160 1446 1491 1507 solvendas
1518 1445 1754 1508 Judaeis

261 1554 453 1597 usuras
481 1537 839 1614 promissae,
873 1542 935 1599 et
951 1538 1120 1599 favet
1141 1539 1386 1599 Silvest.
1411 1557 1611 1615 usura,
1643 1539 1745 1599 IX.

261 1632 450 1706 quaest.
481 1644 629 1688 xxn.
678 1630 885 1701 Quare
915 1628 1024 1707 qui
1053 1629 1300 1705 dicunt,
1347 1629 1466 1690 hoc
1495 1648 1627 1689 esse
1657 1628 1750 1688 in-

260 1720 493 1779 trinsece
536 1720 777 1780 malum
797 1767 813 1797 ‚
874 1720 1105 1781 debent
1141 1720 1437 1799 intelligi,
1497 1721 1749 1800 quando

260 1816 538 1890 coguntur
564 1812 642 1872 ad
673 1812 1008 1873 solvendas
1041 1831 1259 1873 usuras
1286 1820 1586 1893 tanquam
1605 1832 1752 1873 vere

260 1904 505 1977 debitas;
562 1924 744 1966 secus
802 1924 948 1966 vero
1004 1904 1054 1964 si
1103 1923 1227 1967 non
1266 1911 1334 1968 ut
1360 1907 1438 1968 ad
1468 1906 1750 1967 debitum

256 1997 708 2074 compellantur,
758 1998 870 2058 sed
921 1998 999 2057 ob
1028 1997 1184 2058 alias
1205 1998 1406 2079 justas
1436 2017 1656 2060 causas
1683 1999 1747 2058 id

256 2089 562 2167 exigentes,

323 2183 626 2243 Rationem
654 2186 869 2243 tamen
901 2183 1165 2244 reddere
1193 2187 1456 2262 oportet,
1482 2201 1594 2243 cur
1615 2182 1750 2244 haec

192 2275 574 2356 cooperatio
606 2294 720 2354 per
746 2280 1129 2354 praeceptum
1159 2280 1221 2337 et
1249 2277 1450 2354 legem
1481 2276 1558 2335 ad
1589 2276 1749 2336 solu·

191 2394 193 2415 ι
253 2368 456 2427 tionem
482 2386 818 2428 usurarum
848 2386 968 2428 non
1000 2369 1079 2428 sit
1106 2368 1357 2443 illicita,
1407 2374 1468 2429 et
1495 2368 1752 2428 inducat

189 2464 190 2467 ’
251 2458 660 2537 obligationem
689 2460 1146 2521 restitutionis?
1175 2461 1353 2521 Ratio
1385 2466 1595 2523 autem
1613 2460 1749 2519 haec

249 2571 364 2612 esse
381 2556 609 2630 potest;
644 2552 795 2631 quia
824 2553 1271 2614 licetmutuans
1298 2558 1513 2633 peccet
1534 2556 1751 2614 contra

239 2643 534 2748 justitiam,
568 2647 633 2704 et
646 2662 761 2723 per
780 2662 1166 2723 consequens
1187 2645 1470 2707 similiter
1489 2651 1751 2725 peccent

247 2736 334 2816 qui
362 2736 486 2816 ejus
513 2744 726 2814 partes
754 2740 951 2815 agunt
995 2737 1191 2798 invito
1237 2738 1649 2814 mutuatario,
1685 2741 1752 2798 ιιι

244 2828 521 2900 diximus;
550 2829 684 2906 ipse
714 2834 926 2890 tamen
954 2830 1367 2891 mutuatarius
1388 2849 1512 2891 non
1529 2835 1751 2910 peccat

241 2925 430 2982 contra
445 2921 798 3002 justitiam,
831 2940 1032 3000 neque
1061 2922 1249 2982 etiam
1294 2927 1512 2984 contra
1541 2923 1749 2983 chari-

242 3016 427 3090 tatem,
452 3014 704 3093 quando
726 3013 963 3091 justam
975 3032 1229 3074 causam
1251 3014 1442 3075 habet
1460 3020 1748 3077 mutuum

241 3106 485 3183 petendi,
543 3111 614 3168 ιιι
669 3105 1024 3166 videbimus
1047 3152 1064 3181 ‚
1115 3110 1178 3167 et
1229 3111 1370 3186 post
1422 3112 1748 3187 acceptum

238 3206 497 3260 mutuum
544 3200 714 3261 licite
764 3204 826 3260 et
867 3204 1082 3261 sancte
1127 3220 1348 3261 usuras
1382 3202 1586 3262 solvit.
1621 3202 1746 3261 imo

239 3290 305 3350 ad
331 3291 389 3350 id
418 3297 684 3368 tenetur,
722 3292 774 3351 si
806 3291 1166 3372 juramento
1210 3294 1514 3371 promisit.
1550 3296 1748 3372 Supe-

236 3384 346 3443 rior
369 3390 575 3446 autem
605 3384 1068 3446 ecclesiasticus
1092 3431 1107 3461 ,
1142 3385 1238 3444 vel
1285 3387 1598 3447 saecularis
1634 3405 1746 3466 po-

235 3479 340 3537 test
376 3495 445 3537 ex
482 3476 663 3556 justa
708 3495 898 3536 causa
941 3477 1262 3556 imponere
1303 3483 1366 3539 et
1405 3479 1744 3557 praecipere

235 3567 474 3629 subditis
504 3570 792 3631 actiones
834 3569 1168 3645 honestae,
1221 3589 1377 3649 quas
1422 3570 1539 3648 ipsi
1581 3569 1744 3631 licite

232 3667 502 3738 praestarc
561 3666 828 3739 possunt
848 3708 864 3738 ,
912 3667 982 3723 ut
1034 3666 1278 3723 constat
1318 3683 1331 3722 ε
1380 3681 1529 3740 ergo
1585 3663 1746 3724 sicut

234 3759 412 3828 potest
435 3755 588 3815 alias
613 3759 894 3815 act1ones
915 3756 1368 3832 temperantiae,
1402 3755 1739 3832 religionis,

232 3845 314 3903 vel
347 3846 607 3906 aliarum
661 3847 960 3907 virtutum
1016 3847 1095 3907 ab
1150 3847 1414 3907 subditis
1467 3848 1739 3926 exigere,

231 3939 434 4014 poterit
462 3940 659 4001 etiam
690 3939 1027 4018 praecipere
1076 3939 1239 4001 hanc
1280 3940 1590 4001 actionem
1621 3941 1744 4001 sol-

231 4031 393 4090 vendi
424 4051 649 4092 usuras
677 4032 1016 4110 promissas
1035 4079 1050 4107 ‚
1085 4051 1228 4110 quae
1257 4031 1426 4092 licita
1458 4039 1519 4093 et
1548 4033 1743 4093 hone·

230 4127 310 4182 sta
336 4128 440 4198 est,
475 4131 539 4186 et
567 4129 778 4203 potest
805 4124 1120 4185 interdum
1168 4125 1334 4185 utilis
1365 4129 1426 4186 et
1455 4144 1741 4185 necessa-

227 4214 307 4272 ria
347 4217 685 4277 existimari
730 4217 810 4276 ad
859 4235 1077 4295 pacem
1121 4217 1519 4295 reipublicae,
1570 4219 1741 4278 etad

226 4307 445 4386 majora
471 4309 644 4367 mala
671 4310 945 4369 vitanda.
1001 4312 1118 4369 Per
1162 4308 1281 4370 hoc
1323 4314 1533 4378 autem
1580 4327 1740 4387 pra?-

225 4404 450 4477 ceptum
497 4401 739 4461 nullum
782 4420 1037 4480 prorsus
1083 4404 1189 4480 jus
1235 4402 1422 4463 datur
1457 4402 1736 4463 usurario

223 4494 548 4570 accipiendi
568 4499 636 4556 et
658 4495 967 4554 retinendi
988 4495 1154 4555 licite
1175 4513 1425 4566 usurae,
1452 4495 1562 4555 sed
1583 4514 1737 4572 prae-

222 4584 428 4662 cipitur
455 4587 838 4647 mutuatario
871 4587 933 4646 id
977 4586 1142 4665 quod
1178 4589 1310 4665 ipse
1339 4587 1504 4647 licite
1534 4591 1597 4648 et
1633 4586 1739 4647 ho·

222 4683 375 4738 ueste
403 4679 609 4739 facere
643 4684 848 4756 potest
877 4684 943 4740 ut
973 4680 1172 4740 solvat
1192 4679 1418 4759 injuste
1438 4679 1731 4756 exigenti.

220 4766 376 4830 Sicut
403 4770 568 4829 enim
601 4770 883 4831 Christus
926 4771 1239 4832 consuluit
1266 4771 1415 4831 dare
1459 4772 1735 4832 tunicam

218 4864 430 4937 petenti
466 4864 695 4944 injuste
726 4865 1002 4941 pallium,
1034 4882 1146 4942 per
1165 4864 1332 4943 quod
1364 4856 1490 4924 non
1513 4883 1734 4943 appro-

218 4951 372 5015 bavit
398 4963 727 5034 peccatum
757 4956 982 5036 injuste
1013 4956 1300 5034 petentiS,
1335 4974 1450 5016 nec
1480 4957 1536 5016 ei
1563 4957 1733 5017 auxi-

217 5044 353 5106 lium
382 5049 667 5109 exhibuit
706 5051 788 5110 ad
835 5049 1268 5129 peccandum3
1320 5050 1409 5108 sic
1456 5050 1740 5126 superior

215 5143 400 5213 potest
433 5160 546 5203 suo
577 5142 829 5203 subdito
860 5147 1115 5220 propter
1160 5142 1398 5202 bonum
1438 5141 1736 5219 reipubli-

215 5247 294 5289 cae
320 5234 678 5311 praecipere‚
715 5239 784 5294 ut
813 5234 1084 5311 patiatur
1104 5233 1422 5313 injuriam,
1457 5238 1518 5293 et
1534 5233 1736 5295 solvat

215 5323 368 5399 quod
397 5344 519 5385 non
551 5326 762 5402 debet,
795 5326 1045 5405 quando
1078 5326 1198 5386 hoc
1228 5327 1305 5386 ad
1345 5326 1580 5386 bonum
1610 5326 1732 5386 rei-

211 5413 460 5490 publicae
488 5420 760 5480 multum
804 5418 1078 5496 expedit.
1125 5420 1342 5498 Neque
1365 5418 1429 5478 in
1453 5417 1573 5479 hoc
1593 5419 1727 5496 agit

3268 251 3378 309 251

1853 436 2064 512 partes
2093 432 2404 509 usurarii,
2440 438 2547 493 aut
2577 432 2636 491 ei
2663 432 3067 508 cooperatur,
3120 424 3230 486 sed
3271 443 3386 502 gu-

1854 524 2079 585 bernat
2102 542 2286 584 suum
2315 524 2632 585 subditum
2664 527 2852 602 prout
2878 520 2958 581 ad
3003 518 3139 599 ejus
3182 518 3388 595 majus

1854 617 2090 677 bonnm
2140 617 2200 676 in
2248 616 2344 676 his
2390 614 2871 677 circumstantiis
2907 610 3244 691 gubernari
3273 608 3383 669 de-

1855 708 1962 770 bet
1993 726 2006 772 :
2040 727 2233 788 quare
2264 707 2549 768 subditus
2577 726 2701 768 non
2732 706 2978 768 solvens
3009 721 3132 763 non
3161 719 3386 781 pecca-

1855 800 1946 860 bit
1974 805 2191 861 contra
2213 799 2541 879 justitiam,
2578 800 2684 859 sed
2702 802 2919 860 contra
2936 794 3380 869 obedientiam,

1856 912 2059 972 neque
2088 893 2329 953 etiamsi
2361 893 2583 967 solvat,
2617 891 2823 971 perdit
2842 891 2947 968 jus
2970 887 3135 967 quod
3167 885 3380 961 habet,

1857 991 1925 1047 ut
1951 986 2272 1045 usurarius
2300 985 2528 1046 debeat
2556 984 2610 1044 ei
2642 1002 2861 1044 usuras
2892 984 3180 1057 acceptas
3208 977 3384 1038 resti-

1854 1082 2028 1139 tuere
2060 1097 2173 1137 nec
2204 1078 2487 1156 superior
2514 1076 2781 1137 intendit
2821 1072 3069 1135 subdito
3119 1071 3239 1132 hoc
3279 1069 3383 1149 jus

1854 1171 2154 1232 adimere.
2189 1172 2319 1231 Imo
2347 1188 2463 1230 nec
2492 1168 2681 1229 credo
2713 1168 2880 1247 quod
2917 1164 3200 1226 intendat
3227 1162 3384 1223 obli-

1854 1283 2003 1341 gare
2059 1262 2375 1322 subditum
2423 1261 2503 1323 ad
2561 1260 2919 1321 habendam
2973 1255 3383 1317 intentionem

1851 1354 2265 1417 transferendi
2295 1353 2640 1415 dominium
2693 1368 3024 1412 usurarum
3069 1349 3131 1408 in
3162 1364 3383 1407 usura-

1853 1448 2016 1508 rium
2039 1493 2054 1524 ‚
2088 1446 2275 1508 etiam
2303 1451 2548 1508 retenta
2576 1449 2788 1506 nostra
2829 1442 3137 1503 sententia
3157 1486 3172 1517 ,
3214 1438 3382 1518 quod

1851 1539 2158 1620 ejusmodi
2188 1539 2534 1600 dominium
2579 1538 3008 1599 transferatur.
3045 1533 3141 1595 Ad
3180 1531 3384 1592 inten-

1849 1637 1984 1694 tum
2034 1633 2201 1692 enim
2258 1631 2599 1710 superioris
2641 1630 2872 1691 sufficit
2916 1627 3083 1707 quod
3130 1623 3382 1686 realiter

1848 1726 2136 1787 tradatur
2188 1724 2453 1803 pecunia
2505 1723 2811 1802 promissa
2866 1719 3150 1782 usurario
3176 1764 3191 1793 ,
3246 1717 3378 1777 sive

1847 1819 2133 1882 tradatur
2160 1835 2303 1877 cum
2332 1835 2405 1877 ea
2436 1815 2775 1878 intentione
2805 1815 2935 1875 sive
2963 1812 3097 1873 sine
3126 1811 3252 1871 illa.

1926 1911 2197 1972 Infertur
2225 1910 2465 1988 quinto,
2500 1907 2651 1987 quid
2678 1907 3010 1967 dicendum
3030 1905 3109 1965 sit
3128 1903 3206 1963 de
3235 1919 3375 1981 pro-

1847 2009 2094 2078 xeneta,
2125 2003 2255 2062 sive
2282 2002 2700 2062 intercursore
2723 2046 2739 2075 ,
2792 1999 2870 2059 de
2902 2016 3023 2077 quo
3073 1996 3254 2056 multi
3281 1994 3378 2054 di-

1850 2099 1998 2157 cunt
2026 2113 2287 2174 peccare
2318 2097 2537 2155 contra
2555 2092 2886 2173 justitiam,
2921 2089 3172 2169 quando
3204 2090 3377 2149 tenet

1849 2208 1915 2250 se
1946 2208 2016 2247 ex
2049 2191 2225 2265 parte
2264 2185 2532 2247 usurarii
2578 2183 2917 2264 quaerendo
2964 2180 3376 2242 mutuatarios

1851 2280 1959 2360 qui
1985 2280 2065 2340 ad
2096 2297 2350 2339 usuram
2379 2277 2725 2355 accipiant,
2784 2281 2846 2337 et
2890 2294 2994 2337 eos
3040 2274 3117 2335 ad
3159 2290 3378 2334 usura-

1848 2373 2012 2434 rium
2055 2371 2450 2447 adducendo,
2505 2370 2717 2449 eisque
2764 2368 2963 2429 mutui
3014 2366 3377 2444 petitionem

1849 2464 2195 2539 suadend0‚
2230 2481 2386 2542 quos
2418 2465 2596 2522 affert
2620 2508 2635 2537 ,
2688 2466 2750 2521 et
2792 2459 3073 2539 sequitur
3105 2459 3280 2520 Salas
3311 2477 3372 2517 n.

1852 2561 1948 2618 15.
1982 2556 2046 2616 id
2073 2560 2283 2617 tamen
2316 2558 2505 2632 negat
2529 2554 2678 2614 Silv.
2714 2570 2858 2614 cum
2895 2551 3032 2610 aliis
3055 2595 3071 2627 ‚
3106 2568 3263 2629 quos
3292 2549 3377 2607 af-

1848 2649 1970 2709 fert
1997 2647 2171 2707 verb.
2230 2665 2428 2722 usura,
2482 2662 2591 2706 vn.
2645 2664 2705 2724 q.
2760 2648 2818 2705 3.
2870 2642 3121 2722 quando
3176 2641 3379 2701 solum

1850 2744 2224 2820 cooperatur
2252 2739 2332 2799 ad
2361 2742 2648 2798 mutuum
2678 2735 2796 2798 sub
2826 2753 3037 2811 usura,
3073 2751 3195 2793 non
3226 2752 3377 2793 vero

1848 2838 2087 2913 postea,
2123 2836 2194 2892 ut
2221 2850 2411 2892 usura
2438 2831 2724 2908 exigatur
2749 2848 2824 2889 ac
2868 2828 3165 2901 solvatur,
3208 2824 3377 2904 quod

1850 2926 2035 2986 etiam
2067 2924 2252 2985 docet
2279 2926 2448 2984 LeSS.
2485 2942 2547 2982 n.
2583 2925 2717 2983 184.
2743 2923 2866 2981 Nos
2889 2919 3069 2999 juxta
3090 2918 3377 2996 regulam

1849 3021 2125 3077 nostram
2152 3016 2361 3076 dicere
2391 3014 2715 3089 debemus,
2750 3016 2898 3074 tunc
2928 3012 3126 3072 solum
3159 3028 3378 3088 pecca-

1846 3128 1915 3169 re
1946 3114 2163 3170 contra
2184 3107 2526 3187 justitiam,
2562 3106 2811 3185 quando
2846 3104 2979 3184 ejus
3010 3104 3170 3164 actio
3200 3103 3379 3163 fieret

1847 3203 2040 3263 invito
2072 3201 2450 3263 mutuatario
2476 3222 2491 3272 ;
2524 3202 2893 3280 plerumque
2940 3203 3148 3259 autem
3180 3215 3252 3257 eo
3284 3195 3379 3255 in-

1846 3295 1974 3355 vito
2006 3313 2126 3355 non
2160 3294 2287 3369 fiet,
2322 3294 2431 3354 sed
2462 3293 2668 3371 potius
2711 3290 3098 3370 approbante
3145 3292 3208 3349 et
3233 3307 3379 3366 gra-

1845 3388 1963 3449 tias
1991 3390 2241 3465 agente,
2275 3405 2418 3446 cum
2448 3386 2759 3445 desideret
2787 3383 3066 3444 invenire
3087 3385 3377 3442 mutuare

1845 3479 2180 3540 volentem.
2245 3478 2506 3550 Quando
2557 3482 2765 3538 autem
2819 3478 3161 3555 proxeneta
3214 3476 3378 3534 esset

1846 3590 2036 3632 causa
2067 3575 2492 3631 curmutuans
2523 3588 2644 3629 non
2674 3568 2870 3647 gratis
2895 3613 2910 3644 ,
2943 3567 3054 3627 sed
3086 3566 3201 3627 sub
3232 3585 3377 3627 usu—

3522 1910 3643 1969 22¹·

3479 2034 3583 2087 Quid
3617 2034 3670 2077 de

3458 2093 3694 2144 proxeneta.

1841 3664 1928 3723 ris
1960 3666 2244 3738 mutuet,
2283 3663 2379 3721 vel
2434 3661 2599 3740 quod
2642 3666 2859 3740 postea
2905 3660 3112 3738 exigat
3156 3677 3377 3720 usuras
3482 3685 3489 3688 ·

1843 3755 2221 3834 promissaS;
2282 3753 2594 3831 ejusmodi
2648 3752 2925 3814 actiones
2983 3751 3200 3829 procul
3260 3749 3377 3810 du·-

1842 3847 1944 3908 1)ἰο
1976 3851 2160 3907 erunt
2191 3845 2571 3905 mutuatorie
2616 3844 2877 3922 ingratae
2903 3890 2919 3920 ,
2971 3848 3034 3904 et
3076 3843 3377 3903 inducent

1841 3939 2288 4017 obligationem
2318 3936 2709 4012 restituendi,
2743 3937 2904 3996 sicut
2932 3934 3177 3996 etiamsi
3203 3936 3375 3996 falsis

1838 4032 2089 4092 motivis
2119 4032 2324 4110 ipsum
2354 4031 2631 4109 alliceret
2648 4029 2727 4089 ad
2750 4034 3037 4091 mutuum
3067 4028 3375 4107 accipien-

1840 4124 2013 4200 dum,
2040 4123 2177 4203 jam
2207 4124 2371 4184 enim
2415 4122 2820 4184 interveniret
2863 4121 3035 4182 fraus
3081 4125 3144 4182 et
3187 4122 3371 4182 dolus

1838 4216 2128 4298 injustus,

1919 4311 2189 4371 Infertur
2216 4313 2388 4370 sexto
2414 4356 2429 4386 ‚
2472 4308 2620 4387 quid
2653 4308 2991 4369 dicendum
3021 4307 3100 4368 sit
3142 4307 3219 4367 de
3265 4325 3374 4368 no·

1837 4402 1997 4463 tario
2021 4449 2037 4478 ,
2100 4421 2210 4461 seu
2267 4402 2603 4464 tabellione
2659 4401 2925 4462 faciente
2990 4400 3367 4480 scripturam

1837 4499 2195 4557 contractus
2243 4494 2558 4554 usurarii?
2607 4496 2695 4554 De
2743 4493 2863 4554 hoo
2892 4497 3103 4555 tamen
3155 4492 3372 4554 dicen-

1838 4587 1987 4647 dum
2019 4593 2112 4647 est
2141 4587 2303 4646 infra
2333 4587 2492 4664 disp.
2529 4603 2650 4646 xm.
2686 4590 2837 4646 sect.
2874 4590 2931 4647 2.
2968 4587 3075 4646 ubi
3113 4605 3371 4663 agemus

1835 4679 1913 4739 de
1943 4679 2428 4758 obligationibus
2447 4678 2706 4756 justitiae
2738 4678 3193 4756 pertinentibus
3223 4696 3366 4756 spe-

1835 4772 2075 4832 cialiter
2104 4771 2183 4831 ad
2214 4771 2580 4831 tabelliones
2611 4775 2673 4830 et
2702 4771 2997 4831 notarios,

1913 4865 2183 4924 Intertur
2210 4864 2497 4942 septime,
2535 4864 2685 4941 quid
2715 4863 3050 4923 dicendum
3080 4864 3160 4925 sit
3186 4863 3264 4923 de
3285 4863 3369 4923 lo-

1835 4962 2015 5018 cante
2059 4958 2319 5016 domum
2364 4957 2652 5016 usurario
2686 4977 2698 5018 :
2734 4956 2811 5015 de
2862 4975 2984 5034 quo
3029 4959 3256 5017 Navar.
3306 4956 3397 5016 in·

1832 5049 2096 5109 manuali
2119 5068 2176 5109 c.
2211 5066 2364 5108 xvu.
2402 5068 2463 5109 n.
2504 5052 2633 5109 195.
2671 5066 2858 5128 quem
2905 5048 3184 5126 sequitur
3214 5048 3366 5109 Mal-

1834 5142 2022 5201 derus
2054 5142 2161 5201 ubi
2189 5161 2359 5221 supr.
2396 5141 2596 5202 concl.
2630 5157 2714 5201 1x.
2738 5139 2909 5215 dicit,
2933 5158 3197 5218 peccare.
3219 5159 3370 5200 con-

1831 5239 1930 5296 tra
1952 5234 2286 5313 justitiam,
2321 5238 2383 5295 et
2411 5233 2609 5294 teneri
2639 5233 2717 5292 ad
2747 5232 3228 5308 restitutionem,
3261 5233 3368 5312 qui

1830 5332 2167 5387 moventur
2194 5347 2268 5386 ex
2299 5328 2360 5388 d.
2395 5346 2449 5388 c.
2484 5329 2529 5387 1.
2563 5326 2632 5387 de
2658 5345 2819 5386 usur.
2854 5325 2961 5385 lib.
3000 5342 3084 5386 v1.
3121 5325 3228 5385 ubi
3258 5344 3366 5385 ex-

1827 5420 2372 5481 communicantur
2399 5419 2505 5500 qui
2534 5418 2818 5480 usurario
2850 5418 3219 5497 alienigenae
3253 5419 3365 5480 do-

3517 4874 3631 4930 222

3471 4975 3573 5046 ohta
3606 4997 3658 5038 de

3437 5047 3598 5092 locante
3617 5051 3697 5093 do·

3416 5112 3526 5144 mum
3551 5116 3715 5167 ’unln-

3526 5169 3604 5198 no.
