4263 6376
656 1489 734 1548 69

536 1611 705 1654 Set-,lusa
737 1614 831 1667 lege

534 1664 723 1718 humana.
747 1670 829 1713 ds·-

550 1718 619 1760 bot
639 1723 744 1764 solvi
762 1736 811 1766 ex

559 1772 656 1814 ludo
673 1774 800 1829 justo.

617 3068 698 3127 70

534 3192 595 3235 De
620 3195 727 3236 facto
745 3209 795 3239 an

530 3245 583 3287 sit
602 3247 799 3300 obligatio

539 3300 722 3344 solvendi
743 3304 784 3347 in

528 3354 794 3403 conscientia.

891 296 1011 357 522

1373 808 1793 900 snc'rlo
1873 818 1954 907 V.

1003 1107 1093 1170 De
1122 1110 1473 1195 obltyatione
1506 1118 1770 1182 solvendi
1801 1122 2027 1187 lucrum
2055 1146 2130 1189 esc
2161 1129 2295 1191 ludo

1490 1224 1807 1302 prohibite.

962 1479 1052 1540 De
1081 1478 1201 1542 hoc
1228 1482 1465 1564 aliquid
1494 1487 1732 1551 dictum
1762 1498 1856 1555 est
1871 1497 2146 1559 sectione
2174 1519 2412 1580 praece-

883 1567 1055 1632 denti
1100 1575 1343 1652 agendo
1391 1577 1469 1638 de
1509 1580 1803 1644 facultate
1855 1586 2154 1651 lucrantis
2193 1593 2274 1653 ad
2314 1594 2411 1655 lu-

880 1679 1058 1723 crum
1086 1668 1485 1731 retinendum
1517 1693 1530 1734 :
1567 1692 1733 1737 nunc
1752 1680 2014 1741 seorsim
2043 1682 2121 1742 de
2151 1685 2409 1748 faculta-

878 1757 938 1814 te
968 1754 1113 1818 victi
1142 1758 1221 1819 ad
1251 1780 1378 1823 non
1408 1765 1780 1829 solvendum
1808 1770 2147 1835 dicendum
2179 1782 2294 1841 est.
2332 1782 2409 1842 Et

875 1847 1078 1925 primo
1109 1855 1348 1915 certum
1375 1856 1645 1937 videtur,
1680 1862 1758 1922 de
1781 1863 1924 1943 jure
1945 1873 2185 1930 naturae
2215 1876 2280 1934 et
2303 1892 2405 1934 se-

875 1939 1047 2002 cluso
1105 1945 1275 2008 omni
1322 1947 1466 2029 jure
1516 1950 1791 2016 humano
1836 1959 2125 2038 positivo,
2171 1962 2404 2027 debere

873 2032 1110 2096 victum
1138 2038 1381 2101 solvere
1427 2045 1597 2122 quod
1637 2047 1948 2126 perdidit;
1981 2070 2122 2113 cum
2155 2062 2405 2119 eontra-

873 2128 1010 2187 ctus
1063 2128 1197 2190 ludi
1235 2132 1442 2211 justus
1483 2136 1564 2199 sit
1610 2144 1673 2200 et
1724 2143 2005 2221 aequalis,
2058 2151 2121 2207 et
2167 2149 2404 2230 obliget

871 2222 1209 2301 utrumque
1258 2228 1731 2293 contrahentem
1776 2235 1859 2295 ad
1910 2236 2084 2298 illum
2141 2241 2401 2322 implen-

871 2310 1043 2375 dum.
1080 2314 1258 2387 Quod
1288 2338 1506 2381 verum
1526 2324 1715 2386 etiam
1744 2328 1882 2406 erit,
1914 2330 1968 2390 si
1994 2331 2092 2392 lex
2120 2334 2400 2399 humana

869 2405 1229 2482 prohiberet
1272 2410 1507 2473 ludum*
1548 2417 1846 2497 aliquem,
1912 2441 2035 2484 non
2092 2426 2396 2493 irritando

869 2502 1409 2581 contractum‚nec
1424 2511 1829 2574 concedendo
1845 2517 2311 2599 repetitionem,
2336 2528 2405 2586 ut

868 2593 1043 2654 notat
1087 2594 1319 2658 Molina
1365 2599 1525 2679 disp.
1580 2607 1719 2666 515.
1768 2608 1966 2669 concl.
2002 2613 2057 2670 1.
2093 2613 2260 2673 unde
2298 2615 2399 2676 in-

867 2682 1007 2761 fert,
1057 2685 1122 2746 in
1152 2689 1494 2770 Lusitania,
1531 2695 1637 2755 ubi
1663 2697 1851 2759 ludus
1879 2703 2252 2779 prohibetur
2279 2710 2395 2771 sub

863 2777 1089 2855 poeniS,
1148 2786 1212 2843 et
1262 2802 1387 2845 non
1445 2789 1805 2851 conceditur
1887 2796 2199 2874 repetitio,
2258 2819 2394 2863 esse

867 2869 1122 2948 quidem
1152 2873 1601 2954 obligationem
1629 2883 1917 2945 solvendi
1947 2887 2164 2950 victori
2196 2894 2396 2954 totum

865 2962 1130 3028 lucrum.

948 3058 1217 3121 Dubium
1270 3064 1547 3142 primum
1590 3073 1703 3146 est,
1754 3089 1835 3131 an
1865 3073 1944 3134 de
1989 3075 2150 3137 facto
2197 3078 2397 3141 victus

862 3154 1153 3213 teneatur
1179 3154 1242 3215 in
1272 3158 1656 3223 conscientia
1682 3162 1924 3227 solvere
1953 3169 2123 3247 quod
2154 3163 2394 3234 credito

864 3244 1178 3321 perdidit?
1244 3250 1580 3315 Affirmant
1630 3256 1905 3319 Joannes
1976 3261 2249 3342 Mediua,
2332 3272 2395 3329 et

861 3337 1077 3399 Castro
1106 3342 1274 3419 apud
1302 3344 1600 3406 Molinam
1621 3348 1729 3409 ubi
1750 3370 1960 3430 supra,
1987 3355 2213 3433 quibus
2242 3377 2393 3420 con-

857 3430 1136 3495 sentiunt
1162 3435 1454 3497 Corduba
1480 3438 1545 3498 in
1587 3439 1814 3504 Summ.
1849 3463 1911 3524 q.
1936 3461 2124 3509 xcvu.
2162 3451 2390 3511 Conra-

857 3520 975 3582 dus
1005 3541 1065 3602 q.
1102 3542 1304 3589 cxcvl.
1354 3530 1575 3592 Garzia
1619 3532 1691 3594 de
1733 3538 2075 3599 contractet.
2112 3547 2276 3618 part.
2312 3560 2380 3604 11.

856 3634 962 3695 qu.
999 3622 1095 3679 19.
1129 3622 1313 3682 Azor.
1349 3622 1514 3685 dicto
1542 3625 1650 3687 lib.
1675 3644 1734 3688 v.
1752 3646 1890 3707 cap.
1916 3646 2087 3692 xxlv.
2106 3652 2299 3713 quaeS.
2321 3640 2380 3698 7.

854 3709 1003 3788 quia
1029 3716 1389 3777 contractus
1417 3716 1660 3796 legibus
1690 3720 1982 3784 humanis
2013 3744 2140 3787 non
2169 3727 2385 3789 irrita-

852 3805 985 3877 tur;
1037 3822 1187 3883 ergo
1217 3814 1432 3871 manet
1480 3811 1760 3887 validus;
1795 3833 1943 3893 ergo
1992 3818 2102 3879 dat
2123 3818 2228 3898 jus
2261 3820 2384 3882 vic-

850 3895 970 3959 tori
1001 3896 1080 3959 ad
1108 3897 1352 3960 lucrum
1386 3921 1400 3962 :
1436 3905 1765 3981 promissio
1797 3907 1964 3970 enim
1994 3916 2237 3989 mutua,
2271 3934 2386 3975 va-

848 3988 998 4067 lida,
1031 4008 1318 4070 onerosa,
1345 3999 1408 4057 et
1434 4003 1776 4076 acceptata,
1799 4000 1988 4064 debet
1997 4002 2102 4082 jus
2125 4004 2380 4085 aliquod

851 4100 926 4142 ex
946 4081 1190 4162 justitia
1211 4104 1456 4165 parere,
1489 4093 1554 4154 et
1579 4109 1694 4169 per
1718 4111 2110 4175 consequens
2140 4098 2381 4178 obliga-

851 4174 1087 4237 tionem
1140 4178 1207 4238 in
1262 4181 1690 4259 promittente.
1749 4186 1869 4248 Alii
1928 4195 2163 4267 negant
2188 4191 2378 4253 talem

846 4267 1313 4349 obligationem,
1348 4274 1496 4352 quia
1526 4278 1627 4338 cui
1647 4277 1791 4357 jure
1821 4282 2186 4347 conceditur
2213 4286 2376 4346 actio

844 4361 927 4421 ad
982 4356 1396 4442 repetendum
1453 4372 1516 4430 et
1569 4371 1912 4451 agendum,
1966 4374 2155 4437 datur
2185 4378 2377 4439 etiam

845 4456 1126 4534 exceptio
1173 4458 1256 4519 ad
1285 4479 1411 4520 non
1448 4463 1842 4542 solvendum,
1875 4467 1917 4528 l.
1968 4468 2201 4546 invitm,
2238 4474 2373 4532 199.

842 4548 900 4627 ἓ.
944 4548 994 4610 C
996 4549 1061 4608 ui
1083 4548 1307 4626 damus,
1344 4555 1408 4613 ff.
1460 4552 1531 4616 de
1559 4556 1777 4637 requlis
1786 4558 1974 4639 juris.
2008 4562 2101 4622 Ita
2146 4562 2380 4624 Molina

843 4641 984 4703 loco
1016 4641 1227 4720 citato,
1274 4647 1445 4708 Less.
1480 4647 1633 4709 dub.
1667 4666 1752 4711 1v.
1790 4652 1995 4729 SotuS,
2030 4654 2373 4732 Adrianus),

845 4736 1222 4813 AragoniuS,
1275 4740 1713 4820 CovarruviaS,
1771 4745 2110 4823 Navarrus,
2173 4752 2234 4808 et
2274 4748 2379 4808 alii

847 4845 1005 4907 quos
1050 4830 1233 4892 affert
1278 4831 1455 4893 Salas
1503 4833 1654 4896 dub.
1688 4853 1859 4898 xxw.
1896 4857 1957 4899 n.
2006 4844 2067 4899 2.
2101 4839 2209 4919 qui
2250 4845 2377 4902 ter-

848 4919 1002 4982 tiam
1049 4924 1424 4986 sententiam
1471 4928 1872 5006 amplectitur
1899 4951 1959 4991 n.
1994 4936 2053 4995 4.
2088 4951 2232 4993 cum
2262 4937 2380 4994 Re-

850 5012 1035 5091 hello,
1084 5020 1148 5077 et
1175 5017 1484 5096 Valentia,
1520 5039 1745 5100 nempe
1774 5042 1958 5100 posse
1989 5024 2224 5086 victum
2256 5045 2379 5087 non

849 5107 1114 5185 solvere,
1165 5109 1218 5169 si
1244 5115 1417 5189 petat
1443 5112 1767 5192 injudicio
1805 5121 1874 5177 ut
1915 5123 2197 5179 cassetur
2236 5138 2382 5198 pro-

850 5200 1092 5275 missio;
1127 5220 1253 5262 non
1284 5207 1492 5265 tamen
1522 5225 1704 5285 posse
1734 5213 1908 5270 extra
1930 5209 2242 5289 judicium
2271 5231 2383 5272 au-

852 5293 1140 5357 ctoritate
1169 5297 1423 5375 propria
1451 5317 1577 5358 non
1605 5300 1871 5363 solvere.
1905 5304 1992 5363 De
2022 5301 2143 5364 hoc
2171 5308 2384 5365 tamen

853 5386 983 5447 dixi
1010 5406 1087 5448 ex
1114 5389 1395 5466 professo
1427 5390 1587 5471 disp.
1620 5410 1774 5455 xxn.
1809 5394 1878 5456 de
1906 5395 2294 5457 contractibus
2323 5396 2385 5456 in

853 5480 1162 5556 communi,
1198 5485 1351 5544 sect.
1388 5485 1481 5545 10.
1520 5484 1627 5545 ubi
1657 5486 1819 5547 hanc
1849 5488 2103 5550 tertiam
2134 5493 2386 5551 senten-

2048 313 2152 375 DE}
2192 315 2549 378 Jns'rl'rlA
2595 319 2697 380 ΕΤ
2736 322 2939 384 sumt

2520 495 2673 557 tiam
2695 499 3088 576 probabilem
3107 503 3269 580 dixu
3303 507 3506 586 magis
3523 516 3731 572 autem
3749 512 3979 579 inclinavi

2521 589 2584 649 in
2598 593 2975 654 sententiam
2990 598 3333 659 secundam
3348 601 3597 663 Molinae
3611 609 3673 664 et
3685 606 3982 683 aliorum,et

2520 689 2892 760 argumenta
2923 691 3237 752 contraria
3262 692 3541 756 dissolvi.
3575 698 3626 756 N
3632 716 3750 758 unc
3781 699 3984 764 adverto

2519 774 2742 852 primo,
2771 780 3020 856 quando
3043 782 3138 842 lex
3167 784 3371 847 irritat
3388 789 3871 868 promissionem,
3896 813 3984 854 non

2518 885 2654 928 esse
2684 869 2945 932 dubium
2985 876 3155 953 quod
3187 879 3384 955 possit
3411 898 3539 941 non
3566 883 3821 960 solvere,
3847 895 3986 963 prout

2516 959 2785 1023 irritavit
2814 964 2913 1024 lex
2943 968 3221 1046 Hispana
3249 973 3454 1033 Caroli
3483 975 3558 1035 V.
3593 975 3659 1034 in
3684 976 3758 1036 iis
3774 978 3866 1055 qni
3888 997 3984 1039 cre-

2515 1052 2646 1114 dito
2675 1054 2920 1119 ludunt.
2954 1059 3232 1124 Adverto
3261 1066 3560 1143 secundo,
3597 1068 3872 1130 Molinam
3894 1089 3985 1132 non

2516 1145 2718 1206 videri
2765 1150 2915 1210 satis
2958 1162 3415 1234 consequenter
3461 1159 3630 1222 banc
3675 1165 3985 1224 sententiam

2518 1236 2764 1300 docere.
2802 1242 2867 1302 Si
2896 1243 3063 1304 enim
3089 1249 3374 1327 repetitio
3404 1250 3559 1312 lucri
3594 1254 3985 1318 concederetur

2513 1330 2678 1393 victo
2708 1333 2911 1394 solum
2939 1341 3010 1398 ut
3049 1355 3259 1416 poena,
3292 1360 3437 1404 cum
3480 1344 3624 1406 baec
3651 1365 3772 1407 non
3804 1348 3983 1409 debes·

2511 1426 2616 1484 tur
2644 1425 2763 1485 nisi
2798 1432 2942 1505 post
2985 1429 3210 1509 judicis
3253 1438 3634 1498 sententiam
3667 1444 3727 1501 et
3752 1452 3985 1501 conaem-

2513 1516 2854 1595 nationem‚
2903 1540 3030 1582 non
3061 1530 3272 1603 posset
3317 1529 3522 1589 victus
3549 1533 3801 1611 propria
3825 1539 3985 1594 aucto-

2509 1609 2693 1671 ritate
2725 1630 2977 1688 poenam
3005 1618 3286 1679 nondum
3314 1620 3594 1682 debitam
3626 1631 3767 1686 ante
3790 1632 3985 1686 senten·

2509 1703 2662 1763 tiam
2713 1706 2974 1769 Judicis.
3034 1712 3127 1770 An
3184 1730 3335 1773 vero
3383 1716 3646 1792 quando
3675 1718 3858 1778 victus
3892 1738 3982 1780 nou

2509 1796 2770 1861 auderet
2797 1806 3053 1879 propter
3079 1822 3258 1865 suum
3291 1806 3602 1869 honorem
3619 1815 3823 1888 petere
3845 1812 3897 1871 in
3913 1811 3983 1891 ju·

2507 1888 2669 1951 dicio
2717 1893 3173 1956 restitutionem
3219 1898 3397 1975 lucri,
3449 1903 3652 1978 possit
3679 1903 3870 1963 adbuc
3891 1923 3982 1964 non

2505 1982 2768 2060 solvere,
2802 1984 2928 2045 dixi
2957 1992 3109 2050 sect.
3141 1989 3246 2050 illa
3277 1994 3375 2054 10.
3413 1994 3520 2054 ubi
3547 1995 3752 2055 videri
3779 2001 3984 2074 possunt

2505 2093 2645 2153 quae
2681 2076 2764 2137 ad
2796 2077 2913 2139 hoc
2959 2086 3259 2158 punctum
3306 2085 3650 2164 pertinent,
3704 2106 3779 2149 ne
3804 2089 3980 2150 iterum

2502 2173 2887 2246 repetantur.

2580 2262 2870 2323 Secundo
2902 2264 3176 2328 dubitari
3203 2267 3383 2345 solet,
3416 2289 3498 2330 an
3541 2276 3866 2353 postquam
3888 2276 3980 2336 vic·

2501 2355 2599 2413 tus
2628 2354 2812 2415 solvit
2830 2357 2999 2435 quod
3038 2359 3278 2421 solvere
3334 2380 3461 2422 non
3489 2363 3787 2442 debebat,
3831 2370 3982 2446 pofflt

2499 2445 2590 2505 uti
2605 2450 3113 2524 compensatione
3140 2453 3386 2515 occulta
3414 2455 3494 2515 ad
3525 2460 3980 2538 recuperandum

2499 2538 2668 2616 quod
2698 2540 2920 2601 solvit?
2971 2544 3221 2604 Partem
3269 2546 3698 2611 affirmantem
3749 2554 3980 2613 tribuunt

2498 2630 2774 2691 Adriano
2805 2633 3034 2694 Sanch.
3068 2636 3218 2698 dub.
3252 2654 3321 2699 11.
3356 2659 3464 2701 nu.
3499 2645 3561 2702 5.
3597 2648 3664 2705 et
3691 2644 3790 2704 alii
3815 2645 3974 2706 multi.

2498 2723 2623 2784 Sed
2654 2728 2861 2784 tamen
2893 2726 3106 2789 Molin.
3147 2729 3308 2809 disp.
3340 2735 3481 2793 514.
3519 2734 3687 2796 bene
3717 2742 3874 2798 notat
3894 2738 3977 2796 fal·

2495 2833 2563 2875 so
2593 2814 2655 2875 id
2687 2816 2741 2876 ei
2770 2817 2983 2879 tribui.
3017 2821 3172 2880 Eam
3202 2826 3412 2883 tamen
3465 2829 3840 2889 sententiam
3876 2847 3981 2908 pro-

2495 2907 2770 2968 babilem
2799 2910 2956 2972 dixit
2981 2914 3215 2990 Angles
3261 2915 3321 2974 in
3345 2916 3590 2996 floribus
3640 2936 3710 2981 11.
3769 2927 3891 3000 pari
3931 2941 3977 3000 q.

2496 2999 2565 3061 de
2595 3001 2951 3064 restitutione
2980 3003 3123 3080 ludi,
3158 3007 3309 3069 dub.
3366 3025 3431 3070 x.
3492 3012 3879 3074 Contrarium
3915 3018 3981 3074 ta·

2495 3112 2639 3154 men
2670 3094 2898 3155 docent
2926 3096 3058 3174 ipse
3114 3100 3368 3178 AngleS,
3426 3103 3763 3181 Ledesma,
3812 3109 3975 3178 sotus,

2493 3187 2866 3265 AragoniuS,
2901 3195 2963 3251 et
2988 3190 3090 3252 alii
3149 3211 3366 3255 omnes
3421 3215 3579 3274 quos
3638 3200 3892 3261 afferunt
3931 3206 3980 3260 et

2492 3284 2840 3359 sequuntur
2892 3284 3174 3345 Sanchez
3203 3286 3340 3348 loco
3376 3288 3590 3365 citato,
3652 3292 3824 3353 Salas
3854 3292 3971 3352 dub.

2491 3389 2710 3434 xxvm.
2744 3374 2976 3435 Molina
3007 3377 3110 3437 ubi
3138 3385 3423 3458 supra,et
3439 3381 3545 3441 alii
3572 3386 3974 3456 communiter,

2488 3483 2679 3546 quam
2706 3468 2895 3528 etiam
2922 3471 3295 3532 sententiam
3341 3474 3672 3551 amplexus
3697 3496 3829 3538 sum
3847 3477 3978 3537 dicta

2484 3562 2635 3620 sect.
2681 3562 2777 3621 10.
2812 3560 2930 3620 nisi
2956 3562 3116 3623 forte
3144 3563 3346 3625 victor
3391 3565 3622 3644 injuste
3679 3570 3975 3648 impediret

2483 3653 2916 3729 repetitionem
2973 3673 3185 3716 coram
3243 3656 3269 3735 j
3280 3659 3460 3720 udice
3518 3662 3851 3738 petendam
3899 3662 3974 3721 vel

2483 3746 2937 3824 exequendam.
2973 3749 3040 3809 Si
3093 3754 3306 3810 autem
3342 3750 3544 3829 judex
3595 3754 3736 3833 ipse
3783 3756 3974 3835 injuste

2481 3838 2916 3915 repetitionem
2986 3847 3268 3919 negaret,
3354 3850 3568 3923 posset
3637 3848 3832 3908 victus
3876 3865 3973 3906 non

2482 3930 2738 4008 quidem
2767 3951 2802 3991 a
2830 3932 3086 4010 victore,
3120 3936 3231 3996 sed
3272 3955 3313 3997 a
3333 3937 3549 4016 judice
3579 3958 3694 4017 per
3711 3959 3970 4019 compen·

2480 4025 2785 4085 sationem
2834 4027 2951 4086 sibi
2980 4026 3279 4089 damnum
3308 4030 3463 4091 illud
3503 4031 3734 4111 injuste
3771 4033 3972 4094 illatum

2477 4116 2802 4193 resarcire,
2837 4121 2905 4179 ut
2932 4119 3058 4180 dixi
3087 4120 3225 4181 loco
3246 4122 3457 4185 citato.

4064 2299 4097 2351 71

4009 2421 4096 2470 spei

4009 2483 4096 2524 ml

4022 2531 4096 2566 aaa

4020 2592 4096 2630 m

2556 4209 2765 4271 Tertio
2784 4209 3124 4289 dubitatur,
3168 4231 3247 4273 an
3302 4215 3503 4277 victus
3548 4218 3748 4296 possit
3770 4216 3967 4296 pacisci
4063 4240 4097 4292 Ti

2477 4320 2622 4363 cum
2650 4302 2885 4364 victore
2913 4310 2982 4365 ut
3016 4306 3243 4368 reddat
3265 4309 3385 4369 sibi
3432 4314 3676 4389 partem
3703 4311 3872 4383 lueri,
3907 4328 3967 4368 ne

4000 4365 4096 4414 me

4017 4428 4066 4455 H

2478 4395 2914 4473 repetitionem
2951 4398 3261 4476 integram
3306 4402 3476 4479 apud
3498 4401 3776 4481 judicem
3804 4406 3967 4483 petat.
4079 4427 4096 4449 =

2480 4490 2565 4548 De
2598 4489 2715 4550 boc
2737 4489 2923 4550 etiam
2954 4491 3080 4551 dixi
3110 4492 3214 4552 illa
3243 4499 3393 4556 sect.
3429 4498 3526 4556 10.
3550 4501 3613 4558 et
3651 4497 3970 4560 comedunt

2477 4580 2640 4642 bene
2668 4583 2919 4658 Molina,
2946 4588 3008 4644 et
3038 4586 3215 4646 Salas
3248 4586 3399 4647 locis
3431 4587 3656 4666 citatis,
3706 4590 3811 4669 qui
3835 4590 3971 4650 bene

2479 4674 2815 4737 advertunt
2843 4695 2967 4736 non
3001 4697 3184 4755 posse
3212 4679 3278 4739 id
3317 4681 3475 4756 fieri,
3526 4683 3774 4761 quando
3802 4684 3972 4742 victus

2481 4785 2627 4828 vere
2650 4768 2926 4830 babebat
2940 4771 3220 4831 animum
3251 4791 3376 4834 non
3404 4776 3725 4852 repetendi
3745 4777 3804 4836 in
3823 4774 3974 4855 judi·

2480 4860 2599 4935 cio,
2633 4861 2782 4940 quia
2809 4881 2923 4940 per
2949 4863 3164 4923 dolum
3213 4869 3278 4925 et
3332 4865 3623 4928 fraudem
3676 4874 3974 4945 cogeretur

2481 4953 2679 5013 victor
2707 4953 2788 5013 ad
2815 4956 3310 5034 transigendum,
3344 4959 3517 5037 quod
3545 4960 3727 5022 etiam
3755 4960 3877 5020 dixi
3897 4959 3975 5018 lo-

2483 5063 2556 5105 co
2586 5046 2796 5118 citato,
2826 5049 3111 5125 quamvis
3139 5053 3308 5111 Less.
3343 5071 3452 5113 nu.
3485 5056 3585 5115 23.
3615 5052 3971 5115 contrarium

2482 5141 2677 5216 putet,
2704 5143 2767 5200 et
2788 5138 2926 5201 haec
2952 5140 3030 5202 de
3058 5142 3206 5203 ludo
3236 5146 3568 5207 sufficiant.

4022 4483 4052 4510 fl!

4037 4530 4097 4559 U

4048 4574 4096 4627 μ
