4263 6376
1318 391 1787 453 DISPUTATIO
1833 391 2021 469 XXV,
2070 391 2344 452 SEc'rlo
2390 391 2435 454 Ι.
3326 395 3436 454 165

351 570 407 651 5.
439 570 619 634 Unio.
655 578 739 634 De
753 569 1036 655 pecunia
1062 577 1289 634 mutu-o
1323 568 1476 632 data
1506 588 1585 631 an
1612 567 1803 647 pos-sic

436 663 509 728 ι’-η
536 671 789 728 moneta
826 663 1097 748 ejusdem
1143 661 1399 748 speciei,
1458 673 1515 726 ct
1546 682 1681 726 non
1709 680 1804 725 so-

434 756 570 821 lum
601 756 870 841 q'usdcm
893 755 1135 821 valoris
1160 754 1352 839 eripi.

274 913 495 974 St-:cno
524 914 683 973 vul.
741 918 961 975 Utrum
987 910 1065 975 sit
1095 909 1802 998 usurasructuspiqno-

347 1004 439 1068 ris
464 1024 605 1068 non
634 1014 1009 1090 computare
1039 1005 1110 1069 in
1136 1011 1402 1080 sortem,
1457 1013 1513 1068 et
1543 1004 1702 1089 quid
1730 1003 1803 1067 de

337 1098 623 1183 pignore
639 1118 768 1184 pro
801 1099 964 1174 dote,
1004 1097 1117 1162 nbi
1145 1099 1339 1163 ctiam
1370 1099 1444 1162 de
1468 1099 1596 1182 leqe
1626 1117 1804 1161 com·

346 1209 667 1255 mma-rw.

346 1311 400 1390 ξ.
432 1310 618 1374 Unic.
656 1318 740 1375 De
758 1319 946 1396 pacto
978 1309 1131 1396 leyis
1162 1311 1633 1377 commissariae.

268 1466 485 1528 Saeuo
515 1468 622 1527 IX.
676 1473 894 1531 Utrum
919 1515 933 1542 ,
973 1473 1030 1530 et
1054 1466 1315 1550 quando
1359 1486 1430 1529 ex
1459 1473 1799 1530 contractu

342 1559 648 1622 mura-rio
693 1557 866 1624 bona
908 1560 1033 1642 fide
1087 1558 1262 1645 sacco
1299 1559 1499 1644 possit
1548 1558 1799 1624 lucrum

340 1652 652 1728 retineri,
687 1653 858 1738 quod
888 1673 959 1716 ec
1002 1651 1537 1736 contractajusro
1571 1650 1797 1717 haberi

339 1745 669 1830 potuisset.

265 1902 481 1963 Sscno
512 1902 594 1961 X.
632 1907 851 1965 Utrum
878 1919 1060 1964 mons
1072 1898 1347 1979 pietatis,
1383 1898 1583 1963 etalii
1612 1919 1796 1963 mon-

341 2001 423 2057 tes
452 2012 718 2058 usuram
748 1993 1143 2057 contineant.

339 2113 394 2190 ἒ.
428 2111 619 2175 Unic.
670 2119 755 2175 De
786 2110 1110 2176 montibus
1140 2109 1320 2187 aliis,
1354 2111 1467 2196 qui
1496 2111 1794 2196 maqisin

413 2226 538 2269 usu
570 2217 745 2270 sune.

263 2361 481 2421 Saeuo
510 2361 617 2420 xl.
654 2367 738 2423 De
764 2357 1158 2442 obliqatione
1185 2409 1203 2435 ,
1239 2364 1296 2421 et
1327 2358 1527 2441 poenis
1556 2379 1793 2423 usura-

337 2451 445 2525 rii,
476 2450 599 2517 ubi
625 2452 700 2516 de
731 2451 864 2537 ejas
900 2450 1144 2516 kaercde
1174 2451 1248 2515 de
1278 2450 1788 2535 cooperantibtw,

337 2545 432 2610 vel
461 2544 926 2627 accipientibus
954 2545 1032 2609 ab
1058 2544 1191 2608 illo.

338 2665 387 2744 5.
430 2669 488 2726 1.
523 2672 610 2729 Dc
632 2662 1033 2728 mutuatario
1067 2683 1155 2728 an
1168 2670 1374 2747 peccet
1403 2661 1795 2748 inpetitione

412 2756 630 2821 mutui
656 2757 771 2821 sub
800 2756 1046 2820 usu-ris.

338 2878 390 2957 g.
436 2883 497 2940 Ξ.
554 2885 643 2941 De
673 2876 915 2940 herede
946 2875 1236 2940 usurarii
1280 2883 1334 2941 et
1363 2875 1497 2956 ejus
1541 2874 1793 2960 obliqu-

415 2971 611 3035 tione.

337 3090 389 3170 ἓ.
417 3090 481 3153 3.
510 3096 600 3153 De
620 3088 820 3174 poenis
849 3088 1326 3153 usurariorum.

338 3212 390 3292 g.
424 3214 484 3275 4.
544 3218 646 3275 An
694 3209 767 3275 in
822 3209 1089 3276 crimine
1134 3226 1347 3275 usn-ree
1381 3209 1462 3273 sit
1500 3209 1792 3294 parvitas

409 3303 726 3369 materiae.

339 3605 682 3667 Veniamus
690 3604 823 3685 jam
852 3606 933 3666 ad
955 3609 1311 3667 contractus
1333 3624 1652 3681 onerosOS,
1688 3603 1791 3684 qui

264 3700 456 3777 magis
508 3698 767 3779 proprie
822 3702 1179 3759 contractus
1234 3704 1413 3775 sunt,
1475 3702 1536 3759 et
1592 3698 1792 3775 magis

265 3797 544 3872 spectant
573 3792 654 3851 ad
689 3791 1048 3869 theolog05‚
1085 3797 1149 3851 et
1177 3791 1548 3869 incipiamus
1579 3809 1615 3849 a
1646 3808 1787 3849 mu-

265 3890 387 3961 tuo,
415 3891 551 3947 tum
582 3885 732 3964 quia
763 3884 963 3962 magis
992 3884 1254 3963 simplex
1280 3887 1637 3944 contractus
1667 3887 1788 3954 est;

266 3982 388 4039 tum
409 3978 557 4057 quia
573 3996 721 4038 cum
742 3995 814 4037 eo
837 3976 1245 4056 conjungitur
1278 3976 1628 4036 necessario
1658 3980 1793 4036 tra-

268 4072 446 4131 ctatio
477 4071 556 4131 de
586 4088 806 4146 usura,
839 4068 1017 4149 cujus
1061 4069 1279 4131 notitia
1323 4069 1674 4129 necessaria
1703 4072 1797 4129 est

268 4163 512 4224 omnino
536 4163 619 4223 ad
643 4180 862 4221 omnes
885 4166 1241 4223 contractus
1264 4167 1617 4240 sequenteS‚
1652 4179 1794 4221 cum

267 4256 632 4335 plerumque
663 4272 881 4315 omnes
921 4254 1050 4314 fere
1087 4254 1487 4315 difficultates
1516 4254 1797 4315 oriantur

270 4365 337 4407 ex
366 4366 437 4408 eo
470 4394 486 4424 ,
519 4347 695 4427 quod
721 4347 1069 4427 periculum
1100 4345 1212 4422 sit,
1260 4365 1337 4406 ue
1368 4347 1577 4426 aliqua
1606 4365 1796 4407 usura

268 4439 527 4501 admista
556 4442 661 4501 sit.
696 4444 899 4511 Quare
929 4444 1173 4518 oportet
1193 4439 1394 4518 primo
1424 4440 1559 4500 loco
1592 4458 1795 4499 usura}

271 4533 545 4593 notitiam
593 4531 979 4613 praemittere
1027 4549 1167 4610 qum
1197 4531 1474 4610 separari
1518 4550 1641 4592 nou
1691 4551 1796 4611 po-

270 4628 384 4685 test
407 4645 446 4685 a
474 4624 899 4704 disputatione
931 4624 1007 4683 de
1037 4628 1287 4699 mutu0,
1321 4643 1463 4684 cum
1493 4629 1623 4693 tota
1651 4643 1795 4684 mu-

270 4717 352 4778 tui
373 4717 614 4795 justitia
643 4718 742 4777 vel
771 4716 1073 4796 injustitia
1102 4716 1400 4778 consistat
1420 4718 1479 4776 in
1504 4736 1601 4793 00,
1628 4719 1794 4797 quod

272 4809 447 4887 nihil,
481 4811 581 4871 vel
612 4809 849 4890 aliquid
878 4809 956 4870 de
984 4827 1175 4870 usura
1201 4809 1595 4872 interveniat.

2389 901 2809 984 sssc'rlo
2897 903 2945 988 Ι.

1901 1221 1986 1278 De
2014 1224 2256 1292 mutuo,
2289 1216 2478 1301 qaid,
2527 1217 2583 1281 εἰ
2612 1215 2958 1302 quotuplex
2983 1226 3083 1294 sit,
3144 1225 3200 1282 ct
3223 1219 3335 1303 qui
3361 1238 3433 1282 ec

2293 1321 2426 1406 ipso
2461 1321 2748 1406 obliqari
2761 1323 3031 1408 possint.

1974 1584 2256 1645 Mutuum
2290 1585 2390 1645 hic
2413 1604 2534 1646 non
2557 1586 2858 1666 accipitur
2877 1605 2988 1665 pro
3013 1606 3078 1647 re
3099 1586 3253 1666 ipsa,
3285 1607 3424 1669 quae

1894 1680 2111 1738 mutuo
2142 1677 2466 1755 accipitur,
2500 1682 2564 1739 et
2591 1696 2729 1758 quae
2754 1678 3089 1758 aliquando
3118 1680 3274 1741 solet
3292 1699 3425 1740 mu-
3476 1716 3772 1760 „muidenffl

1892 1772 2072 1829 tuum
2103 1768 2437 1848 appellari,
2486 1770 2596 1830 sed
2634 1789 2745 1848 pro
2789 1775 3110 1832 contractu
3142 1773 3246 1852 qui
3277 1791 3427 1834 con·
3474 1771 3771 1826 tioexpucnur

1893 1861 2054 1922 sistit
2082 1862 2142 1920 in
2177 1861 2512 1923 traditione
2543 1882 2667 1942 qua
2696 1864 2909 1942 perfici
2943 1864 3163 1940 debet,
3195 1866 3288 1925 rei
3318 1871 3429 1926 cu-

1885 1955 1991 2033 jus
2039 1953 2386 2014 dominium
2450 1956 2821 2018 transfertur
2878 1957 2940 2016 in
2987 1957 3423 2037 accipientem,

1893 2064 2035 2107 cum
2066 2046 2444 2124 obligatione
2468 2047 2771 2107 reddendi
2792 2054 3008 2127 postca
3036 2050 3429 2111 tantumdem

1894 2138 2173 2219 ejusdem
2204 2139 2502 2200 honitatis
2527 2188 2542 2217 ,
2591 2145 2654 2202 et
2685 2141 2944 2214 valoris3
2999 2161 3191 2221 quare
3222 2142 3432 2204 differt

1892 2251 1927 2292 a
1958 2233 2354 2293 commodato
2380 2280 2395 2309 ,
2428 2233 2490 2293 in
2523 2253 2644 2314 quo
2675 2253 2798 2295 non
2827 2236 3197 2296 transfertur
3226 2235 3429 2296 domi-

1892 2327 2064 2385 nium
2084 2325 2176 2385 rei
2195 2325 2630 2403 commodatoe,
2653 2328 2762 2387 sed
2784 2327 2918 2388 hoec
2941 2328 3125 2389 datur
3144 2328 3221 2389 ad
3246 2347 3427 2389 usum

1893 2418 2386 2481 commodatario
2431 2439 2540 2498 per
2586 2420 2840 2500 aliquod
2872 2425 3117 2500 tempus
3153 2442 3166 2483 :
3200 2421 3262 2481 in
3291 2441 3430 2482 mu-

1889 2517 1998 2575 tuo
2028 2516 2237 2572 autem
2269 2513 2642 2574 transfertur
2670 2513 3041 2590 dominium,
3074 2518 3136 2575 et
3162 2514 3302 2576 ideo
3334 2514 3429 2575 di-

1892 2605 2053 2666 citur
2079 2613 2375 2682 mutuum,
2430 2605 2576 2685 quia
2606 2625 2679 2665 ex
2712 2625 2852 2667 meo
2886 2611 3060 2667 tuum
3102 2607 3209 2680 fit;
3260 2607 3426 2668 unde

1891 2702 2110 2778 postea
2151 2696 2202 2758 si
2249 2716 2353 2758 res
2381 2703 2597 2759 mutuo
2646 2699 2793 2760 data
2823 2718 2969 2760 casu
3005 2703 3257 2778 pereat,
3301 2719 3424 2761 non

1893 2790 2055 2870 perit
2083 2790 2255 2852 danti
2295 2790 2403 2851 sed
2435 2792 2818 2853 mutuatario
2868 2793 3044 2871 cujus
3084 2793 3217 2871 jam
3266 2796 3421 2855 erat.

1895 2884 2191 2957 Quamvis
2222 2888 2432 2945 autem
2463 2884 2756 2961 satisfiat,
2797 2884 3120 2945 reddendo
3151 2889 3428 2946 tantum-

1895 2977 2040 3036 dem
2071 2976 2354 3056 ejusdem
2384 2976 2612 3038 valoris
2642 2998 2657 3049 ;
2693 2978 2954 3039 satisfiet
2987 2979 3176 3039 etiam
3205 2977 3427 3038 melius

1892 3068 2214 3131 reddendo
2244 3069 2412 3130 idem
2442 3070 2606 3155 quod
2642 3074 2969 3150 acceptum
2991 3070 3215 3149 fuerat,
3249 3070 3427 3132 dum·

1892 3162 2079 3224 modo
2107 3180 2233 3223 non
2278 3162 2465 3225 fuerit
2508 3162 2756 3225 interim
2807 3163 3278 3226 deterioratum.
3328 3166 3425 3226 An

1890 3275 2039 3317 vcro
2069 3256 2231 3317 sicut
2259 3257 2318 3315 in
2344 3257 2631 3336 pecunia,
2668 3258 2827 3334 oleO,
2860 3257 3087 3334 triticO,
3128 3262 3190 3319 et
3215 3256 3430 3317 simili-

1889 3350 2036 3426 huS‚
2073 3369 2213 3430 quoe
2243 3369 2359 3410 usu
2389 3355 2843 3412 consumuntur
2864 3397 2879 3428 ,
2931 3355 2993 3411 ct
3042 3350 3427 3412 functionem

1891 3443 2171 3521 recipere
2195 3442 2506 3519 (licuntur,
2529 3444 2867 3505 consistere
2890 3448 3094 3524 potest
3110 3449 3423 3520 mutuum,

1891 3536 1977 3597 ita
2006 3536 2142 3612 bos,
2179 3555 2376 3616 equus
2396 3583 2411 3611 ,
2444 3538 2578 3596 ovis
2606 3538 2804 3616 possit
2833 3556 2967 3597 esse
2998 3537 3262 3598 materia
3289 3554 3429 3596 mu-

1890 3629 2020 3707 tui,
2054 3634 2243 3708 negat
2270 3630 2516 3689 Lessius
2559 3630 2665 3690 lib.
2712 3632 2785 3691 ΙΙ.
2834 3649 2971 3708 cap.
3005 3647 3106 3691 xx.
3157 3648 3329 3690 num.
3361 3632 3420 3690 4.

1894 3722 2041 3802 quia
2069 3726 2357 3782 mutuum
2387 3722 2590 3782 solum
2635 3728 2727 3783 est
2757 3723 2834 3782 de
2864 3723 3052 3782 rebus
3078 3769 3093 3800 ,
3146 3740 3284 3802 quae
3317 3741 3426 3781 nu-

1893 3834 2065 3876 mero
2091 3863 2106 3892 ,
2141 3815 2421 3895 pondere
2449 3862 2463 3892 ,
2497 3822 2607 3875 aut
2634 3834 2927 3876 mensura
2958 3820 3284 3887 constant;
3315 3814 3428 3875 sed

1890 3913 2041 3970 tunc
2070 3908 2187 3969 erit
2216 3912 2574 3969 contractus
2604 3908 2762 3968 alius
2790 3908 3214 3968 innominatus
3238 3954 3254 3983 ,
3302 3925 3425 3987 quo

1893 4020 1959 4060 se
2004 3999 2239 4077 obligat
2283 4000 2595 4077 accipiens
2644 4000 2722 4060 ad
2772 4000 3165 4060 reddendum
3211 4003 3429 4079 postea

1896 4093 2084 4154 alium
2114 4092 2340 4153 bovem
2369 4093 2635 4153 similem
2657 4111 2769 4171 pro
2800 4092 2939 4169 ist0,
2968 4111 3153 4173 quem
3176 4091 3423 4171 accipit.

1893 4186 2124 4248 Moliua
2155 4192 2364 4246 tamen
2394 4191 2545 4248 tom.
2582 4202 2650 4247 11.
2687 4187 2848 4265 disp.
2882 4190 3019 4248 299.
3054 4185 3326 4247 column.
3362 4189 3422 4248 2.

1896 4279 2168 4339 affirmat
2193 4279 2531 4339 consistere
2561 4284 2851 4340 mutuum
2878 4279 2940 4338 in
2973 4278 3069 4339 his
3095 4326 3110 4355 ,
3172 4283 3235 4339 et
3262 4278 3325 4338 in
3358 4278 3428 4343 li,-

1894 4372 2055 4450 gnis,
2090 4372 2187 4431 vel
2209 4371 2520 4449 lapidibus
2551 4372 2630 4431 ad
2662 4372 3148 4432 construendam
3172 4371 3429 4432 domum

1898 4464 2169 4543 acceptis
2196 4484 2210 4533 ;
2245 4469 2306 4524 et
2335 4464 2397 4523 in
2428 4482 2619 4541 aum,
2669 4463 2767 4523 vel
2797 4469 3057 4542 argento
3089 4464 3167 4523 ad
3197 4463 3431 4524 facien-

1897 4557 2046 4617 dum
2079 4556 2473 4632 artefactum,
2509 4561 2571 4617 et
2599 4557 2859 4636 quaestio
2892 4557 3009 4618 erit
3038 4556 3115 4618 de
3148 4557 3421 4633 nomine,

1897 4650 2043 4728 quia
2092 4654 2221 4710 tota
2269 4650 2617 4710 substantia
2664 4649 2863 4709 mutui
2911 4669 3057 4710 vere
3101 4650 3433 4711 intervenit

1895 4742 2042 4802 licet
2061 4742 2309 4802 deficiat
2338 4762 2412 4802 ex
2433 4747 2609 4822 parte
2631 4742 2910 4803 materiae
2934 4742 3222 4803 accidens
3244 4742 3425 4814 illud3

1898 4834 2067 4915 quod
2104 4840 2314 4896 tamen
2363 4836 2425 4895 in
2473 4835 2680 4913 rigore
2729 4854 2844 4896 nec
2892 4836 3111 4895 deesse
3155 4833 3425 4911 videtur,

1897 4945 2039 4987 cum
2071 4945 2293 4987 aurum
2313 4974 2328 5002 ,
2363 4927 2460 4987 vel
2492 4930 2823 5006 argentum
2853 4927 3129 5007 pondere
3161 4930 3426 5001 constet,

1899 5038 2021 5099 quo
2067 5018 2460 5079 reddendum
2492 5027 2629 5095 est‚·
2673 5020 2915 5098 lapides
2945 5020 3118 5095 item,
3153 5023 3214 5079 et
3258 5017 3432 5097 ligna

1899 5116 2190 5174 constant
2221 5130 2514 5175 mensura
2543 5112 2991 5191 magnitudinis
3012 5158 3027 5188 ,
3087 5111 3279 5171 boves
3304 5158 3320 5188 ,
3372 5113 3436 5171 et

1900 5225 2047 5267 oves
2070 5224 2356 5281 numere,
2394 5210 2456 5266 ct
2479 5224 2774 5265 mensura
2800 5224 2814 5279 ;
2842 5223 3035 5283 quare
3058 5203 3217 5263 sicut
3237 5221 3432 5263 unum

1900 5318 2088 5360 ovum
2119 5302 2324 5377 potest
2370 5302 2588 5359 mutuo
2619 5297 2860 5375 accipi,
2919 5315 3030 5357 cur
3077 5314 3200 5356 non
3243 5296 3434 5357 ctiam

1901 5392 2034 5453 ovis
2061 5391 2233 5451 una?
2278 5391 2553 5453 Adverte
2593 5390 2820 5466 etiam,
2871 5389 3019 5451 licet
3063 5389 3434 5469 regulariter

1903 5489 2191 5544 mutuum
2221 5483 2589 5545 solvendum
2627 5483 2705 5543 sit
2734 5483 2793 5542 in
2827 5482 3049 5542 eadem
3081 5482 3320 5561 specie,
3367 5485 3436 5543 ut

1909 5578 2119 5641 vinum
2154 5595 2263 5658 pre
2296 5576 2461 5656 vinc,
2495 5576 2701 5637 oleum
2732 5594 2841 5657 pro
2874 5576 3010 5636 oleo
3061 5574 3123 5635 in
3170 5574 3433 5655 pecunia

3614 1593 3643 1652 i
