<?xml version="1.0" encoding="UTF-8"?>
<!DOCTYPE html PUBLIC "-//W3C//DTD XHTML 1.0 Transitional//EN"
    "http://www.w3.org/TR/xhtml1/DTD/xhtml1-transitional.dtd">
<html xmlns="http://www.w3.org/1999/xhtml" xml:lang="en" lang="en">
 <head>
  <title>
</title>
<meta http-equiv="Content-Type" content="text/html;charset=utf-8" />
  <meta name='ocr-system' content='tesseract 3.04.00' />
  <meta name='ocr-capabilities' content='ocr_page ocr_carea ocr_par ocr_line ocrx_word'/>
</head>
<body>
  <div class='ocr_page' id='page_1' title='image "./joannisdelugodi00lugogoog_0302.png"; bbox 0 0 4263 6376; ppageno 0'>
   <div class='ocr_carea' id='block_1_1' title="bbox 569 4584 819 4773">
    <p class='ocr_par' dir='ltr' id='par_1_1' title="bbox 569 4584 819 4773">
     <span class='ocr_line' id='line_1_1' title="bbox 670 4584 748 4640; baseline 0.013 -1"><span class='ocrx_word' id='word_1_1' title='bbox 670 4584 748 4640; x_wconf 71' lang='lat'>68</span> 
     </span>
     <span class='ocr_line' id='line_1_2' title="bbox 569 4709 819 4773; baseline -0.004 -22"><span class='ocrx_word' id='word_1_2' title='bbox 569 4709 727 4762; x_wconf 71' lang='lat' dir='ltr'>Regula</span> <span class='ocrx_word' id='word_1_3' title='bbox 748 4723 819 4773; x_wconf 66' lang='lat' dir='ltr'>pre</span> 
     </span>
    </p>
   </div>
   <div class='ocr_carea' id='block_1_2' title="bbox 569 4763 844 4860">
    <p class='ocr_par' dir='ltr' id='par_1_2' title="bbox 569 4763 844 4860">
     <span class='ocr_line' id='line_1_3' title="bbox 602 4763 801 4816; baseline 0.005 -13"><span class='ocrx_word' id='word_1_4' title='bbox 602 4763 801 4816; x_wconf 75' lang='lat' dir='ltr'>ejusmodi</span> 
     </span>
     <span class='ocr_line' id='line_1_4' title="bbox 569 4816 844 4860; baseline 0.015 -4"><span class='ocrx_word' id='word_1_5' title='bbox 569 4816 844 4860; x_wconf 78' lang='lat' dir='ltr'>mistionibus.</span> 
     </span>
    </p>
   </div>
   <div class='ocr_carea' id='block_1_3' title="bbox 863 318 979 375">
    <p class='ocr_par' dir='ltr' id='par_1_3' title="bbox 863 318 979 375">
     <span class='ocr_line' id='line_1_5' title="bbox 863 318 979 375; baseline -0.017 0"><span class='ocrx_word' id='word_1_6' title='bbox 863 318 979 375; x_wconf 66' lang='lat'>28¹·</span> 
     </span>
    </p>
   </div>
   <div class='ocr_carea' id='block_1_4' title="bbox 863 490 2436 5597">
    <p class='ocr_par' dir='ltr' id='par_1_4' title="bbox 863 490 2402 1684">
     <span class='ocr_line' id='line_1_6' title="bbox 863 490 2393 574; baseline 0.004 -24"><span class='ocrx_word' id='word_1_7' title='bbox 863 490 956 550; x_wconf 85' lang='lat' dir='ltr'>Ita</span> <span class='ocrx_word' id='word_1_8' title='bbox 993 491 1300 567; x_wconf 79' lang='lat' dir='ltr'>RebelluS,</span> <span class='ocrx_word' id='word_1_9' title='bbox 1336 498 1398 553; x_wconf 87' lang='lat' dir='ltr'>et</span> <span class='ocrx_word' id='word_1_10' title='bbox 1423 492 1756 570; x_wconf 85' lang='lat' dir='ltr'>Ledesma,</span> <span class='ocrx_word' id='word_1_11' title='bbox 1805 514 1960 574; x_wconf 81' lang='lat' dir='ltr'>quos</span> <span class='ocrx_word' id='word_1_12' title='bbox 1990 499 2170 557; x_wconf 78' lang='lat' dir='ltr'>affert</span> <span class='ocrx_word' id='word_1_13' title='bbox 2207 501 2268 557; x_wconf 91' lang='lat' dir='ltr'>et</span> <span class='ocrx_word' id='word_1_14' title='bbox 2297 516 2393 557; x_wconf 86' lang='lat' dir='ltr'>se-</span> 
     </span>
     <span class='ocr_line' id='line_1_7' title="bbox 866 583 2386 661; baseline 0.005 -20"><span class='ocrx_word' id='word_1_15' title='bbox 866 583 1079 661; x_wconf 86' lang='lat' dir='ltr'>quitur</span> <span class='ocrx_word' id='word_1_16' title='bbox 1108 585 1282 644; x_wconf 86' lang='lat' dir='ltr'>Salas</span> <span class='ocrx_word' id='word_1_17' title='bbox 1311 586 1457 645; x_wconf 89' lang='lat' dir='ltr'>dab.</span> <span class='ocrx_word' id='word_1_18' title='bbox 1494 604 1577 646; x_wconf 75' lang='lat' dir='ltr'>xl.</span> <span class='ocrx_word' id='word_1_19' title='bbox 1614 606 1784 647; x_wconf 90' lang='lat' dir='ltr'>num.</span> <span class='ocrx_word' id='word_1_20' title='bbox 1811 593 1868 648; x_wconf 71' lang='lat'>52.</span> <span class='ocrx_word' id='word_1_21' title='bbox 1903 590 2133 649; x_wconf 87' lang='lat' dir='ltr'>Molina</span> <span class='ocrx_word' id='word_1_22' title='bbox 2164 590 2223 649; x_wconf 88' lang='lat' dir='ltr'>d.</span> <span class='ocrx_word' id='word_1_23' title='bbox 2250 594 2386 651; x_wconf 71' lang='lat'><strong>364.</strong></span> 
     </span>
     <span class='ocr_line' id='line_1_8' title="bbox 865 676 2393 754; baseline 0.005 -20"><span class='ocrx_word' id='word_1_24' title='bbox 865 677 920 754; x_wconf 62' lang='grc' dir='ltr'>ἓ.</span> <span class='ocrx_word' id='word_1_25' title='bbox 954 676 1155 737; x_wconf 82' lang='lat' dir='ltr'>Posito</span> <span class='ocrx_word' id='word_1_26' title='bbox 1181 679 1496 738; x_wconf 69' lang='lat' dir='ltr'>taratzom&#39;s</span> <span class='ocrx_word' id='word_1_27' title='bbox 1520 726 1535 754; x_wconf 95' lang='lat'>,</span> <span class='ocrx_word' id='word_1_28' title='bbox 1587 685 1649 740; x_wconf 91' lang='lat' dir='ltr'>et</span> <span class='ocrx_word' id='word_1_29' title='bbox 1677 681 1777 739; x_wconf 84' lang='lat' dir='ltr'>alii</span> <span class='ocrx_word' id='word_1_30' title='bbox 1810 682 2246 743; x_wconf 86' lang='lat' dir='ltr'>communiter.</span> <span class='ocrx_word' id='word_1_31' title='bbox 2299 683 2393 744; x_wconf 82' lang='lat' dir='ltr'>Si-</span> 
     </span>
     <span class='ocr_line' id='line_1_9' title="bbox 867 769 2388 850; baseline 0.004 -22"><span class='ocrx_word' id='word_1_32' title='bbox 867 773 970 828; x_wconf 89' lang='lat' dir='ltr'>cut</span> <span class='ocrx_word' id='word_1_33' title='bbox 1000 769 1046 826; x_wconf 93' lang='lat' dir='ltr'>si</span> <span class='ocrx_word' id='word_1_34' title='bbox 1078 770 1354 830; x_wconf 88' lang='lat' dir='ltr'>triticum</span> <span class='ocrx_word' id='word_1_35' title='bbox 1385 772 1864 850; x_wconf 88' lang='lat' dir='ltr'>semiputridum</span> <span class='ocrx_word' id='word_1_36' title='bbox 1894 775 2009 843; x_wconf 83' lang='lat' dir='ltr'>sit,</span> <span class='ocrx_word' id='word_1_37' title='bbox 2044 794 2388 849; x_wconf 86' lang='lat' dir='ltr'>corrosum,</span> 
     </span>
     <span class='ocr_line' id='line_1_10' title="bbox 866 862 2395 940; baseline 0.005 -20"><span class='ocrx_word' id='word_1_38' title='bbox 866 866 976 920; x_wconf 84' lang='lat' dir='ltr'>aut</span> <span class='ocrx_word' id='word_1_39' title='bbox 1015 862 1134 921; x_wconf 90' lang='lat' dir='ltr'>alio</span> <span class='ocrx_word' id='word_1_40' title='bbox 1166 863 1314 922; x_wconf 90' lang='lat' dir='ltr'>vitio</span> <span class='ocrx_word' id='word_1_41' title='bbox 1345 866 1636 924; x_wconf 76' lang='lat' dir='ltr'>affectum</span> <span class='ocrx_word' id='word_1_42' title='bbox 1662 912 1676 940; x_wconf 95' lang='lat'>,</span> <span class='ocrx_word' id='word_1_43' title='bbox 1737 866 1820 926; x_wconf 90' lang='lat' dir='ltr'>ita</span> <span class='ocrx_word' id='word_1_44' title='bbox 1877 873 1947 926; x_wconf 91' lang='lat' dir='ltr'>ut</span> <span class='ocrx_word' id='word_1_45' title='bbox 1997 868 2077 929; x_wconf 79' lang='lat' dir='ltr'>sit</span> <span class='ocrx_word' id='word_1_46' title='bbox 2123 868 2395 928; x_wconf 85' lang='lat' dir='ltr'>deterius</span> 
     </span>
     <span class='ocr_line' id='line_1_11' title="bbox 867 956 2395 1033; baseline 0.005 -21"><span class='ocrx_word' id='word_1_47' title='bbox 867 972 1055 1032; x_wconf 89' lang='lat' dir='ltr'>quam</span> <span class='ocrx_word' id='word_1_48' title='bbox 1078 956 1244 1033; x_wconf 91' lang='lat' dir='ltr'>quod</span> <span class='ocrx_word' id='word_1_49' title='bbox 1269 958 1685 1018; x_wconf 88' lang='lat' dir='ltr'>communiter</span> <span class='ocrx_word' id='word_1_50' title='bbox 1699 960 2010 1033; x_wconf 79' lang='lat' dir='ltr'>venditur,</span> <span class='ocrx_word' id='word_1_51' title='bbox 2045 961 2233 1022; x_wconf 84' lang='lat' dir='ltr'>dehet</span> <span class='ocrx_word' id='word_1_52' title='bbox 2254 980 2395 1021; x_wconf 82' lang='lat' dir='ltr'>ven-</span> 
     </span>
     <span class='ocr_line' id='line_1_12' title="bbox 868 1046 2397 1132; baseline 0.005 -27"><span class='ocrx_word' id='word_1_53' title='bbox 868 1046 1033 1106; x_wconf 88' lang='lat' dir='ltr'>ditor</span> <span class='ocrx_word' id='word_1_54' title='bbox 1084 1047 1148 1106; x_wconf 92' lang='lat' dir='ltr'>in</span> <span class='ocrx_word' id='word_1_55' title='bbox 1197 1050 1395 1126; x_wconf 90' lang='lat' dir='ltr'>pretio</span> <span class='ocrx_word' id='word_1_56' title='bbox 1445 1050 1825 1111; x_wconf 79' lang='lat' dir='ltr'><strong>descendere</strong></span> <span class='ocrx_word' id='word_1_57' title='bbox 1848 1099 1864 1127; x_wconf 91' lang='lat'>,</span> <span class='ocrx_word' id='word_1_58' title='bbox 1924 1053 2068 1132; x_wconf 85' lang='lat' dir='ltr'>quia</span> <span class='ocrx_word' id='word_1_59' title='bbox 2124 1053 2397 1115; x_wconf 87' lang='lat' dir='ltr'>triticum</span> 
     </span>
     <span class='ocr_line' id='line_1_13' title="bbox 867 1143 2391 1226; baseline 0.006 -28"><span class='ocrx_word' id='word_1_60' title='bbox 867 1143 1118 1199; x_wconf 85' lang='lat' dir='ltr'>taxatur</span> <span class='ocrx_word' id='word_1_61' title='bbox 1155 1160 1418 1217; x_wconf 86' lang='lat' dir='ltr'>sanum,</span> <span class='ocrx_word' id='word_1_62' title='bbox 1473 1144 1786 1222; x_wconf 85' lang='lat' dir='ltr'>integrum</span> <span class='ocrx_word' id='word_1_63' title='bbox 1833 1151 1894 1205; x_wconf 88' lang='lat' dir='ltr'>et</span> <span class='ocrx_word' id='word_1_64' title='bbox 1939 1146 2391 1226; x_wconf 89' lang='lat' dir='ltr'>incorruptum.</span> 
     </span>
     <span class='ocr_line' id='line_1_14' title="bbox 869 1229 2401 1318; baseline 0.005 -27"><span class='ocrx_word' id='word_1_65' title='bbox 869 1229 1212 1293; x_wconf 85' lang='lat' dir='ltr'>Difficultas</span> <span class='ocrx_word' id='word_1_66' title='bbox 1243 1254 1391 1313; x_wconf 85' lang='lat' dir='ltr'>ergo</span> <span class='ocrx_word' id='word_1_67' title='bbox 1423 1236 1624 1295; x_wconf 88' lang='lat' dir='ltr'>solum</span> <span class='ocrx_word' id='word_1_68' title='bbox 1657 1242 1749 1297; x_wconf 89' lang='lat' dir='ltr'>est</span> <span class='ocrx_word' id='word_1_69' title='bbox 1776 1283 1791 1312; x_wconf 96' lang='lat'>,</span> <span class='ocrx_word' id='word_1_70' title='bbox 1843 1239 2094 1315; x_wconf 88' lang='lat' dir='ltr'>quando</span> <span class='ocrx_word' id='word_1_71' title='bbox 2146 1245 2401 1318; x_wconf 89' lang='lat' dir='ltr'>propter</span> 
     </span>
     <span class='ocr_line' id='line_1_15' title="bbox 865 1325 2397 1408; baseline 0.004 -23"><span class='ocrx_word' id='word_1_72' title='bbox 865 1325 1056 1385; x_wconf 84' lang='lat' dir='ltr'>talem</span> <span class='ocrx_word' id='word_1_73' title='bbox 1088 1326 1523 1388; x_wconf 82' lang='lat' dir='ltr'>admistionem</span> <span class='ocrx_word' id='word_1_74' title='bbox 1558 1348 1654 1388; x_wconf 91' lang='lat' dir='ltr'>res</span> <span class='ocrx_word' id='word_1_75' title='bbox 1686 1348 1809 1389; x_wconf 90' lang='lat' dir='ltr'>non</span> <span class='ocrx_word' id='word_1_76' title='bbox 1838 1331 1918 1392; x_wconf 86' lang='lat' dir='ltr'>sit</span> <span class='ocrx_word' id='word_1_77' title='bbox 1947 1332 2253 1408; x_wconf 79' lang='lat' dir='ltr'><strong>deterior,</strong></span> <span class='ocrx_word' id='word_1_78' title='bbox 2288 1331 2397 1391; x_wconf 89' lang='lat' dir='ltr'>sed</span> 
     </span>
     <span class='ocr_line' id='line_1_16' title="bbox 871 1418 2402 1501; baseline 0.007 -24"><span class='ocrx_word' id='word_1_79' title='bbox 871 1418 1020 1496; x_wconf 85' lang='lat' dir='ltr'>quia</span> <span class='ocrx_word' id='word_1_80' title='bbox 1048 1419 1260 1496; x_wconf 89' lang='lat' dir='ltr'>purior</span> <span class='ocrx_word' id='word_1_81' title='bbox 1283 1423 1382 1480; x_wconf 88' lang='lat' dir='ltr'>vel</span> <span class='ocrx_word' id='word_1_82' title='bbox 1410 1422 1631 1482; x_wconf 87' lang='lat' dir='ltr'>melior</span> <span class='ocrx_word' id='word_1_83' title='bbox 1660 1427 1845 1483; x_wconf 83' lang='lat' dir='ltr'>antea</span> <span class='ocrx_word' id='word_1_84' title='bbox 1874 1429 2036 1501; x_wconf 88' lang='lat' dir='ltr'>erat,</span> <span class='ocrx_word' id='word_1_85' title='bbox 2083 1426 2402 1487; x_wconf 74' lang='lat' dir='ltr'><strong>reducitur</strong></span> 
     </span>
     <span class='ocr_line' id='line_1_17' title="bbox 871 1511 2401 1596; baseline 0.007 -27"><span class='ocrx_word' id='word_1_86' title='bbox 871 1511 949 1569; x_wconf 83' lang='lat' dir='ltr'>ad</span> <span class='ocrx_word' id='word_1_87' title='bbox 983 1517 1211 1573; x_wconf 86' lang='lat' dir='ltr'>statum</span> <span class='ocrx_word' id='word_1_88' title='bbox 1244 1515 1616 1593; x_wconf 59' lang='lat' dir='ltr'>«aequalitatis</span> <span class='ocrx_word' id='word_1_89' title='bbox 1664 1534 1803 1576; x_wconf 89' lang='lat' dir='ltr'>cum</span> <span class='ocrx_word' id='word_1_90' title='bbox 1855 1517 1990 1577; x_wconf 89' lang='lat' dir='ltr'>aliis</span> <span class='ocrx_word' id='word_1_91' title='bbox 2040 1536 2180 1596; x_wconf 77' lang='lat' dir='ltr'>qum</span> <span class='ocrx_word' id='word_1_92' title='bbox 2229 1537 2401 1579; x_wconf 91' lang='lat' dir='ltr'>com-</span> 
     </span>
     <span class='ocr_line' id='line_1_18' title="bbox 872 1605 2017 1684; baseline 0.007 -22"><span class='ocrx_word' id='word_1_93' title='bbox 872 1605 1145 1664; x_wconf 87' lang='lat' dir='ltr'>muniter</span> <span class='ocrx_word' id='word_1_94' title='bbox 1178 1607 1373 1684; x_wconf 83' lang='lat' dir='ltr'>pretio</span> <span class='ocrx_word' id='word_1_95' title='bbox 1403 1613 1612 1668; x_wconf 87' lang='lat' dir='ltr'>taxato</span> <span class='ocrx_word' id='word_1_96' title='bbox 1638 1609 2017 1671; x_wconf 82' lang='lat' dir='ltr'>venduntur.</span> 
     </span>
    </p>

    <p class='ocr_par' dir='ltr' id='par_1_5' title="bbox 874 1698 2407 3077">
     <span class='ocr_line' id='line_1_19' title="bbox 952 1698 2394 1784; baseline 0.005 -27"><span class='ocrx_word' id='word_1_97' title='bbox 952 1698 1125 1758; x_wconf 85' lang='lat' dir='ltr'>Multi</span> <span class='ocrx_word' id='word_1_98' title='bbox 1158 1705 1388 1777; x_wconf 87' lang='lat' dir='ltr'>negant</span> <span class='ocrx_word' id='word_1_99' title='bbox 1434 1702 1496 1761; x_wconf 89' lang='lat' dir='ltr'>id</span> <span class='ocrx_word' id='word_1_100' title='bbox 1545 1722 1619 1761; x_wconf 87' lang='lat' dir='ltr'>ex</span> <span class='ocrx_word' id='word_1_101' title='bbox 1665 1703 1972 1764; x_wconf 88' lang='lat' dir='ltr'>industria</span> <span class='ocrx_word' id='word_1_102' title='bbox 2019 1706 2152 1765; x_wconf 81' lang='lat' dir='ltr'>fieri</span> <span class='ocrx_word' id='word_1_103' title='bbox 2192 1724 2394 1784; x_wconf 87' lang='lat' dir='ltr'>posse,</span> 
     </span>
     <span class='ocr_line' id='line_1_20' title="bbox 874 1789 2406 1874; baseline 0.007 -26"><span class='ocrx_word' id='word_1_104' title='bbox 874 1789 1019 1869; x_wconf 88' lang='lat' dir='ltr'>quia</span> <span class='ocrx_word' id='word_1_105' title='bbox 1050 1791 1147 1850; x_wconf 85' lang='lat' dir='ltr'>lex</span> <span class='ocrx_word' id='word_1_106' title='bbox 1176 1798 1349 1854; x_wconf 87' lang='lat' dir='ltr'>taxat</span> <span class='ocrx_word' id='word_1_107' title='bbox 1375 1794 1652 1855; x_wconf 88' lang='lat' dir='ltr'>triticum</span> <span class='ocrx_word' id='word_1_108' title='bbox 1705 1796 1804 1874; x_wconf 83' lang='lat' dir='ltr'>(et</span> <span class='ocrx_word' id='word_1_109' title='bbox 1852 1797 2014 1856; x_wconf 88' lang='lat' dir='ltr'>idem</span> <span class='ocrx_word' id='word_1_110' title='bbox 2048 1797 2171 1857; x_wconf 87' lang='lat' dir='ltr'>dici</span> <span class='ocrx_word' id='word_1_111' title='bbox 2217 1798 2406 1858; x_wconf 85' lang='lat' dir='ltr'>debet</span> 
     </span>
     <span class='ocr_line' id='line_1_21' title="bbox 874 1883 2401 1966; baseline 0.006 -25"><span class='ocrx_word' id='word_1_112' title='bbox 874 1883 950 1942; x_wconf 90' lang='lat' dir='ltr'>de</span> <span class='ocrx_word' id='word_1_113' title='bbox 983 1884 1167 1943; x_wconf 87' lang='lat' dir='ltr'>rebus</span> <span class='ocrx_word' id='word_1_114' title='bbox 1198 1885 1368 1964; x_wconf 82' lang='lat' dir='ltr'>aliis)</span> <span class='ocrx_word' id='word_1_115' title='bbox 1419 1889 1602 1966; x_wconf 85' lang='lat' dir='ltr'>quale</span> <span class='ocrx_word' id='word_1_116' title='bbox 1651 1908 1726 1948; x_wconf 82' lang='lat' dir='ltr'>ex</span> <span class='ocrx_word' id='word_1_117' title='bbox 1756 1907 1904 1950; x_wconf 84' lang='lat' dir='ltr'>area</span> <span class='ocrx_word' id='word_1_118' title='bbox 1932 1889 2243 1966; x_wconf 80' lang='lat' dir='ltr'>defertur,</span> <span class='ocrx_word' id='word_1_119' title='bbox 2279 1909 2401 1950; x_wconf 94' lang='lat' dir='ltr'>non</span> 
     </span>
     <span class='ocr_line' id='line_1_22' title="bbox 875 1977 2405 2062; baseline 0.006 -27"><span class='ocrx_word' id='word_1_120' title='bbox 875 1977 1057 2055; x_wconf 86' lang='lat' dir='ltr'>quale</span> <span class='ocrx_word' id='word_1_121' title='bbox 1077 1997 1191 2056; x_wconf 90' lang='lat' dir='ltr'>per</span> <span class='ocrx_word' id='word_1_122' title='bbox 1208 1979 1579 2040; x_wconf 73' lang='lat' dir='ltr'>industriam</span> <span class='ocrx_word' id='word_1_123' title='bbox 1599 1982 1687 2043; x_wconf 85' lang='lat' dir='ltr'>fit.</span> <span class='ocrx_word' id='word_1_124' title='bbox 1714 1984 1805 2042; x_wconf 87' lang='lat' dir='ltr'>Ita</span> <span class='ocrx_word' id='word_1_125' title='bbox 1821 1983 2029 2061; x_wconf 91' lang='lat' dir='ltr'>plures</span> <span class='ocrx_word' id='word_1_126' title='bbox 2047 2003 2205 2062; x_wconf 87' lang='lat' dir='ltr'>quos</span> <span class='ocrx_word' id='word_1_127' title='bbox 2226 1986 2405 2045; x_wconf 82' lang='lat' dir='ltr'>affert</span> 
     </span>
     <span class='ocr_line' id='line_1_23' title="bbox 875 2070 2403 2148; baseline 0.007 -21"><span class='ocrx_word' id='word_1_128' title='bbox 875 2074 938 2128; x_wconf 89' lang='lat' dir='ltr'>et</span> <span class='ocrx_word' id='word_1_129' title='bbox 965 2070 1244 2148; x_wconf 84' lang='lat' dir='ltr'>sequitur</span> <span class='ocrx_word' id='word_1_130' title='bbox 1273 2073 1449 2133; x_wconf 85' lang='lat' dir='ltr'>Salas</span> <span class='ocrx_word' id='word_1_131' title='bbox 1480 2074 1629 2135; x_wconf 89' lang='lat' dir='ltr'>dub.</span> <span class='ocrx_word' id='word_1_132' title='bbox 1664 2092 1774 2135; x_wconf 77' lang='grc' dir='ltr'>ΧΗ.</span> <span class='ocrx_word' id='word_1_133' title='bbox 1809 2095 1979 2137; x_wconf 83' lang='grc'><strong>1111111.</strong></span> <span class='ocrx_word' id='word_1_134' title='bbox 2013 2080 2069 2136; x_wconf 78' lang='grc'>2.</span> <span class='ocrx_word' id='word_1_135' title='bbox 2121 2078 2243 2137; x_wconf 91' lang='lat' dir='ltr'>Sed</span> <span class='ocrx_word' id='word_1_136' title='bbox 2276 2097 2403 2137; x_wconf 90' lang='lat' dir='ltr'>non</span> 
     </span>
     <span class='ocr_line' id='line_1_24' title="bbox 874 2161 2398 2249; baseline 0.006 -27"><span class='ocrx_word' id='word_1_137' title='bbox 874 2161 1034 2222; x_wconf 89' lang='lat' dir='ltr'>bene</span> <span class='ocrx_word' id='word_1_138' title='bbox 1065 2182 1170 2223; x_wconf 90' lang='lat' dir='ltr'>eos</span> <span class='ocrx_word' id='word_1_139' title='bbox 1201 2165 1370 2241; x_wconf 89' lang='lat' dir='ltr'>citat,</span> <span class='ocrx_word' id='word_1_140' title='bbox 1406 2185 1551 2225; x_wconf 84' lang='lat' dir='ltr'>nam</span> <span class='ocrx_word' id='word_1_141' title='bbox 1582 2168 1815 2228; x_wconf 87' lang='lat' dir='ltr'>Molina</span> <span class='ocrx_word' id='word_1_142' title='bbox 1844 2188 2029 2247; x_wconf 85' lang='lat' dir='ltr'>quem</span> <span class='ocrx_word' id='word_1_143' title='bbox 2060 2170 2212 2230; x_wconf 85' lang='lat' dir='ltr'>citat</span> <span class='ocrx_word' id='word_1_144' title='bbox 2240 2170 2398 2249; x_wconf 88' lang='lat' dir='ltr'>disp.</span> 
     </span>
     <span class='ocr_line' id='line_1_25' title="bbox 876 2255 2404 2341; baseline 0.007 -28"><span class='ocrx_word' id='word_1_145' title='bbox 876 2257 1015 2315; x_wconf 76' lang='lat'><strong>256.</strong></span> <span class='ocrx_word' id='word_1_146' title='bbox 1050 2255 1111 2314; x_wconf 91' lang='lat' dir='ltr'>in</span> <span class='ocrx_word' id='word_1_147' title='bbox 1142 2256 1286 2332; x_wconf 86' lang='lat' dir='ltr'>fine,</span> <span class='ocrx_word' id='word_1_148' title='bbox 1323 2258 1475 2318; x_wconf 88' lang='lat' dir='ltr'>nihil</span> <span class='ocrx_word' id='word_1_149' title='bbox 1506 2259 1692 2335; x_wconf 90' lang='lat' dir='ltr'>dicit,</span> <span class='ocrx_word' id='word_1_150' title='bbox 1728 2280 1930 2340; x_wconf 91' lang='lat' dir='ltr'>neque</span> <span class='ocrx_word' id='word_1_151' title='bbox 1962 2262 2178 2322; x_wconf 83' lang='lat' dir='ltr'>Rebel.</span> <span class='ocrx_word' id='word_1_152' title='bbox 2216 2281 2404 2341; x_wconf 84' lang='lat' dir='ltr'>quern</span> 
     </span>
     <span class='ocr_line' id='line_1_26' title="bbox 878 2346 2399 2434; baseline 0.006 -28"><span class='ocrx_word' id='word_1_153' title='bbox 878 2346 1029 2408; x_wconf 84' lang='lat' dir='ltr'>citat</span> <span class='ocrx_word' id='word_1_154' title='bbox 1055 2348 1162 2409; x_wconf 91' lang='lat' dir='ltr'>lib.</span> <span class='ocrx_word' id='word_1_155' title='bbox 1198 2350 1299 2410; x_wconf 78' lang='lat' dir='ltr'>lx.</span> <span class='ocrx_word' id='word_1_156' title='bbox 1337 2356 1559 2429; x_wconf 84' lang='lat' dir='ltr'>quaest.</span> <span class='ocrx_word' id='word_1_157' title='bbox 1595 2370 1664 2416; x_wconf 89' lang='lat'>11.</span> <span class='ocrx_word' id='word_1_158' title='bbox 1698 2360 1847 2415; x_wconf 88' lang='lat' dir='ltr'>sect.</span> <span class='ocrx_word' id='word_1_159' title='bbox 1882 2358 1940 2415; x_wconf 90' lang='lat'>3.</span> <span class='ocrx_word' id='word_1_160' title='bbox 1977 2356 2038 2414; x_wconf 91' lang='lat' dir='ltr'>in</span> <span class='ocrx_word' id='word_1_161' title='bbox 2071 2356 2399 2434; x_wconf 85' lang='lat' dir='ltr'>prooemio,</span> 
     </span>
     <span class='ocr_line' id='line_1_27' title="bbox 877 2444 2399 2525; baseline 0.006 -26"><span class='ocrx_word' id='word_1_162' title='bbox 877 2444 940 2500; x_wconf 90' lang='grc'>01</span> <span class='ocrx_word' id='word_1_163' title='bbox 970 2460 1074 2519; x_wconf 85' lang='grc'><strong>(111.</strong></span> <span class='ocrx_word' id='word_1_164' title='bbox 1112 2459 1247 2502; x_wconf 75' lang='lat' dir='ltr'>vm.</span> <span class='ocrx_word' id='word_1_165' title='bbox 1281 2463 1452 2508; x_wconf 88' lang='lat' dir='ltr'>num.</span> <span class='ocrx_word' id='word_1_166' title='bbox 1489 2450 1581 2506; x_wconf 83' lang='lat'>17.</span> <span class='ocrx_word' id='word_1_167' title='bbox 1617 2447 1678 2505; x_wconf 91' lang='lat' dir='ltr'>in</span> <span class='ocrx_word' id='word_1_168' title='bbox 1711 2466 1815 2525; x_wconf 90' lang='lat' dir='ltr'>qu.</span> <span class='ocrx_word' id='word_1_169' title='bbox 1851 2453 2058 2508; x_wconf 89' lang='lat' dir='ltr'>autem</span> <span class='ocrx_word' id='word_1_170' title='bbox 2078 2465 2135 2507; x_wconf 85' lang='lat' dir='ltr'>x.</span> <span class='ocrx_word' id='word_1_171' title='bbox 2172 2468 2275 2508; x_wconf 94' lang='lat' dir='ltr'>nu.</span> <span class='ocrx_word' id='word_1_172' title='bbox 2307 2453 2399 2510; x_wconf 83' lang='grc'>10.</span> 
     </span>
     <span class='ocr_line' id='line_1_28' title="bbox 880 2534 2404 2613; baseline 0.007 -22"><span class='ocrx_word' id='word_1_173' title='bbox 880 2534 1165 2613; x_wconf 88' lang='lat' dir='ltr'>quamvis</span> <span class='ocrx_word' id='word_1_174' title='bbox 1221 2534 1388 2596; x_wconf 88' lang='lat' dir='ltr'>dicat</span> <span class='ocrx_word' id='word_1_175' title='bbox 1441 2538 1768 2600; x_wconf 78' lang='lat' dir='ltr'>misturam</span> <span class='ocrx_word' id='word_1_176' title='bbox 1841 2541 2007 2600; x_wconf 90' lang='lat' dir='ltr'>illam</span> <span class='ocrx_word' id='word_1_177' title='bbox 2079 2560 2200 2600; x_wconf 92' lang='lat' dir='ltr'>non</span> <span class='ocrx_word' id='word_1_178' title='bbox 2271 2560 2404 2601; x_wconf 90' lang='lat' dir='ltr'>esse</span> 
     </span>
     <span class='ocr_line' id='line_1_29' title="bbox 878 2625 2406 2709; baseline 0.007 -24"><span class='ocrx_word' id='word_1_179' title='bbox 878 2625 1227 2687; x_wconf 85' lang='lat' dir='ltr'>faciendam</span> <span class='ocrx_word' id='word_1_180' title='bbox 1255 2629 1316 2688; x_wconf 89' lang='lat' dir='ltr'>iu</span> <span class='ocrx_word' id='word_1_181' title='bbox 1350 2630 1630 2691; x_wconf 77' lang='lat' dir='ltr'>fraudem</span> <span class='ocrx_word' id='word_1_182' title='bbox 1663 2637 1842 2709; x_wconf 82' lang='lat' dir='ltr'>taxae,</span> <span class='ocrx_word' id='word_1_183' title='bbox 1879 2652 2000 2693; x_wconf 89' lang='lat' dir='ltr'>non</span> <span class='ocrx_word' id='word_1_184' title='bbox 2030 2638 2241 2694; x_wconf 87' lang='lat' dir='ltr'>tamen</span> <span class='ocrx_word' id='word_1_185' title='bbox 2273 2635 2406 2695; x_wconf 89' lang='lat' dir='ltr'>des-</span> 
     </span>
     <span class='ocr_line' id='line_1_30' title="bbox 878 2720 2407 2806; baseline 0.006 -27"><span class='ocrx_word' id='word_1_186' title='bbox 878 2720 1090 2781; x_wconf 90' lang='lat' dir='ltr'>cendit</span> <span class='ocrx_word' id='word_1_187' title='bbox 1117 2721 1197 2780; x_wconf 88' lang='lat' dir='ltr'>ad</span> <span class='ocrx_word' id='word_1_188' title='bbox 1228 2740 1444 2783; x_wconf 88' lang='lat' dir='ltr'>casum</span> <span class='ocrx_word' id='word_1_189' title='bbox 1475 2729 1757 2785; x_wconf 87' lang='lat' dir='ltr'>nostrum</span> <span class='ocrx_word' id='word_1_190' title='bbox 1777 2773 1791 2800; x_wconf 95' lang='lat'>,</span> <span class='ocrx_word' id='word_1_191' title='bbox 1844 2726 2093 2805; x_wconf 90' lang='lat' dir='ltr'>quando</span> <span class='ocrx_word' id='word_1_192' title='bbox 2124 2747 2237 2806; x_wconf 91' lang='lat' dir='ltr'>per</span> <span class='ocrx_word' id='word_1_193' title='bbox 2265 2727 2407 2788; x_wconf 90' lang='lat' dir='ltr'>mis-</span> 
     </span>
     <span class='ocr_line' id='line_1_31' title="bbox 878 2812 2407 2882; baseline 0.007 -10"><span class='ocrx_word' id='word_1_194' title='bbox 878 2812 1111 2873; x_wconf 80' lang='lat' dir='ltr'>tionem</span> <span class='ocrx_word' id='word_1_195' title='bbox 1159 2833 1282 2874; x_wconf 91' lang='lat' dir='ltr'>non</span> <span class='ocrx_word' id='word_1_196' title='bbox 1332 2817 1677 2878; x_wconf 81' lang='lat' dir='ltr'>extrahitur</span> <span class='ocrx_word' id='word_1_197' title='bbox 1731 2818 2005 2880; x_wconf 86' lang='lat' dir='ltr'>triticum</span> <span class='ocrx_word' id='word_1_198' title='bbox 2055 2839 2090 2879; x_wconf 92' lang='lat' dir='ltr'>a</span> <span class='ocrx_word' id='word_1_199' title='bbox 2129 2821 2407 2882; x_wconf 88' lang='lat' dir='ltr'>bonitate</span> 
     </span>
     <span class='ocr_line' id='line_1_32' title="bbox 879 2907 2407 2990; baseline 0.005 -24"><span class='ocrx_word' id='word_1_200' title='bbox 879 2907 1193 2966; x_wconf 90' lang='lat' dir='ltr'>communi</span> <span class='ocrx_word' id='word_1_201' title='bbox 1225 2908 1449 2986; x_wconf 88' lang='lat' dir='ltr'>tritici,</span> <span class='ocrx_word' id='word_1_202' title='bbox 1501 2911 1670 2990; x_wconf 89' lang='lat' dir='ltr'>quod</span> <span class='ocrx_word' id='word_1_203' title='bbox 1718 2914 2135 2974; x_wconf 89' lang='lat' dir='ltr'>communiter</span> <span class='ocrx_word' id='word_1_204' title='bbox 2184 2914 2407 2974; x_wconf 87' lang='lat' dir='ltr'>eodem</span> 
     </span>
     <span class='ocr_line' id='line_1_33' title="bbox 879 2999 1421 3077; baseline 0.013 -21"><span class='ocrx_word' id='word_1_205' title='bbox 879 2999 1079 3077; x_wconf 88' lang='lat' dir='ltr'>pret-io</span> <span class='ocrx_word' id='word_1_206' title='bbox 1110 3001 1421 3064; x_wconf 82' lang='lat' dir='ltr'>venditur.</span> 
     </span>
    </p>

    <p class='ocr_par' dir='ltr' id='par_1_6' title="bbox 881 3095 2425 4572">
     <span class='ocr_line' id='line_1_34' title="bbox 962 3095 2410 3178; baseline 0.004 -25"><span class='ocrx_word' id='word_1_207' title='bbox 962 3095 1350 3156; x_wconf 74' lang='lat' dir='ltr'>Contrarium</span> <span class='ocrx_word' id='word_1_208' title='bbox 1380 3098 1752 3158; x_wconf 87' lang='lat' dir='ltr'>sententiam</span> <span class='ocrx_word' id='word_1_209' title='bbox 1777 3147 1791 3174; x_wconf 94' lang='lat'>,</span> <span class='ocrx_word' id='word_1_210' title='bbox 1825 3100 2152 3178; x_wconf 87' lang='lat' dir='ltr'>loquentes</span> <span class='ocrx_word' id='word_1_211' title='bbox 2183 3100 2410 3178; x_wconf 84' lang='lat' dir='ltr'>partim</span> 
     </span>
     <span class='ocr_line' id='line_1_35' title="bbox 883 3184 2414 3270; baseline 0.007 -25"><span class='ocrx_word' id='word_1_212' title='bbox 883 3184 962 3246; x_wconf 87' lang='lat' dir='ltr'>de</span> <span class='ocrx_word' id='word_1_213' title='bbox 992 3187 1135 3247; x_wconf 82' lang='lat' dir='ltr'>vino</span> <span class='ocrx_word' id='word_1_214' title='bbox 1164 3208 1468 3265; x_wconf 77' lang='lat' dir='ltr'>generoso</span> <span class='ocrx_word' id='word_1_215' title='bbox 1489 3237 1503 3266; x_wconf 91' lang='lat'>,</span> <span class='ocrx_word' id='word_1_216' title='bbox 1555 3192 1781 3270; x_wconf 87' lang='lat' dir='ltr'>partim</span> <span class='ocrx_word' id='word_1_217' title='bbox 1839 3193 1916 3253; x_wconf 89' lang='lat' dir='ltr'>de</span> <span class='ocrx_word' id='word_1_218' title='bbox 1945 3193 2150 3255; x_wconf 79' lang='lat' dir='ltr'>tritico</span> <span class='ocrx_word' id='word_1_219' title='bbox 2200 3199 2414 3255; x_wconf 88' lang='lat' dir='ltr'>tenent</span> 
     </span>
     <span class='ocr_line' id='line_1_36' title="bbox 882 3279 2406 3364; baseline 0.005 -25"><span class='ocrx_word' id='word_1_220' title='bbox 882 3279 1121 3340; x_wconf 84' lang='lat' dir='ltr'>Ludov.</span> <span class='ocrx_word' id='word_1_221' title='bbox 1182 3282 1386 3359; x_wconf 84' lang='lat' dir='ltr'>Lopez</span> <span class='ocrx_word' id='word_1_222' title='bbox 1435 3301 1568 3361; x_wconf 87' lang='lat' dir='ltr'>par.</span> <span class='ocrx_word' id='word_1_223' title='bbox 1613 3302 1682 3345; x_wconf 89' lang='lat'>11.</span> <span class='ocrx_word' id='word_1_224' title='bbox 1734 3285 1999 3346; x_wconf 79' lang='lat' dir='ltr'>instruct.</span> <span class='ocrx_word' id='word_1_225' title='bbox 2045 3305 2183 3364; x_wconf 88' lang='lat' dir='ltr'>cap.</span> <span class='ocrx_word' id='word_1_226' title='bbox 2220 3303 2406 3347; x_wconf 70' lang='lat' dir='ltr'>xtvn.</span> 
     </span>
     <span class='ocr_line' id='line_1_37' title="bbox 881 3373 2408 3458; baseline 0.003 -23"><span class='ocrx_word' id='word_1_227' title='bbox 881 3373 1036 3435; x_wconf 83' lang='lat' dir='ltr'>alias</span> <span class='ocrx_word' id='word_1_228' title='bbox 1066 3390 1250 3434; x_wconf 82' lang='lat' dir='ltr'>cxcu.</span> <span class='ocrx_word' id='word_1_229' title='bbox 1280 3377 1461 3435; x_wconf 85' lang='lat' dir='ltr'>Joan.</span> <span class='ocrx_word' id='word_1_230' title='bbox 1498 3377 1575 3435; x_wconf 91' lang='lat' dir='ltr'>de</span> <span class='ocrx_word' id='word_1_231' title='bbox 1597 3379 1774 3453; x_wconf 87' lang='lat' dir='ltr'>Cruz,</span> <span class='ocrx_word' id='word_1_232' title='bbox 1810 3384 1873 3438; x_wconf 92' lang='lat' dir='ltr'>et</span> <span class='ocrx_word' id='word_1_233' title='bbox 1898 3379 2002 3438; x_wconf 84' lang='lat' dir='ltr'>alii</span> <span class='ocrx_word' id='word_1_234' title='bbox 2025 3397 2181 3458; x_wconf 92' lang='lat' dir='ltr'>quos</span> <span class='ocrx_word' id='word_1_235' title='bbox 2207 3382 2408 3456; x_wconf 76' lang='lat' dir='ltr'>affert,</span> 
     </span>
     <span class='ocr_line' id='line_1_38' title="bbox 883 3466 2414 3544; baseline 0.005 -19"><span class='ocrx_word' id='word_1_236' title='bbox 883 3471 946 3526; x_wconf 89' lang='lat' dir='ltr'>et</span> <span class='ocrx_word' id='word_1_237' title='bbox 975 3466 1257 3544; x_wconf 87' lang='lat' dir='ltr'>sequitur</span> <span class='ocrx_word' id='word_1_238' title='bbox 1284 3467 1482 3528; x_wconf 87' lang='lat' dir='ltr'>Diana</span> <span class='ocrx_word' id='word_1_239' title='bbox 1523 3469 1585 3529; x_wconf 93' lang='lat' dir='ltr'>d.</span> <span class='ocrx_word' id='word_1_240' title='bbox 1619 3475 1799 3531; x_wconf 87' lang='lat' dir='ltr'>tract.</span> <span class='ocrx_word' id='word_1_241' title='bbox 1833 3471 1902 3531; x_wconf 85' lang='lat' dir='ltr'>de</span> <span class='ocrx_word' id='word_1_242' title='bbox 1928 3480 2209 3531; x_wconf 83' lang='lat' dir='ltr'>contract.</span> <span class='ocrx_word' id='word_1_243' title='bbox 2244 3490 2414 3532; x_wconf 86' lang='lat' dir='ltr'>reso-</span> 
     </span>
     <span class='ocr_line' id='line_1_39' title="bbox 882 3558 2408 3640; baseline 0.005 -23"><span class='ocrx_word' id='word_1_244' title='bbox 882 3558 996 3618; x_wconf 92' lang='lat' dir='ltr'>lut.</span> <span class='ocrx_word' id='word_1_245' title='bbox 1033 3562 1131 3619; x_wconf 79' lang='grc'>51.</span> <span class='ocrx_word' id='word_1_246' title='bbox 1165 3561 1411 3619; x_wconf 83' lang='lat' dir='ltr'>Lessius</span> <span class='ocrx_word' id='word_1_247' title='bbox 1441 3580 1577 3640; x_wconf 84' lang='lat' dir='ltr'>cap.</span> <span class='ocrx_word' id='word_1_248' title='bbox 1614 3564 1773 3624; x_wconf 83' lang='lat' dir='ltr'><strong>XXI.</strong></span> <span class='ocrx_word' id='word_1_249' title='bbox 1810 3564 1957 3624; x_wconf 90' lang='lat' dir='ltr'>dub.</span> <span class='ocrx_word' id='word_1_250' title='bbox 1985 3581 2068 3624; x_wconf 74' lang='lat' dir='ltr'>X1.</span> <span class='ocrx_word' id='word_1_251' title='bbox 2105 3583 2276 3625; x_wconf 90' lang='lat' dir='ltr'>num.</span> <span class='ocrx_word' id='word_1_252' title='bbox 2312 3567 2408 3626; x_wconf 88' lang='lat'>83.</span> 
     </span>
     <span class='ocr_line' id='line_1_40' title="bbox 884 3652 2410 3736; baseline 0.004 -24"><span class='ocrx_word' id='word_1_253' title='bbox 884 3654 1116 3713; x_wconf 82' lang='lat' dir='ltr'>Bonae.</span> <span class='ocrx_word' id='word_1_254' title='bbox 1153 3652 1312 3731; x_wconf 84' lang='lat' dir='ltr'>disp.</span> <span class='ocrx_word' id='word_1_255' title='bbox 1349 3670 1442 3714; x_wconf 84' lang='grc'><strong>111.</strong></span> <span class='ocrx_word' id='word_1_256' title='bbox 1491 3654 1560 3714; x_wconf 88' lang='lat' dir='ltr'>de</span> <span class='ocrx_word' id='word_1_257' title='bbox 1586 3666 1770 3717; x_wconf 83' lang='lat' dir='ltr'>contr.</span> <span class='ocrx_word' id='word_1_258' title='bbox 1819 3675 1923 3735; x_wconf 91' lang='lat' dir='ltr'>qu.</span> <span class='ocrx_word' id='word_1_259' title='bbox 1959 3658 2031 3717; x_wconf 94' lang='grc'>11.</span> <span class='ocrx_word' id='word_1_260' title='bbox 2076 3663 2289 3736; x_wconf 89' lang='lat' dir='ltr'>punct.</span> <span class='ocrx_word' id='word_1_261' title='bbox 2325 3674 2410 3718; x_wconf 69' lang='lat' dir='ltr'>w.</span> 
     </span>
     <span class='ocr_line' id='line_1_41' title="bbox 885 3746 2416 3829; baseline 0.003 -25"><span class='ocrx_word' id='word_1_262' title='bbox 885 3764 1058 3805; x_wconf 89' lang='lat' dir='ltr'>num.</span> <span class='ocrx_word' id='word_1_263' title='bbox 1100 3749 1192 3806; x_wconf 82' lang='lat'>17.</span> <span class='ocrx_word' id='word_1_264' title='bbox 1247 3746 1404 3819; x_wconf 83' lang='lat' dir='ltr'>Quia</span> <span class='ocrx_word' id='word_1_265' title='bbox 1432 3748 1721 3809; x_wconf 77' lang='lat' dir='ltr'>venditor</span> <span class='ocrx_word' id='word_1_266' title='bbox 1767 3750 2001 3809; x_wconf 91' lang='lat' dir='ltr'>nullam</span> <span class='ocrx_word' id='word_1_267' title='bbox 2045 3749 2416 3829; x_wconf 67' lang='grc'><strong>1010111010-</strong></span> 
     </span>
     <span class='ocr_line' id='line_1_42' title="bbox 887 3839 2417 3921; baseline 0.003 -24"><span class='ocrx_word' id='word_1_268' title='bbox 887 3839 1044 3898; x_wconf 82' lang='lat' dir='ltr'>riam</span> <span class='ocrx_word' id='word_1_269' title='bbox 1076 3840 1363 3917; x_wconf 82' lang='lat' dir='ltr'>emptori,</span> <span class='ocrx_word' id='word_1_270' title='bbox 1399 3859 1543 3899; x_wconf 89' lang='lat' dir='ltr'>cum</span> <span class='ocrx_word' id='word_1_271' title='bbox 1574 3841 1681 3902; x_wconf 84' lang='lat' dir='ltr'>det</span> <span class='ocrx_word' id='word_1_272' title='bbox 1709 3841 1762 3900; x_wconf 91' lang='lat' dir='ltr'>ei</span> <span class='ocrx_word' id='word_1_273' title='bbox 1793 3860 1927 3901; x_wconf 80' lang='lat' dir='ltr'>rem</span> <span class='ocrx_word' id='word_1_274' title='bbox 1972 3861 2149 3921; x_wconf 64' lang='lat' dir='ltr'>{eque</span> <span class='ocrx_word' id='word_1_275' title='bbox 2189 3844 2417 3902; x_wconf 88' lang='lat' dir='ltr'>bonam</span> 
     </span>
     <span class='ocr_line' id='line_1_43' title="bbox 889 3933 2422 4012; baseline 0.003 -21"><span class='ocrx_word' id='word_1_276' title='bbox 889 3937 948 3992; x_wconf 87' lang='lat' dir='ltr'>et</span> <span class='ocrx_word' id='word_1_277' title='bbox 978 3951 1154 4012; x_wconf 80' lang='lat' dir='ltr'>aeque</span> <span class='ocrx_word' id='word_1_278' title='bbox 1186 3933 1399 3992; x_wconf 87' lang='lat' dir='ltr'>utilem</span> <span class='ocrx_word' id='word_1_279' title='bbox 1449 3933 1528 3992; x_wconf 89' lang='lat' dir='ltr'>ad</span> <span class='ocrx_word' id='word_1_280' title='bbox 1577 3954 1724 3994; x_wconf 90' lang='lat' dir='ltr'>usus</span> <span class='ocrx_word' id='word_1_281' title='bbox 1754 3935 2061 3996; x_wconf 86' lang='lat' dir='ltr'>humanos</span> <span class='ocrx_word' id='word_1_282' title='bbox 2086 3982 2100 4011; x_wconf 93' lang='lat'>,</span> <span class='ocrx_word' id='word_1_283' title='bbox 2165 3955 2235 3995; x_wconf 82' lang='lat' dir='ltr'>ac</span> <span class='ocrx_word' id='word_1_284' title='bbox 2276 3940 2422 3996; x_wconf 90' lang='lat' dir='ltr'>sunt</span> 
     </span>
     <span class='ocr_line' id='line_1_44' title="bbox 889 4025 2420 4107; baseline 0.001 -22"><span class='ocrx_word' id='word_1_285' title='bbox 889 4025 1027 4085; x_wconf 83' lang='lat' dir='ltr'>aliae</span> <span class='ocrx_word' id='word_1_286' title='bbox 1054 4044 1192 4104; x_wconf 79' lang='lat' dir='ltr'>quae</span> <span class='ocrx_word' id='word_1_287' title='bbox 1224 4027 1445 4086; x_wconf 90' lang='lat' dir='ltr'>eodem</span> <span class='ocrx_word' id='word_1_288' title='bbox 1476 4027 1674 4107; x_wconf 89' lang='lat' dir='ltr'>prelio</span> <span class='ocrx_word' id='word_1_289' title='bbox 1706 4028 2121 4089; x_wconf 89' lang='lat' dir='ltr'>communiter</span> <span class='ocrx_word' id='word_1_290' title='bbox 2151 4028 2420 4087; x_wconf 75' lang='lat' dir='ltr'>venden-</span> 
     </span>
     <span class='ocr_line' id='line_1_45' title="bbox 889 4118 2421 4197; baseline 0.003 -19"><span class='ocrx_word' id='word_1_291' title='bbox 889 4121 1013 4194; x_wconf 90' lang='lat' dir='ltr'>tur,</span> <span class='ocrx_word' id='word_1_292' title='bbox 1048 4122 1108 4178; x_wconf 78' lang='lat' dir='ltr'>et</span> <span class='ocrx_word' id='word_1_293' title='bbox 1146 4118 1407 4196; x_wconf 85' lang='lat' dir='ltr'>quilibet</span> <span class='ocrx_word' id='word_1_294' title='bbox 1427 4120 1621 4197; x_wconf 84' lang='lat' dir='ltr'>possit</span> <span class='ocrx_word' id='word_1_295' title='bbox 1648 4139 1780 4180; x_wconf 87' lang='lat' dir='ltr'>rem</span> <span class='ocrx_word' id='word_1_296' title='bbox 1810 4140 1987 4181; x_wconf 89' lang='lat' dir='ltr'>suam</span> <span class='ocrx_word' id='word_1_297' title='bbox 2017 4121 2096 4182; x_wconf 89' lang='lat' dir='ltr'>ad</span> <span class='ocrx_word' id='word_1_298' title='bbox 2129 4140 2273 4181; x_wconf 87' lang='lat' dir='ltr'>eum</span> <span class='ocrx_word' id='word_1_299' title='bbox 2302 4126 2421 4181; x_wconf 88' lang='lat' dir='ltr'>sta-</span> 
     </span>
     <span class='ocr_line' id='line_1_46' title="bbox 889 4211 2424 4293; baseline 0.001 -22"><span class='ocrx_word' id='word_1_300' title='bbox 889 4214 1025 4271; x_wconf 84' lang='lat' dir='ltr'>tum</span> <span class='ocrx_word' id='word_1_301' title='bbox 1055 4211 1356 4272; x_wconf 85' lang='lat' dir='ltr'>reducere</span> <span class='ocrx_word' id='word_1_302' title='bbox 1399 4213 1604 4272; x_wconf 91' lang='lat' dir='ltr'>minus</span> <span class='ocrx_word' id='word_1_303' title='bbox 1650 4214 1994 4293; x_wconf 88' lang='lat' dir='ltr'>perfectum</span> <span class='ocrx_word' id='word_1_304' title='bbox 2037 4214 2096 4273; x_wconf 93' lang='lat' dir='ltr'>in</span> <span class='ocrx_word' id='word_1_305' title='bbox 2127 4231 2250 4293; x_wconf 90' lang='lat' dir='ltr'>quo</span> <span class='ocrx_word' id='word_1_306' title='bbox 2282 4217 2424 4273; x_wconf 89' lang='lat' dir='ltr'>sunt</span> 
     </span>
     <span class='ocr_line' id='line_1_47' title="bbox 892 4303 2425 4383; baseline 0.003 -19"><span class='ocrx_word' id='word_1_307' title='bbox 892 4303 1062 4379; x_wconf 80' lang='lat' dir='ltr'>aliae,</span> <span class='ocrx_word' id='word_1_308' title='bbox 1098 4321 1237 4383; x_wconf 81' lang='lat' dir='ltr'>quae</span> <span class='ocrx_word' id='word_1_309' title='bbox 1269 4306 1683 4367; x_wconf 83' lang='lat' dir='ltr'>communiter</span> <span class='ocrx_word' id='word_1_310' title='bbox 1711 4309 1863 4367; x_wconf 89' lang='lat' dir='ltr'>tanti</span> <span class='ocrx_word' id='word_1_311' title='bbox 1896 4305 2315 4382; x_wconf 70' lang='lat' dir='ltr'>aestimantur,</span> <span class='ocrx_word' id='word_1_312' title='bbox 2363 4311 2425 4368; x_wconf 87' lang='lat' dir='ltr'>et</span> 
     </span>
     <span class='ocr_line' id='line_1_48' title="bbox 893 4398 2423 4480; baseline 0.003 -24"><span class='ocrx_word' id='word_1_313' title='bbox 893 4398 955 4456; x_wconf 91' lang='lat' dir='ltr'>in</span> <span class='ocrx_word' id='word_1_314' title='bbox 1006 4415 1079 4457; x_wconf 88' lang='lat' dir='ltr'>eo</span> <span class='ocrx_word' id='word_1_315' title='bbox 1120 4403 1285 4459; x_wconf 83' lang='lat' dir='ltr'>statu</span> <span class='ocrx_word' id='word_1_316' title='bbox 1328 4400 1594 4477; x_wconf 76' lang='lat' dir='ltr'>positam</span> <span class='ocrx_word' id='word_1_317' title='bbox 1642 4401 1956 4478; x_wconf 74' lang='lat' dir='ltr'>vendere,</span> <span class='ocrx_word' id='word_1_318' title='bbox 2016 4401 2231 4480; x_wconf 87' lang='lat' dir='ltr'>quanti</span> <span class='ocrx_word' id='word_1_319' title='bbox 2287 4400 2423 4461; x_wconf 68' lang='lat' dir='ltr'>alia}</span> 
     </span>
     <span class='ocr_line' id='line_1_49' title="bbox 894 4490 2300 4572; baseline 0.004 -24"><span class='ocrx_word' id='word_1_320' title='bbox 894 4490 1253 4552; x_wconf 85' lang='lat' dir='ltr'>venduntur</span> <span class='ocrx_word' id='word_1_321' title='bbox 1282 4492 1507 4571; x_wconf 87' lang='lat' dir='ltr'>quibus</span> <span class='ocrx_word' id='word_1_322' title='bbox 1537 4493 1598 4551; x_wconf 91' lang='lat' dir='ltr'>in</span> <span class='ocrx_word' id='word_1_323' title='bbox 1631 4493 1918 4553; x_wconf 90' lang='lat' dir='ltr'>omnibus</span> <span class='ocrx_word' id='word_1_324' title='bbox 1948 4493 2300 4572; x_wconf 81' lang='lat' dir='ltr'>aequivalet.</span> 
     </span>
    </p>

    <p class='ocr_par' dir='ltr' id='par_1_7' title="bbox 894 4586 2436 5597">
     <span class='ocr_line' id='line_1_50' title="bbox 976 4586 2426 4665; baseline -0.001 -21"><span class='ocrx_word' id='word_1_325' title='bbox 976 4586 1123 4645; x_wconf 78' lang='grc' dir='ltr'>11ωο</span> <span class='ocrx_word' id='word_1_326' title='bbox 1151 4586 1459 4647; x_wconf 73' lang='lat' dir='ltr'>sententia</span> <span class='ocrx_word' id='word_1_327' title='bbox 1491 4605 1611 4645; x_wconf 91' lang='lat' dir='ltr'>uon</span> <span class='ocrx_word' id='word_1_328' title='bbox 1641 4587 1791 4646; x_wconf 90' lang='lat' dir='ltr'>mihi</span> <span class='ocrx_word' id='word_1_329' title='bbox 1815 4586 2120 4665; x_wconf 74' lang='lat' dir='ltr'>displicet,</span> <span class='ocrx_word' id='word_1_330' title='bbox 2157 4603 2299 4645; x_wconf 91' lang='lat' dir='ltr'>eum</span> <span class='ocrx_word' id='word_1_331' title='bbox 2320 4586 2426 4644; x_wconf 88' lang='lat' dir='ltr'>ali-</span> 
     </span>
     <span class='ocr_line' id='line_1_51' title="bbox 898 4678 2426 4758; baseline 0.001 -21"><span class='ocrx_word' id='word_1_332' title='bbox 898 4678 1124 4756; x_wconf 89' lang='lat' dir='ltr'>quibus</span> <span class='ocrx_word' id='word_1_333' title='bbox 1153 4678 1648 4739; x_wconf 78' lang='lat' dir='ltr'>limitatiouibuS.</span> <span class='ocrx_word' id='word_1_334' title='bbox 1700 4680 1907 4740; x_wconf 86' lang='lat' dir='ltr'>Prima</span> <span class='ocrx_word' id='word_1_335' title='bbox 1947 4685 2039 4741; x_wconf 88' lang='lat' dir='ltr'>est</span> <span class='ocrx_word' id='word_1_336' title='bbox 2081 4679 2248 4758; x_wconf 88' lang='lat' dir='ltr'>quod</span> <span class='ocrx_word' id='word_1_337' title='bbox 2282 4697 2426 4739; x_wconf 76' lang='lat' dir='ltr'>vere</span> 
     </span>
     <span class='ocr_line' id='line_1_52' title="bbox 896 4771 2429 4851; baseline -0.001 -20"><span class='ocrx_word' id='word_1_338' title='bbox 896 4771 1139 4832; x_wconf 91' lang='lat' dir='ltr'>nullum</span> <span class='ocrx_word' id='word_1_339' title='bbox 1170 4772 1471 4832; x_wconf 88' lang='lat' dir='ltr'>damnum</span> <span class='ocrx_word' id='word_1_340' title='bbox 1499 4773 1766 4851; x_wconf 84' lang='lat' dir='ltr'>emptori</span> <span class='ocrx_word' id='word_1_341' title='bbox 1797 4772 1976 4851; x_wconf 88' lang='lat' dir='ltr'>sequi</span> <span class='ocrx_word' id='word_1_342' title='bbox 2004 4773 2200 4851; x_wconf 88' lang='lat' dir='ltr'>possit</span> <span class='ocrx_word' id='word_1_343' title='bbox 2233 4792 2245 4832; x_wconf 91' lang='lat'>:</span> <span class='ocrx_word' id='word_1_344' title='bbox 2282 4789 2429 4830; x_wconf 87' lang='lat' dir='ltr'>nam</span> 
     </span>
     <span class='ocr_line' id='line_1_53' title="bbox 896 4863 2430 4945; baseline -0.003 -19"><span class='ocrx_word' id='word_1_345' title='bbox 896 4866 946 4926; x_wconf 87' lang='lat' dir='ltr'>si</span> <span class='ocrx_word' id='word_1_346' title='bbox 977 4865 1191 4925; x_wconf 85' lang='lat' dir='ltr'>vinum</span> <span class='ocrx_word' id='word_1_347' title='bbox 1223 4884 1402 4945; x_wconf 84' lang='lat' dir='ltr'>aquae</span> <span class='ocrx_word' id='word_1_348' title='bbox 1433 4866 1682 4926; x_wconf 85' lang='lat' dir='ltr'>mistum</span> <span class='ocrx_word' id='word_1_349' title='bbox 1718 4885 1968 4926; x_wconf 80' lang='lat' dir='ltr'>servare</span> <span class='ocrx_word' id='word_1_350' title='bbox 2000 4864 2207 4940; x_wconf 81' lang='lat' dir='ltr'>vellet,</span> <span class='ocrx_word' id='word_1_351' title='bbox 2244 4863 2430 4925; x_wconf 89' lang='lat' dir='ltr'>detri-</span> 
     </span>
     <span class='ocr_line' id='line_1_54' title="bbox 895 4958 2425 5038; baseline -0.003 -18"><span class='ocrx_word' id='word_1_352' title='bbox 895 4965 1178 5020; x_wconf 85' lang='lat' dir='ltr'>mentum</span> <span class='ocrx_word' id='word_1_353' title='bbox 1207 4963 1547 5037; x_wconf 85' lang='lat' dir='ltr'>pateretur,</span> <span class='ocrx_word' id='word_1_354' title='bbox 1583 4978 1655 5019; x_wconf 93' lang='lat' dir='ltr'>eo</span> <span class='ocrx_word' id='word_1_355' title='bbox 1680 4958 1848 5038; x_wconf 89' lang='lat' dir='ltr'>quod</span> <span class='ocrx_word' id='word_1_356' title='bbox 1878 4958 2058 5018; x_wconf 90' lang='lat' dir='ltr'>citius</span> <span class='ocrx_word' id='word_1_357' title='bbox 2089 4961 2425 5034; x_wconf 82' lang='lat' dir='ltr'>acesceret,</span> 
     </span>
     <span class='ocr_line' id='line_1_55' title="bbox 896 5050 2426 5130; baseline -0.001 -18"><span class='ocrx_word' id='word_1_358' title='bbox 896 5053 994 5113; x_wconf 83' lang='lat' dir='ltr'>vel</span> <span class='ocrx_word' id='word_1_359' title='bbox 1015 5056 1523 5130; x_wconf 85' lang='lat' dir='ltr'>corrumperetur</span> <span class='ocrx_word' id='word_1_360' title='bbox 1543 5057 1799 5130; x_wconf 90' lang='lat' dir='ltr'>propter</span> <span class='ocrx_word' id='word_1_361' title='bbox 1820 5069 2047 5129; x_wconf 87' lang='lat' dir='ltr'>aquam</span> <span class='ocrx_word' id='word_1_362' title='bbox 2071 5050 2426 5110; x_wconf 81' lang='lat' dir='ltr'>admistam.</span> 
     </span>
     <span class='ocr_line' id='line_1_56' title="bbox 898 5143 2435 5224; baseline -0.003 -16"><span class='ocrx_word' id='word_1_363' title='bbox 898 5146 1189 5208; x_wconf 88' lang='lat' dir='ltr'>Secunda</span> <span class='ocrx_word' id='word_1_364' title='bbox 1220 5150 1335 5220; x_wconf 89' lang='lat' dir='ltr'>est,</span> <span class='ocrx_word' id='word_1_365' title='bbox 1372 5146 1541 5224; x_wconf 87' lang='lat' dir='ltr'>quod</span> <span class='ocrx_word' id='word_1_366' title='bbox 1573 5143 1825 5224; x_wconf 89' lang='lat' dir='ltr'>quando</span> <span class='ocrx_word' id='word_1_367' title='bbox 1856 5143 1994 5221; x_wconf 86' lang='lat' dir='ltr'>lege</span> <span class='ocrx_word' id='word_1_368' title='bbox 2025 5147 2308 5204; x_wconf 86' lang='lat' dir='ltr'>taxatum</span> <span class='ocrx_word' id='word_1_369' title='bbox 2341 5145 2435 5203; x_wconf 85' lang='lat' dir='ltr'>est</span> 
     </span>
     <span class='ocr_line' id='line_1_57' title="bbox 894 5235 2431 5319; baseline -0.003 -21"><span class='ocrx_word' id='word_1_370' title='bbox 894 5239 1188 5319; x_wconf 88' lang='lat' dir='ltr'>prelium,</span> <span class='ocrx_word' id='word_1_371' title='bbox 1215 5237 1503 5298; x_wconf 83' lang='lat' dir='ltr'>admistio</span> <span class='ocrx_word' id='word_1_372' title='bbox 1521 5255 1642 5297; x_wconf 92' lang='lat' dir='ltr'>non</span> <span class='ocrx_word' id='word_1_373' title='bbox 1666 5237 1775 5297; x_wconf 88' lang='lat' dir='ltr'>fiat</span> <span class='ocrx_word' id='word_1_374' title='bbox 1796 5255 1869 5295; x_wconf 87' lang='lat' dir='ltr'>ex</span> <span class='ocrx_word' id='word_1_375' title='bbox 1900 5235 2163 5295; x_wconf 82' lang='lat' dir='ltr'>materia</span> <span class='ocrx_word' id='word_1_376' title='bbox 2180 5235 2431 5296; x_wconf 88' lang='lat' dir='ltr'>omnino</span> 
     </span>
     <span class='ocr_line' id='line_1_58' title="bbox 899 5327 2429 5410; baseline -0.002 -20"><span class='ocrx_word' id='word_1_377' title='bbox 899 5329 1252 5410; x_wconf 81' lang='lat' dir='ltr'>peregriua,</span> <span class='ocrx_word' id='word_1_378' title='bbox 1288 5331 1398 5389; x_wconf 86' lang='lat' dir='ltr'>sed</span> <span class='ocrx_word' id='word_1_379' title='bbox 1429 5349 1502 5390; x_wconf 85' lang='lat' dir='ltr'>ex</span> <span class='ocrx_word' id='word_1_380' title='bbox 1534 5348 1609 5389; x_wconf 83' lang='lat' dir='ltr'>ea</span> <span class='ocrx_word' id='word_1_381' title='bbox 1639 5349 1800 5409; x_wconf 79' lang='lat' dir='ltr'>quae,</span> <span class='ocrx_word' id='word_1_382' title='bbox 1835 5329 2078 5388; x_wconf 89' lang='lat' dir='ltr'>seclusa</span> <span class='ocrx_word' id='word_1_383' title='bbox 2099 5327 2429 5403; x_wconf 85' lang='lat' dir='ltr'>industria,</span> 
     </span>
     <span class='ocr_line' id='line_1_59' title="bbox 900 5421 2429 5502; baseline -0.001 -19"><span class='ocrx_word' id='word_1_384' title='bbox 900 5424 1231 5484; x_wconf 86' lang='lat' dir='ltr'>admisceri</span> <span class='ocrx_word' id='word_1_385' title='bbox 1260 5424 1421 5484; x_wconf 88' lang='lat' dir='ltr'>solet</span> <span class='ocrx_word' id='word_1_386' title='bbox 1468 5425 1577 5484; x_wconf 87' lang='lat' dir='ltr'>tali</span> <span class='ocrx_word' id='word_1_387' title='bbox 1615 5423 1745 5499; x_wconf 88' lang='lat' dir='ltr'>rei,</span> <span class='ocrx_word' id='word_1_388' title='bbox 1805 5442 1916 5502; x_wconf 86' lang='lat' dir='ltr'>per</span> <span class='ocrx_word' id='word_1_389' title='bbox 1972 5440 2035 5481; x_wconf 89' lang='lat' dir='ltr'>se</span> <span class='ocrx_word' id='word_1_390' title='bbox 2091 5421 2429 5499; x_wconf 79' lang='lat' dir='ltr'>loquendo,</span> 
     </span>
     <span class='ocr_line' id='line_1_60' title="bbox 903 5513 2436 5597; baseline -0.004 -19"><span class='ocrx_word' id='word_1_391' title='bbox 903 5519 1060 5578; x_wconf 85' lang='lat' dir='ltr'>Nam</span> <span class='ocrx_word' id='word_1_392' title='bbox 1088 5517 1289 5579; x_wconf 79' lang='lat' dir='ltr'>tritico</span> <span class='ocrx_word' id='word_1_393' title='bbox 1332 5518 1391 5577; x_wconf 89' lang='lat' dir='ltr'>in</span> <span class='ocrx_word' id='word_1_394' title='bbox 1423 5537 1570 5578; x_wconf 82' lang='lat' dir='ltr'>area</span> <span class='ocrx_word' id='word_1_395' title='bbox 1600 5518 1720 5576; x_wconf 87' lang='lat' dir='ltr'>alia</span> <span class='ocrx_word' id='word_1_396' title='bbox 1752 5514 2041 5597; x_wconf 61' lang='lat' dir='ltr'>quiedam</span> <span class='ocrx_word' id='word_1_397' title='bbox 2072 5514 2314 5574; x_wconf 80' lang='lat' dir='ltr'>semina</span> <span class='ocrx_word' id='word_1_398' title='bbox 2342 5513 2436 5573; x_wconf 86' lang='lat' dir='ltr'>di-</span> 
     </span>
    </p>
   </div>
   <div class='ocr_carea' id='block_1_5' title="bbox 1978 323 2865 386">
    <p class='ocr_par' dir='ltr' id='par_1_8' title="bbox 1978 323 2865 386">
     <span class='ocr_line' id='line_1_61' title="bbox 1978 323 2865 386; baseline 0.002 -5"><span class='ocrx_word' id='word_1_399' title='bbox 1978 323 2082 381; x_wconf 81' lang='lat' dir='ltr'>DE</span> <span class='ocrx_word' id='word_1_400' title='bbox 2123 324 2478 383; x_wconf 86' lang='lat' dir='ltr'>JUSTlTlA</span> <span class='ocrx_word' id='word_1_401' title='bbox 2525 325 2623 384; x_wconf 80' lang='lat' dir='ltr'>ET</span> <span class='ocrx_word' id='word_1_402' title='bbox 2666 326 2865 386; x_wconf 70' lang='lat' dir='ltr'>mnu</span> 
     </span>
    </p>
   </div>
   <div class='ocr_carea' id='block_1_6' title="bbox 2494 500 4073 4291">
    <p class='ocr_par' dir='ltr' id='par_1_9' title="bbox 2494 500 4065 4012">
     <span class='ocr_line' id='line_1_62' title="bbox 2494 500 4043 580; baseline -0.001 -23"><span class='ocrx_word' id='word_1_403' title='bbox 2494 518 2698 576; x_wconf 84' lang='lat' dir='ltr'>versa,</span> <span class='ocrx_word' id='word_1_404' title='bbox 2731 520 2869 580; x_wconf 83' lang='lat' dir='ltr'>quoe</span> <span class='ocrx_word' id='word_1_405' title='bbox 2898 521 3038 562; x_wconf 90' lang='lat' dir='ltr'>cum</span> <span class='ocrx_word' id='word_1_406' title='bbox 3071 502 3274 562; x_wconf 84' lang='lat' dir='ltr'>tritico</span> <span class='ocrx_word' id='word_1_407' title='bbox 3309 502 3476 560; x_wconf 86' lang='lat' dir='ltr'>nasci</span> <span class='ocrx_word' id='word_1_408' title='bbox 3510 502 3731 573; x_wconf 84' lang='lat' dir='ltr'>solent,</span> <span class='ocrx_word' id='word_1_409' title='bbox 3774 500 4043 559; x_wconf 81' lang='lat' dir='ltr'>miscen-</span> 
     </span>
     <span class='ocr_line' id='line_1_63' title="bbox 2494 593 4045 672; baseline -0.003 -20"><span class='ocrx_word' id='word_1_410' title='bbox 2494 597 2627 667; x_wconf 85' lang='lat' dir='ltr'>tur,</span> <span class='ocrx_word' id='word_1_411' title='bbox 2665 593 2825 655; x_wconf 89' lang='lat' dir='ltr'>sicut</span> <span class='ocrx_word' id='word_1_412' title='bbox 2853 600 2913 655; x_wconf 89' lang='lat' dir='ltr'>et</span> <span class='ocrx_word' id='word_1_413' title='bbox 2942 595 3161 671; x_wconf 59' lang='lat' dir='ltr'>palea»,</span> <span class='ocrx_word' id='word_1_414' title='bbox 3197 594 3401 672; x_wconf 76' lang='lat' dir='ltr'>pulvis</span> <span class='ocrx_word' id='word_1_415' title='bbox 3429 640 3445 667; x_wconf 93' lang='lat'>,</span> <span class='ocrx_word' id='word_1_416' title='bbox 3481 598 3547 653; x_wconf 87' lang='lat' dir='ltr'>et</span> <span class='ocrx_word' id='word_1_417' title='bbox 3573 594 3847 659; x_wconf 79' lang='lat' dir='ltr'>sordes:</span> <span class='ocrx_word' id='word_1_418' title='bbox 3913 610 4045 669; x_wconf 79' lang='lat' dir='ltr'>qua·</span> 
     </span>
     <span class='ocr_line' id='line_1_64' title="bbox 2494 685 4045 765; baseline -0.003 -22"><span class='ocrx_word' id='word_1_419' title='bbox 2494 685 2545 744; x_wconf 88' lang='lat' dir='ltr'>si</span> <span class='ocrx_word' id='word_1_420' title='bbox 2574 686 2635 745; x_wconf 92' lang='lat' dir='ltr'>in</span> <span class='ocrx_word' id='word_1_421' title='bbox 2668 686 2885 746; x_wconf 90' lang='lat' dir='ltr'>eadem</span> <span class='ocrx_word' id='word_1_422' title='bbox 2934 687 3136 746; x_wconf 86' lang='lat' dir='ltr'>solum</span> <span class='ocrx_word' id='word_1_423' title='bbox 3175 687 3523 765; x_wconf 85' lang='lat' dir='ltr'>quantitate</span> <span class='ocrx_word' id='word_1_424' title='bbox 3551 686 3959 744; x_wconf 78' lang='lat' dir='ltr'>misceantur</span> <span class='ocrx_word' id='word_1_425' title='bbox 3982 702 4045 739; x_wconf 82' lang='lat' dir='ltr'>ex</span> 
     </span>
     <span class='ocr_line' id='line_1_65' title="bbox 2495 777 4047 856; baseline -0.003 -20"><span class='ocrx_word' id='word_1_426' title='bbox 2495 778 2802 839; x_wconf 87' lang='lat' dir='ltr'>industria</span> <span class='ocrx_word' id='word_1_427' title='bbox 2832 779 3031 840; x_wconf 84' lang='lat' dir='ltr'>tritico</span> <span class='ocrx_word' id='word_1_428' title='bbox 3065 798 3240 856; x_wconf 75' lang='lat' dir='ltr'>puro,</span> <span class='ocrx_word' id='word_1_429' title='bbox 3276 796 3400 837; x_wconf 91' lang='lat' dir='ltr'>non</span> <span class='ocrx_word' id='word_1_430' title='bbox 3426 777 3787 837; x_wconf 80' lang='lat' dir='ltr'>extrahitur</span> <span class='ocrx_word' id='word_1_431' title='bbox 3820 795 3860 833; x_wconf 85' lang='lat' dir='ltr'>a</span> <span class='ocrx_word' id='word_1_432' title='bbox 3892 781 4047 833; x_wconf 82' lang='lat' dir='ltr'>statu</span> 
     </span>
     <span class='ocr_line' id='line_1_66' title="bbox 2498 869 4049 949; baseline -0.003 -20"><span class='ocrx_word' id='word_1_433' title='bbox 2498 890 2683 949; x_wconf 88' lang='lat' dir='ltr'>quem</span> <span class='ocrx_word' id='word_1_434' title='bbox 2718 871 2904 931; x_wconf 88' lang='lat' dir='ltr'>habet</span> <span class='ocrx_word' id='word_1_435' title='bbox 2952 871 3225 931; x_wconf 86' lang='lat' dir='ltr'>triticum</span> <span class='ocrx_word' id='word_1_436' title='bbox 3275 872 3416 949; x_wconf 83' lang='lat' dir='ltr'>lege</span> <span class='ocrx_word' id='word_1_437' title='bbox 3448 875 3757 931; x_wconf 85' lang='lat' dir='ltr'>taxatum.</span> <span class='ocrx_word' id='word_1_438' title='bbox 3820 869 4049 926; x_wconf 69' lang='lat' dir='ltr'>Vinum</span> 
     </span>
     <span class='ocr_line' id='line_1_67' title="bbox 2497 961 4051 1039; baseline -0.004 -16"><span class='ocrx_word' id='word_1_439' title='bbox 2497 982 2645 1023; x_wconf 77' lang='lat' dir='ltr'>vero</span> <span class='ocrx_word' id='word_1_440' title='bbox 2677 964 2915 1024; x_wconf 87' lang='lat' dir='ltr'>seclusa</span> <span class='ocrx_word' id='word_1_441' title='bbox 2944 963 3271 1039; x_wconf 88' lang='lat' dir='ltr'>industria,</span> <span class='ocrx_word' id='word_1_442' title='bbox 3308 982 3427 1022; x_wconf 89' lang='lat' dir='ltr'>non</span> <span class='ocrx_word' id='word_1_443' title='bbox 3451 963 3611 1024; x_wconf 83' lang='lat' dir='ltr'>solet</span> <span class='ocrx_word' id='word_1_444' title='bbox 3629 981 3771 1022; x_wconf 86' lang='lat' dir='ltr'>esse</span> <span class='ocrx_word' id='word_1_445' title='bbox 3796 961 4051 1020; x_wconf 76' lang='lat' dir='ltr'>mistum</span> 
     </span>
     <span class='ocr_line' id='line_1_68' title="bbox 2498 1048 4055 1135; baseline -0.003 -20"><span class='ocrx_word' id='word_1_446' title='bbox 2498 1074 2677 1134; x_wconf 78' lang='lat' dir='ltr'>aquae</span> <span class='ocrx_word' id='word_1_447' title='bbox 2705 1076 2719 1127; x_wconf 79' lang='grc' dir='ltr'><strong>ς</strong></span> <span class='ocrx_word' id='word_1_448' title='bbox 2754 1058 3064 1135; x_wconf 86' lang='lat' dir='ltr'>quarclex</span> <span class='ocrx_word' id='word_1_449' title='bbox 3093 1062 3313 1116; x_wconf 84' lang='lat' dir='ltr'>taxans</span> <span class='ocrx_word' id='word_1_450' title='bbox 3341 1056 3617 1134; x_wconf 86' lang='lat' dir='ltr'>pretium</span> <span class='ocrx_word' id='word_1_451' title='bbox 3649 1048 3814 1126; x_wconf 76' lang='lat' dir='ltr'>vini,</span> <span class='ocrx_word' id='word_1_452' title='bbox 3856 1053 4055 1132; x_wconf 80' lang='lat' dir='ltr'>loqui-</span> 
     </span>
     <span class='ocr_line' id='line_1_69' title="bbox 2497 1148 4054 1227; baseline -0.004 -18"><span class='ocrx_word' id='word_1_453' title='bbox 2497 1153 2600 1209; x_wconf 90' lang='lat' dir='ltr'>tur</span> <span class='ocrx_word' id='word_1_454' title='bbox 2628 1148 2705 1207; x_wconf 86' lang='lat' dir='ltr'>de</span> <span class='ocrx_word' id='word_1_455' title='bbox 2734 1149 2875 1208; x_wconf 68' lang='lat' dir='ltr'>vino</span> <span class='ocrx_word' id='word_1_456' title='bbox 2901 1168 3091 1227; x_wconf 91' lang='lat' dir='ltr'>puro,</span> <span class='ocrx_word' id='word_1_457' title='bbox 3144 1150 3327 1227; x_wconf 85' lang='lat' dir='ltr'>quale</span> <span class='ocrx_word' id='word_1_458' title='bbox 3376 1155 3471 1208; x_wconf 79' lang='lat' dir='ltr'>est</span> <span class='ocrx_word' id='word_1_459' title='bbox 3503 1167 3691 1208; x_wconf 87' lang='lat' dir='ltr'>omne</span> <span class='ocrx_word' id='word_1_460' title='bbox 3721 1148 3961 1206; x_wconf 75' lang='lat' dir='ltr'>vinum</span> <span class='ocrx_word' id='word_1_461' title='bbox 3989 1165 4054 1203; x_wconf 74' lang='lat' dir='ltr'>ex</span> 
     </span>
     <span class='ocr_line' id='line_1_70' title="bbox 2498 1240 4056 1319; baseline -0.004 -17"><span class='ocrx_word' id='word_1_462' title='bbox 2498 1240 2789 1302; x_wconf 88' lang='lat' dir='ltr'>torculari</span> <span class='ocrx_word' id='word_1_463' title='bbox 2822 1246 3207 1315; x_wconf 87' lang='lat' dir='ltr'>extractum;</span> <span class='ocrx_word' id='word_1_464' title='bbox 3252 1247 3315 1301; x_wconf 89' lang='lat' dir='ltr'>et</span> <span class='ocrx_word' id='word_1_465' title='bbox 3352 1240 3495 1300; x_wconf 82' lang='lat' dir='ltr'>ideo</span> <span class='ocrx_word' id='word_1_466' title='bbox 3528 1241 3638 1319; x_wconf 90' lang='lat' dir='ltr'>qui</span> <span class='ocrx_word' id='word_1_467' title='bbox 3669 1240 3875 1299; x_wconf 85' lang='lat' dir='ltr'>babet</span> <span class='ocrx_word' id='word_1_468' title='bbox 3909 1257 4056 1298; x_wconf 85' lang='lat' dir='ltr'>cen·</span> 
     </span>
     <span class='ocr_line' id='line_1_71' title="bbox 2498 1331 4055 1412; baseline -0.004 -17"><span class='ocrx_word' id='word_1_469' title='bbox 2498 1339 2633 1395; x_wconf 86' lang='lat' dir='ltr'>tum</span> <span class='ocrx_word' id='word_1_470' title='bbox 2664 1334 3000 1411; x_wconf 81' lang='lat' dir='ltr'>amphoras</span> <span class='ocrx_word' id='word_1_471' title='bbox 3051 1334 3177 1392; x_wconf 82' lang='lat' dir='ltr'>vini</span> <span class='ocrx_word' id='word_1_472' title='bbox 3237 1333 3374 1412; x_wconf 90' lang='lat' dir='ltr'>puri</span> <span class='ocrx_word' id='word_1_473' title='bbox 3402 1380 3418 1409; x_wconf 87' lang='lat'>,</span> <span class='ocrx_word' id='word_1_474' title='bbox 3480 1339 3543 1393; x_wconf 91' lang='lat' dir='ltr'>et</span> <span class='ocrx_word' id='word_1_475' title='bbox 3597 1332 3925 1391; x_wconf 82' lang='lat' dir='ltr'>admiscet</span> <span class='ocrx_word' id='word_1_476' title='bbox 3979 1331 4055 1388; x_wconf 79' lang='lat' dir='ltr'>illi</span> 
     </span>
     <span class='ocr_line' id='line_1_72' title="bbox 2502 1424 4056 1505; baseline -0.003 -19"><span class='ocrx_word' id='word_1_477' title='bbox 2502 1427 2658 1486; x_wconf 88' lang='lat' dir='ltr'>duas</span> <span class='ocrx_word' id='word_1_478' title='bbox 2688 1444 2866 1505; x_wconf 63' lang='lat' dir='ltr'>aquae.</span> <span class='ocrx_word' id='word_1_479' title='bbox 2892 1473 2906 1501; x_wconf 95' lang='lat'>,</span> <span class='ocrx_word' id='word_1_480' title='bbox 2961 1425 3095 1504; x_wconf 87' lang='lat' dir='ltr'>jam</span> <span class='ocrx_word' id='word_1_481' title='bbox 3124 1427 3341 1487; x_wconf 77' lang='lat' dir='ltr'>vendit</span> <span class='ocrx_word' id='word_1_482' title='bbox 3381 1426 3671 1503; x_wconf 81' lang='lat' dir='ltr'>singulas</span> <span class='ocrx_word' id='word_1_483' title='bbox 3700 1424 4056 1502; x_wconf 54' lang='lat' dir='ltr'>amphoras</span> 
     </span>
     <span class='ocr_line' id='line_1_73' title="bbox 2501 1516 4056 1598; baseline -0.005 -18"><span class='ocrx_word' id='word_1_484' title='bbox 2501 1519 2628 1580; x_wconf 82' lang='lat' dir='ltr'>vini</span> <span class='ocrx_word' id='word_1_485' title='bbox 2660 1521 2798 1598; x_wconf 91' lang='lat' dir='ltr'>puri</span> <span class='ocrx_word' id='word_1_486' title='bbox 2829 1518 3028 1597; x_wconf 88' lang='lat' dir='ltr'>pretio</span> <span class='ocrx_word' id='word_1_487' title='bbox 3060 1519 3399 1578; x_wconf 67' lang='lat' dir='ltr'>excedente</span> <span class='ocrx_word' id='word_1_488' title='bbox 3434 1523 3649 1579; x_wconf 82' lang='lat' dir='ltr'>taxam</span> <span class='ocrx_word' id='word_1_489' title='bbox 3670 1565 3686 1592; x_wconf 93' lang='lat'>,</span> <span class='ocrx_word' id='word_1_490' title='bbox 3738 1536 3899 1597; x_wconf 79' lang='lat' dir='ltr'>quae</span> <span class='ocrx_word' id='word_1_491' title='bbox 3928 1516 4056 1575; x_wconf 75' lang='lat' dir='ltr'>sola</span> 
     </span>
     <span class='ocr_line' id='line_1_74' title="bbox 2501 1611 4058 1690; baseline -0.003 -19"><span class='ocrx_word' id='word_1_492' title='bbox 2501 1612 2767 1672; x_wconf 87' lang='lat' dir='ltr'>refertur</span> <span class='ocrx_word' id='word_1_493' title='bbox 2796 1612 2872 1671; x_wconf 89' lang='lat' dir='ltr'>ad</span> <span class='ocrx_word' id='word_1_494' title='bbox 2900 1612 3115 1671; x_wconf 85' lang='lat' dir='ltr'>vinum</span> <span class='ocrx_word' id='word_1_495' title='bbox 3148 1629 3395 1690; x_wconf 88' lang='lat' dir='ltr'>purum.</span> <span class='ocrx_word' id='word_1_496' title='bbox 3435 1611 3496 1671; x_wconf 91' lang='lat' dir='ltr'>Si</span> <span class='ocrx_word' id='word_1_497' title='bbox 3532 1616 3749 1671; x_wconf 81' lang='lat' dir='ltr'>tamen</span> <span class='ocrx_word' id='word_1_498' title='bbox 3786 1628 4058 1670; x_wconf 78' lang='lat' dir='ltr'>consue-</span> 
     </span>
     <span class='ocr_line' id='line_1_75' title="bbox 2500 1703 4058 1782; baseline -0.004 -16"><span class='ocrx_word' id='word_1_499' title='bbox 2500 1704 2653 1766; x_wconf 84' lang='lat' dir='ltr'>tudo</span> <span class='ocrx_word' id='word_1_500' title='bbox 2685 1707 2848 1763; x_wconf 86' lang='lat' dir='ltr'>esset</span> <span class='ocrx_word' id='word_1_501' title='bbox 2889 1703 3116 1763; x_wconf 85' lang='lat' dir='ltr'>alicubi</span> <span class='ocrx_word' id='word_1_502' title='bbox 3157 1703 3547 1763; x_wconf 83' lang='lat' dir='ltr'>admiscendi</span> <span class='ocrx_word' id='word_1_503' title='bbox 3587 1721 3824 1782; x_wconf 86' lang='lat' dir='ltr'>parum</span> <span class='ocrx_word' id='word_1_504' title='bbox 3879 1721 4058 1780; x_wconf 78' lang='lat' dir='ltr'>aqua·</span> 
     </span>
     <span class='ocr_line' id='line_1_76' title="bbox 2502 1794 4057 1875; baseline -0.005 -19"><span class='ocrx_word' id='word_1_505' title='bbox 2502 1796 2670 1871; x_wconf 81' lang='lat' dir='ltr'>vinc,</span> <span class='ocrx_word' id='word_1_506' title='bbox 2704 1796 2957 1875; x_wconf 89' lang='lat' dir='ltr'>quaudo</span> <span class='ocrx_word' id='word_1_507' title='bbox 2978 1796 3323 1869; x_wconf 83' lang='lat' dir='ltr'>conficitur,</span> <span class='ocrx_word' id='word_1_508' title='bbox 3358 1794 3506 1873; x_wconf 88' lang='lat' dir='ltr'>quia</span> <span class='ocrx_word' id='word_1_509' title='bbox 3538 1794 3599 1853; x_wconf 92' lang='lat' dir='ltr'>id</span> <span class='ocrx_word' id='word_1_510' title='bbox 3624 1794 3819 1872; x_wconf 85' lang='lat' dir='ltr'>periti</span> <span class='ocrx_word' id='word_1_511' title='bbox 3852 1812 4057 1853; x_wconf 76' lang='lat' dir='ltr'>neces-</span> 
     </span>
     <span class='ocr_line' id='line_1_77' title="bbox 2503 1886 4053 1967; baseline -0.004 -18"><span class='ocrx_word' id='word_1_512' title='bbox 2503 1890 2736 1950; x_wconf 87' lang='lat' dir='ltr'>sarium</span> <span class='ocrx_word' id='word_1_513' title='bbox 2759 1888 3049 1967; x_wconf 87' lang='lat' dir='ltr'>judicant</span> <span class='ocrx_word' id='word_1_514' title='bbox 3095 1887 3175 1946; x_wconf 88' lang='lat' dir='ltr'>ad</span> <span class='ocrx_word' id='word_1_515' title='bbox 3214 1887 3674 1965; x_wconf 84' lang='lat' dir='ltr'>perlectionem</span> <span class='ocrx_word' id='word_1_516' title='bbox 3722 1886 3882 1945; x_wconf 79' lang='lat' dir='ltr'>talis</span> <span class='ocrx_word' id='word_1_517' title='bbox 3910 1886 4053 1951; x_wconf 72' lang='lat' dir='ltr'>vini,</span> 
     </span>
     <span class='ocr_line' id='line_1_78' title="bbox 2504 1979 4059 2058; baseline -0.004 -15"><span class='ocrx_word' id='word_1_518' title='bbox 2504 2002 2628 2043; x_wconf 91' lang='lat' dir='ltr'>non</span> <span class='ocrx_word' id='word_1_519' title='bbox 2660 1986 2824 2042; x_wconf 89' lang='lat' dir='ltr'>esset</span> <span class='ocrx_word' id='word_1_520' title='bbox 2852 1981 2954 2040; x_wconf 90' lang='lat' dir='ltr'>illa</span> <span class='ocrx_word' id='word_1_521' title='bbox 2984 1980 3248 2041; x_wconf 86' lang='lat' dir='ltr'>mistura</span> <span class='ocrx_word' id='word_1_522' title='bbox 3278 1979 3636 2058; x_wconf 85' lang='lat' dir='ltr'>peregrina,</span> <span class='ocrx_word' id='word_1_523' title='bbox 3674 1998 3799 2039; x_wconf 88' lang='lat' dir='ltr'>nec</span> <span class='ocrx_word' id='word_1_524' title='bbox 3833 1984 4059 2057; x_wconf 71' lang='lat' dir='ltr'>praeter</span> 
     </span>
     <span class='ocr_line' id='line_1_79' title="bbox 2504 2072 4057 2151; baseline -0.005 -16"><span class='ocrx_word' id='word_1_525' title='bbox 2504 2076 2913 2137; x_wconf 87' lang='lat' dir='ltr'>intentionem</span> <span class='ocrx_word' id='word_1_526' title='bbox 2959 2074 3116 2150; x_wconf 81' lang='lat' dir='ltr'>legis</span> <span class='ocrx_word' id='word_1_527' title='bbox 3148 2121 3162 2149; x_wconf 93' lang='lat'>,</span> <span class='ocrx_word' id='word_1_528' title='bbox 3216 2073 3362 2151; x_wconf 87' lang='lat' dir='ltr'>quia</span> <span class='ocrx_word' id='word_1_529' title='bbox 3405 2073 3683 2151; x_wconf 86' lang='lat' dir='ltr'>pertinet</span> <span class='ocrx_word' id='word_1_530' title='bbox 3725 2073 3813 2131; x_wconf 86' lang='lat' dir='ltr'>ad</span> <span class='ocrx_word' id='word_1_531' title='bbox 3864 2072 4057 2151; x_wconf 79' lang='lat' dir='ltr'>ipsam</span> 
     </span>
     <span class='ocr_line' id='line_1_80' title="bbox 2506 2166 4059 2241; baseline -0.005 -12"><span class='ocrx_word' id='word_1_532' title='bbox 2506 2168 2959 2229; x_wconf 87' lang='lat' dir='ltr'>confectionem</span> <span class='ocrx_word' id='word_1_533' title='bbox 3008 2167 3147 2227; x_wconf 87' lang='lat' dir='ltr'>talis</span> <span class='ocrx_word' id='word_1_534' title='bbox 3188 2166 3339 2227; x_wconf 77' lang='lat' dir='ltr'>vini.</span> <span class='ocrx_word' id='word_1_535' title='bbox 3389 2166 3659 2240; x_wconf 81' lang='lat' dir='ltr'>Quando</span> <span class='ocrx_word' id='word_1_536' title='bbox 3712 2184 3878 2225; x_wconf 75' lang='lat' dir='ltr'>vero</span> <span class='ocrx_word' id='word_1_537' title='bbox 3934 2184 4059 2241; x_wconf 65' lang='lat' dir='ltr'>prr-</span> 
     </span>
     <span class='ocr_line' id='line_1_81' title="bbox 2503 2258 4059 2338; baseline -0.006 -15"><span class='ocrx_word' id='word_1_538' title='bbox 2503 2262 2662 2323; x_wconf 86' lang='lat' dir='ltr'>tium</span> <span class='ocrx_word' id='word_1_539' title='bbox 2694 2280 2815 2321; x_wconf 94' lang='lat' dir='ltr'>non</span> <span class='ocrx_word' id='word_1_540' title='bbox 2848 2265 2943 2321; x_wconf 89' lang='lat' dir='ltr'>est</span> <span class='ocrx_word' id='word_1_541' title='bbox 2970 2259 3109 2338; x_wconf 74' lang='lat' dir='ltr'>lege</span> <span class='ocrx_word' id='word_1_542' title='bbox 3138 2263 3444 2333; x_wconf 83' lang='lat' dir='ltr'>taxatum,</span> <span class='ocrx_word' id='word_1_543' title='bbox 3482 2263 3546 2318; x_wconf 91' lang='lat' dir='ltr'>et</span> <span class='ocrx_word' id='word_1_544' title='bbox 3566 2258 3780 2318; x_wconf 89' lang='lat' dir='ltr'>mistio</span> <span class='ocrx_word' id='word_1_545' title='bbox 3820 2259 4059 2317; x_wconf 83' lang='lat' dir='ltr'>nullum</span> 
     </span>
     <span class='ocr_line' id='line_1_82' title="bbox 2506 2351 4059 2430; baseline -0.005 -16"><span class='ocrx_word' id='word_1_546' title='bbox 2506 2356 2686 2415; x_wconf 79' lang='lat' dir='ltr'>affert</span> <span class='ocrx_word' id='word_1_547' title='bbox 2715 2357 3158 2413; x_wconf 84' lang='lat' dir='ltr'>nocumentum</span> <span class='ocrx_word' id='word_1_548' title='bbox 3185 2398 3200 2427; x_wconf 89' lang='lat'>,</span> <span class='ocrx_word' id='word_1_549' title='bbox 3253 2370 3376 2430; x_wconf 89' lang='lat' dir='ltr'>quo</span> <span class='ocrx_word' id='word_1_550' title='bbox 3406 2370 3505 2410; x_wconf 88' lang='lat' dir='ltr'>res</span> <span class='ocrx_word' id='word_1_551' title='bbox 3539 2351 3751 2409; x_wconf 86' lang='lat' dir='ltr'>minus</span> <span class='ocrx_word' id='word_1_552' title='bbox 3782 2352 3962 2410; x_wconf 80' lang='lat' dir='ltr'>bona</span> <span class='ocrx_word' id='word_1_553' title='bbox 3994 2351 4059 2407; x_wconf 78' lang='grc'>511</span> 
     </span>
     <span class='ocr_line' id='line_1_83' title="bbox 2508 2443 4061 2527; baseline -0.005 -20"><span class='ocrx_word' id='word_1_554' title='bbox 2508 2465 2694 2527; x_wconf 90' lang='lat' dir='ltr'>quam</span> <span class='ocrx_word' id='word_1_555' title='bbox 2727 2446 2863 2506; x_wconf 84' lang='lat' dir='ltr'>aliae</span> <span class='ocrx_word' id='word_1_556' title='bbox 2896 2462 3092 2522; x_wconf 86' lang='lat' dir='ltr'>purae,</span> <span class='ocrx_word' id='word_1_557' title='bbox 3128 2462 3266 2523; x_wconf 82' lang='lat' dir='ltr'>quae</span> <span class='ocrx_word' id='word_1_558' title='bbox 3298 2443 3520 2504; x_wconf 89' lang='lat' dir='ltr'>eodem</span> <span class='ocrx_word' id='word_1_559' title='bbox 3544 2444 3752 2522; x_wconf 88' lang='lat' dir='ltr'>pretio</span> <span class='ocrx_word' id='word_1_560' title='bbox 3778 2443 4061 2503; x_wconf 68' lang='lat' dir='ltr'>vendun-</span> 
     </span>
     <span class='ocr_line' id='line_1_84' title="bbox 2506 2535 4059 2611; baseline -0.006 -9"><span class='ocrx_word' id='word_1_561' title='bbox 2506 2547 2638 2611; x_wconf 81' lang='lat' dir='ltr'>tur;</span> <span class='ocrx_word' id='word_1_562' title='bbox 2674 2558 2796 2598; x_wconf 85' lang='lat' dir='ltr'>non</span> <span class='ocrx_word' id='word_1_563' title='bbox 2825 2538 3010 2597; x_wconf 83' lang='lat' dir='ltr'>video</span> <span class='ocrx_word' id='word_1_564' title='bbox 3043 2556 3154 2597; x_wconf 88' lang='lat' dir='ltr'>cur</span> <span class='ocrx_word' id='word_1_565' title='bbox 3181 2535 3388 2597; x_wconf 90' lang='lat' dir='ltr'>mistio</span> <span class='ocrx_word' id='word_1_566' title='bbox 3433 2536 3543 2596; x_wconf 81' lang='lat' dir='ltr'>illa</span> <span class='ocrx_word' id='word_1_567' title='bbox 3590 2554 3623 2596; x_wconf 92' lang='lat' dir='ltr'>c</span> <span class='ocrx_word' id='word_1_568' title='bbox 3652 2538 3929 2596; x_wconf 63' lang='lat' dir='ltr'>zntineat</span> <span class='ocrx_word' id='word_1_569' title='bbox 3959 2536 4059 2593; x_wconf 80' lang='lat' dir='ltr'>ali-</span> 
     </span>
     <span class='ocr_line' id='line_1_85' title="bbox 2509 2629 4059 2712; baseline -0.005 -19"><span class='ocrx_word' id='word_1_570' title='bbox 2509 2633 2657 2712; x_wconf 92' lang='lat' dir='ltr'>quid</span> <span class='ocrx_word' id='word_1_571' title='bbox 2690 2635 2909 2692; x_wconf 87' lang='lat' dir='ltr'>contra</span> <span class='ocrx_word' id='word_1_572' title='bbox 2930 2630 3259 2709; x_wconf 83' lang='lat' dir='ltr'>justitiam.</span> <span class='ocrx_word' id='word_1_573' title='bbox 3294 2631 3424 2689; x_wconf 93' lang='lat' dir='ltr'>lmo</span> <span class='ocrx_word' id='word_1_574' title='bbox 3447 2629 3709 2707; x_wconf 85' lang='lat' dir='ltr'>quando</span> <span class='ocrx_word' id='word_1_575' title='bbox 3733 2636 3911 2689; x_wconf 79' lang='lat' dir='ltr'>esset</span> <span class='ocrx_word' id='word_1_576' title='bbox 3933 2630 4059 2706; x_wconf 63' lang='lat' dir='ltr'>lege</span> 
     </span>
     <span class='ocr_line' id='line_1_86' title="bbox 2509 2721 4059 2801; baseline -0.005 -16"><span class='ocrx_word' id='word_1_577' title='bbox 2509 2727 2693 2787; x_wconf 87' lang='lat' dir='ltr'>etiam</span> <span class='ocrx_word' id='word_1_578' title='bbox 2727 2729 3005 2785; x_wconf 87' lang='lat' dir='ltr'>taxatum</span> <span class='ocrx_word' id='word_1_579' title='bbox 3038 2723 3306 2801; x_wconf 89' lang='lat' dir='ltr'>pretium</span> <span class='ocrx_word' id='word_1_580' title='bbox 3337 2769 3351 2798; x_wconf 95' lang='lat'>,</span> <span class='ocrx_word' id='word_1_581' title='bbox 3402 2721 3452 2781; x_wconf 91' lang='lat' dir='ltr'>si</span> <span class='ocrx_word' id='word_1_582' title='bbox 3498 2741 3603 2781; x_wconf 84' lang='lat' dir='ltr'>res</span> <span class='ocrx_word' id='word_1_583' title='bbox 3634 2740 3839 2800; x_wconf 84' lang='lat' dir='ltr'>quam</span> <span class='ocrx_word' id='word_1_584' title='bbox 3874 2722 4059 2779; x_wconf 60' lang='lat' dir='ltr'>habes</span> 
     </span>
     <span class='ocr_line' id='line_1_87' title="bbox 2510 2815 4059 2894; baseline -0.005 -16"><span class='ocrx_word' id='word_1_585' title='bbox 2510 2818 2770 2879; x_wconf 84' lang='lat' dir='ltr'>excedat</span> <span class='ocrx_word' id='word_1_586' title='bbox 2812 2816 3170 2877; x_wconf 88' lang='lat' dir='ltr'>notabiliter</span> <span class='ocrx_word' id='word_1_587' title='bbox 3216 2816 3279 2875; x_wconf 91' lang='lat' dir='ltr'>in</span> <span class='ocrx_word' id='word_1_588' title='bbox 3318 2815 3711 2894; x_wconf 88' lang='lat' dir='ltr'>perfectione</span> <span class='ocrx_word' id='word_1_589' title='bbox 3755 2834 3866 2875; x_wconf 86' lang='lat' dir='ltr'>res</span> <span class='ocrx_word' id='word_1_590' title='bbox 3915 2815 4059 2874; x_wconf 72' lang='lat' dir='ltr'>alias</span> 
     </span>
     <span class='ocr_line' id='line_1_88' title="bbox 2509 2908 4057 2991; baseline -0.005 -19"><span class='ocrx_word' id='word_1_591' title='bbox 2509 2932 2650 2991; x_wconf 83' lang='lat' dir='ltr'>quae</span> <span class='ocrx_word' id='word_1_592' title='bbox 2681 2910 2879 2989; x_wconf 90' lang='lat' dir='ltr'>pretio</span> <span class='ocrx_word' id='word_1_593' title='bbox 2919 2909 3021 2969; x_wconf 91' lang='lat' dir='ltr'>illo</span> <span class='ocrx_word' id='word_1_594' title='bbox 3056 2908 3238 2968; x_wconf 79' lang='lat' dir='ltr'>vendi</span> <span class='ocrx_word' id='word_1_595' title='bbox 3270 2909 3502 2984; x_wconf 91' lang='lat' dir='ltr'>solent,</span> <span class='ocrx_word' id='word_1_596' title='bbox 3558 2914 3831 2986; x_wconf 84' lang='lat' dir='ltr'>propter</span> <span class='ocrx_word' id='word_1_597' title='bbox 3881 2926 4057 2986; x_wconf 78' lang='lat' dir='ltr'>quem</span> 
     </span>
     <span class='ocr_line' id='line_1_89' title="bbox 2511 2999 4059 3082; baseline -0.003 -18"><span class='ocrx_word' id='word_1_598' title='bbox 2511 3021 2832 3065; x_wconf 84' lang='lat' dir='ltr'>excessum</span> <span class='ocrx_word' id='word_1_599' title='bbox 2855 3003 3162 3082; x_wconf 89' lang='lat' dir='ltr'>potuisses</span> <span class='ocrx_word' id='word_1_600' title='bbox 3186 2999 3526 3061; x_wconf 88' lang='lat' dir='ltr'>ascendere</span> <span class='ocrx_word' id='word_1_601' title='bbox 3560 3000 3620 3058; x_wconf 90' lang='lat' dir='ltr'>in</span> <span class='ocrx_word' id='word_1_602' title='bbox 3646 3001 3865 3078; x_wconf 84' lang='lat' dir='ltr'>pretio</span> <span class='ocrx_word' id='word_1_603' title='bbox 3883 3018 4059 3079; x_wconf 80' lang='lat' dir='ltr'>snpra</span> 
     </span>
     <span class='ocr_line' id='line_1_90' title="bbox 2509 3093 4059 3174; baseline -0.006 -16"><span class='ocrx_word' id='word_1_604' title='bbox 2509 3102 2759 3168; x_wconf 81' lang='lat' dir='ltr'>taxam3</span> <span class='ocrx_word' id='word_1_605' title='bbox 2796 3096 2984 3156; x_wconf 86' lang='lat' dir='ltr'>credo</span> <span class='ocrx_word' id='word_1_606' title='bbox 3016 3095 3183 3174; x_wconf 91' lang='lat' dir='ltr'>quod</span> <span class='ocrx_word' id='word_1_607' title='bbox 3214 3094 3409 3173; x_wconf 85' lang='lat' dir='ltr'>possit</span> <span class='ocrx_word' id='word_1_608' title='bbox 3456 3112 3580 3152; x_wconf 91' lang='lat' dir='ltr'>non</span> <span class='ocrx_word' id='word_1_609' title='bbox 3614 3093 3926 3154; x_wconf 77' lang='lat' dir='ltr'>obstante</span> <span class='ocrx_word' id='word_1_610' title='bbox 3957 3093 4059 3152; x_wconf 78' lang='lat' dir='ltr'>mi-</span> 
     </span>
     <span class='ocr_line' id='line_1_91' title="bbox 2513 3185 4059 3268; baseline -0.004 -16"><span class='ocrx_word' id='word_1_611' title='bbox 2513 3191 2744 3266; x_wconf 76' lang='lat' dir='ltr'>stione,</span> <span class='ocrx_word' id='word_1_612' title='bbox 2780 3188 2978 3268; x_wconf 89' lang='lat' dir='ltr'>pretio</span> <span class='ocrx_word' id='word_1_613' title='bbox 3008 3193 3218 3249; x_wconf 86' lang='lat' dir='ltr'>taxato</span> <span class='ocrx_word' id='word_1_614' title='bbox 3249 3187 3477 3259; x_wconf 81' lang='lat' dir='ltr'>vendi,</span> <span class='ocrx_word' id='word_1_615' title='bbox 3535 3185 3627 3246; x_wconf 87' lang='lat' dir='ltr'>ita</span> <span class='ocrx_word' id='word_1_616' title='bbox 3663 3193 3731 3245; x_wconf 90' lang='lat' dir='ltr'>ut</span> <span class='ocrx_word' id='word_1_617' title='bbox 3774 3207 3904 3265; x_wconf 86' lang='lat' dir='ltr'>pro</span> <span class='ocrx_word' id='word_1_618' title='bbox 3944 3193 4059 3247; x_wconf 74' lang='lat' dir='ltr'>toto</span> 
     </span>
     <span class='ocr_line' id='line_1_92' title="bbox 2511 3278 4059 3361; baseline -0.004 -18"><span class='ocrx_word' id='word_1_619' title='bbox 2511 3283 2695 3344; x_wconf 88' lang='lat' dir='ltr'>misto</span> <span class='ocrx_word' id='word_1_620' title='bbox 2728 3281 2999 3361; x_wconf 85' lang='lat' dir='ltr'>accipias</span> <span class='ocrx_word' id='word_1_621' title='bbox 3028 3281 3298 3359; x_wconf 89' lang='lat' dir='ltr'>pretium</span> <span class='ocrx_word' id='word_1_622' title='bbox 3328 3279 3478 3339; x_wconf 92' lang='lat' dir='ltr'>illud</span> <span class='ocrx_word' id='word_1_623' title='bbox 3512 3278 3721 3338; x_wconf 89' lang='lat' dir='ltr'>solum</span> <span class='ocrx_word' id='word_1_624' title='bbox 3746 3279 3932 3357; x_wconf 81' lang='lat' dir='ltr'>quod</span> <span class='ocrx_word' id='word_1_625' title='bbox 3961 3298 4059 3358; x_wconf 81' lang='lat' dir='ltr'>pro</span> 
     </span>
     <span class='ocr_line' id='line_1_93' title="bbox 2511 3373 4061 3454; baseline -0.004 -18"><span class='ocrx_word' id='word_1_626' title='bbox 2511 3395 2579 3436; x_wconf 90' lang='lat' dir='ltr'>re</span> <span class='ocrx_word' id='word_1_627' title='bbox 2611 3395 2767 3454; x_wconf 89' lang='lat' dir='ltr'>pura</span> <span class='ocrx_word' id='word_1_628' title='bbox 2798 3375 3081 3453; x_wconf 89' lang='lat' dir='ltr'>accipere</span> <span class='ocrx_word' id='word_1_629' title='bbox 3111 3373 3416 3452; x_wconf 81' lang='lat' dir='ltr'>potuisses</span> <span class='ocrx_word' id='word_1_630' title='bbox 3441 3376 3709 3451; x_wconf 86' lang='lat' dir='ltr'>propter</span> <span class='ocrx_word' id='word_1_631' title='bbox 3736 3391 4061 3432; x_wconf 75' lang='lat' dir='ltr'>excessum</span> 
     </span>
     <span class='ocr_line' id='line_1_94' title="bbox 2513 3465 4063 3539; baseline -0.004 -10"><span class='ocrx_word' id='word_1_632' title='bbox 2513 3469 2853 3530; x_wconf 87' lang='lat' dir='ltr'>notabilem</span> <span class='ocrx_word' id='word_1_633' title='bbox 2883 3468 2946 3526; x_wconf 89' lang='lat' dir='ltr'>in</span> <span class='ocrx_word' id='word_1_634' title='bbox 2975 3467 3277 3527; x_wconf 86' lang='lat' dir='ltr'>bonitate.</span> <span class='ocrx_word' id='word_1_635' title='bbox 3331 3466 3488 3539; x_wconf 85' lang='lat' dir='ltr'>Quia</span> <span class='ocrx_word' id='word_1_636' title='bbox 3518 3465 3619 3524; x_wconf 87' lang='lat' dir='ltr'>lex</span> <span class='ocrx_word' id='word_1_637' title='bbox 3652 3484 3778 3525; x_wconf 92' lang='lat' dir='ltr'>non</span> <span class='ocrx_word' id='word_1_638' title='bbox 3826 3470 3895 3526; x_wconf 82' lang='lat' dir='ltr'>te</span> <span class='ocrx_word' id='word_1_639' title='bbox 3925 3465 4063 3526; x_wconf 87' lang='lat' dir='ltr'>obli·</span> 
     </span>
     <span class='ocr_line' id='line_1_95' title="bbox 2514 3558 4065 3641; baseline -0.003 -19"><span class='ocrx_word' id='word_1_640' title='bbox 2514 3560 2689 3641; x_wconf 86' lang='lat' dir='ltr'>gabit</span> <span class='ocrx_word' id='word_1_641' title='bbox 2716 3566 2865 3622; x_wconf 91' lang='lat' dir='ltr'>tunc</span> <span class='ocrx_word' id='word_1_642' title='bbox 2907 3560 2987 3621; x_wconf 86' lang='lat' dir='ltr'>ad</span> <span class='ocrx_word' id='word_1_643' title='bbox 3020 3560 3392 3619; x_wconf 74' lang='lat' dir='ltr'>vendendas</span> <span class='ocrx_word' id='word_1_644' title='bbox 3420 3558 3707 3637; x_wconf 81' lang='lat' dir='ltr'>singulas</span> <span class='ocrx_word' id='word_1_645' title='bbox 3737 3577 4065 3618; x_wconf 75' lang='lat' dir='ltr'>mensuras</span> 
     </span>
     <span class='ocr_line' id='line_1_96' title="bbox 2518 3651 4065 3731; baseline -0.003 -17"><span class='ocrx_word' id='word_1_646' title='bbox 2518 3653 2642 3714; x_wconf 83' lang='lat' dir='ltr'>vini</span> <span class='ocrx_word' id='word_1_647' title='bbox 2674 3654 2771 3713; x_wconf 69' lang='lat' dir='ltr'>vel</span> <span class='ocrx_word' id='word_1_648' title='bbox 2812 3653 2997 3714; x_wconf 88' lang='lat' dir='ltr'>tritici</span> <span class='ocrx_word' id='word_1_649' title='bbox 3054 3653 3215 3712; x_wconf 88' lang='lat' dir='ltr'>illius</span> <span class='ocrx_word' id='word_1_650' title='bbox 3244 3651 3445 3731; x_wconf 87' lang='lat' dir='ltr'>pretio</span> <span class='ocrx_word' id='word_1_651' title='bbox 3491 3657 3747 3725; x_wconf 88' lang='lat' dir='ltr'>taxato,</span> <span class='ocrx_word' id='word_1_652' title='bbox 3797 3651 3924 3709; x_wconf 87' lang='lat' dir='ltr'>sed</span> <span class='ocrx_word' id='word_1_653' title='bbox 3972 3651 4065 3709; x_wconf 78' lang='lat' dir='ltr'>ali-</span> 
     </span>
     <span class='ocr_line' id='line_1_97' title="bbox 2519 3742 4064 3826; baseline -0.004 -20"><span class='ocrx_word' id='word_1_654' title='bbox 2519 3746 2889 3826; x_wconf 82' lang='lat' dir='ltr'>quantulum</span> <span class='ocrx_word' id='word_1_655' title='bbox 2932 3745 3158 3823; x_wconf 85' lang='lat' dir='ltr'>majori</span> <span class='ocrx_word' id='word_1_656' title='bbox 3205 3763 3218 3804; x_wconf 88' lang='lat'>:</span> <span class='ocrx_word' id='word_1_657' title='bbox 3269 3762 3416 3821; x_wconf 85' lang='lat' dir='ltr'>ergo</span> <span class='ocrx_word' id='word_1_658' title='bbox 3466 3761 3594 3803; x_wconf 90' lang='lat' dir='ltr'>non</span> <span class='ocrx_word' id='word_1_659' title='bbox 3641 3742 3800 3802; x_wconf 86' lang='lat' dir='ltr'>sacis</span> <span class='ocrx_word' id='word_1_660' title='bbox 3852 3751 4064 3803; x_wconf 70' lang='lat' dir='ltr'>contra</span> 
     </span>
     <span class='ocr_line' id='line_1_98' title="bbox 2517 3837 4064 3918; baseline -0.003 -19"><span class='ocrx_word' id='word_1_661' title='bbox 2517 3840 2743 3918; x_wconf 82' lang='lat' dir='ltr'>legem,</span> <span class='ocrx_word' id='word_1_662' title='bbox 2779 3839 2827 3899; x_wconf 89' lang='lat' dir='ltr'>si</span> <span class='ocrx_word' id='word_1_663' title='bbox 2861 3839 3025 3899; x_wconf 88' lang='lat' dir='ltr'>idem</span> <span class='ocrx_word' id='word_1_664' title='bbox 3058 3838 3323 3916; x_wconf 85' lang='lat' dir='ltr'>pretium</span> <span class='ocrx_word' id='word_1_665' title='bbox 3357 3855 3499 3896; x_wconf 91' lang='lat' dir='ltr'>cum</span> <span class='ocrx_word' id='word_1_666' title='bbox 3532 3837 3636 3896; x_wconf 89' lang='lat' dir='ltr'>illo</span> <span class='ocrx_word' id='word_1_667' title='bbox 3669 3853 3947 3896; x_wconf 75' lang='lat' dir='ltr'>excessu</span> <span class='ocrx_word' id='word_1_668' title='bbox 3974 3856 4064 3896; x_wconf 73' lang='lat' dir='ltr'>ac·</span> 
     </span>
     <span class='ocr_line' id='line_1_99' title="bbox 2521 3931 3401 4012; baseline -0.003 -18"><span class='ocrx_word' id='word_1_669' title='bbox 2521 3933 2715 4012; x_wconf 85' lang='lat' dir='ltr'>cipias</span> <span class='ocrx_word' id='word_1_670' title='bbox 2744 3951 2819 3992; x_wconf 86' lang='lat' dir='ltr'>ex</span> <span class='ocrx_word' id='word_1_671' title='bbox 2848 3950 2913 3991; x_wconf 90' lang='lat' dir='ltr'>re</span> <span class='ocrx_word' id='word_1_672' title='bbox 2944 3932 3163 3991; x_wconf 87' lang='lat' dir='ltr'>eadem</span> <span class='ocrx_word' id='word_1_673' title='bbox 3196 3931 3401 3991; x_wconf 88' lang='lat' dir='ltr'>mista.</span> 
     </span>
    </p>

    <p class='ocr_par' dir='ltr' id='par_1_10' title="bbox 2520 4022 4073 4291">
     <span class='ocr_line' id='line_1_100' title="bbox 2604 4022 4067 4085; baseline -0.003 0"><span class='ocrx_word' id='word_1_674' title='bbox 2604 4029 2795 4085; x_wconf 83' lang='lat' dir='ltr'>Porro</span> <span class='ocrx_word' id='word_1_675' title='bbox 2829 4023 3186 4085; x_wconf 83' lang='lat' dir='ltr'>mistionem</span> <span class='ocrx_word' id='word_1_676' title='bbox 3216 4023 3445 4083; x_wconf 80' lang='lat' dir='ltr'>tactam</span> <span class='ocrx_word' id='word_1_677' title='bbox 3477 4041 3613 4081; x_wconf 78' lang='lat' dir='ltr'>esse</span> <span class='ocrx_word' id='word_1_678' title='bbox 3645 4041 3725 4081; x_wconf 86' lang='lat' dir='ltr'>ex</span> <span class='ocrx_word' id='word_1_679' title='bbox 3757 4022 4067 4082; x_wconf 65' lang='lat' dir='ltr'>industrie</span> 
     </span>
     <span class='ocr_line' id='line_1_101' title="bbox 2520 4115 4069 4193; baseline -0.002 -14"><span class='ocrx_word' id='word_1_680' title='bbox 2520 4118 2621 4180; x_wconf 72' lang='lat' dir='ltr'>vel</span> <span class='ocrx_word' id='word_1_681' title='bbox 2659 4136 2829 4193; x_wconf 82' lang='lat' dir='ltr'>casa,</span> <span class='ocrx_word' id='word_1_682' title='bbox 2889 4117 3045 4177; x_wconf 85' lang='lat' dir='ltr'>nihil</span> <span class='ocrx_word' id='word_1_683' title='bbox 3089 4117 3169 4176; x_wconf 88' lang='lat' dir='ltr'>ad</span> <span class='ocrx_word' id='word_1_684' title='bbox 3224 4116 3342 4176; x_wconf 88' lang='grc'><strong>1100</strong></span> <span class='ocrx_word' id='word_1_685' title='bbox 3390 4116 3649 4191; x_wconf 83' lang='lat' dir='ltr'>referre,</span> <span class='ocrx_word' id='word_1_686' title='bbox 3705 4115 4069 4176; x_wconf 75' lang='lat' dir='ltr'>confirmari</span> 
     </span>
     <span class='ocr_line' id='line_1_102' title="bbox 2522 4210 4073 4291; baseline -0.002 -20"><span class='ocrx_word' id='word_1_687' title='bbox 2522 4214 2747 4291; x_wconf 89' lang='lat' dir='ltr'>potest,</span> <span class='ocrx_word' id='word_1_688' title='bbox 2783 4210 2928 4290; x_wconf 88' lang='lat' dir='ltr'>quia</span> <span class='ocrx_word' id='word_1_689' title='bbox 2959 4211 3010 4270; x_wconf 91' lang='lat' dir='ltr'>si</span> <span class='ocrx_word' id='word_1_690' title='bbox 3037 4210 3314 4271; x_wconf 87' lang='lat' dir='ltr'>triticum</span> <span class='ocrx_word' id='word_1_691' title='bbox 3352 4213 3530 4269; x_wconf 89' lang='lat' dir='ltr'>tuum</span> <span class='ocrx_word' id='word_1_692' title='bbox 3576 4227 3651 4268; x_wconf 89' lang='lat' dir='ltr'>ex</span> <span class='ocrx_word' id='word_1_693' title='bbox 3681 4228 3837 4268; x_wconf 82' lang='lat' dir='ltr'>area</span> <span class='ocrx_word' id='word_1_694' title='bbox 3868 4210 4073 4287; x_wconf 84' lang='lat' dir='ltr'>impu·</span> 
     </span>
    </p>
   </div>
   <div class='ocr_carea' id='block_1_7' title="bbox 2523 4295 4163 4570">
    <p class='ocr_par' dir='ltr' id='par_1_11' title="bbox 2523 4295 4163 4570">
     <span class='ocr_line' id='line_1_103' title="bbox 2524 4295 4163 4381; baseline -0.004 -17"><span class='ocrx_word' id='word_1_695' title='bbox 2524 4323 2662 4364; x_wconf 88' lang='lat' dir='ltr'>rum</span> <span class='ocrx_word' id='word_1_696' title='bbox 2692 4303 2972 4381; x_wconf 85' lang='lat' dir='ltr'>purgasti</span> <span class='ocrx_word' id='word_1_697' title='bbox 3003 4307 3065 4362; x_wconf 90' lang='lat' dir='ltr'>ct</span> <span class='ocrx_word' id='word_1_698' title='bbox 3092 4301 3375 4362; x_wconf 87' lang='lat' dir='ltr'>cribrasti</span> <span class='ocrx_word' id='word_1_699' title='bbox 3398 4349 3412 4376; x_wconf 91' lang='lat'>,</span> <span class='ocrx_word' id='word_1_700' title='bbox 3469 4301 3707 4379; x_wconf 88' lang='lat' dir='ltr'>poteris</span> <span class='ocrx_word' id='word_1_701' title='bbox 3755 4320 3961 4380; x_wconf 85' lang='lat' dir='ltr'>supra</span> <span class='ocrx_word' id='word_1_702' title='bbox 3990 4309 4075 4360; x_wconf 85' lang='lat' dir='ltr'>ta-</span> <span class='ocrx_word' id='word_1_703' title='bbox 4162 4295 4163 4306; x_wconf 58' lang='lat'><em>²</em></span> 
     </span>
     <span class='ocr_line' id='line_1_104' title="bbox 2523 4393 4163 4474; baseline -0.001 -19"><span class='ocrx_word' id='word_1_704' title='bbox 2523 4415 2667 4456; x_wconf 86' lang='lat' dir='ltr'>xam</span> <span class='ocrx_word' id='word_1_705' title='bbox 2696 4401 2906 4474; x_wconf 89' lang='lat' dir='ltr'>petere</span> <span class='ocrx_word' id='word_1_706' title='bbox 2963 4395 3042 4456; x_wconf 86' lang='lat' dir='ltr'>ab</span> <span class='ocrx_word' id='word_1_707' title='bbox 3073 4399 3353 4473; x_wconf 84' lang='lat' dir='ltr'>emptore</span> <span class='ocrx_word' id='word_1_708' title='bbox 3410 4412 3524 4472; x_wconf 91' lang='lat' dir='ltr'>pro</span> <span class='ocrx_word' id='word_1_709' title='bbox 3582 4393 3689 4452; x_wconf 90' lang='lat' dir='ltr'>illo</span> <span class='ocrx_word' id='word_1_710' title='bbox 3732 4393 4071 4453; x_wconf 67' lang='lat' dir='ltr'>beneficio.</span> <span class='ocrx_word' id='word_1_711' title='bbox 4162 4395 4163 4426; x_wconf 70' lang='lat'>;</span> 
     </span>
     <span class='ocr_line' id='line_1_105' title="bbox 2527 4481 4163 4570; baseline -0.004 -20"><span class='ocrx_word' id='word_1_712' title='bbox 2527 4489 2692 4570; x_wconf 91' lang='lat' dir='ltr'>quod</span> <span class='ocrx_word' id='word_1_713' title='bbox 2724 4489 2773 4548; x_wconf 93' lang='lat' dir='ltr'>si</span> <span class='ocrx_word' id='word_1_714' title='bbox 2805 4494 3048 4567; x_wconf 88' lang='lat' dir='ltr'>emptor</span> <span class='ocrx_word' id='word_1_715' title='bbox 3079 4488 3230 4548; x_wconf 91' lang='lat' dir='ltr'>nolit</span> <span class='ocrx_word' id='word_1_716' title='bbox 3256 4487 3395 4566; x_wconf 83' lang='lat' dir='ltr'>plus</span> <span class='ocrx_word' id='word_1_717' title='bbox 3426 4487 3676 4560; x_wconf 74' lang='lat' dir='ltr'>offerre,</span> <span class='ocrx_word' id='word_1_718' title='bbox 3711 4487 3958 4565; x_wconf 78' lang='lat' dir='ltr'>poteris</span> <span class='ocrx_word' id='word_1_719' title='bbox 3990 4506 4073 4545; x_wconf 69' lang='lat' dir='ltr'>re·</span> <span class='ocrx_word' id='word_1_720' title='bbox 4162 4481 4163 4484; x_wconf 66' lang='grc'>’</span> 
     </span>
    </p>
   </div>
   <div class='ocr_carea' id='block_1_8' title="bbox 2526 4579 4163 4751">
    <p class='ocr_par' dir='ltr' id='par_1_12' title="bbox 2526 4579 4163 4751">
     <span class='ocr_line' id='line_1_106' title="bbox 2526 4579 4163 4674; baseline -0.005 -31"><span class='ocrx_word' id='word_1_721' title='bbox 2526 4583 2772 4643; x_wconf 87' lang='lat' dir='ltr'>mittere</span> <span class='ocrx_word' id='word_1_722' title='bbox 2801 4581 3016 4641; x_wconf 89' lang='lat' dir='ltr'>sordes</span> <span class='ocrx_word' id='word_1_723' title='bbox 3046 4589 3108 4641; x_wconf 85' lang='lat' dir='ltr'>et</span> <span class='ocrx_word' id='word_1_724' title='bbox 3126 4581 3249 4640; x_wconf 83' lang='lat' dir='ltr'>alia</span> <span class='ocrx_word' id='word_1_725' title='bbox 3270 4597 3409 4659; x_wconf 82' lang='lat' dir='ltr'>quae</span> <span class='ocrx_word' id='word_1_726' title='bbox 3438 4580 3773 4657; x_wconf 85' lang='lat' dir='ltr'>separasti,</span> <span class='ocrx_word' id='word_1_727' title='bbox 3807 4579 4075 4639; x_wconf 67' lang='grc'><strong>0110511-</strong></span> <span class='ocrx_word' id='word_1_728' title='bbox 4162 4591 4163 4674; x_wconf 39' lang='grc' dir='ltr'><strong>ἦ</strong></span> 
     </span>
     <span class='ocr_line' id='line_1_107' title="bbox 2526 4671 4072 4751; baseline -0.006 -15"><span class='ocrx_word' id='word_1_729' title='bbox 2526 4681 2701 4737; x_wconf 86' lang='lat' dir='ltr'>tuere</span> <span class='ocrx_word' id='word_1_730' title='bbox 2731 4674 2793 4732; x_wconf 92' lang='lat' dir='ltr'>in</span> <span class='ocrx_word' id='word_1_731' title='bbox 2823 4679 3055 4734; x_wconf 88' lang='lat' dir='ltr'>statum</span> <span class='ocrx_word' id='word_1_732' title='bbox 3086 4673 3439 4751; x_wconf 84' lang='lat' dir='ltr'>pristinam,</span> <span class='ocrx_word' id='word_1_733' title='bbox 3474 4678 3547 4732; x_wconf 88' lang='lat' dir='ltr'>ut</span> <span class='ocrx_word' id='word_1_734' title='bbox 3574 4671 3733 4731; x_wconf 88' lang='lat' dir='ltr'>illud</span> <span class='ocrx_word' id='word_1_735' title='bbox 3755 4671 4072 4731; x_wconf 83' lang='lat' dir='ltr'>communi</span> 
     </span>
    </p>
   </div>
   <div class='ocr_carea' id='block_1_9' title="bbox 2529 4764 4163 5029">
    <p class='ocr_par' dir='ltr' id='par_1_13' title="bbox 2529 4764 4163 5029">
     <span class='ocr_line' id='line_1_108' title="bbox 2529 4764 4163 4847; baseline -0.005 -20"><span class='ocrx_word' id='word_1_736' title='bbox 2529 4767 2727 4847; x_wconf 89' lang='lat' dir='ltr'>pretio</span> <span class='ocrx_word' id='word_1_737' title='bbox 2759 4767 3018 4842; x_wconf 74' lang='lat' dir='ltr'>vendaS,</span> <span class='ocrx_word' id='word_1_738' title='bbox 3080 4765 3226 4845; x_wconf 82' lang='lat' dir='ltr'>quia</span> <span class='ocrx_word' id='word_1_739' title='bbox 3273 4765 3407 4844; x_wconf 88' lang='lat' dir='ltr'>jam</span> <span class='ocrx_word' id='word_1_740' title='bbox 3447 4764 3670 4824; x_wconf 76' lang='lat' dir='ltr'>vendis</span> <span class='ocrx_word' id='word_1_741' title='bbox 3729 4765 3889 4824; x_wconf 88' lang='lat' dir='ltr'>illud</span> <span class='ocrx_word' id='word_1_742' title='bbox 3924 4767 4071 4824; x_wconf 67' lang='lat' dir='ltr'>sicut</span> <span class='ocrx_word' id='word_1_743' title='bbox 4162 4795 4163 4816; x_wconf 61' lang='lat'><em>÷</em></span> 
     </span>
     <span class='ocr_line' id='line_1_109' title="bbox 2529 4849 4163 4934; baseline -0.004 -12"><span class='ocrx_word' id='word_1_744' title='bbox 2529 4859 2700 4922; x_wconf 85' lang='lat' dir='ltr'>venit</span> <span class='ocrx_word' id='word_1_745' title='bbox 2728 4879 2803 4919; x_wconf 84' lang='lat' dir='ltr'>ex</span> <span class='ocrx_word' id='word_1_746' title='bbox 2831 4877 3013 4934; x_wconf 85' lang='lat' dir='ltr'>area,</span> <span class='ocrx_word' id='word_1_747' title='bbox 3061 4864 3357 4920; x_wconf 88' lang='lat' dir='ltr'>ettamen</span> <span class='ocrx_word' id='word_1_748' title='bbox 3401 4876 3473 4917; x_wconf 87' lang='lat' dir='ltr'>ex</span> <span class='ocrx_word' id='word_1_749' title='bbox 3506 4857 3817 4917; x_wconf 89' lang='lat' dir='ltr'>industria</span> <span class='ocrx_word' id='word_1_750' title='bbox 3852 4860 4073 4917; x_wconf 71' lang='lat' dir='ltr'>mis-ees</span> <span class='ocrx_word' id='word_1_751' title='bbox 4162 4849 4163 4856; x_wconf 38' lang='lat'>¹</span> 
     </span>
     <span class='ocr_line' id='line_1_110' title="bbox 3648 4949 4163 5029; baseline -0.004 -19"><span class='ocrx_word' id='word_1_752' title='bbox 3648 4971 3661 5010; x_wconf 93' lang='lat'><strong>:</strong></span> <span class='ocrx_word' id='word_1_753' title='bbox 3725 4951 3883 5029; x_wconf 84' lang='lat' dir='ltr'>quid</span> <span class='ocrx_word' id='word_1_754' title='bbox 3933 4970 4072 5026; x_wconf 67' lang='lat' dir='ltr'>ergo</span> <span class='ocrx_word' id='word_1_755' title='bbox 4162 4949 4163 5008; x_wconf 65' lang='lat'>5</span> 
     </span>
    </p>
   </div>
   <div class='ocr_carea' id='block_1_10' title="bbox 2529 4952 4163 5590">
    <p class='ocr_par' dir='ltr' id='par_1_14' title="bbox 2529 4952 4163 5590">
     <span class='ocr_line' id='line_1_111' title="bbox 2529 4952 3588 5028; baseline -0.004 -14"><span class='ocrx_word' id='word_1_756' title='bbox 2529 4953 2735 5014; x_wconf 88' lang='lat' dir='ltr'>tritico</span> <span class='ocrx_word' id='word_1_757' title='bbox 2767 4952 2984 5012; x_wconf 86' lang='lat' dir='ltr'>sordes</span> <span class='ocrx_word' id='word_1_758' title='bbox 3038 4952 3229 5011; x_wconf 90' lang='lat' dir='ltr'>semel</span> <span class='ocrx_word' id='word_1_759' title='bbox 3263 4954 3588 5028; x_wconf 87' lang='lat' dir='ltr'>separatas</span> 
     </span>
     <span class='ocr_line' id='line_1_112' title="bbox 2533 5041 4163 5125; baseline -0.004 -20"><span class='ocrx_word' id='word_1_760' title='bbox 2533 5046 2723 5106; x_wconf 85' lang='lat' dir='ltr'>refert</span> <span class='ocrx_word' id='word_1_761' title='bbox 2750 5045 2915 5125; x_wconf 89' lang='lat' dir='ltr'>quod</span> <span class='ocrx_word' id='word_1_762' title='bbox 2944 5045 3082 5105; x_wconf 90' lang='lat' dir='ltr'>loco</span> <span class='ocrx_word' id='word_1_763' title='bbox 3126 5045 3373 5104; x_wconf 87' lang='lat' dir='ltr'>illarum</span> <span class='ocrx_word' id='word_1_764' title='bbox 3418 5041 3575 5103; x_wconf 87' lang='lat' dir='ltr'>alias</span> <span class='ocrx_word' id='word_1_765' title='bbox 3617 5043 3856 5103; x_wconf 81' lang='lat' dir='ltr'>similes</span> <span class='ocrx_word' id='word_1_766' title='bbox 3887 5045 4067 5103; x_wconf 85' lang='lat' dir='ltr'>admi·</span> <span class='ocrx_word' id='word_1_767' title='bbox 4162 5095 4163 5098; x_wconf 74' lang='grc'><strong>,</strong></span> 
     </span>
     <span class='ocr_line' id='line_1_113' title="bbox 2534 5136 4070 5214; baseline -0.005 -15"><span class='ocrx_word' id='word_1_768' title='bbox 2534 5157 2731 5213; x_wconf 72' lang='grc'><strong>500115,</strong></span> <span class='ocrx_word' id='word_1_769' title='bbox 2766 5141 2834 5198; x_wconf 84' lang='grc'>111</span> <span class='ocrx_word' id='word_1_770' title='bbox 2864 5138 3015 5197; x_wconf 91' lang='lat' dir='ltr'>illud</span> <span class='ocrx_word' id='word_1_771' title='bbox 3046 5138 3123 5197; x_wconf 88' lang='lat' dir='ltr'>ad</span> <span class='ocrx_word' id='word_1_772' title='bbox 3148 5155 3290 5196; x_wconf 90' lang='lat' dir='ltr'>eum</span> <span class='ocrx_word' id='word_1_773' title='bbox 3323 5141 3554 5196; x_wconf 83' lang='lat' dir='ltr'>statum</span> <span class='ocrx_word' id='word_1_774' title='bbox 3579 5136 3934 5196; x_wconf 56' lang='lat' dir='ltr'>reducas-in</span> <span class='ocrx_word' id='word_1_775' title='bbox 3956 5155 4070 5214; x_wconf 76' lang='lat' dir='ltr'>quo</span> 
     </span>
     <span class='ocr_line' id='line_1_114' title="bbox 2535 5230 4070 5309; baseline -0.005 -17"><span class='ocrx_word' id='word_1_776' title='bbox 2535 5237 2718 5307; x_wconf 90' lang='lat' dir='ltr'>esset,</span> <span class='ocrx_word' id='word_1_777' title='bbox 2779 5232 2896 5291; x_wconf 91' lang='lat' dir='ltr'>nisi</span> <span class='ocrx_word' id='word_1_778' title='bbox 2924 5231 2987 5290; x_wconf 91' lang='lat' dir='ltr'>in</span> <span class='ocrx_word' id='word_1_779' title='bbox 3045 5230 3177 5309; x_wconf 89' lang='lat' dir='ltr'>ipso</span> <span class='ocrx_word' id='word_1_780' title='bbox 3234 5230 3471 5309; x_wconf 76' lang='lat' dir='ltr'>prcedio</span> <span class='ocrx_word' id='word_1_781' title='bbox 3536 5230 3798 5307; x_wconf 80' lang='lat' dir='ltr'>purgari</span> <span class='ocrx_word' id='word_1_782' title='bbox 3826 5230 4070 5288; x_wconf 64' lang='lat' dir='ltr'>fecisse:</span> 
     </span>
     <span class='ocr_line' id='line_1_115' title="bbox 2537 5321 4066 5401; baseline -0.003 -16"><span class='ocrx_word' id='word_1_783' title='bbox 2537 5324 2868 5385; x_wconf 87' lang='lat' dir='ltr'>eradicatis</span> <span class='ocrx_word' id='word_1_784' title='bbox 2924 5323 3133 5384; x_wconf 88' lang='lat' dir='ltr'>herbis</span> <span class='ocrx_word' id='word_1_785' title='bbox 3179 5328 3241 5385; x_wconf 89' lang='lat' dir='ltr'>et</span> <span class='ocrx_word' id='word_1_786' title='bbox 3296 5321 3642 5383; x_wconf 86' lang='lat' dir='ltr'>seminibus</span> <span class='ocrx_word' id='word_1_787' title='bbox 3696 5323 4066 5401; x_wconf 70' lang='lat' dir='ltr'>peregrinis,</span> 
     </span>
     <span class='ocr_line' id='line_1_116' title="bbox 2538 5415 4069 5497; baseline -0.004 -19"><span class='ocrx_word' id='word_1_788' title='bbox 2538 5418 2764 5497; x_wconf 88' lang='lat' dir='ltr'>quibus</span> <span class='ocrx_word' id='word_1_789' title='bbox 2794 5418 3112 5495; x_wconf 86' lang='lat' dir='ltr'>impurum</span> <span class='ocrx_word' id='word_1_790' title='bbox 3139 5416 3456 5476; x_wconf 85' lang='lat' dir='ltr'>redditum</span> <span class='ocrx_word' id='word_1_791' title='bbox 3488 5415 3757 5476; x_wconf 82' lang='lat' dir='ltr'>suisset?</span> <span class='ocrx_word' id='word_1_792' title='bbox 3800 5415 4069 5494; x_wconf 73' lang='lat' dir='ltr'>Denique</span> 
     </span>
     <span class='ocr_line' id='line_1_117' title="bbox 2535 5501 4163 5590; baseline -0.004 -18"><span class='ocrx_word' id='word_1_793' title='bbox 2535 5513 2635 5572; x_wconf 82' lang='lat' dir='ltr'>lex</span> <span class='ocrx_word' id='word_1_794' title='bbox 2664 5511 2997 5573; x_wconf 80' lang='lat' dir='ltr'>taxationis</span> <span class='ocrx_word' id='word_1_795' title='bbox 3029 5529 3337 5590; x_wconf 86' lang='lat' dir='ltr'>nusquam</span> <span class='ocrx_word' id='word_1_796' title='bbox 3366 5508 3689 5570; x_wconf 72' lang='lat' dir='ltr'>invenitur</span> <span class='ocrx_word' id='word_1_797' title='bbox 3732 5509 3857 5571; x_wconf 83' lang='lat' dir='ltr'>tale</span> <span class='ocrx_word' id='word_1_798' title='bbox 3889 5527 4068 5588; x_wconf 77' lang='lat' dir='ltr'>genus</span> <span class='ocrx_word' id='word_1_799' title='bbox 4162 5501 4163 5542; x_wconf 66' lang='lat'><em>³</em></span> 
     </span>
    </p>
   </div>
   <div class='ocr_carea' id='block_1_11' title="bbox 4155 110 4170 1207">
    <p class='ocr_par' dir='ltr' id='par_1_15' title="bbox 4155 110 4170 1207">
     <span class='ocr_line' id='line_1_118' title="bbox 4155 110 4170 1207; baseline 0 0"><span class='ocrx_word' id='word_1_800' title='bbox 4155 110 4170 1207; x_wconf 95' lang='lat' dir='ltr'> </span> 
     </span>
    </p>
   </div>
   <div class='ocr_carea' id='block_1_12' title="bbox 4152 2186 4173 3652">
    <p class='ocr_par' dir='ltr' id='par_1_16' title="bbox 4152 2186 4173 3652">
     <span class='ocr_line' id='line_1_119' title="bbox 4152 2186 4173 3652; baseline 0 0"><span class='ocrx_word' id='word_1_801' title='bbox 4152 2186 4173 3652; x_wconf 95' lang='lat' dir='ltr'> </span> 
     </span>
    </p>
   </div>
   <div class='ocr_carea' id='block_1_13' title="bbox 4154 3014 4171 4260">
    <p class='ocr_par' dir='ltr' id='par_1_17' title="bbox 4154 3014 4171 4260">
     <span class='ocr_line' id='line_1_120' title="bbox 4154 3014 4171 4260; baseline 0 0"><span class='ocrx_word' id='word_1_802' title='bbox 4154 3014 4171 4260; x_wconf 95' lang='lat' dir='ltr'> </span> 
     </span>
    </p>
   </div>
   <div class='ocr_carea' id='block_1_14' title="bbox 4156 4869 4169 5784">
    <p class='ocr_par' dir='ltr' id='par_1_18' title="bbox 4156 4869 4169 5784">
     <span class='ocr_line' id='line_1_121' title="bbox 4156 4869 4169 5784; baseline 0 0"><span class='ocrx_word' id='word_1_803' title='bbox 4156 4869 4169 5784; x_wconf 95' lang='lat' dir='ltr'> </span> 
     </span>
    </p>
   </div>
   <div class='ocr_carea' id='block_1_15' title="bbox 4154 4869 4171 6046">
    <p class='ocr_par' dir='ltr' id='par_1_19' title="bbox 4154 4869 4171 6046">
     <span class='ocr_line' id='line_1_122' title="bbox 4154 4869 4171 6046; baseline 0 0"><span class='ocrx_word' id='word_1_804' title='bbox 4154 4869 4171 6046; x_wconf 95' lang='lat' dir='ltr'> </span> 
     </span>
    </p>
   </div>
  </div>
 </body>
</html>
