4263 6376
119 3237 181 3440 sav?

124 5233 186 5276 'ni-

124 5294 174 5330 ,α

1164 347 1636 410 DISPUTATIO
1679 346 1899 424 XXVI,
1947 347 2220 409 SECTIO
2265 349 2367 410 IX.

206 525 578 608 praesumitur
618 524 756 587 talis
782 527 1078 588 voluntas
1121 525 1359 587 domini
1403 544 1479 586 ex
1507 544 1580 587 eo
1610 543 1714 587 so-

208 624 319 682 lum
344 619 501 699 quod
532 620 797 698 pretium
828 619 1132 681 taxaverit
1164 640 1177 681 :
1209 619 1411 681 solum
1440 618 1711 679 enimin-

209 714 384 778 tendit
408 713 572 792 quod
602 731 725 773 non
754 712 1014 774 minoris
1042 713 1353 775 vendatur
1378 731 1480 772 res
1507 731 1642 772 sua.

277 808 512 881 Quarto,
538 805 591 864 si
609 805 913 885 maiorem
941 806 1298 868 notabiliter
1325 805 1712 883 diligentiam

207 898 499 974 adhibuit,
550 902 621 959 ut
647 898 698 958 si
718 898 929 978 jussus
955 899 1229 960 vendere
1276 899 1339 959 in
1381 917 1504 959 uno
1546 898 1706 974 loco,

208 994 261 1053 in
284 984 395 1072 quo
422 992 688 1070 pretium
715 995 994 1054 taxatum
1039 1012 1077 1054 a
1103 992 1356 1053 domino
1386 1010 1511 1053 non
1538 990 1713 1051 inve-

210 1085 314 1160 nit,
343 1084 649 1146 transtulit
675 1084 740 1144 in
767 1086 959 1146 alium
987 1085 1170 1146 valde
1200 1086 1534 1147 distantem
1559 1131 1574 1161 ,
1604 1084 1713 1145 ubi

210 1179 378 1239 multo
404 1177 604 1257 majus
632 1178 902 1257 pretium
933 1178 1198 1256 invenit,
1252 1197 1436 1258 posse
1463 1178 1584 1239 sibi
1611 1196 1712 1237 ex-

210 1289 426 1334 cessum
450 1270 742 1333 retinere.
792 1273 886 1334 lta
911 1272 1164 1348 Molina,
1200 1275 1263 1333 et
1289 1272 1395 1332 alii
1424 1290 1581 1350 quos
1618 1289 1710 1331 se-

209 1365 393 1444 quitur
418 1364 590 1425 Salas
618 1383 726 1425 nu.
761 1368 820 1426 5.
867 1365 1048 1439 Quod
1077 1369 1288 1427 tamen
1314 1364 1712 1425 limitandum

209 1458 458 1532 videtur,
507 1456 558 1517 si
605 1457 910 1519 industria
948 1463 1011 1519 et
1042 1476 1233 1537 opera
1259 1458 1366 1519 illa
1410 1456 1714 1535 superad-

211 1551 322 1611 dita
354 1550 537 1628 digna
563 1550 645 1610 sit
694 1569 807 1629 pro
838 1550 1037 1629 pretio
1083 1569 1341 1612 excessu
1370 1550 1509 1624 illo;
1559 1549 1713 1610 alio-

212 1643 340 1724 quin
364 1661 479 1704 non
510 1648 775 1721 apparet
801 1662 925 1723 quo
953 1644 1133 1706 titulo
1162 1645 1358 1724 possit
1382 1647 1584 1706 totum
1612 1662 1712 1703 ex-

210 1755 423 1797 cessum
467 1735 778 1813 retinere,
829 1755 973 1798 cum
1018 1755 1146 1799 non
1190 1737 1344 1815 sibi,
1394 1737 1505 1798 sed
1534 1735 1712 1797 alteri

212 1829 484 1907 negotiari
512 1830 872 1893 intenderit.

278 1922 504 1997 QuintO,
535 1921 590 1982 si
618 1921 905 1983 adhibita
934 1922 1147 1985 debita
1175 1923 1499 2003 diligentia
1520 1968 1537 2000 ,
1588 1939 1711 1983 non

211 2014 467 2076 invenisti
508 2014 625 2076 nisi
673 2016 946 2094 pretium
1000 2016 1154 2078 illud
1209 2017 1379 2097 quod
1425 2016 1714 2077 dominus

212 2107 468 2183 volebat,
498 2111 561 2169 et
585 2111 741 2169 tunc
771 2127 844 2169 eo
873 2108 1073 2188 pretio
1104 2109 1217 2171 tibi
1244 2110 1471 2187 emisti,
1505 2127 1579 2170 ac
1606 2127 1713 2187 po-

212 2204 325 2260 stea
350 2199 544 2280 majus
571 2199 926 2279 inveneris,
978 2202 1209 2280 poteris
1251 2220 1576 2264 excessum
1602 2201 1715 2263 tibi

215 2293 501 2371 acquirere
535 2314 549 2354 ε
585 2294 739 2372 quia
764 2298 914 2356 tunc
939 2294 1208 2357 fideliter
1234 2295 1555 2374 negotium
1584 2294 1715 2373 egi-

213 2385 312 2462 sti,
342 2386 612 2448 adhibita
640 2386 858 2449 debita
887 2387 1212 2468 diligentia
1236 2434 1252 2465 ,
1287 2391 1591 2468 quantum
1619 2390 1715 2449 sat

214 2482 328 2540 erat
364 2479 437 2538 ad
463 2479 600 2558 plus
627 2479 1081 2541 inveniendum
1140 2501 1154 2543 ε
1214 2500 1283 2542 re
1336 2484 1549 2543 autem
1602 2479 1717 2542 tibi

214 2574 411 2649 empta,
435 2571 566 2651 jam
596 2590 725 2633 non
755 2572 1010 2634 alterius
1038 2574 1148 2634 sed
1172 2578 1275 2635 tuo
1297 2575 1549 2634 nomine
1569 2592 1715 2635 ven-

215 2663 311 2723 dis,
362 2666 484 2725 Hoc
509 2669 726 2726 autem
752 2665 1010 2725 minime
1054 2666 1268 2727 licebit
1311 2667 1592 2745 personis
1620 2684 1716 2726 ec-

215 2755 567 2833 clesiasticiS,
601 2758 835 2837 quibus
867 2758 1205 2837 negotiatio
1234 2759 1569 2821 interdicta
1597 2763 1711 2835 est,

216 2851 258 2909 si
280 2868 345 2910 eo
371 2849 569 2911 animo
598 2850 722 2911 3ὼί
750 2868 886 2911 rem
916 2856 1164 2928 emant,
1218 2855 1289 2912 ut
1331 2855 1551 2930 postea
1591 2870 1716 2912 nou

215 2948 483 3005 mutatam
509 2943 718 3005 carius
747 2944 1045 3023 vendant,
1069 2948 1139 3007 ut
1165 2947 1407 3007 constat
1435 2964 1511 3005 ex
1529 2964 1720 3025 supra

217 3033 388 3097 dictis.

281 3117 410 3176 Haec
457 3117 669 3179 omnia
722 3136 867 3178 cum
921 3117 1133 3179 debita
1178 3117 1581 3198 proportione
1629 3116 1719 3178 di-

218 3209 386 3270 cenda
411 3215 549 3272 sunt
577 3211 657 3271 de
687 3211 816 3288 illo,
851 3211 952 3273 cui
980 3212 1345 3273 commisisti
1372 3229 1579 3272 emere
1605 3210 1720 3272 tibi

217 3303 417 3381 aliquid
445 3304 551 3364 tali
579 3303 807 3383 pretio,
833 3307 894 3366 et
923 3323 1046 3365 non
1075 3304 1320 3384 majori.
1358 3305 1474 3378 Qui
1503 3304 1715 3382 etiam,

217 3394 258 3454 si
283 3395 428 3456 facta
453 3396 781 3475 diligentia
809 3395 1088 3459 inveniat
1132 3416 1266 3458 rem
1313 3398 1538 3458 minori
1583 3415 1720 3475 pre-

217 3487 317 3563 tio,
356 3489 573 3567 poterit
599 3508 747 3549 eam
777 3507 900 3550 non
931 3490 1043 3552 tibi
1078 3490 1189 3550 sed
1219 3491 1337 3551 sibi
1364 3491 1522 3551 velle
1551 3508 1721 3550 eme-

217 3597 311 3641 re:
359 3585 563 3660 postea
592 3601 749 3643 vero
770 3628 786 3658 ‚
837 3582 890 3642 si
929 3583 1213 3643 adhibita
1242 3582 1564 3661 diligentia
1595 3600 1718 3643 non

217 3671 455 3735 inveniat
479 3676 590 3736 tibi
619 3694 759 3736 rem
786 3675 959 3736 illam
989 3675 1067 3736 ab
1099 3675 1233 3735 aliis
1263 3674 1713 3752 venditoribuS,

218 3763 315 3824 nisi
337 3767 522 3844 pretio
551 3788 591 3830 a
617 3773 683 3830 te
710 3767 1061 3848 designatO,
1096 3769 1325 3847 poterit
1364 3786 1498 3829 rem
1528 3787 1719 3848 quam

217 3855 325 3934 ipse
351 3860 598 3922 minoris
627 3861 819 3938 emit,
868 3861 987 3923 tibi
1013 3862 1287 3923 vendere
1336 3863 1559 3923 eodem
1588 3881 1721 3940 pre-

215 3949 306 4027 tio,
335 3953 489 4031 quod
529 3954 875 4034 designasti
910 3974 923 4015 :
971 3973 1174 4034 neque
1196 3956 1361 4015 enim
1388 3956 1721 4018 tenebatur

216 4042 293 4101 tui
330 4062 507 4105 causa
560 4046 1044 4125 praetermittere
1100 4049 1494 4109 occasionem
1548 4048 1719 4109 illam

218 4133 312 4194 sibi
339 4136 597 4199 oblatam
626 4139 883 4200 emendi
911 4158 1046 4200 rem
1075 4141 1275 4219 pretio
1306 4141 1443 4218 vili,
1477 4140 1587 4201 sed
1617 4158 1718 4202 so-

215 4225 324 4285 lum
349 4228 605 4293 debebat
630 4231 936 4292 adhibere
961 4233 1349 4311 diligentiam
1377 4234 1712 4309 moralem;

217 4319 290 4378 uti
313 4320 414 4380 tibi
441 4324 626 4385 etiam
655 4343 794 4384 rem
823 4325 1024 4404 pretio
1053 4326 1255 4404 magis
1275 4327 1606 4389 commodo
1628 4327 1717 4388 in-

218 4412 455 4492 veniret,
501 4436 693 4497 quam
723 4417 772 4477 si
804 4437 928 4479 non
966 4418 1244 4492 invenit,
1292 4437 1418 4479 non
1468 4423 1561 4481 est
1607 4438 1720 4481 cur

215 4521 327 4564 rem
349 4526 516 4570 suam
561 4530 692 4572 non
720 4511 917 4591 possit
961 4511 1075 4574 tibi
1119 4513 1319 4592 pretio
1367 4513 1471 4574 illo
1519 4513 1718 4593 appli-

219 4612 337 4658 care
355 4645 370 4674 ,
415 4620 533 4681 quo
579 4604 661 4665 ab
705 4603 841 4663 aliis
883 4622 1020 4665 rem
1066 4623 1193 4665 non
1238 4604 1563 4666 meliorem
1604 4604 1714 4667 tibi

218 4704 396 4752 emere
420 4701 645 4773 posset.
683 4697 861 4769 Quod
890 4697 1079 4760 etiam
1109 4698 1543 4759 ecclesiasticis
1572 4716 1720 4777 per-

221 4782 363 4844 sonis
389 4805 504 4848 non
532 4789 768 4866 licebit,
792 4789 844 4849 si
865 4808 938 4850 eo
954 4790 1164 4851 animo
1194 4809 1329 4851 rem
1357 4791 1477 4851 sibi
1506 4795 1719 4854 emant

219 4877 276 4934 ut
299 4877 483 4940 carius
507 4882 619 4942 tibi
648 4885 869 4962 postea
893 4883 1191 4957 vendant,
1219 4883 1366 4962 quia
1391 4883 1526 4944 haec
1554 4888 1718 4946 esset

222 4970 521 5046 negotiatio
551 4975 674 5035 illis
704 4975 1056 5037 interdicta.

286 5060 605 5128 Difficultas
652 5086 789 5128 esse
818 5072 1042 5146 potest,
1105 5069 1358 5148 quando
1406 5069 1717 5131 mediator

224 5150 307 5213 ille
333 5160 666 5221 censendus
695 5161 775 5221 sit
804 5160 920 5221 sibi
975 5161 1244 5222 voluisse
1300 5162 1575 5223 vendere
1616 5163 1715 5223 vel

222 5261 421 5325 emere,
479 5256 539 5315 et
565 5273 691 5316 non
737 5254 987 5315 nomine
1016 5255 1396 5332 mandantis,
1458 5260 1527 5317 ut
1567 5260 1715 5317 tunc

123 5343 189 5434 :fi
224 5340 389 5411 possit
412 5341 473 5402 in
500 5346 881 5408 conscientia
907 5366 1230 5409 excessum
1259 5348 1379 5408 3ὼί
1407 5347 1593 5427 pretii
1618 5367 1715 5408 re-

123 5455 149 5489 θ,

224 5427 412 5494 tinere.
441 5436 737 5501 Videatur
756 5439 945 5516 enim,
980 5441 1147 5521 quod
1169 5440 1413 5521 quoties
1434 5441 1716 5503 animum

224 5517 414 5589 habuit
471 5532 781 5595 retinendi
844 5532 961 5596 sibi
1025 5551 1348 5598 excessum
1424 5534 1716 5599 habuerit

3222 352 3340 412 313

1812 525 1999 588 etiam
2045 526 2345 607 implicite
2392 526 2673 587 animum
2718 527 2837 588 sibi
2885 526 3201 588 vendendi
3242 526 3341 588 vel

1812 621 2063 680 emendi
2097 641 2109 681 ε
2145 621 2291 700 quia
2312 639 2384 681 eo
2415 622 2549 700 ipso
2571 622 2738 700 quod
2768 621 3041 682 habebat
3058 621 3340 681 animum

1809 712 2120 773 retinendi
2149 713 2269 773 sibi
2312 713 2579 790 lucrum,
2630 714 2879 775 videtur
2921 714 3215 775 habuisse
3244 714 3338 773 in-

1810 806 2154 868 tentionem
2183 807 2492 868 retinendi
2539 808 2781 869 meliori
2825 808 3013 868 modo
3044 826 3167 886 quo
3197 826 3345 886 pos-

1812 903 1906 961 set
1936 902 1999 961 et
2059 918 2173 977 per
2217 918 2608 979 consequens
2653 898 2922 961 faciendi
2971 918 3047 959 ea
3103 900 3336 975 omnia,

1810 995 1874 1053 et
1901 992 2124 1053 eodem
2152 993 2339 1055 modo
2397 1011 2519 1072 quo
2566 1012 2819 1054 necesse
2865 996 3001 1054 erat
3041 992 3122 1053 ad
3150 992 3342 1053 finem

1810 1084 2119 1147 intentum
2172 1105 2187 1147 ε
2239 1103 2389 1164 ergo
2420 1105 2563 1147 cum
2593 1086 2672 1146 ad
2716 1086 2884 1148 hunc
2911 1086 3101 1147 finem
3130 1102 3343 1146 neces·

1810 1178 2043 1238 sarium
2072 1181 2237 1241 esset
2261 1197 2373 1241 suo
2405 1179 2655 1241 nomine
2684 1183 2748 1242 et
2787 1179 2907 1240 sibi
2933 1178 3206 1239 vendere
3234 1180 3344 1241 aut

1812 1289 2042 1347 emere,
2094 1271 2214 1332 hoc
2242 1275 2444 1333 totum
2472 1272 2769 1352 implicite
2816 1272 3089 1334 volebat.
3151 1273 3341 1333 Caete-

1811 1382 1952 1424 rum
1982 1383 2098 1443 ego
2130 1383 2167 1424 a
2193 1365 2523 1444 posteriori
2547 1365 2709 1426 hanc
2738 1366 3147 1428 intentionem
3176 1364 3343 1425 colli·

1810 1456 2084 1535 gendam
2134 1458 2478 1519 crederem.
2539 1459 2604 1520 Si
2656 1459 2824 1519 enim
2877 1458 3187 1519 mediator
3241 1455 3343 1518 cui

1814 1550 2199 1627 commisisti,
2247 1570 2308 1611 v.
2344 1570 2407 1631 g.
2442 1551 2718 1613 triticum
2745 1551 2857 1612 tibi
2889 1570 3119 1627 emere,
3152 1550 3240 1611 ita
3271 1548 3344 1609 il·-

1812 1643 1920 1703 lud
1950 1643 2120 1719 emit,
2155 1646 2224 1704 ut
2242 1643 2296 1704 si
2315 1644 2549 1723 periret
2569 1664 2693 1706 non
2724 1644 2840 1704 sibi
2860 1644 2969 1704 sed
2993 1644 3105 1705 tibi
3126 1642 3345 1722 periis-

1811 1740 1926 1812 set,
1977 1754 2374 1815 quocumque
2402 1740 2685 1816 tempore
2714 1737 2778 1797 id
2808 1738 3219 1814 contingeret,
3267 1735 3343 1795 si-

1812 1846 2008 1908 gnum
2036 1832 2131 1890 est
2160 1828 2329 1908 quod
2355 1847 2481 1889 non
2510 1829 2628 1890 sibi
2658 1829 2764 1889 sed
2796 1829 2910 1891 tibi
2935 1829 3085 1889 emit
3133 1848 3148 1888 ε
3197 1827 3343 1887 alio-

1816 1921 1967 2001 qu'm
2022 1921 2374 2000 periculum
2428 1921 2622 2000 ipsius
2678 1921 2949 1984 debehat
3003 1939 3161 1996 esse,
3218 1938 3344 1980 non

1810 2019 2010 2090 tuum,
2056 2014 2110 2075 si
2136 2013 2389 2076 interim
2418 2019 2757 2095 antequam
2782 2016 3012 2077 iterum
3037 2013 3152 2075 tibi
3192 2030 3345 2073 ven-

1813 2109 1990 2170 deret
2017 2107 2324 2186 periisset.
2383 2107 2558 2169 Idem
2606 2112 2721 2185 est,
2772 2108 2826 2168 si
2852 2108 2904 2169 is
2949 2107 3049 2169 cui
3079 2105 3342 2169 commi-

1813 2200 1943 2263 sisti
1972 2219 2107 2261 rem
2137 2203 2311 2262 tuam
2339 2200 2634 2277 vendere,
2688 2220 2760 2262 eo
2791 2219 3039 2280 semper
3067 2199 3185 2260 fuit
3211 2198 3347 2259 ani-

1812 2312 1938 2370 mo,
1998 2297 2067 2355 ut
2116 2295 2169 2355 si
2217 2298 2555 2374 antequam
2609 2294 2690 2355 ad
2748 2294 2941 2358 alium
2997 2296 3347 2372 emptorem

1811 2386 2181 2463 transiisset,
2230 2388 2518 2467 periisset
2545 2406 2646 2448 res
2676 2392 2807 2463 tua,
2838 2406 2963 2449 non
2993 2386 3111 2448 sibi
3140 2385 3347 2465 perire

1813 2479 2001 2540 vellet
2027 2479 2140 2539 sed
2169 2479 2284 2540 tibi
2318 2501 2331 2541 :
2382 2480 2632 2559 signum
2663 2481 2830 2541 enim
2861 2484 2956 2541 est
2983 2478 3153 2559 quod
3183 2496 3345 2539 nun-

1816 2590 2006 2651 quam
2034 2571 2156 2632 sibi
2184 2572 2336 2634 emit
2380 2592 2513 2633 rem
2543 2573 2712 2634 illam
2756 2577 2824 2636 ut
2862 2573 3090 2634 iterum
3118 2570 3347 2632 vende·

1814 2668 1911 2725 ret
1942 2682 1955 2723 ε
1990 2664 2039 2724 si
2070 2664 2239 2725 enim
2267 2664 2386 2725 sibi
2415 2664 2566 2726 emit
2592 2684 2705 2744 pro
2737 2665 2841 2725 illo
2870 2664 3094 2742 pretia,
3133 2680 3347 2724 conse-

1816 2776 2014 2837 quens
2044 2761 2138 2818 est
2164 2762 2234 2819 ut
2260 2758 2446 2819 vellet
2475 2776 2611 2819 rem
2637 2776 2749 2818 suo
2780 2756 3058 2835 periculo
3087 2772 3346 2816 manere

1818 2850 2133 2929 deincepS,
2167 2854 2230 2912 et
2256 2869 2380 2911 non
2411 2855 2539 2912 tuo.
2587 2850 3054 2912 Examinandus
3084 2867 3256 2927 ergo,
3290 2850 3353 2909 et

1816 2942 2299 3021 interrogandus
2326 2944 2446 3004 erit
2471 2944 2783 3022 poenitens
2813 2942 2891 3003 de
2920 2944 3131 3003 animo
3162 2958 3352 3020 quem

1818 3035 2040 3097 habuit
2065 3055 2179 3114 per
2206 3035 2342 3098 haec
2370 3036 2622 3114 indicia,
2671 3037 2942 3116 petendo
2985 3035 3250 3114 abipso,
3300 3032 3352 3092 si

1819 3147 1891 3191 eo
1922 3133 2203 3208 tempore
2232 3147 2334 3190 res
2361 3129 2468 3190 illa
2497 3130 2806 3208 periisset,
2856 3129 3240 3191 liberaresne
3269 3126 3351 3187 ab

1820 3222 1987 3283 omni
2017 3223 2293 3301 periculo
2342 3223 2517 3283 illum
2565 3223 2779 3300 alium,
2836 3227 2900 3286 et
2943 3223 3218 3283 solveres
3263 3218 3351 3279 illi

1819 3315 2090 3394 pretium
2108 3314 2428 3394 integrum
2446 3315 2475 3375 ⁸?
2502 3315 2554 3375 si
2584 3316 2874 3394 affirmet,
2900 3314 3075 3377 salva
3097 3333 3197 3374 res
3220 3314 3348 3384 cst;

1819 3409 1870 3467 si
1897 3412 2085 3485 neget
2110 3407 2361 3486 signum
2405 3412 2499 3471 est
2528 3409 2697 3488 quod
2745 3428 2872 3471 non
2901 3408 3020 3470 3ὼί
3066 3407 3219 3469 emit
3253 3404 3354 3464 vel

1818 3500 2145 3577 vendidit,
2206 3500 2316 3561 sed
2363 3501 2615 3563 volebat
2657 3500 2791 3562 sine
2839 3502 3018 3564 titulo
3071 3497 3350 3578 legitimo

1818 3585 2061 3658 partem
2087 3580 2271 3659 pretii
2302 3579 2380 3641 de
2413 3600 2482 3641 re
2511 3582 2716 3642 aliena
2745 3581 2863 3642 3ὼί
2891 3581 3184 3644 retinere.

1896 3674 1989 3733 Ex
2017 3672 2200 3735 dictis
2242 3672 2431 3736 infert
2463 3674 2697 3737 Molina
2741 3693 2868 3735 non
2915 3692 3131 3736 carere
3179 3690 3349 3733 scru-

1816 3766 1963 3845 pulo
2018 3765 2082 3826 id
2142 3765 2308 3846 quod
2363 3771 2635 3827 sartores
2690 3767 3027 3847 aliquando
3085 3766 3343 3838 iaciunt,

1818 3858 2043 3939 quibus
2067 3858 2255 3919 datur
2282 3876 2431 3919 cura
2460 3859 2706 3919 emendi
2736 3878 3037 3940 pannum,
3069 3858 3168 3920 vel
3197 3856 3350 3917 seri-

1817 3970 1961 4013 cum
1991 3950 2071 4010 ad
2099 3950 2553 4011 conficiendam
2601 3951 2786 4013 alicui
2812 3955 3074 4014 vestem.
3135 3950 3352 4013 Solent

1817 4045 1984 4106 enim
2015 4044 2375 4106 venditores
2405 4043 2636 4120 dicere,
2669 4062 2735 4105 se
2764 4045 2979 4105 ulnam
3010 4062 3136 4105 non
3168 4043 3352 4105 datu-

1815 4156 1917 4200 ros
1948 4137 2067 4198 nisi
2093 4136 2313 4216 viginti
2342 4137 2655 4216 argenteis
2697 4155 2810 4215 pro
2861 4137 3009 4199 ulna
3037 4137 3345 4216 acceptis3

1816 4232 1927 4293 sed
1955 4236 2167 4293 tamen
2195 4231 2258 4290 in
2287 4230 2557 4310 gratiam
2585 4230 2725 4291 talis
2753 4231 3032 4308 sartoriS,
3080 4232 3187 4311 qui
3217 4229 3352 4310 ejus

1817 4324 2131 4388 officinam
2177 4323 2554 4405 frequentat,
2611 4323 2771 4385 velle
2820 4343 2887 4385 se
2941 4324 3094 4385 dare
3139 4324 3351 4384 ulnam

1815 4437 1929 4498 pro
1977 4417 2369 4496 undeviginti
2423 4420 2492 4479 ut
2532 4423 2736 4479 sartor
2794 4418 2927 4497 ipse
2985 4436 3060 4479 ex
3091 4416 3352 4497 singulis

1815 4510 1978 4572 ulnis
2032 4509 2301 4588 accipiat
2353 4509 2471 4571 sibi
2522 4529 2719 4571 unum
2774 4515 3143 4590 argenteum
3167 4557 3184 4589 ,
3244 4509 3352 4590 qui

1812 4603 2124 4666 venditori
2154 4606 2507 4683 competere
2553 4603 2891 4680 debuisset,
2941 4623 3098 4685 quos
3128 4622 3351 4681 argen-

1814 4700 1950 4759 teos
1978 4699 2184 4757 sartor
2227 4695 2359 4776 ipse
2390 4695 2506 4756 sibi
2552 4697 2803 4777 accipit,
2856 4697 3032 4777 quasi
3066 4715 3102 4756 a
3132 4696 3351 4757 vendi-

1813 4793 1948 4851 tore
1977 4787 2093 4849 sibi
2123 4788 2411 4864 donatOS‚
2464 4791 2527 4850 et
2554 4788 2808 4849 domino
2854 4791 3044 4851 vestis
3092 4807 3352 4868 compu-

1816 4886 1908 4945 tat
1932 4880 2156 4959 vigiuti
2185 4884 2514 4961 argenteos
2536 4900 2649 4961 pro
2680 4882 2938 4961 singulis
2960 4882 3142 4943 ulnis,
3176 4885 3345 4959 Haec,

1817 4978 1880 5035 et
1903 4974 2130 5035 similia
2185 4973 2552 5052 scrupulosa
2607 4992 2742 5035 esse
2792 4975 2942 5035 dicit
2967 4975 3198 5037 Molina
3242 4975 3350 5035 ubi

1816 5085 2005 5146 supra
2030 5068 2087 5146 ἓ.
2122 5066 2328 5127 Solent
2354 5076 2629 5144 sartores,
2663 5086 2778 5127 nec
2796 5067 2926 5127 sine
2947 5086 3179 5146 magno
3208 5067 3350 5128 fun-

1815 5160 2109 5222 damento
2156 5179 2169 5220 :
2217 5161 2270 5220 si
2299 5159 2466 5220 enim
2495 5158 2559 5219 id
2586 5159 2827 5220 sincere
2859 5164 3172 5238 ageretur,
3206 5179 3349 5239 per-

1814 5252 1975 5315 mitti
2002 5255 2215 5332 posset
2247 5273 2261 5314 ;
2295 5252 2407 5313 sed
2435 5251 2836 5312 examinandi
2861 5251 3191 5331 diligenter
3220 5271 3348 5312 sar-

1814 5346 2282 5427 tores-praedicti
2302 5350 2447 5407 sunt
2460 5345 2909 5422 aconfessariO,
2926 5364 3005 5405 an
3022 5364 3242 5407 verum
3258 5345 3347 5405 di-

1816 5444 1962 5503 cant
1975 5439 2354 5516 venditoreS,
2389 5439 2541 5501 dum
2562 5442 2869 5515 asserunt,
2903 5458 2969 5499 se
2992 5457 3115 5500 non
3132 5440 3348 5499 vendi-

1814 5541 1986 5598 turos
2008 5533 2221 5596 ulnam
2249 5532 2460 5613 panni,
2499 5531 2617 5594 nisi
2644 5550 2756 5610 pro
2776 5531 2995 5612 viginti
3018 5535 3080 5594 et
3109 5531 3173 5594 in
3199 5551 3346 5611 gra-

3497 3684 3612 3744 153

3451 3809 3556 3864 Qum
3589 3810 3642 3853 do

3426 3864 3666 3914 sartoribus,

3397 3919 3542 3973 quibus
3555 3917 3696 3960 vendi-

3445 3977 3509 4014 tor
3527 3971 3650 4026 panni

3449 4025 3652 4069 condonat

3399 4086 3555 4136 partem
3575 4078 3694 4137 pretii
