4263 6376
562 4547 678 4606 203

465 4671 569 4725 Quid
598 4672 650 4715 de
678 4684 761 4770 113¹-

483 4726 673 4789 triniomo
691 4740 715 4768 a

492 4780 654 4827 ordines
691 4786 733 4822 et

484 4833 574 4875 „iiis
594 4814 745 4876 sinisii-

824 341 938 399 118

823 515 1017 586 nium.
1051 516 1150 577 vel
1178 517 1367 587 arrha
1395 534 1507 595 pro
1528 517 1655 578 filio
1685 517 1819 597 ejus
1840 518 2019 582 uxori
2043 518 2212 581 data.
2239 520 2360 582 Ve-

823 613 947 673 stes
977 610 1188 679 etiam.
1224 615 1286 677 et
1313 615 1683 678 ornamenta
1706 659 1722 683 ,
1757 629 1896 690 quae
1925 612 2068 673 filice
2099 611 2360 674 nubenti

822 722 859 766 a
888 707 1063 782 patre
1091 704 1172 766 ad
1204 722 1347 770 eum
1375 704 1567 768 finem
1587 704 1750 768 datae
1767 709 1933 780 sunt,
1962 709 2192 783 praeter
2212 705 2359 766 sim-

820 796 1011 875 plices
1038 801 1241 858 vestes
1270 797 1685 877 quotidianas,
1713 796 1938 875 quibus
1954 798 2081 860 filia
2110 799 2357 859 uticon-

820 892 1131 966 sueverat,
1162 907 1302 969 quae
1332 889 1647 957 habentur
1662 889 1839 968 quasi
1864 890 2162 952 alimenta
2191 911 2227 951 a
2247 911 2359 970 pa-

818 986 913 1048 tre
942 982 1089 1051 data
1140 1001 1337 1061 usque
1367 983 1448 1050 ad
1477 983 1727 1062 nuptias
1760 988 2135 1045 contractas,
2197 986 2358 1045 Con-

820 1075 968 1145 ferri
997 1075 1185 1142 etiam
1215 1075 1476 1153 dehent,
1508 1076 1558 1140 si
1590 1081 1881 1154 torquem
1910 1093 2171 1140 aureum
2191 1123 2207 1155 ,
2257 1077 2357 1137 vel

819 1169 941 1230 alia
969 1169 1248 1246 monilia,
1298 1174 1407 1232 aut
1449 1174 1819 1234 ornamenta
1846 1175 2141 1249 parentes
2171 1171 2355 1233 nurui

820 1262 1130 1330 dederunt
1149 1261 1332 1342 juxta
1361 1263 1581 1341 patriae
1610 1263 2152 1342 consuetudinem,
2186 1264 2356 1345 quod

817 1359 1017 1422 totum
1051 1357 1268 1422 datum
1300 1361 1589 1418 censetur
1626 1357 1735 1418 filii
1785 1355 2035 1419 intuitu.
2095 1359 2231 1419 Non
2263 1363 2356 1419 ta.-

817 1467 964 1509 men
1010 1449 1241 1511 debent
1289 1449 1561 1512 conferri
1607 1468 1894 1527 expensae
1924 1469 1962 1511 a
1990 1450 2356 1528 parentibus

818 1543 998 1608 sactae
1029 1541 1090 1610 in
1123 1542 1431 1619 convivio,
1467 1547 1530 1604 et
1556 1543 1711 1604 festo
1743 1542 2103 1620 nuptiarum
2128 1590 2144 1621 ,
2198 1543 2357 1604 sicut

821 1653 935 1702 nco
964 1634 1131 1713 quod
1161 1640 1342 1713 pater
1371 1634 1667 1713 expendit
1711 1635 1774 1696 in
1823 1635 2202 1698 celebranda
2228 1636 2356 1715 pri-

818 1745 920 1786 ma
948 1728 1138 1787 missa
1168 1727 1299 1804 filii,
1328 1732 1390 1789 et
1409 1727 1692 1806 ingressu
1714 1728 1858 1789 filias
1874 1729 1937 1789 in
1958 1729 2349 1808 religionem,

818 1820 933 1881 nisi
962 1824 1142 1899 pater
1168 1819 1439 1886 intendit
1475 1840 1548 1881 ea
1579 1822 1935 1899 expendere
1968 1841 2044 1883 ex
2071 1823 2252 1884 bonis
2281 1823 2354 1890 fi·

814 1913 900 1991 lii,
937 1933 1077 1993 quae
1104 1919 1287 1993 pater
1311 1914 1523 1992 habet,
1558 1919 1621 1977 et
1649 1915 2066 1994 administrat,
2091 1920 2162 1978 ut
2191 1917 2354 1977 dice„

815 2026 955 2074 mus
984 2026 1155 2074 num.
1190 2011 1328 2070 204.
1374 2007 1553 2069 Ratio
1582 2011 1795 2070 autem
1826 2013 1920 2071 est
1942 2056 1958 2086 ‚
2011 2009 2161 2089 quia
2190 2011 2355 2089 ejus-

815 2100 982 2164 modi
1028 2118 1314 2178 expensae
1357 2104 1503 2162 sunt
1548 2101 1728 2181 quasi
1764 2102 1959 2180 ipsius
2006 2103 2203 2182 patris
2230 2149 2244 2180 ‚
2293 2107 2356 2164 et

810 2194 993 2272 juxta
1024 2211 1206 2256 suum
1235 2197 1487 2270 statum,
1517 2197 1581 2255 et
1607 2194 2049 2272 conditionem,
2080 2195 2165 2257 ad
2210 2215 2357 2275 pro-

816 2287 1019 2367 prium
1049 2287 1343 2350 decorem
1370 2287 1538 2364 facit,
1559 2292 1630 2350 ut
1658 2292 1834 2350 notat
1857 2289 2089 2350 Melina
2116 2289 2348 2368 disput.

814 2397 1148 2446 ccxxxvm.
1183 2380 1287 2459 qui
1319 2382 1374 2460 g.
1413 2379 1640 2454 Gama,
1694 2382 1909 2458 addit,
1963 2401 2088 2446 non
2120 2383 2352 2444 debere

813 2474 1002 2536 etiam
1031 2473 1324 2550 conferri,
1357 2473 1406 2534 si
1441 2478 1621 2551 pater
1648 2473 1775 2538 filio
1807 2492 2067 2535 uxorem
2096 2475 2352 2537 ducenti

810 2568 1099 2648 promisit
1127 2567 1365 2647 aliquid
1396 2585 1677 2628 annuum
1706 2569 1788 2628 ad
1805 2568 2124 2644 alimenta,
2154 2574 2215 2630 et
2245 2590 2347 2630 su-

810 2661 1101 2723 stinenda
1130 2680 1324 2723 onera
1352 2660 1772 2737 matrimonii,
1820 2661 2163 2722 dummodo
2194 2663 2257 2722 id
2286 2663 2348 2724 in

810 2756 1095 2816 fraudem
1127 2773 1250 2815 non
1280 2755 1412 2830 fiat,
1434 2757 1505 2815 ut
1529 2772 1605 2813 ex
1628 2754 1935 2832 ejusmodi
1955 2755 2179 2815 annuis
2202 2775 2349 2834 pau-

810 2849 983 2909 latim
1012 2849 1154 2908 filiis
1201 2851 1503 2924 congerat
1549 2865 1895 2923 summam,
1957 2867 2147 2926 quam
2188 2849 2351 2911 ultra

810 2941 964 3002 alios
991 2941 1152 3001 filios
1183 2939 1413 3002 habeat
1445 2959 1459 3001 ε
1496 2940 1604 3000 sed
1636 2940 1783 3019 quia
1812 2959 2033 3002 revera
2058 2941 2222 3002 filius
2249 2943 2346 3003 in-.

812 3033 984 3110 diget
1013 3033 1093 3094 ad
1125 3034 1440 3095 alimenta.
1477 3035 1623 3093 Hffie
1655 3033 1820 3093 enim
1851 3034 2037 3096 etiam
2059 3034 2352 3097 videntur

812 3127 1123 3207 pertinere
1162 3127 1243 3186 ad
1275 3116 1579 3206 'expensas
1611 3127 1806 3206 patris
1868 3146 1882 3187 ε
1943 3131 2005 3188 et
2032 3127 2193 3188 sicut
2220 3129 2350 3190 fru-

811 3225 949 3282 ctus
977 3222 1259 3300 percepti
1301 3240 1377 3282 ex
1419 3220 1597 3281 honis
1629 3221 2051 3282 immobilibus
2081 3222 2244 3283 datis
2272 3223 2346 3284 fi„

811 3314 892 3374 lio
922 3315 1003 3375 ad
1035 3314 1319 3393 nuptias,
1372 3332 1496 3373 non
1541 3315 1774 3374 debent
1817 3314 1879 3373 in
1922 3320 2123 3377 morte
2153 3317 2348 3395 patris

813 3407 1102 3483 conferri,
1136 3407 1246 3467 sed
1275 3407 1452 3466 valor
1480 3407 1907 3485 proprietatiS,
1935 3409 2082 3486 quia
2110 3409 2348 3473 fructus

811 3502 1056 3562 interim
1087 3500 1367 3580 percepti
1395 3500 1778 3561 transierunt
1820 3500 1881 3560 in
1914 3501 2210 3564 alimenta
2238 3504 2347 3563 filii

809 3595 1164 3675 conjugati;
1216 3593 1384 3653 idem
1434 3593 1771 3654 dicendum
1814 3594 2064 3655 videtur
2101 3597 2180 3655 de
2213 3596 2348 3657 aliis

813 3688 1036 3749 annuis
1067 3686 1145 3747 ad
1177 3706 1252 3747 ea
1282 3685 1579 3746 alimenta
1608 3687 1969 3763 promissis»,
2014 3687 2111 3748 vel
2160 3690 2342 3752 datis,

812 3782 990 3845 Unde
1009 3776 1135 3842 *nee
1166 3785 1346 3860 pater
1374 3779 1563 3841 dehet
1586 3779 1691 3838 illa
1721 3784 2086 3859 computare
2114 3782 2180 3843 in
2209 3802 2348 3864 par-

811 3880 972 3949 tem;
1025 3876 1103 3935 de
1152 3893 1277 3955 qua
1324 3875 1456 3952 ipse
1504 3876 1710 3952 potest
1749 3873 1944 3934 libere
1989 3874 2343 3956 disponere,

812 3971 958 4048 quia
987 3968 1296 4048 ejusmodi
1325 3967 1622 4029 alimenta
1646 3966 1754 4027 filii
1785 3966 2105 4047 conjugati
2130 3969 2350 4035 viden-

809 4069 913 4123 tur
941 4063 1253 4141 pertinere
1303 4061 1383 4121 ad
1431 4062 1715 4137 sumptus
1741 4078 1983 4123 annuos
2013 4062 2208 4141 ipsius
2237 4081 2351 4141 pa..

815 4157 922 4217 tris
956 4175 969 4215 :
1006 4153 1346 4215 dummodo
1391 4156 1600 4214 tamen
1631 4171 1754 4213 non
1787 4155 2092 4217 excedant
2139 4157 2347 4217 condi-

809 4251 1045 4312 tionem
1072 4247 1268 4327 patris
1284 4246 1640 4326 juxtavires
1668 4265 1922 4313 suarum
1954 4249 2343 4326 facultatum,

810 4344 897 4404 ita
927 4346 994 4404 ut
1020 4342 1161 4403 talis
1191 4339 1445 4405 donatio
1487 4338 1836 4400 inofficiosa
1875 4340 2168 4402 videatur
2213 4343 2348 4403 aliis

810 4436 972 4497 filiis.

888 4528 1157 4590 Infeatur
1182 4524 1456 4586 seeundo
1478 4526 1701 4593 eodem
1720 4526 1906 4588 modo
1938 4527 2205 4588 conferri
2235 4528 2344 4588 de-

808 4624 956 4685 here
988 4618 1319 4702 (quidquid
1349 4617 1564 4679 dicant
1593 4618 1717 4694 alii,
1751 4622 1906 4698 quos
1937 4621 2119 4682 affert
2150 4623 2339 4702 Vasq‚

810 4734 982 4777 num.
1019 4713 1183 4792 162.)
1215 4711 1383 4792 quod
1412 4711 1537 4772 filio
1560 4712 1837 4791 assignat
1857 4717 1919 4775 et
1938 4714 2046 4774 dat
2072 4718 2254 4793 pater
2282 4716 2342 4775 in

808 4807 1251 4889 patrimonium
1282 4804 1360 4865 ad
1404 4805 1796 4884 recipiendos
1825 4807 2076 4867 ordines
2106 4825 2338 4885 sacr-05,

806 4903 905 4964 vel
947 4902 1129 4977 filiae,
1186 4902 1297 4961 aut
1323 4899 1448 4959 filio
1497 4899 1579 4960 ad
1626 4898 1977 4978 ingressum
2020 4900 2342 4980 religionis

806 4994 1274 5077 procurandum
1327 5013 1339 5054 ε
1386 5011 1511 5054 non
1540 4995 1750 5054 tamen
1780 4993 1970 5055 debet
1995 4993 2161 5054 filius
2191 5012 2342 5056 oon-

806 5093 967 5151 ferre
998 5089 1234 5149 fruetus
1264 5106 1340 5147 ex
1367 5086 1746 5165 patrimonio
1776 5086 1880 5146 illo
1911 5091 2245 5166 perceptos
2275 5088 2339 5148 in

805 5183 997 5262 patris
1025 5182 1154 5243 vita
1179 5228 1194 5258 ,
1246 5185 1315 5242 ut
1360 5180 1596 5240 dictum
1643 5183 1737 5240 est
1781 5179 1859 5239 de
1890 5180 2228 5247 donatione
2259 5181 2337 5241 ad

1987 340 2089 402 DE
2133 340 2487 406 JUSTlTIA
2535 342 2633 403 ET
2674 340 2874 404 JURE

2465 516 2821 595 anticipatoe
2852 516 3231 594 solutiones,
3281 523 3349 580 ut
3393 536 3537 579 cum
3582 518 3716 580 aliis
3762 518 3999 580 Melina

2458 611 2628 672 dicta
2658 610 2817 689 disp.
2854 612 3429 690 ccxxxv111.infine,
3457 611 3780 692 quivideri
3811 611 4000 676 etiam

2456 709 2683 784 potest.
2718 720 2913 768 ccxu.
2946 705 3011 766 in
3042 705 3185 766 fine.

2536 797 2805 862 insertur
2834 798 3037 874 tertio,
3063 798 3212 877 quid
3243 799 3580 862 dicendum
3607 799 3686 860 sit
3711 799 3796 858 de
3827 816 3998 860 sum·
4098 821 4105 875 :³

2457 889 2665 968 ptibus
2694 890 2875 954 factis
2904 910 3046 952 cum
3075 892 3199 954 tilio
3232 892 3293 962 in
3325 891 3545 956 studiis
3572 939 3587 969 ,
3639 892 3716 954 de
3767 892 4001 972 quibus

2456 985 2874 1046 communiter
2900 984 3191 1047 doctores
3216 1032 3232 1062 ‚
3284 1004 3440 1066 quos
3490 988 3760 1048 afferunt
3811 989 3881 1048 et
3909 1004 4002 1045 se-

2456 1080 2736 1155 quuntur
2780 1079 3015 1157 vasqu.
3070 1078 3238 1140 dicta
3279 1080 3335 1157 g.
3374 1096 3433 1140 v.
3485 1079 3634 1140 dub.
3668 1084 3724 1143 7.
3763 1078 4000 1141 Melina
4094 1065 4105 1090 ⁵
4172 1067 4188 1092 ¹

2455 1168 2613 1247 disp.
2648 1173 2785 1234 239.
2824 1170 3060 1247 dicunt,
3096 1189 3202 1232 eos
3222 1176 3507 1250 sumptus
3539 1190 3661 1233 non
3682 1191 3830 1234 esse
3857 1189 3999 1234 con·

2454 1263 2767 1337 terendo&
2802 1262 2919 1322 nisi
2948 1263 3011 1322 in
3044 1264 3287 1324 duobus
3307 1264 3577 1328 casibus·
3611 1265 3866 1330 Primus
3886 1269 3996 1341 ost,

2454 1355 2704 1434 quando
2735 1360 2914 1434 pater
2933 1355 3206 1418 habebat
3233 1357 3400 1420 bona
3422 1358 3531 1420 filii
3562 1377 3700 1442 quie
3727 1359 4002 1421 admini-

2453 1447 2693 1512 strabat
2723 1464 2737 1511 z
2773 1466 2968 1527 quare
2997 1468 3073 1510 ex
3101 1449 3175 1509 iis
3195 1451 3595 1528 praesumitur
3615 1452 3995 1530 expendere,

2451 1538 2578 1605 imo
2610 1545 2672 1602 et
2702 1541 2910 1619 quoad
2940 1541 3257 1604 alimenta.
3309 1544 3635 1606 Secundus
3662 1563 3855 1606 casus
3887 1551 3996 1622 est,

2455 1633 2708 1711 quaudo
2739 1639 2919 1712 pater
2946 1639 3327 1712 protestatus
3357 1640 3450 1697 est
3479 1637 3628 1715 filio,
3663 1657 3727 1698 se
3759 1657 4000 1716 expen-

2452 1744 2554 1790 sas
2584 1745 2659 1788 eo
2693 1727 2901 1792 animo
2930 1728 3136 1792 facere
3167 1735 3235 1791 ut
3263 1730 3686 1807 conferantur,
3710 1732 3818 1792 vel
3835 1750 4001 1793 com·

2451 1824 2750 1900 putentur
2777 1820 2839 1882 in
2868 1821 3236 1898 legitimam.
3272 1823 3452 1892 Circa
3480 1825 3747 1903 primum
3781 1831 3997 1889 tamen

2454 1931 2670 1978 casum
2697 1913 2956 1978 adverto
2986 1915 3211 1993 prime,
3248 1919 3396 1978 tunc
3426 1935 3547 1980 non
3581 1917 3816 1979 debere
3848 1937 3997 1980 eon·

2453 2006 2598 2070 ferri
2630 2025 2934 2086 expensas
2963 2008 3160 2072 factas
3185 2008 3246 2072 in
3278 2010 3499 2072 studiis
3526 2057 3541 2087 ,
3589 2029 3729 2078 cum
3756 2030 3896 2073 non
3927 2031 3999 2073 ex

2452 2099 2632 2160 honis
2660 2101 2878 2178 partis,
2913 2101 3023 2165 sed
3053 2102 3163 2164 filii
3191 2103 3370 2165 factas
3402 2104 3524 2165 sint
3576 2125 3591 2165 ε
3643 2124 3846 2185 quare
3878 2125 3998 2167 non

2452 2196 2713 2271 apparet
2746 2193 3060 2272 quomodo
3083 2213 3156 2256 eo
3187 2214 3336 2256 casu
3363 2197 3612 2258 collatio
3641 2198 3862 2259 locum
3891 2199 3999 2259 ha·

2451 2286 2618 2347 beat.
2651 2290 2862 2350 Potest
2887 2291 3098 2350 tamen
3129 2288 3250 2351 dici
3278 2288 3484 2351 locum
3517 2291 3768 2370 habere,
3796 2311 4000 2372 quan-

2452 2379 2529 2438 do
2559 2379 2668 2442 filii
2684 2379 2851 2443 bona
2865 2384 3044 2442 erant
3059 2381 3121 2442 in
3138 2383 3406 2460 pecunia
3426 2390 3777 2462 numerata,
3803 2404 3999 2466 quam

2449 2472 2611 2534 filius
2633 2477 2852 2550 postea
2874 2492 3000 2535 non
3023 2475 3250 2553 poterit
3269 2493 3642 2554 recuperare
3658 2478 3992 2556 integram,

2451 2563 2568 2626 nisi
2597 2566 2817 2629 afferat
2863 2564 2926 2628 in
2956 2565 3355 2629 collationem
3398 2569 3728 2646 prasdictas
3757 2589 3997 2650 expen-

2448 2675 2579 2732 sas;
2613 2658 2710 2720 vel
2742 2658 2991 2738 quando
3015 2658 3176 2720 filius
3206 2660 3483 2738 exigeret
3508 2667 3726 2739 postea
3752 2664 3997 2742 capita-

2447 2751 2504 2810 le
2535 2770 2610 2811 ex
2638 2750 2817 2813 bonis
2844 2751 3039 2831 patris
3061 2798 3077 2828 ‚
3130 2757 3193 2815 et
3236 2746 3473 2816 fructus
3510 2772 3766 2816 suorum
3797 2756 3994 2818 bono·

2449 2862 2610 2920 rum,
2646 2845 2898 2924 quando
2917 2845 3303 2907 ususfructus
3326 2847 3405 2907 ad
3429 2848 3628 2912 filium
3645 2849 3836 2911 etiam
3859 2869 3995 2930 per·

2446 2936 2688 3000 tinebat
2718 2957 2730 2998 :
2765 2956 2912 3000 nam
2943 2943 3091 3000 tuno
3124 2939 3312 3002 etiam
3342 2939 3598 3003 debebit
3628 2943 3725 3004 vel
3755 2961 3993 3023 expan-⁶

2448 3047 2548 3090 sas
2576 3029 2711 3094 illas
2740 3049 2852 3109 pro
2887 3031 3190 3094 fructibus
3237 3032 3466 3102 debitis
3495 3034 3778 3113 accipere
3814 3079 3835 3113 ,
3897 3035 3991 3098 vel

2449 3125 2669 3184 afferre
2699 3143 2803 3185 eas
2831 3125 2895 3191 in
2925 3125 3324 3187 collationem
3351 3126 3686 3190 bonorum.

2527 3218 2801 3281 Advorte
2827 3219 3100 3280 secundo
3129 3238 3273 3281 oum
3303 3221 3534 3284 Molina
3556 3269 3571 3300 ,
3637 3241 3822 3302 posse
3878 3242 3991 3302 pa-

2446 3312 2698 3387 trcn1‚si
2725 3312 2893 3384 velit,
2917 3331 3021 3372 eas
3051 3332 3355 3392 expensas
3383 3315 3587 3376 facere
3617 3335 3689 3376 ex
3721 3317 3989 3397 propriis

2444 3404 3233 3481 bonis,licetl1abeatbona
3249 3407 3380 3483 filii,
3400 3409 3547 3489 quia
3568 3409 3666 3469 hee
3681 3410 3878 3471 etiam
3890 3430 3987 3470 ex·

2446 3516 2656 3577 pensae
2674 3497 2968 3559 videntur
2986 3498 3066 3558 ad
3087 3500 3471 3561 ordinariam
3498 3501 3991 3567 administratio·

2447 3609 2592 3651 nem
2621 3591 3015 3670 propriorum
3046 3591 3355 3653 honorum
3373 3598 3682 3673 spectare,
3702 3595 3992 3658 dummo-

2447 3684 2525 3745 do
2556 3683 2889 3745 excessivae
2922 3703 3047 3745 non
3075 3685 3199 3747 sint
3211 3685 3394 3765 juxta
3419 3706 3603 3751 suum
3630 3693 3889 3765 statum,
3922 3690 3990 3751 li·

2447 3783 2546 3841 oet
2571 3779 2710 3858 plus
2740 3797 2883 3839 cum
2911 3797 3036 3839 uno
3064 3779 3191 3840 filio
3216 3825 3232 3857 ,
3292 3799 3482 3860 quam
3526 3800 3672 3843 oum
3719 3782 3860 3843 aliis
3888 3803 3990 3843 ex-

2447 3872 2698 3951 pendat.
2725 3871 2902 3933 Circa
2921 3871 3266 3933 secundum
3284 3873 3472 3935 etiam
3492 3892 3709 3935 casum
3732 3876 3989 3937 adverte

2447 3965 2670 4044 primo,
2702 3965 3215 4045 protestationem
3230 3965 3461 4027 dehere
3482 3967 3616 4027 fieri
3648 3970 3987 4049 antequam

2445 4061 2730 4138 sumptus
2758 4059 2934 4135 flant,
2970 4077 3095 4118 non
3126 4063 3345 4137 postea
3367 4106 3382 4136 ,
3436 4063 3503 4120 ut
3530 4078 3677 4121 cum
3710 4061 3851 4121 aliis
3879 4063 3989 4122 ob—

2446 4156 2655 4213 servat
2683 4154 2967 4231 vasquez
2998 4170 3168 4212 num.
3205 4155 3343 4213 151.
3379 4153 3670 4214 Secundo
3700 4154 3981 4231 adverte,

2445 4244 2687 4324 aliquos
2699 4246 2856 4306 velle
2876 4245 3289 4307 conferendas
3312 4264 3418 4306 eas
3438 4265 3768 4325 expensaS,
3789 4267 3987 4327 quau-

2447 4339 2526 4400 do
2557 4343 2734 4418 pater
2762 4339 2824 4397 in
2853 4338 3012 4398 libro
3043 4356 3148 4398 eas
3178 4338 3456 4416 notabat,
3481 4340 3630 4419 quia
3661 4341 3988 4417 prffisumi-

2444 4437 2547 4494 tur
2573 4432 2733 4493 velle
2764 4431 2931 4511 quod
2961 4435 3494 4509 computarentur.
3556 4434 3648 4493 lta
3679 4434 3984 4495 Antonius

2446 4528 2713 4601 Gomez,
2761 4542 2945 4604 quem
2991 4524 3273 4603 sequitur
3299 4527 3583 4604 vasquez
3627 4544 3801 4589 num.
3844 4530 3977 4589 149.

2443 4618 2554 4681 sed
2584 4618 2661 4678 de
2691 4617 2809 4677 hoc
2839 4616 3127 4678 dubitare
3155 4617 3404 4683 videtur
3442 4618 3678 4679 Molina
3725 4620 3831 4681 ubi
3881 4640 3984 4681 su-

2444 4732 2577 4792 pra,
2614 4714 2676 4772 et
2705 4710 2874 4787 dicit,
2908 4710 3127 4772 saltem
3158 4710 3236 4770 de
3273 4710 3416 4790 jure
3443 4712 3742 4775 Lusitano
3774 4719 3836 4775 et
3863 4716 3978 4774 Ca·¹

2440 4806 2634 4868 stellae
2662 4804 2892 4883 requiri
2920 4851 2935 4881 ,
2969 4804 3141 4883 quod
3167 4808 3345 4882 pater
3359 4823 3650 4883 expressa
3680 4812 3977 4884 proteste-

2441 4903 2561 4959 tur.
2597 4900 2674 4960 Et
2702 4896 2955 4976 quidem
2981 4897 3101 4973 lex,
3140 4896 3280 4973 Qnoe
3295 4906 3475 4978 pater
3499 4896 3650 4977 filie,
3684 4915 3756 4961 11.
3793 4902 3857 4965 ff.
3889 4902 3980 4981 sa·

2438 4991 2638 5068 milite,
2670 4989 3037 5067 emisenum,
3059 5009 3246 5070 quam
3268 4993 3556 5067 afferunt,
3577 4991 3781 5055 solum
3803 4993 3975 5071 dicit,

2441 5084 2927 5164 computandaS,
2996 5083 3227 5164 quando
3272 5083 3543 5145 credendi
3574 5085 3771 5145 animo
3805 5097 3979 5167 pater

2438 5178 2655 5239 misisse
2679 5177 2863 5258 sitem}
2899 5177 3321 5258 conzpvvbatus.
3355 5179 3432 5243 Et
3461 5177 3976 5257 distinguendum

805 5275 1075 5354 nuptias.
1108 5273 1286 5336 Unde
1316 5273 1621 5353 ejusmodi
1665 5273 2034 5334 donationes
2061 5273 2341 5335 insinua-
2434 5272 2683 5334 videtur
2711 5272 2790 5331 de
2817 5270 2972 5332 libro
3001 5291 3012 5332 ε
3049 5289 3195 5330 nam
3224 5272 3276 5331 si
3305 5271 3364 5330 in
3397 5270 3621 5331 eodem
3639 5271 3797 5334 libro
3827 5272 3976 5333 sori.

803 5370 971 5430 tione
1012 5387 1137 5428 non
1166 5367 1451 5445 indigent
1491 5366 1553 5425 in
1585 5366 1863 5446 qualibet
1891 5366 2240 5446 quantitate
2269 5370 2339 5428 ut
2434 5365 2625 5427 bebat
2642 5369 2820 5444 pater
2838 5368 3123 5443 sumptus
3144 5365 3296 5425 alios
3319 5381 3475 5444 quos
3497 5363 3786 5440 faciebat,
3814 5384 3849 5425 a
3872 5385 3976 5426 ne-

804 5462 1025 5525 validoe
1055 5462 1217 5537 sint,
1267 5460 1413 5541 quia
1459 5459 1855 5520 conferendis
1906 5463 2123 5537 postea
2165 5464 2330 5537 sunt,

2436 5459 2602 5519 mine
2630 5459 3025 5538 repetendos,
3059 5477 3182 5519 non
3213 5459 3461 5520 videtur
3488 5457 3633 5517 inde
3663 5459 3974 5525 sufficien-

802 5558 990 5634 atque
1020 5554 1161 5615 ideo
1193 5572 1315 5613 nou
1346 5557 1490 5615 sunt
1516 5552 1727 5614 stricte
1756 5552 2127 5613 donationes
2155 5599 2170 5632 ‚
2224 5553 2330 5613 sed
2367 5552 2379 5562 '
2433 5556 2529 5613 ter
2558 5552 2808 5633 probari
2837 5553 2977 5616 talis
3008 5552 3254 5613 animus
3290 5573 3302 5615 t
3355 5552 3407 5613 si
3435 5555 3645 5613 autem
3675 5552 3809 5613 sola
3838 5571 3973 5613 cre-

4081 942 4105 992 ῡ
4173 947 4194 986 ιι

4041 1007 4105 1037 {a
4173 1013 4186 1038 Β
