4263 6376
78 2997 189 3259 ‚53:322-

1309 360 1779 424 DlsPUTATlo
1823 362 1948 439 XL,
1997 361 2271 424 snc'rlo
2315 360 2385 425 11.

250 541 374 599 art.
407 540 466 598 3.
516 537 579 597 in
611 536 755 614 fine,
787 536 1024 615 dicens,
1073 538 1324 618 quando
1356 539 1528 600 testis
1556 539 1782 600 falsum

249 630 621 691 testificatus
650 634 762 706 est,
794 631 991 691 multo
1007 630 1236 708 justius
1266 650 1400 692 esse
1423 632 1610 693 etiam
1641 651 1785 694 cum

253 722 393 802 ejus
420 723 679 783 infamia
724 722 998 802 objicere
1029 723 1265 785 crimen
1314 743 1553 801 verum,
1609 730 1670 787 et
1698 726 1786 786 illi

252 833 326 875 os
372 815 702 895 impudens
761 833 1161 895 compescere
1191 835 1206 888 ;
1264 835 1414 894 ergo
1468 817 1787 878 insinuant

253 908 426 988 quod
455 907 697 969 etiamsi
725 908 1095 970 testificatus
1118 912 1281 970 esset
1301 927 1542 986 verum,
1578 911 1786 972 adhuc

256 1005 421 1060 esset
440 1002 704 1077 justum.
767 1000 940 1061 Idem
993 1001 1179 1062 docet
1207 1002 1522 1063 Malderus
1552 1002 1660 1063 uhi
1687 1022 1787 1063 su-

252 1111 372 1172 pra
399 1093 548 1155 dub.
584 1110 680 1154 111.
711 1112 853 1154 cum
882 1095 1151 1156 BanneS.
1202 1095 1380 1155 Ratio
1410 1099 1621 1156 autem
1652 1114 1786 1157 esse

255 1190 482 1265 potest,
545 1187 691 1265 quia
718 1187 782 1247 in
833 1187 1133 1265 praedicto
1184 1205 1330 1248 casu
1377 1190 1692 1250 accusatio
1723 1189 1787 1249 in

256 1280 352 1339 rei
379 1279 638 1340 veritate
666 1283 759 1340 est
806 1278 1058 1357 injusta,
1114 1297 1259 1340 cum
1306 1299 1431 1341 non
1488 1282 1788 1359 probetur

254 1390 370 1452 per
401 1374 588 1432 testes
641 1371 810 1432 omni
840 1372 1206 1450 exceptione
1236 1373 1536 1453 majores·‚
1590 1378 1657 1436 et
1683 1374 1791 1453 qui

255 1484 372 1545 per
405 1464 643 1525 nullum
690 1465 927 1525 crimen
974 1466 1332 1544 oppositum
1377 1467 1592 1545 repelli
1649 1485 1788 1545 pos·

258 1557 410 1630 sint;
463 1576 606 1617 rens
635 1575 783 1636 ergo
813 1575 878 1616 se
901 1558 1071 1635 juste
1113 1557 1414 1635 defendit,
1447 1559 1787 1620 ostendens

259 1649 627 1728 injustitiam
657 1654 718 1710 et
747 1649 1061 1710 defectum
1107 1651 1408 1712 latentem
1435 1652 1501 1711 in
1530 1671 1790 1713 accusa-

257 1742 448 1815 tione,
483 1761 622 1821 quae
649 1742 796 1802 licet
824 1746 985 1803 esset
996 1741 1167 1820 justa
1189 1761 1263 1802 ex
1292 1745 1786 1823 praesumptione

257 1835 409 1896 dum
438 1839 625 1895 testes
654 1835 1196 1913 praesumehantur
1222 1836 1374 1897 boni
1392 1883 1408 1913 ,
1454 1843 1790 1917 postquam

254 1934 470 1991 tamen
497 1932 805 2006 apparent
850 1926 1217 2005 defectuosi,
1279 1930 1567 2008 arguitur
1620 1930 1790 1991 idem

257 2021 536 2082 defectus
563 2019 624 2079 in
653 2020 1089 2094 accusatione;
1148 2020 1263 2081 sibi
1314 2040 1464 2101 ergo
1514 2023 1791 2101 imputet

259 2114 433 2177 testis
462 2112 787 2173 infamiam
817 2131 1007 2192 quam
1050 2116 1297 2191 poterat
1325 2114 1633 2194 impedire
1664 2134 1791 2177 non

260 2206 650 2267 testificando
676 2223 820 2265 cum
847 2209 1020 2266 tanto
1038 2206 1314 2285 periculo
1337 2225 1467 2268 suae
1490 2208 1787 2269 infamiae.

261 2298 440 2360 Unde
471 2298 672 2359 obiter
714 2302 979 2374 constat,
1032 2299 1200 2360 idem
1254 2299 1595 2360 dicendum
1626 2319 1788 2379 esse,

262 2390 503 2452 etiamsi
532 2391 705 2453 testis
727 2396 980 2452 coactus
997 2409 1033 2450 a
1054 2392 1267 2470 judice
1289 2394 1652 2455 testificatus
1673 2394 1752 2456 sit
1771 2414 1786 2468 ;

261 2483 580 2545 debuisset
636 2483 803 2543 enim
854 2483 1063 2544 adhuc
1115 2502 1240 2545 non
1295 2486 1617 2547 testificari
1648 2505 1793 2547 cum

262 2580 435 2638 tanto
463 2576 764 2654 periculo,
819 2594 1014 2654 quare
1066 2595 1194 2638 suae
1230 2579 1433 2656 culpae
1482 2581 1579 2639 vel
1622 2580 1796 2658 igno-

262 2669 481 2729 rantiae
528 2668 794 2748 imputet
848 2667 1202 2747 infamiam,
1265 2689 1405 2749 quae
1463 2671 1790 2751 consequi-

269 2764 388 2822 tur.

347 2856 549 2934 Major
573 2858 784 2935 posset
811 2873 946 2916 esse
977 2855 1336 2932 difficultaS,
1371 2856 1626 2936 quando
1673 2857 1796 2917 cri-

267 2967 412 3007 men
442 2948 610 3026 quod
648 2947 983 3028 opponitur
1027 2948 1190 3024 testi,
1253 2967 1382 3009 non
1433 2949 1664 3011 sufficit
1713 2949 1795 3010 ad

190 3062 213 3091 ε
270 3040 733 3101 defendendum
760 3059 960 3116 reum,
1009 3042 1154 3120 quia
1186 3041 1462 3122 alioquin
1494 3042 1794 3105 delictum

169 3170 211 3200 ι-
268 3134 646 3199 sufficienter
674 3134 996 3213 probatur.
1048 3134 1255 3215 Aliqui
1288 3135 1595 3213 dubitant,
1648 3136 1794 3216 quia

266 3227 411 3289 licet
439 3228 706 3307 objectio
728 3227 1006 3288 criminis
1036 3246 1158 3288 non
1184 3228 1264 3288 sit
1290 3229 1460 3289 utilis
1490 3229 1569 3288 ad
1593 3230 1794 3290 omni-

267 3321 522 3382 modam
568 3320 1037 3394 defensionem;
1099 3321 1412 3382 deserviet
1453 3326 1665 3383 tamen
1712 3323 1794 3382 ad

267 3415 473 3475 minus
503 3420 571 3476 ut
598 3434 742 3476 reus
768 3414 1078 3473 minorem
1105 3413 1432 3473 infamiam
1461 3415 1796 3476 contrahat

265 3506 704 3568 labefactando
756 3506 976 3567 saltem
1007 3507 1438 3567 testimonium
1489 3507 1673 3567 unius
1703 3513 1797 3568 te-

268 3600 397 3661 stiS.
461 3601 659 3662 Credo
690 3605 924 3677 tamen,
977 3600 1146 3679 quod
1175 3600 1545 3677 regulariter
1568 3600 1649 3660 ad
1677 3601 1796 3661 mi-

270 3711 384 3753 nus
415 3696 578 3754 esset
605 3696 934 3771 peccatum
964 3696 1186 3753 contra
1210 3691 1613 3768 charitatem,
1649 3693 1794 3772 quia

273 3786 378 3847 illa
403 3785 609 3846 minor
647 3784 904 3846 infamia
934 3803 1125 3863 quam
1174 3784 1485 3846 contrahit
1527 3805 1600 3846 ex
1627 3786 1794 3846 labe-

274 3878 540 3940 factione
570 3878 752 3939 unius
780 3876 956 3939 testis
972 3895 1097 3937 non
1126 3876 1376 3937 videtur
1397 3877 1588 3956 digna
1621 3881 1795 3939 tanta

275 3971 766 4050 repercussione,
828 3974 890 4031 et
916 3974 1047 4032 tam
1103 3968 1331 4029 acerba
1381 3969 1742 4031 defensione
1777 3992 1790 4034 ε

270 4065 359 4126 sic
388 4064 629 4126 etiamsi
659 4063 910 4124 invasus
941 4081 978 4122 a
1025 4062 1242 4123 decem
1274 4066 1445 4123 certo
1478 4062 1638 4123 scias
1670 4082 1794 4125 non

270 4176 450 4240 posse
479 4162 540 4218 te
570 4175 694 4217 non
715 4157 896 4232 mori,
924 4156 1273 4235 praesertim
1298 4156 1350 4215 si
1368 4155 1645 4216 defensio
1668 4175 1794 4219 non

271 4252 350 4314 sit
377 4250 731 4312 necessaria
777 4249 1000 4309 honori
1028 4254 1157 4324 tac,
1215 4266 1340 4308 non
1386 4248 1570 4308 video
1625 4266 1788 4328 quo-

270 4345 457 4406 modo
507 4361 629 4403 non
659 4342 739 4402 sit
768 4342 989 4402 saltem
1019 4344 1238 4401 contra
1286 4340 1661 4402 charitatem
1690 4360 1791 4403 oc·

271 4437 478 4499 cidere
509 4454 703 4495 unum
731 4453 807 4495 ex
853 4434 972 4495 illis
1001 4434 1133 4494 sine
1163 4433 1290 4492 ulla
1336 4451 1445 4512 spe
1486 4434 1797 4495 evadendi

273 4532 388 4591 hoc
419 4528 607 4589 modo
639 4547 712 4587 ex
749 4528 1050 4607 pericuIO.
1111 4528 1162 4585 A
1211 4525 1451 4586 fortiori
1501 4545 1650 4605 ergo
1681 4528 1800 4590 erit

273 4623 338 4682 in
391 4618 682 4700 praesenti
731 4623 951 4680 contra
998 4618 1391 4694 charitatem,
1451 4621 1799 4697 praesertim

273 4713 524 4795 quando
573 4717 762 4774 testes
796 4710 955 4791 juris
984 4710 1202 4771 ordine
1241 4716 1510 4783 servatO,
1575 4717 1635 4773 et
1671 4732 1797 4774 non

270 4808 498 4887 injuste
523 4811 583 4867 te
627 4805 1098 4883 aggrediuntur.
1158 4804 1286 4863 Imo
1316 4806 1466 4864 tunc
1513 4804 1796 4867 existimo

272 4918 407 4961 esse
439 4898 629 4961 etiam
659 4900 878 4958 contra
898 4895 1230 4976 justitiam,
1268 4895 1414 4975 quia
1443 4899 1591 4957 tunc
1621 4915 1800 4959 accu-

274 4993 430 5055 satio
463 4996 557 5052 est
585 4991 837 5051 omnino
860 4989 1052 5069 justa,
1105 5007 1248 5049 cum
1291 4989 1488 5067 possit
1516 4991 1794 5068 probari,

273 5091 344 5147 ut
379 5101 686 5165 suppone,
740 5083 1121 5142 sufficienter
1149 5081 1338 5142 etiam
1368 5080 1600 5160 rejecto
1629 5085 1802 5145 testi-

273 5180 485 5239 monio
515 5177 696 5237 unius
725 5175 899 5236 testis
951 5194 965 5235 :
1018 5192 1160 5234 cum
1192 5193 1340 5251 ergo
1378 5174 1544 5253 juste
1575 5195 1800 5255 aggre-

274 5273 549 5346 diantur,
585 5288 708 5329 non
739 5268 988 5328 videtur
1009 5286 1142 5327 esse
1164 5266 1336 5345 justa
1357 5266 1635 5328 defensio
1658 5288 1802 5329 cum

274 5370 444 5427 tanto
476 5364 756 5444 ipsorum
787 5360 1184 5422 detrimentO.
1235 5360 1482 5420 Lessius
1511 5378 1648 5439 cap.
1692 5364 1794 5423 XI.

272 5457 423 5518 dub.
460 5473 601 5517 xxv.
637 5474 744 5517 nu.
781 5456 915 5516 132.
951 5453 1102 5513 dicit
1131 5471 1267 5513 esse
1294 5452 1574 5533 iniquam
1594 5456 1799 5515 crimi-

275 5551 371 5611 nis
399 5549 839 5625 detectionem,
901 5546 1151 5626 quando
1200 5563 1324 5607 non
1375 5550 1469 5607 est
1515 5547 1684 5609 utilis
1717 5548 1797 5609 ad

3295 361 3411 420 ΤΠ

1880 538 2312 600 defensionem
2344 540 2574 600 nostrae
2604 537 2809 598 famae.
2865 535 3162 609 Quamvis
3191 551 3410 596 conce-

1882 633 2066 695 datur
2095 632 2265 711 quod
2321 632 2549 692 milites
2611 633 2868 710 possent
2922 629 3112 690 etiam
3154 646 3227 688 eo
3260 645 3412 688 casu

1882 726 2189 802 occidere,
2221 725 2321 786 vel
2340 730 2597 804 propter
2615 724 2918 784 honorem
2947 722 3284 783 militarem
3318 738 3413 780 re-

1881 818 2209 879 tinendum
2231 865 2247 895 ‚
2308 817 2404 878 vel
2475 817 2621 898 quia
2686 820 2830 877 sunt
2891 814 3159 875 ministri
3223 813 3414 874 desti-

1883 910 2008 972 nati
2042 910 2121 970 ad
2153 909 2527 971 occidendos
2577 909 2787 970 hostes
2828 908 2891 969 in
2952 923 3208 986 poenam
3251 904 3411 965 deli-

1883 1004 1987 1065 cti.

1964 1099 2110 1158 Haec
2142 1096 2306 1157 dicta
2334 1099 2479 1156 sunt
2508 1095 2584 1155 de
2601 1095 2953 1175 objectione
2973 1092 3270 1166 criminiS,
3306 1096 3414 1153 aut

1886 1189 2164 1251 defectus
2192 1190 2323 1249 veri
2352 1188 2429 1248 ad
2459 1187 2868 1267 rejiciendum
2898 1190 3139 1248 testem.
3173 1188 3263 1246 De
3293 1185 3414 1246 cri-

1885 1282 2051 1342 mine
2085 1286 2294 1343 autem
2320 1282 2498 1357 falso,
2551 1300 2632 1342 an
2656 1281 2841 1341 liceat
2883 1279 3036 1341 illud
3082 1279 3221 1339 testi
3253 1277 3415 1357 obji-

1885 1394 2048 1451 cere,
2102 1374 2351 1455 quando
2401 1375 2534 1453 ipse
2584 1375 2811 1434 falsum
2860 1374 2959 1433 vel
2995 1376 3216 1433 contra
3253 1369 3413 1450 juris

1886 1468 2174 1529 ordinem
2200 1470 2418 1528 contra
2466 1485 2644 1527 reum
2689 1465 3060 1527 testificatus
3098 1469 3213 1526 est.
3273 1465 3417 1524 Cer-

1883 1566 2017 1622 tum
2047 1565 2141 1622 est
2170 1580 2292 1620 non
2325 1560 2537 1636 licere,
2572 1559 2719 1638 quia
2750 1559 2830 1619 ad
2859 1560 3065 1620 minus
3090 1557 3210 1619 erit
3238 1574 3418 1616 men-

1885 1654 2156 1730 dacium,
2208 1654 2376 1733 quod
2422 1671 2745 1732 nunquam
2791 1656 2884 1712 est
2931 1652 3191 1712 licitum.
3255 1651 3414 1711 Item

1884 1746 2257 1826 regulariter
2285 1746 2402 1807 crit
2431 1751 2759 1826 peccatum
2800 1745 3085 1821 mortale,
3143 1743 3290 1823 quia
3320 1741 3418 1801 vel

1887 1840 2160 1900 deservit
2204 1839 2283 1899 ad
2331 1838 2758 1899 defensionem
2805 1838 2906 1898 vel
2954 1836 3129 1898 non?
3188 1835 3416 1897 Sinon

1888 1933 2180 2010 deservit,
2214 1934 2332 1994 erit
2358 1932 2679 1993 infamatio
2710 1932 2941 2011 injusta
2970 1929 3237 2009 proximi
3284 1927 3418 1989 sine

1889 2026 2278 2103 necessitate,
2328 2026 2427 2087 vel
2474 2025 2756 2088 utilitate.
2821 2024 2883 2086 Si
2937 2023 3245 2100 deservit,
3299 2021 3421 2082 hoc

1890 2120 2007 2180 erit
2033 2119 2356 2199 probando
2405 2118 2576 2179 illam
2605 2136 2720 2198 per
2747 2120 2958 2194 testeS,
3007 2115 3113 2195 qui
3144 2133 3287 2175 cum
3316 2114 3420 2173 de-

1890 2212 2081 2273 beant
2106 2212 2322 2292 jurare
2355 2211 2746 2273 committent
2773 2213 3104 2290 peccatum
3135 2205 3416 2286 perjurii,

1892 2309 1953 2366 et
1980 2323 2093 2384 per
2143 2322 2531 2383 consequens
2585 2292 2816 2364 eos'ad
2866 2302 2986 2363 hoc
3041 2300 3278 2362 hortari
3306 2297 3424 2360 erit

1891 2401 2220 2476 peccatum
2271 2398 2557 2473 mortale,
2617 2400 2687 2457 ut
2742 2399 3006 2457 constat.
3065 2393 3244 2457 Unde
3294 2410 3417 2453 non

1893 2489 2052 2550 bene
2081 2490 2280 2550 Diana
2302 2493 2452 2550 tom.
2488 2490 2564 2551 II.
2614 2491 2794 2550 tract.
2834 2506 2894 2551 v.
2943 2486 3179 2547 miscell.
3230 2484 3416 2545 resol.

1891 2588 1951 2645 4.
1985 2602 2129 2644 cum
2160 2583 2221 2642 in
2252 2582 2427 2644 titulo
2459 2583 2662 2642 solum
2691 2580 3139 2660 proposuisset,
3191 2597 3270 2637 an
3302 2576 3422 2636 hoc

1891 2676 1971 2737 sit
1998 2681 2326 2755 peccatum
2354 2674 2640 2751 mortale,
2686 2673 2942 2735 adducit
2969 2690 3082 2751 pro
3113 2669 3423 2732 sententia

1893 2772 2162 2847 negante
2217 2769 2458 2846 aliquos
2487 2786 2630 2828 mox
2679 2766 3082 2839 referendos;
3139 2764 3224 2824 illi
3255 2763 3422 2823 enim

1893 2881 2017 2922 non
2048 2866 2281 2940 negant
2326 2880 2460 2921 esse
2491 2864 2820 2939 peccatum
2867 2858 3153 2933 mortale,
3200 2856 3420 2916 saltem

1893 2975 1969 3016 ex
1994 2961 2173 3035 parte
2205 2953 2483 3033 perjurii,
2535 2953 2646 3013 sed
2674 2952 2876 3013 solum
2923 2970 2998 3011 ex
3025 2953 3202 3030 parte
3243 2947 3423 3026 justi-

1893 3049 2015 3109 tiae.
2074 3047 2418 3108 Difficultas
2448 3063 2597 3123 ergo
2630 3048 2722 3106 est
2769 3063 2850 3104 an
2880 3062 2993 3123 per
3018 3056 3106 3119 se,
3158 3046 3221 3102 et
3261 3059 3425 3120 proe-

1892 3140 2235 3202 scindendo
2266 3158 2301 3199 a
2330 3139 2570 3200 malitia
2598 3136 2907 3199 mendacii
2952 3139 3015 3199 et
3058 3133 3315 3215 perjurii
3345 3133 3423 3195 sit

1893 3237 2109 3296 contra
2147 3234 2455 3313 justitiam
2508 3232 2831 3311 imponere
2881 3230 3115 3291 crimen
3171 3227 3419 3304 falsum,

1894 3327 2062 3405 quod
2094 3325 2367 3386 deservit
2394 3326 2473 3385 ad
2522 3324 2991 3386 defendendum
3038 3340 3138 3381 me
3177 3320 3256 3381 ab
3288 3319 3423 3399 ejus

1892 3419 2247 3480 testimonio
2278 3437 2401 3498 quo
2432 3436 2532 3478 mc
2575 3417 2804 3497 injuste
2836 3415 3188 3494 aggeditur.
3241 3415 3423 3475 Com-

1892 3511 2166 3572 muniter
2194 3511 2480 3571 doctores
2519 3510 2815 3570 videntur
2858 3525 3235 3586 supponere,
3287 3524 3422 3565 esse

1895 3607 2110 3665 contra
2134 3602 2442 3681 justitiam
2502 3622 2516 3663 ε
2576 3602 2661 3662 ita
2687 3600 2936 3661 videtur
2981 3599 3208 3660 sentire
3235 3600 3423 3659 Sotus

1894 3698 1969 3760 V.
1997 3694 2068 3755 de
2079 3695 2319 3775 justitia
2340 3713 2444 3774 qu.
2478 3710 2564 3755 lx.
2587 3697 2725 3755 artu
2745 3692 2984 3753 ultima.
3018 3690 3250 3751 Molina
3266 3694 3418 3751 tom.

1895 3791 1969 3853 V.
2003 3787 2326 3867 detrustitia
2362 3786 2591 3864 disput.
2626 3801 2794 3846 xxlv.
2849 3804 2909 3845 n.
2943 3787 3002 3844 2.
3048 3787 3111 3843 et
3134 3781 3322 3843 latius
3350 3799 3423 3841 ac

1895 3881 2121 3943 clarius
2148 3879 2463 3941 Malderus
2493 3878 2598 3939 ubi
2625 3895 2815 3955 supra
2843 3895 2981 3955 cap.
3008 3878 3110 3936 111.
3137 3874 3286 3935 duh.
3322 3890 3417 3935 111.

1897 3974 2043 4054 quia
2087 3972 2241 4034 illud
2272 3976 2365 4033 est
2410 3970 2811 4031 mendacium
2857 3968 3303 4047 perniciosum,
3362 3969 3424 4027 et

1896 4067 2148 4129 omnino
2191 4064 2820 4144 improportionatum
2850 4063 2930 4123 ad
2961 4059 3422 4122 defendendam

1896 4159 2215 4240 propriam
2245 4157 2437 4218 vitam
2465 4157 2563 4216 vel
2588 4156 2844 4232 famam,
2880 4154 3031 4235 quia
3060 4171 3203 4214 cum
3225 4152 3305 4213 sit
3331 4152 3421 4211 in-

1893 4253 2161 4314 trinsece
2191 4250 2449 4325 malum,
2505 4267 2629 4310 non
2660 4252 2864 4327 potest
2894 4244 3169 4309 ordinari
3200 4245 3278 4305 ad
3317 4244 3422 4324 ju-

1895 4351 2055 4407 stam
2086 4343 2532 4405 defensionem.

1977 4436 2366 4500 Contrariam
2424 4433 2801 4496 sententiam
2856 4432 3137 4494 defendit
3180 4432 3426 4492 Bannes

1895 4532 1960 4593 in
1988 4527 2278 4610 praesenti
2316 4529 2539 4607 quaest.
2571 4544 2705 4588 Lxx.
2742 4530 2858 4588 art.
2895 4530 2955 4587 3.
2993 4523 3163 4604 quod
3192 4522 3429 4583 scilicet

1897 4623 2051 4684 illud
2076 4627 2403 4702 peccatum
2434 4637 2558 4681 non
2588 4619 2850 4679 haberet
2878 4616 3181 4677 malitiam
3208 4618 3429 4676 contra

1890 4715 2221 4796 justitiam,
2272 4717 2461 4793 atque
2490 4713 2630 4773 ideo
2656 4730 2780 4772 non
2811 4709 3119 4789 obligaret
3143 4708 3226 4769 ad
3254 4707 3428 4768 resti-

1898 4808 2204 4870 tuendum
2254 4824 2268 4870 ε
2320 4805 2489 4885 quod
2519 4805 2707 4865 etiam
2735 4804 3007 4864 adducto
3047 4801 3338 4863 Orellana
3369 4802 3431 4861 et

1897 4902 2225 4976 Ledesma‚
2260 4901 2433 4959 tenet
2459 4900 2490 4959 J
2501 4916 2732 4959 oannes
2759 4897 2837 4957 de
2864 4897 2928 4956 la
2949 4898 3104 4958 Cruz
3134 4894 3194 4952 in
3222 4891 3425 4953 direct.

1899 4993 2265 5058 conscientz‘oe
2292 4995 2604 5072 praecepto
2629 4992 2788 5051 VIII.
2822 4992 2937 5049 art.
2964 5006 3050 5049 lv.
3084 4987 3233 5047 dub.
3271 5002 3425 5049 xV11.

1899 5088 2095 5149 concl.
2138 5091 2193 5147 l.
2230 5084 2398 5165 quod
2431 5085 2731 5145 docuerat
2757 5082 3061 5143 Ledesma
3090 5081 3155 5141 iu
3184 5080 3431 5141 Summa

1897 5186 2049 5245 tom.
2085 5181 2159 5240 11.
2196 5184 2375 5240 tract.
2412 5194 2550 5239 vm.
2587 5195 2724 5256 cap.
2762 5192 2944 5236 xxxv.
2988 5174 3267 5235 conclus,
3298 5189 3425 5235 xx1.

1898 5275 1960 5334 in
1990 5276 2136 5334 fine.
2172 5273 2396 5348 Prim0‚
2432 5271 2577 5350 quia
2600 5270 2702 5349 qui
2724 5267 3426 5342 occideretinvasorem,

1900 5386 1935 5427 a
1975 5385 2098 5446 quo
2130 5385 2253 5427 non
2300 5368 2507 5444 potest
2553 5364 2732 5423 aliter
2772 5381 2836 5422 se
2885 5360 3243 5435 defendere,
3306 5377 3430 5420 non

1897 5463 2117 5540 peccat
2148 5462 2365 5519 contra
2385 5456 2730 5536 justitiam3
2780 5474 2931 5533 ergo
2964 5472 3079 5514 nec
3123 5452 3227 5532 qui
3260 5470 3430 5512 men-

1898 5552 2092 5613 daciis
2122 5550 2327 5611 aufert
2355 5548 2440 5610 illi
2476 5549 2711 5610 famam
2740 5552 2810 5610 ut
2832 5566 2898 5609 se
2930 5545 3261 5618 defendat;
3314 5544 3432 5604 mi-

3565 1097 3639 1155 25

3507 1220 3571 1262 An
3595 1222 3723 1275 possit

3486 1285 3581 1316 rcus
3600 1275 3751 1329 absquo

3485 1334 3652 1381 peccato
3671 1341 3747 1383 op-

3482 1393 3635 1435 ponere
3653 1382 3749 1424 testi

3471 1435 3641 1478 crimina
3661 1435 3764 1478 falsa

3573 4442 3653 4501 26

3507 4568 3573 4610 An
3590 4573 3733 4621 peccet

3506 4626 3602 4663 tunc
3620 4622 3744 4664 eti-m

3556 4680 3697 4717 eontra

3514 4728 3729 4782 iustitiam.
