4263 6376
885 369 1008 430 4¹10

890 539 1229 620 aliquando
1272 538 1431 600 alter
1468 537 1803 618 pecuniam
1831 537 1932 598 vel
1958 544 2233 611 merces,
2265 537 2425 599 alter

891 634 1287 696 industriam.
1340 631 1691 711 Aliquando
1736 630 1924 693 etiam
1966 634 2274 710 quatuor,
2322 630 2423 690 vel

2048 363 2152 424 DE
2192 362 2547 425 JUSTITIA
2591 361 2691 422 ΕΤ·
2732 360 2932 423 JURE

2518 536 2576 615 ἓ.
2605 535 2823 597 ultimo
2854 536 2969 598 nisi
3000 556 3077 598 ex
3105 537 3293 600 tacito
3315 555 3623 600 consensu
3650 538 3957 601 innovata
3982 557 4057 600 ac

2521 628 2883 691 continuata
2910 634 3277 706 censeatur,
3327 634 3398 692 ut
3443 635 3689 693 constat
3724 618 4057 692 ex'eodem

893 727 1169 807 quinque
1210 725 1588 786 contrahunt
1634 724 2035 800 societatem,
2095 727 2159 785 et
2205 742 2422 784 omnes
2517 721 2575 799 §.
2624 721 2865 783 ultimo.
2911 725 3072 784 Ante
3114 723 3361 784 finitum
3410 742 3557 785 vero
3605 725 3761 785 illud
3804 728 4058 802 tempus

892 819 1224 881 conferunt
1249 821 1458 896 partes
1487 817 1761 896 aequales
1790 816 2075 896 pecuniae
2116 835 2130 876 :
2179 817 2286 877 uni
2314 835 2421 877 au-

893 916 1021 974 tem
1050 928 1267 971 eorum
1296 910 1709 971 committitur
1735 909 2192 971 administratio
2223 913 2286 970 et
2313 927 2423 969 cu-

892 1023 986 1080 ra,
1019 1003 1116 1064 cui
1149 1022 1224 1062 ex
1251 1002 1565 1063 communi
1596 1020 1804 1064 massa
1824 1002 2179 1081 assignatur
2193 1002 2421 1080 stipen-

894 1096 1068 1158 dium
1095 1095 1192 1156 sui
1219 1094 1482 1156 laboris:
1516 1099 1579 1156 et
1603 1099 1754 1156 tunc
1779 1094 2086 1156 industria
2106 1112 2232 1155 non
2252 1112 2424 1155 com-

892 1192 1150 1270 putatur
1194 1188 1371 1268 quasi
1402 1188 1630 1249 collata
1670 1188 1733 1247 in
1781 1205 2116 1248 commune
2149 1188 2288 1249 loco
2319 1205 2423 1265 pe-

891 1281 1124 1358 cuniae,
1167 1280 1276 1341 sed
1306 1280 1566 1359 perinde
1594 1299 1661 1341 se
1690 1279 1881 1342 habet
1909 1281 2009 1341 ille
2039 1279 2249 1359 quoad
2278 1298 2422 1358 ope-

890 1393 1030 1436 ram
1073 1392 1147 1435 ac
1173 1373 1564 1453 stipendum,
1623 1391 1699 1434 ac
1744 1374 1796 1433 si
1835 1378 1998 1435 esset
2038 1379 2370 1435 extraneus
2404 1393 2417 1434 ε

892 1484 1087 1547 quare
1140 1469 1283 1527 ante
1323 1483 1510 1527 omne
1547 1466 1823 1542 lucrum,
1881 1465 2007 1526 imo
2039 1469 2103 1527 et
2125 1466 2178 1526 si
2208 1469 2426 1544 pereat

891 1578 1039 1640 pars
1068 1558 1351 1638 capitalis
1380 1558 1621 1634 collati,
1670 1557 1941 1620 extrahit
1984 1577 2168 1618 suum
2195 1558 2424 1637 stipen-

892 1652 1067 1713 dium
1095 1652 1447 1729 integrum,
1497 1656 1559 1713 et
1608 1655 1826 1729 postea
1871 1649 2112 1729 reliqua
2139 1650 2426 1711 dividun-

890 1748 1013 1806 tur.
1047 1744 1327 1823 Denique
1359 1743 1610 1822 quando
1640 1743 1903 1805 societas
1924 1743 2318 1805 contrahitur
2342 1742 2425 1804 ad

893 1842 1088 1900 totam
1116 1838 1310 1898 vitam
1337 1837 1501 1898 inter
1528 1837 1772 1915 plureS,
1831 1836 2139 1898 moriente
2189 1856 2314 1897 uno
2347 1855 2424 1896 ex

890 1930 1107 2007 sociiS,
1166 1930 1527 1991 dissolvitur
1572 1930 1762 1990 etiam
1791 1930 2000 2008 quoad
2027 1930 2419 2008 superstiteS,

892 2023 1012 2083 nisi
1061 2023 1445 2084 contrarium
1514 2027 1697 2101 pacto
1766 2023 2085 2083 firmatum
2154 2022 2372 2084 fuisset
2402 2042 2418 2096 ;

889 2114 1103 2194 quoad
1130 2115 1414 2176 haeredes
1442 2133 1590 2175 vero
1637 2115 1869 2176 mortui
1917 2133 2041 2176 non
2071 2120 2419 2193 permanet,

893 2207 1139 2269 etiamsi
1183 2207 1247 2267 in
1276 2211 1530 2285 pactum
1583 2207 1645 2267 id
1685 2207 1906 2269 fuisset
1951 2207 2326 2284 deductum,
2376 2208 2420 2268 l.

887 2299 1098 2376 Plane,
1130 2303 1172 2360 l.
1206 2299 1359 2376 Siii,
1391 2299 1432 2360 l.
1454 2299 1723 2377 Actione,
1754 2300 1811 2378 ἓ.
1844 2299 2057 2376 Morte,
2088 2300 2218 2360 etl.
2244 2299 2425 2361 Nulla

888 2392 1211 2469 societatis,
1245 2393 1310 2453 ff.
1362 2411 1477 2473 pro
1503 2393 1679 2469 socio,
1721 2393 1765 2457 l.
1828 2393 2063 2471 penult.
2111 2395 2180 2455 C.
2230 2392 2425 2454 eodem

892 2485 1081 2562 titulo,
1111 2486 1170 2564 §.
1204 2484 1493 2561 Solvitur,
1527 2485 1796 2547 Institut.
1829 2485 1900 2547 de
1923 2486 2193 2547 societate
2214 2532 2230 2563 ,
2278 2486 2427 2566 quia

889 2578 1199 2640 industria
1243 2577 1396 2638 socii
1424 2577 1854 2654 desideratur,
1908 2597 2024 2639 nec
2051 2582 2260 2658 potest
2282 2578 2425 2639 sciri

891 2689 971 2731 an
997 2671 1206 2733 futura
1232 2689 1308 2731 ea
1326 2670 1406 2731 sit
1434 2670 1493 2731 in
1513 2670 1802 2734 haerede:
1835 2675 2197 2750 perseveret
2214 2675 2425 2733 tamen

889 2763 1097 2844 quoad
1126 2781 1362 2824 annum
1390 2763 1564 2823 illum
1593 2810 1609 2840 ,
1661 2763 1714 2824 si
1744 2764 1988 2824 cultura
2024 2763 2184 2842 agri,
2227 2782 2288 2826 v.
2322 2783 2420 2842 gr.

887 2856 1139 2935 incepta
1158 2855 1293 2935 jam
1314 2860 1468 2931 erat,
1501 2857 1602 2916 vel
1621 2855 1771 2935 quid
1793 2856 2016 2932 simile,
2051 2860 2423 2935 argumento

889 2949 1036 3011 dicti
1064 2950 1120 3028 §-
1153 2949 1383 3025 Morte,
1434 2952 1506 3010 ut
1532 2953 1708 3010 notat
1735 2948 1970 3010 Molina
2015 2948 2246 3027 disput.
2278 2952 2417 3010 414.

889 3060 1061 3103 num.
1097 3045 1157 3103 2.
1194 3046 1258 3102 et
1284 3044 1343 3103 3.
1392 3042 1576 3103 Valet
1611 3046 1823 3103 tamen
1852 3041 2008 3101 illud
2036 3045 2293 3120 pactum
2323 3061 2426 3103 re-

885 3134 1188 3214 gulariter
1243 3133 1306 3194 iu
1363 3133 1661 3195 societate
1704 3134 1874 3195 circa
1916 3134 2280 3213 vectigalia,
2315 3138 2423 3198 aut

886 3246 990 3289 res
1036 3227 1190 3289 alias
1236 3227 1578 3288 conductas
1608 3227 1922 3306 publicas,
1972 3228 2015 3288 l.
2047 3226 2237 3304 Adeo,
2288 3229 2418 3291 etl.

904 3320 1135 3397 Verum,
1165 3321 1223 3399 §.
1255 3320 1330 3381 In
1357 3318 1663 3396 haeredem,
1701 3320 1766 3381 ff.
1791 3339 1911 3401 pro
1937 3319 2112 3382 socio.
2161 3322 2338 3398 Item,
2373 3322 2422 3382 si

884 3412 1240 3494 juramento
1266 3413 1584 3475 firmatum
1611 3412 1691 3474 sit
1718 3416 1973 3492 pactum
1990 3460 2005 3489 ‚
2054 3417 2124 3474 ut
2150 3414 2425 3475 fatentur

885 3506 1135 3568 Lessius
1162 3524 1301 3586 cap.
1325 3508 1514 3568 XXV.
1548 3505 1699 3567 dub.
1733 3523 1778 3567 1.
1814 3524 1987 3567 num.
2013 3508 2074 3567 6.
2108 3510 2172 3567 et
2189 3506 2425 3567 Melina

888 3598 1051 3677 disp.
1084 3602 1222 3659 414.
1257 3617 1364 3659 nu.
1404 3601 1503 3660 Η.
1539 3602 1601 3659 et
1629 3598 2060 3677 sequentibus,
2096 3597 2207 3659 ubi
2236 3598 2423 3677 hujus

888 3691 1188 3752 doctrina}
1216 3690 1619 3753 limitationes
1651 3692 1851 3752 affert.

968 3784 1333 3845 Dissolvitur
1374 3784 1561 3845 etiam
1599 3783 1865 3846 societas
1907 3784 2183 3846 secundo
2221 3787 2422 3847 morte

806 3952 837 3964 -
887 3876 1050 3938 civili
1082 3876 1343 3955 alicujus
1369 3895 1446 3937 ex
1465 3876 1669 3952 sociis,
1712 3877 1808 3937 vel
1828 3876 2079 3956 quando
2102 3878 2237 3956 ejus
2257 3877 2424 3939 bona

887 3969 1308 4030 confiscantur
1340 3988 1353 4030 :
1402 3969 1571 4048 quod
1602 3968 1917 4048 quomodo
1956 3970 2037 4031 sit
2064 3970 2416 4049 intelligen-

887 4062 1072 4135 dum,
1124 4061 1326 4122 videri
1371 4064 1576 4140 potest
1619 4061 1790 4121 idem
1816 4062 2048 4123 Molina
2095 4062 2205 4124 ubi
2231 4082 2425 4141 supra

886 4172 1058 4214 num.
1095 4156 1191 4214 12.
1225 4157 1289 4214 et
1333 4157 1485 4215 tom.
1521 4156 1567 4215 1.
1600 4159 1790 4216 tract.
1819 4170 1890 4216 11.
1927 4154 2088 4233 disp.
2123 4160 2184 4217 9.
2236 4155 2423 4217 Simi-

885 4247 1027 4307 liter
1053 4246 1411 4308 dissolvitur
1454 4247 1733 4309 cessione
1773 4247 2083 4307 bonorum
2129 4248 2296 4310 facta
2341 4249 2420 4309 ab

887 4357 1010 4400 uno
1042 4358 1118 4399 ex
1143 4339 1349 4417 sociiS,
1381 4340 1438 4418 ἓ.
1472 4338 1762 4401 Solvitur.
1796 4340 1996 4401 Instit.
2029 4339 2099 4400 de
2124 4341 2417 4419 societate,

884 4431 927 4493 1.
962 4449 1049 4494 lv.
1076 4431 1102 4511 j
1199 4436 1299 4494 cta
1324 4431 1557 4511 glossa,
1590 4433 1653 4493 ff.
1677 4452 1797 4513 pro
1824 4433 2001 4493 socio.

966 4527 1052 4586 Te
1115 4543 1173 4586 10
1204 4524 1562 4588 dissolvitur
1601 4524 1901 4601 societaS,
1951 4524 2126 4586 finito
2168 4526 2419 4606 negotio

888 4618 967 4679 ad
998 4618 1169 4698 quod
1212 4622 1534 4680 contracta
1576 4618 1802 4679 fuerat.
1863 4619 2019 4679 Item
2059 4617 2110 4678 si
2154 4619 2421 4698 capItale

885 4716 1110 4787 totum,
1145 4729 1293 4772 casu
1321 4710 1577 4773 fortuito
1609 4713 1719 4772 aut
1748 4711 1870 4771 alia
1893 4711 2138 4772 ratione
2157 4717 2417 4790 pereat:

888 4805 941 4867 si
981 4824 1082 4867 res
1109 4804 1266 4865 circa
1312 4823 1500 4884 quam
1550 4808 1686 4865 erat
1731 4805 1998 4867 societas
2052 4810 2269 4882 pereat
2323 4808 2422 4868 vel

886 4898 1310 4961 conditionem
1339 4900 1560 4973 mutet,
1596 4898 1684 4958 ita
1714 4901 1782 4958 ut
1803 4896 1937 4977 jam
1964 4897 2248 4960 societati
2279 4898 2418 4961 ido-

886 5010 1007 5052 nea
1033 5009 1158 5052 non
1186 4990 1287 5065 sit,
1322 4995 1390 5053 ut
1418 4990 1466 5050 si
1496 4989 1560 5050 in
1589 5007 1742 5068 agro
1774 4990 1855 5050 ad
1877 4990 2214 5051 colendum
2245 5009 2420 5053 acce-

884 5088 989 5163 pto
1021 5102 1164 5145 cum
1190 5084 1487 5145 societate
1533 5083 1594 5142 in
1625 5083 1929 5144 fructibus
1959 5083 2257 5161 ecclesia,
2307 5103 2420 5145 au-

886 5177 1170 5239 ctoritate
1214 5176 1464 5255 publica
1513 5175 1968 5252 aedificaretur,
2020 5193 2161 5254 quae
2208 5177 2419 5238 omnia

885 5273 1175 5334 constant
1201 5290 1274 5331 ex
1305 5270 1471 5331 dicto
1498 5271 1555 5349 ἓ.
1597 5268 1865 5331 Solvitur
1892 5273 1954 5332 et
1982 5287 2058 5329 ex
2085 5269 2126 5329 l.
2183 5268 2411 5346 Verum,

878 5365 936 5443 ἓ.
971 5365 1082 5425 ult.
1117 5365 1181 5425 ff.
1205 5382 1324 5444 pro
1350 5362 1525 5423 socio.

962 5459 1194 5531 Quarto
1225 5455 1586 5517 dissolvitur
1611 5456 1787 5517 finito
1816 5459 2120 5534 tempore,
2156 5474 2268 5535 pro
2291 5475 2416 5535 quo

880 5551 1143 5613 societas
1173 5554 1493 5612 contracta
1521 5549 1747 5627 fuerat,
1784 5554 1852 5611 ut
1880 5553 2126 5611 constat
2155 5569 2229 5611 ex
2248 5550 2415 5613 dicto

2521 813 2774 875 dissolvi
2812 832 2938 875 non
2979 820 3185 894 potest
3230 817 3413 877 sociis
3455 816 3685 879 invitiS.
3747 817 3812 878 Si
3844 821 4060 879 autem

2521 906 2661 985 quis
2681 924 2899 967 eorum
2920 908 3236 969 renuntiet
3255 909 3559 985 societati,
3591 909 3897 969 damnum
3917 909 4059 970 sub-

2520 1016 2790 1077 sequens
2830 1001 3237 1078 negotiationi
3282 1000 3419 1081 ejus
3464 1000 3546 1062 ad
3599 1002 3803 1079 ipsum
3851 1002 4058 1061 solum

2521 1095 2795 1169 spectat,
2849 1092 3094 1153 lucrum
3123 1112 3271 1154 vero
3315 1111 3649 1155 commune
3676 1094 3749 1156 fit
3774 1093 3849 1154 iis
3874 1140 3893 1169 ,
3954 1093 4059 1173 qui

2520 1184 3043 1246 renuntiationem
3071 1185 3384 1264 ignorant.
3421 1189 3635 1248 Posset
3660 1191 3874 1248 tamen
3902 1186 4061 1246 invi·

2521 1275 2600 1337 tis
2628 1275 2811 1337 sociis
2833 1277 3192 1340 renuntiare
3212 1279 3458 1358 aliquis,
3492 1279 3545 1339 si
3572 1279 3630 1339 ei
3658 1297 3784 1340 non
3804 1297 4060 1340 serven-

2520 1372 2624 1430 tur
2650 1372 2873 1447 pacta,
2912 1370 2964 1430 si
3020 1371 3176 1432 socii
3210 1371 3335 1433 sint
3388 1372 3447 1432 ei
3500 1370 3789 1451 injuriosi
3832 1376 3901 1433 et
3947 1372 4061 1432 da-

2521 1462 2748 1538 mnosi,
2781 1461 2870 1523 ita
2895 1467 2967 1523 ut
2992 1462 3321 1541 prudentis
3350 1464 3611 1526 arbitrio
3641 1483 3765 1525 non
3801 1465 3932 1525 sint
3966 1465 4058 1525 fe-

2522 1554 2741 1631 rendi,
2799 1554 2849 1614 si
2897 1560 3098 1617 cesset
3143 1557 3399 1618 omnino
3454 1576 3597 1635 spes
3637 1557 3967 1619 obtinendi
3996 1558 4060 1617 id

2524 1646 2700 1726 cujus
2728 1648 2932 1725 gratia
2983 1648 3248 1710 societas
3295 1650 3450 1710 inita
3496 1650 3719 1711 fuerat.
3755 1650 3822 1711 Si
3851 1650 4060 1712 socius

2521 1741 2888 1802 renuntians
2936 1740 3164 1804 debeat
3208 1743 3568 1821 reipublicae
3606 1761 3800 1804 causa
3838 1743 4060 1804 abesse

2523 1833 2776 1909 invituS,
2813 1852 2930 1894 nec
2958 1835 3157 1913 possit
3185 1835 3515 1897 commode
3544 1835 3648 1896 alii
3674 1882 3690 1912 ,
3745 1836 3846 1896 vel
3877 1837 4061 1897 sociis

2523 1926 3127 1987 administrationem
3172 1928 3583 1989 committere.
3637 1929 3734 1990 Ad
3782 1947 3927 2008 quae
3974 1929 4060 1989 fa-

2524 2018 2697 2081 ciunt
2721 2019 2855 2096 lex,
2911 2018 3114 2096 coire,
3166 2039 3310 2082 cum
3336 2020 3534 2083 tribus
3563 2021 3974 2101 sequentibus
4001 2025 4062 2082 et

2522 2112 2644 2188 lex,
2682 2112 2953 2188 Actione,
2984 2113 3043 2191 ἓ.
3075 2112 3370 2190 Biz-imus,
3404 2115 3467 2176 ff.
3492 2133 3610 2195 pro
3635 2114 3813 2176 socio.

2604 2203 2830 2277 Quinto
2848 2204 3207 2266 dissolvitur
3216 2209 3431 2266 mutuo
3450 2206 3765 2268 sociorum
3776 2206 4059 2268 omnium

2523 2314 2828 2357 consensu
2850 2343 2866 2373 ,
2898 2297 2940 2358 l.
2973 2297 3184 2378 Itaque
3210 2307 3366 2358 certo
3386 2344 3402 2375 ,
3453 2300 3519 2360 ff.
3540 2319 3661 2380 pro
3686 2299 3864 2361 socio.
3926 2301 4058 2360 Non

2522 2394 2734 2451 tamen
2765 2388 3124 2450 dissolvitur
3163 2409 3238 2450 ex
3267 2409 3340 2452 eo
3371 2392 3540 2470 quod
3569 2411 3729 2453 unus
3758 2393 3973 2453 socius
3998 2392 4058 2452 in

2525 2480 2865 2543 amentiam
2892 2481 3132 2544 incidat
3153 2528 3169 2558 ,
3220 2501 3336 2544 nec
3384 2482 3519 2562 eius
3547 2491 3802 2546 curator
3827 2503 4060 2545 renun-

2523 2573 2681 2635 tiare
2709 2577 2952 2652 potest,
2987 2574 3102 2635 nisi
3133 2574 3266 2653 ipse
3295 2594 3512 2637 amens
3537 2623 3554 2652 ,
3607 2577 3658 2635 si
3687 2595 3883 2637 sanus
3912 2578 4061 2637 fuis-

2523 2670 2639 2743 set,
2673 2667 3034 2729 renuntiare
3063 2672 3275 2745 posset
3306 2688 3319 2729 :
3366 2687 3570 2747 neque
3601 2670 3792 2730 etiam
3822 2670 3935 2730 alii
3963 2688 4062 2732 so-

2524 2759 2604 2820 cii
2631 2758 2993 2820 renuntiare
3023 2765 3304 2838 possunt,
3339 2761 3380 2822 l.
3415 2762 3613 2823 ultim.
3649 2764 3712 2824 C.
3742 2782 3861 2843 pro
3878 2763 4056 2825 socio.

2523 2853 2737 2913 Potest
2782 2855 2993 2913 autem
3034 2853 3411 2915 renuntiatio
3453 2855 3589 2916 fieri
3617 2875 3729 2934 per
3757 2875 4064 2935 procura-

2521 2949 2721 3008 torem
2753 2945 3111 3023 specialem,
3144 2946 3244 3007 vel
3263 2947 3453 3008 etiam
3480 2948 3908 3009 universalem
3938 2968 4059 3012 non

2522 3037 2929 3117 prohibitum.
2979 3038 3041 3099 Si
3085 3057 3233 3099 vero
3272 3041 3651 3102 renuntiatio
3699 3041 3888 3103 unius
3917 3043 4062 3103 inti-

2523 3133 2730 3192 metur
2756 3130 3147 3209 procuratori
3178 3130 3434 3194 alterius
3463 3132 3739 3196 absentis
3760 3180 3778 3210 ,
3828 3135 4063 3213 poterit

2523 3222 2748 3284 absens
2780 3228 3107 3302 acceptare
3151 3225 3251 3285 vel
3295 3244 3421 3285 non
3462 3232 3794 3306 acceptare
3822 3247 4063 3289 renun-

2522 3317 2885 3393 tiationem,
2943 3335 3134 3395 quam
3181 3317 3233 3378 si
3276 3337 3401 3379 non
3430 3324 3756 3398 acceptet,
3814 3321 4063 3382 fruetur

2519 3410 2692 3470 lucro
2719 3410 3019 3488 temporis
3049 3410 3434 3488 intermedii,
3481 3412 3620 3491 lege
3647 3412 3940 3490 Actione,
3998 3414 4054 3493 §.

2521 3502 2900 3577 Renuntiare,
2935 3506 2998 3563 et
3022 3503 3078 3581 §.
3112 3504 3425 3583 sequenti,
3460 3506 3522 3565 ff.
3545 3525 3667 3586 pro
3689 3505 3868 3568 socio.

2603 3594 2667 3655 Si
2698 3593 2976 3655 societati
3013 3598 3262 3674 tempus
3309 3615 3434 3658 non
3475 3597 3557 3659 sit
3601 3599 3825 3660 saltem
3870 3601 4056 3663 tacite

2521 3687 2867 3766 praefixum,
2901 3705 3017 3748 nec
3043 3688 3210 3750 facta
3237 3688 3318 3751 sit
3344 3709 3456 3768 per
3483 3695 3680 3753 totam
3708 3693 3929 3769 vitam,
3961 3713 4061 3754 re-

2521 3779 2810 3841 nuntIare
2866 3780 3129 3859 quilibet
3180 3785 3389 3861 potest
3441 3784 3694 3863 quando
3736 3787 4055 3848 voluerit:
4104 3806 4169 3836 nc

2521 3872 2710 3933 debet
2734 3876 2945 3933 tamen
2975 3875 3176 3938 socios
3206 3875 3569 3953 admonere,
3606 3881 3669 3938 et
3696 3877 3851 3938 dum
3882 3880 3922 3939 ii
3952 3898 4061 3941 no·

2520 3965 2722 4028 titiam
2751 3984 2876 4025 non
2905 3965 3143 4028 habeut
3168 4012 3184 4042 ,
3234 3967 3539 4028 damnum
3588 3970 3760 4049 quod
3802 3971 3936 4051 ipse
3966 3974 4062 4032 in·

2522 4062 2763 4133 curret,
2799 4057 2880 4118 ad
2907 4059 3372 4122 renuntiantem
3401 4062 3604 4122 solum
3634 4069 3914 4141 spectat,
3964 4067 4064 4126 lu-

2522 4169 2699 4212 crum
2729 4169 3063 4212 commune
3104 4157 3201 4215 est
3242 4154 3532 4216 omnibus
3570 4155 4011 4233 ignorantibus
4042 4177 4057 4224 :

2522 4249 2584 4306 et
2613 4263 2645 4305 e
2677 4248 2895 4306 contra
2924 4245 3094 4324 quod
3132 4246 3494 4324 ignorantes
3525 4248 3856 4312 lucrantur
3876 4298 3892 4328 ,
3939 4253 4064 4314 sibi

2519 4337 2666 4399 solis
2693 4338 3051 4415 lucrantur,
3102 4338 3551 4403 detrimentum
3578 4360 3731 4403 vero
3778 4344 4063 4423 ipsorum

2521 4449 2852 4493 commune
2891 4435 2984 4493 est
3010 4432 3415 4495 renuntianti.
3480 4434 3678 4496 Debet
3722 4436 3874 4497 item
3900 4444 4064 4499 tem-

2521 4524 2758 4602 pestive
2815 4523 3154 4585 admonere
3188 4571 3204 4600 ‚
3268 4529 3457 4604 atque
3511 4525 3652 4587 ideo
3710 4530 4061 4591 concedere

2518 4620 2787 4695 tempuS,
2822 4621 2891 4679 ut
2917 4617 3169 4695 incepta
3197 4618 3450 4696 negotia
3491 4621 3823 4683 commode
3852 4623 4066 4685 ahsol-

2519 4715 2746 4772 vantur
2765 4756 2780 4787 ,
2839 4710 2925 4772 ita
2975 4730 3014 4771 u
3084 4710 3407 4773 dissolutio
3438 4712 3720 4775 societati
3752 4714 4064 4778 damnosa

2520 4823 2644 4866 nou
2673 4804 2773 4865 sit.
2806 4807 2932 4866 Nee
2957 4804 3034 4865 de
3083 4808 3145 4866 et
3169 4805 3533 4867 renuntiare
3563 4825 3709 4868 cum
3737 4808 3881 4870 dolo
3910 4856 3929 4884 ‚
3994 4816 4067 4872 ut

2517 4897 2760 4957 lucrum
2791 4896 2959 4975 quod
2988 4896 3269 4975 proxime
3297 4902 3588 4977 speratur
3612 4945 3627 4974 ‚
3691 4902 3758 4960 ut
3786 4900 4064 4963 haeredi·

2517 4990 2663 5053 tatis
2691 4990 2808 5068 ipsi
2836 4989 3264 5069 relinquendae
3289 5037 3305 5067 ,
3354 4990 3433 5051 ad
3465 5010 3612 5052 eum
3638 4993 3841 5054 solum
3867 4997 4064 5073 perti—

2519 5088 2666 5146 neat
2695 5103 2711 5156 ;
2744 5087 2892 5145 tunc
2920 5083 3087 5144 enim
3118 5083 3422 5144 damnum
3470 5084 3549 5144 ad
3598 5084 3806 5163 ipsum
3851 5087 4062 5149 solum

2519 5178 2891 5258 pertineret,
2925 5178 3170 5238 lucrum
3198 5196 3349 5238 vero
3380 5181 3545 5238 esset
3573 5196 3943 5257 commune,
3994 5186 4066 5244 ut

2518 5273 2753 5334 dictum
2784 5274 2879 5333 est
2913 5290 2926 5331 :
2961 5269 3171 5350 quoad
3200 5270 3325 5331 alia
3352 5288 3501 5331 vero
3531 5272 3810 5349 negotia,
3844 5290 4061 5352 respe-

2517 5369 2620 5427 ctu
2651 5383 2918 5444 quorum
2948 5364 3128 5425 dolus
3157 5381 3282 5426 non
3324 5363 3814 5441 intercessisset,
3844 5366 4064 5428 valida

2517 5461 2681 5519 esset
2699 5456 3098 5532 renuntiatio,
3131 5462 3467 5536 postquam
3496 5456 3577 5518 ad
3599 5458 3917 5521 sociorum
3950 5478 4062 5522 no-

2515 5550 2718 5613 titiam
2747 5550 2938 5627 venit,
2974 5569 3114 5630 quae
3144 5550 3525 5630 colliguntur
3551 5569 3628 5612 ex
3657 5551 3701 5615 l.
3732 5552 3804 5616 si
3826 5552 4054 5631 coierit,
