4263 6376
43 2668 187 2719 ffleto.

43 2786 189 2817 nemis

44 2828 204 2869 stamme

43 2882 177 2921 dieze&

43 2936 202 2986 uin-aio

1244 424 1710 485 DISPUTATIO
1757 424 1943 499 XXV,
1993 424 2267 485 Sssc'rlo
2313 426 2388 484 X.

217 599 360 658 dere
382 598 489 675 jus
513 598 685 677 quod
717 597 969 675 habent,
1012 598 1150 658 aliis
1179 598 1239 657 in
1272 616 1428 677 quos
1458 598 1622 658 idem
1644 597 1748 677 jus

217 692 618 766 transferunt,
677 691 727 750 si
776 692 1182 770 supervivant
1213 696 1302 751 tot
1347 690 1566 750 diebus
1607 695 1750 769 post

214 784 710 859 translationem,
746 784 869 842 imo
903 783 962 842 in
994 784 1329 862 aliquibu5‚
1365 784 1415 841 si
1445 783 1751 843 moriatur

218 876 414 955 primo
444 875 716 936 triennio
749 882 1013 954 emptor,
1073 894 1197 935 non
1238 875 1399 953 perit
1444 874 1658 953 pensio
1689 877 1750 933 et

218 973 352 1046 post
377 967 720 1028 triennium
751 967 1099 1028 admittitur
1116 967 1479 1045 protestatio
1503 967 1583 1025 ad
1602 985 1750 1025 ven-

219 1060 515 1134 dendum,
568 1060 620 1118 si
650 1063 1014 1136 compareat
1060 1059 1470 1137 personaliter
1496 1058 1747 1137 pensio·

221 1153 451 1225 narius,
500 1152 732 1211 sivero
762 1152 991 1211 absens
1028 1151 1127 1227 sit,
1178 1152 1275 1211 vel
1303 1152 1465 1211 male
1496 1150 1744 1226 habeat,

220 1244 557 1322 requiritur
644 1244 815 1322 quod
897 1243 1258 1322 supervivat
1335 1241 1750 1321 quadraginta

222 1336 369 1395 dies,

294 1429 455 1488 Hinc
484 1428 774 1504 infertur,
807 1428 959 1507 quid
981 1426 1397 1507 judicandum
1427 1427 1507 1486 sit
1534 1426 1612 1486 de
1641 1444 1753 1485 va·

223 1521 322 1580 riis
350 1521 696 1595 montibuS,
748 1520 826 1580 de
857 1520 1082 1599 quibus
1126 1520 1190 1579 in
1235 1518 1595 1597 particulari
1623 1518 1754 1595 agit

225 1614 540 1674 Filliucius
565 1613 704 1673 loco
734 1613 946 1686 citato,
999 1617 1061 1673 et
1088 1612 1165 1671 de
1197 1612 1271 1671 iis
1299 1612 1361 1671 in
1391 1611 1753 1670 universum

226 1708 337 1767 dici
366 1712 599 1785 potest,
631 1705 682 1764 si
711 1706 754 1764 ii
777 1704 1176 1784 superfundo
1201 1702 1504 1763 immobili
1533 1707 1593 1763 et
1629 1702 1754 1762 fru-

227 1800 434 1860 ctifero
465 1798 827 1876 erigantur;
880 1802 942 1857 et
968 1797 1225 1875 reliques
1255 1795 1645 1856 conditiones
1672 1794 1753 1855 ad

227 1910 476 1953 censum
520 1890 836 1969 requisitae
893 1889 952 1948 in
1009 1888 1084 1948 iis
1139 1889 1569 1962 observentur,
1629 1905 1754 1947 non

228 2003 351 2044 esse
380 1983 647 2042 dubium
679 1982 756 2041 de
788 1981 1033 2041 illorum
1057 1979 1527 2057 ,justificatione
1584 1979 1756 2040 Alio-

230 2077 367 2155 quin
399 2074 744 2134 videndum
776 2078 941 2134 esset
986 2091 1064 2132 an
1114 2072 1497 2150 deponentes
1535 2089 1756 2131 verum

230 2169 467 2230 titulum
498 2167 775 2227 habeant
794 2165 948 2225 lucri
971 2166 1291 2239 cessantiS,
1326 2164 1536 2224 damni
1557 2182 1758 2223 emer-

232 2262 446 2340 gentiS,
496 2260 598 2318 vel
623 2259 814 2318 alium
847 2257 1135 2332 similem,
1188 2258 1431 2322 ratione
1457 2256 1635 2335 cujus
1663 2256 1757 2315 lu-

234 2372 399 2413 crum
431 2372 509 2412 ex
534 2358 752 2412 mutuo
789 2350 889 2410 vel
936 2350 1220 2429 deposito
1266 2353 1589 2427 reportare
1615 2367 1759 2426 pos-

237 2447 367 2506 sint.

303 2535 594 2597 Dubitari
619 2538 824 2612 potest
850 2534 1075 2613 prime,
1110 2553 1190 2593 an
1231 2537 1444 2612 peccet
1472 2532 1580 2611 qui
1608 2551 1761 2592 ven—

238 2629 317 2690 dit
340 2629 483 2688 loca
511 2628 741 2688 montis
770 2645 809 2686 a
835 2644 901 2686 se
931 2626 1120 2687 erecti
1149 2624 1373 2703 majori
1405 2625 1627 2703 preti0,
1663 2643 1761 2684 re-

239 2727 397 2781 tenta
426 2722 548 2781 sibi
578 2721 874 2781 facultate
900 2719 1251 2779 redimendi
1280 2718 1504 2778 minori
1536 2716 1756 2795 preti0,

240 2833 290 2875 v.
318 2835 380 2894 g.
415 2813 667 2892 singula
694 2813 831 2872 loca
858 2811 1087 2872 montis
1116 2811 1513 2889 assignantur
1542 2809 1620 2869 ab
1650 2808 1761 2869 ini·

238 2906 334 2983 tie,
384 2909 498 2966 aut
529 2904 889 2965 venduntur
916 2907 1052 2965 100.
1106 2903 1348 2978 aureis,
1401 2909 1463 2964 et
1491 2902 1765 2962 reddunt

240 3003 497 3078 quatuor
527 2998 628 3057 vel
671 2996 948 3075 quinque
990 2996 1273 3074 sing-ulis,
1327 3000 1543 3073 postea
1573 2994 1765 3054 adve—

239 3092 435 3151 niente
465 3089 650 3167 copia
679 3093 1056 3167 emptorum,
1090 3088 1319 3149 montis
1341 3091 1585 3148 erector
1610 3086 1765 3165 petit

241 3186 362 3245 113.
396 3202 512 3262 pro
545 3181 831 3260 singulis,
865 3185 1107 3241 retento
1137 3180 1255 3241 sibi
1276 3180 1419 3259 jure
1451 3178 1764 3239 redimen-

239 3277 330 3353 di,
388 3275 646 3356 quando
702 3272 1049 3334 reddiderit
1100 3276 1237 3334 100.
1300 3272 1394 3331 vel
1451 3272 1606 3332 forte
1661 3273 1759 3332 99.

240 3370 433 3444 Quaeri
464 3372 694 3446 potest,
746 3385 827 3426 an
858 3365 920 3424 id
948 3365 1114 3425 licite
1144 3365 1280 3424 fieri
1307 3363 1539 3441 possit?
1586 3362 1763 3423 Ratio

239 3461 558 3522 dubitandi
591 3463 800 3538 potest
843 3476 978 3517 esse
1031 3457 1255 3535 primo,
1307 3457 1455 3535 quia
1482 3456 1765 3534 iniquum

240 3561 324 3616 est
348 3559 605 3634 pactum
626 3568 750 3629 quo
773 3550 1062 3610 venditor
1082 3548 1437 3628 paciscitur,
1470 3553 1539 3609 ut
1566 3547 1767 3607 mino-

242 3648 318 3708 ris
339 3646 651 3707 redimere
697 3643 894 3721 possit
933 3660 1124 3721 quam
1151 3641 1403 3717 vendat,
1464 3639 1577 3700 nisi
1608 3640 1765 3700 forte

242 3743 491 3811 constet,
526 3755 663 3798 rem
692 3740 910 3814 postea
936 3734 1142 3794 minus
1168 3733 1525 3809 valituram,
1577 3737 1646 3792 ut
1672 3732 1764 3791 fa-

244 3836 396 3892 tetur
423 3833 596 3892 Less.
626 3829 736 3888 lib.
770 3828 844 3886 ll.
881 3844 936 3888 c.
968 3842 1097 3887 xxl.
1130 3825 1279 3885 dub.
1314 3841 1441 3899 xlv,
1476 3844 1586 3887 nu.
1617 3826 1761 3884 116.

244 3942 381 4002 ergo
415 3925 703 4002 iniquum
758 3925 849 3980 est
878 3925 1130 3997 pactum
1177 3917 1525 3978 redimendi
1560 3917 1767 3977 locum

248 4016 462 4076 minori
502 4012 707 4092 pretio
745 4029 934 4090 quam
982 4010 1059 4069 de
1104 4011 1266 4070 facto
1294 4009 1624 4070 vendatur.
1660 4009 1771 4068 Se-

247 4109 462 4182 cundo,
496 4106 669 4186 quia,
702 4104 801 4164 vel
831 4102 1101 4182 pretium
1130 4101 1299 4180 quod
1329 4102 1513 4164 datur
1543 4101 1621 4160 ab
1644 4118 1770 4160 em·

248 4205 411 4278 ptore
445 4216 612 4258 nunc
644 4202 740 4257 est
770 4195 1038 4275 justum,
1083 4194 1183 4258 vel
1221 4197 1314 4254 est
1356 4194 1764 4253 excessivum.

249 4292 303 4352 Si
332 4297 428 4351 est
448 4293 716 4368 justum,
778 4306 929 4364 ergo
978 4287 1187 4366 inique
1246 4285 1491 4365 cogitur
1516 4284 1597 4352 ad
1627 4285 1772 4344 red-

248 4383 515 4443 dendum
541 4382 751 4442 locum
770 4378 998 4438 minori
1021 4379 1219 4457 pretio
1242 4383 1307 4442 et
1333 4378 1492 4439 infra
1506 4376 1766 4456 justum.

248 4477 307 4536 Si
331 4494 485 4536 vero
523 4478 619 4534 est
652 4472 1061 4548 excessivum‚
1122 4489 1272 4549 crgo
1318 4470 1544 4550 injuste
1590 4470 1669 4530 ab
1699 4487 1772 4531 eo

249 4587 405 4628 nunc
436 4565 739 4645 accipitur
766 4584 881 4643 pro
920 4565 1057 4624 loco
1100 4563 1331 4624 montis
1370 4563 1640 4642 pretium
1671 4581 1775 4622 su-

248 4681 355 4739 pra
376 4661 619 4738 justum
648 4657 954 4718 valorem.

322 4766 547 4827 Adhuc
581 4767 795 4825 tamen
849 4766 1034 4840 puto,
1095 4779 1217 4820 non
1263 4760 1442 4820 facile
1480 4760 1777 4820 condem-

251 4859 521 4920 nandam
548 4874 682 4916 esse
710 4855 878 4914 illam
908 4852 1356 4913 venditionem.
1392 4853 1470 4912 Et
1496 4851 1773 4930 quidem,

252 4953 296 5011 si
324 4951 606 5012 absolute
637 4966 750 5026 pro
798 4947 903 5006 illo
933 4946 1069 5005 loco
1112 4945 1342 5005 montis
1381 4945 1777 5022 exigerentur

256 5048 382 5106 113.
457 5061 598 5103 cum
637 5039 1045 5117 ,obligatione
1117 5037 1378 5099 totidem
1447 5035 1773 5113 reddendi,

253 5137 505 5216 quando
534 5135 966 5207 redimeretur,
1014 5131 1184 5190 nulla
1214 5134 1378 5190 esset
1405 5128 1774 5201 difficultas;

260 5231 399 5309 quia
429 5229 574 5288 licet
599 5231 781 5286 antea
810 5224 931 5284 loci
959 5224 1135 5284 valor
1184 5226 1348 5282 esset
1378 5225 1512 5282 100.
1560 5227 1779 5299 postea

260 5327 463 5382 tamen
498 5322 745 5396 propter
773 5315 1018 5393 copiam
1064 5319 1418 5394 emptorum
1448 5313 1649 5393 potuit
1674 5331 1779 5372 va-

261 5416 349 5475 lor
378 5413 587 5492 justus
612 5427 893 5469 crescere
924 5427 1120 5487 usque
1161 5408 1240 5466 ad
1274 5410 1406 5467 113.
1456 5411 1517 5466 ct
1544 5404 1779 5484 aliquid

263 5507 416 5585 plus,
452 5503 709 5576 Quando
739 5505 950 5562 autem
973 5504 1330 5561 reservatur
1356 5498 1668 5559 venditori
1696 5497 1781 5557 su-

266 5600 460 5661 cultas
506 5593 804 5654 reddendi
834 5591 965 5653 solo
996 5595 1133 5653 100.
1196 5592 1277 5651 ad
1321 5590 1779 5665 redimendum,

3261 426 3375 482 243

1849 597 2055 658 adhuc
2083 599 2334 660 videtur
2378 599 2441 658 id
2483 599 2652 679 juste
2700 617 2884 676 posse
2913 599 3070 674 fieri,
3129 598 3182 658 si
3212 598 3378 658 bona

1847 691 1970 750 fide
2021 693 2414 770 procedatur,
2477 696 2539 752 et
2584 711 2706 751 non
2756 692 2818 750 id
2861 692 3050 751 faciat
3093 691 3382 751 venditor

1847 785 2055 844 animo
2086 785 2261 843 brevi
2289 790 2570 862 tempore
2603 784 2972 859 redimendi,
3010 788 3071 843 et
3095 781 3381 841 lucrandi

1847 877 1963 935 sibi
1995 877 2098 935 illa
2128 880 2223 936 13.
2261 877 2394 936 haec
2425 876 2590 935 enim
2621 881 2785 936 csset
2812 875 2983 935 fraus
3013 873 3262 953 injusta,
3311 876 3383 933 ut

1849 969 2259 1045 locupletetur
2308 988 2383 1029 ex
2412 968 2638 1029 aliene.
2702 968 2964 1039 Quando
3013 969 3225 1027 autem
3254 984 3380 1026 non

1849 1060 2112 1122 haberet
2163 1061 2441 1121 animum
2499 1060 2846 1119 redimendi
2903 1059 3099 1135 brevi,
3154 1058 3385 1137 poterit

1848 1154 2085 1214 servari
2138 1153 2379 1233 justitia
2426 1153 2490 1212 in
2546 1153 2652 1213 tali
2701 1151 2888 1213 modo
2946 1150 3376 1211 contrahendi.

1850 1246 2024 1320 Quod
2056 1265 2094 1306 a
2122 1244 2448 1325 posteriori
2471 1244 2723 1324 probari
2746 1248 2951 1322 potest
2976 1243 3201 1321 prime,
3236 1243 3383 1322 quia

1849 1339 1899 1398 si
1931 1338 2420 1399 emisseslocum
2470 1337 2709 1416 justum
2758 1353 2871 1414 pro
2908 1338 3040 1396 100.
3090 1340 3381 1397 manente

1850 1430 2144 1491 facultate
2190 1429 2356 1507 apud
2414 1428 2808 1490 venditorem
2860 1428 3211 1488 redimendi
3267 1446 3381 1506 pro

1853 1526 1993 1591 100.ι
2021 1522 2231 1583 adhuc
2285 1521 2440 1580 alius
2486 1520 2704 1582 tertius
2752 1524 2961 1597 posset
3006 1538 3212 1580 emere
3257 1540 3295 1580 a
3322 1524 3384 1581 te

1852 1615 2060 1675 locum
2115 1614 2291 1674 illum
2337 1631 2450 1691 pro
2482 1616 2618 1674 113.
2679 1613 2866 1673 etiam
2916 1630 3063 1672 cum
3108 1613 3382 1691 periculo

1852 1709 1979 1783 illo,
2032 1706 2197 1785 quod
2232 1708 2474 1765 erector
2510 1705 2685 1764 illum
2717 1704 3055 1765 redimeret
3100 1722 3212 1783 pro
3244 1708 3379 1765 100.

1855 1800 2104 1880 quando
2136 1798 2341 1873 vellet,
2395 1803 2459 1858 et
2484 1802 2552 1857 tu
2586 1815 2799 1876 posses
2828 1797 2992 1857 licite
3025 1796 3198 1856 illum
3229 1815 3382 1856 ven-

1854 1894 2002 1952 dere
2062 1911 2077 1953 :
2138 1908 2287 1968 ergo
2315 1890 2487 1950 locus
2534 1891 2636 1949 ille
2667 1890 2872 1950 adhuc
2903 1908 3047 1950 cum
3094 1890 3197 1950 illo
3227 1889 3386 1969 peri-

1855 1984 1994 2045 culo
2025 1984 2190 2043 valet
2217 1985 2352 2043 113.
2406 1982 2455 2042 si
2487 1982 2743 2060 quidem
2789 1982 2946 2042 alius
2982 2001 3095 2060 pro
3149 2001 3220 2043 eo
3253 1983 3388 2043 haec

1856 2079 2064 2148 offert;
2125 2093 2274 2153 ergo
2304 2078 2367 2134 et
2411 2075 2542 2153 ipse
2576 2076 2813 2153 primus
2855 2076 3145 2136 venditor
3183 2078 3391 2153 potest

1856 2188 1928 2230 eo
1961 2169 2160 2247 pretio
2190 2167 2485 2228 vendere.
2552 2168 2866 2245 Secunde,
2925 2168 3092 2247 quod
3135 2172 3388 2246 pactum

1857 2263 1934 2322 de
1964 2259 2330 2320 redimendo
2353 2259 2577 2320 minori
2600 2261 2801 2339 pretio
2824 2278 2948 2320 non
2978 2261 3057 2321 sit
3076 2260 3382 2339 iniquum,
3451 2324 3456 2329 ,

1855 2352 2107 2434 probari
2139 2356 2345 2431 potest
2393 2371 2408 2412 :
2468 2352 2615 2431 quia
2645 2352 2955 2432 ejusmodi
2982 2358 3167 2430 pacta
3194 2358 3388 2412 retro-

1856 2445 2193 2522 vendendi,
2252 2445 2350 2505 vel
2398 2446 2647 2505 emendi
2692 2445 3034 2505 venditioni
3082 2445 3387 2523 apposita,

1858 2539 2006 2600 licet
2032 2537 2304 2597 debeant
2348 2537 2635 2597 minuere
2691 2536 2790 2596 vel
2835 2555 3069 2614 augere
3118 2537 3390 2614 pretium

1861 2650 1975 2710 pro
2006 2648 2167 2690 novo
2197 2630 2300 2689 illo
2332 2647 2554 2701 onere;
2606 2632 2866 2707 possunt
2910 2632 3122 2688 tamen
3153 2628 3388 2702 addite,

1861 2724 1960 2783 vel
1990 2722 2295 2782 diminuto
2326 2721 2705 2783 sufficienter
2734 2720 2932 2799 pretio
2947 2720 3297 2800 justificari,
3333 2723 3396 2780 et

1863 2820 2219 2877 contractus
2249 2814 2327 2873 ad
2376 2814 2796 2892 aequalitatem
2844 2813 3082 2887 reduci,
3141 2818 3211 2874 ut
3250 2830 3393 2872 cum

1863 2909 1999 2969 aliis
2029 2908 2256 2985 probat
2272 2909 2440 2966 LeSS.
2472 2906 2577 2965 illa
2601 2906 2751 2966 dub.
2777 2922 2907 2966 xlv.
2940 2906 3119 2968 Unde
3149 2910 3396 2985 emptor

1862 3003 2069 3080 potest
2095 2998 2434 3077 aliquando
2465 2997 2696 3075 pacisci
2745 3002 2814 3058 ut
2840 2997 3129 3059 venditor
3156 3000 3395 3057 redem-

1862 3096 2082 3171 pturus
2110 3108 2247 3149 rem
2294 3089 2523 3150 debeat
2551 3090 2792 3150 solvere
2839 3090 3174 3168 plusquam
3204 3089 3391 3165 valet,

1865 3190 1933 3245 ut
1957 3184 2188 3244 fatetur
2218 3182 2385 3242 idem
2409 3181 2655 3243 Lessius
2685 3201 2792 3243 nu.
2820 3185 2956 3244 115.
2992 3184 3155 3262 Ergo
3188 3203 3221 3243 e
3253 3201 3397 3244 con-

1863 3283 1960 3338 tra
2020 3275 2311 3336 venditor
2365 3275 2672 3336 diminuto
2740 3274 3120 3337 sufficienter
3171 3276 3394 3355 preti0,

1866 3369 2095 3448 poterit
2124 3386 2445 3428 reservare
2489 3368 2603 3427 sibi
2630 3367 2732 3446 jus
2778 3367 3127 3428 redimendi
3172 3365 3400 3428 minori

1864 3462 2087 3541 pretio,
2142 3463 2208 3521 In
2239 3460 2538 3539 praedieto
2568 3463 2779 3520 autem
2821 3478 2968 3521 casu
2990 3461 3124 3538 jam
3152 3460 3401 3521 videtur

1864 3554 2154 3614 venditor
2177 3553 2456 3613 minuere
2481 3553 2747 3631 pretium
2768 3556 3025 3630 propter
3044 3552 3193 3612 illud
3217 3570 3396 3614 onus-

1868 3648 1932 3709 Si
1963 3647 2129 3706 enim
2158 3645 2396 3724 absque
2444 3645 2546 3704 illo
2579 3663 2766 3704 onere
2814 3644 3190 3705 venderetur
3227 3645 3401 3706 locus

1866 3740 2117 3814 montiS,
2168 3738 2232 3798 in
2262 3743 2437 3798 tanta
2472 3742 2828 3816 emptorum
2858 3737 3039 3815 copia
3067 3734 3207 3814 plus
3235 3738 3402 3797 vale-

1865 3837 1981 3907 ret,
2042 3850 2234 3910 quam
2277 3833 2412 3891 113.
2475 3829 2785 3909 siquidem
2843 3829 3049 3888 adhuc
3093 3846 3238 3889 cum
3296 3829 3400 3890 illo

1868 3943 2055 3986 onere
2113 3924 2276 3984 alius
2331 3923 2553 3984 tertius
2612 3923 2794 3983 offert
2847 3921 2958 3982 tibi
2987 3939 3100 3999 pro
3156 3940 3228 3983 eo
3261 3925 3451 3985 1132*

1867 4035 2016 4096 ergo
2045 4015 2336 4078 venditor
2362 4015 2550 4076 etiam
2582 4014 2818 4094 primus
2849 4013 3062 4074 vendit
3084 4013 3252 4093 juste
3289 4031 3400 4094 pro

1868 4129 1941 4171 eo
1971 4110 2171 4189 pretio
2202 4127 2344 4168 cum
2391 4127 2465 4167 eo
2497 4126 2710 4180 onere,
2765 4111 2827 4167 et
2852 4124 2966 4185 per
3010 4125 3403 4186 consequens

1868 4221 1993 4263 non
2024 4202 2210 4262 infert
2237 4201 2502 4279 emptori
2534 4199 2850 4278 injuriam,
2900 4199 3017 4259 nisi
3060 4218 3137 4259 ex
3168 4201 3400 4278 animo,

1870 4299 1939 4354 ut
1966 4293 2114 4369 dixi,
2178 4292 2526 4353 redimendi
2572 4297 2636 4351 et
2684 4291 3054 4352 restituendi
3081 4310 3405 4354 excessum

1869 4389 2042 4449 illum
2074 4387 2138 4446 id
2168 4386 2422 4446 faceret.
2486 4384 2550 4444 Si
2599 4383 2764 4444 enirn
2809 4383 3068 4444 dubium
3098 4386 3179 4447 sit
3204 4386 3284 4446 de
3312 4405 3405 4447 re-

1872 4480 2231 4558 demptione
2263 4477 2570 4552 facienda‚
2619 4477 2795 4537 locus
2825 4494 2968 4536 cum
2993 4476 3096 4537 illo
3125 4479 3405 4556 periculo

1871 4571 2319 4649 redemptionis
2349 4570 2502 4631 tanti
2536 4570 2613 4629 ab
2645 4570 2781 4629 aliis
2810 4570 3174 4631 aestimatur.
3210 4572 3409 4634 Debet

1870 4671 2081 4726 tamen
2128 4664 2331 4724 omnis
2362 4663 2532 4722 fraus
2579 4662 2821 4737 abesse,
2885 4661 3064 4740 cujus
3104 4681 3406 4743 magnum

1872 4756 2222 4836 periculum
2253 4774 2387 4814 esse
2417 4755 2667 4816 videtur
2695 4754 2756 4812 in
2787 4753 2893 4813 tali
2924 4758 3133 4832 pacta.

1953 4848 2235 4909 Dubitari
2265 4851 2471 4926 potest
2496 4846 2771 4907 secundo
2818 4846 2896 4905 de
2943 4847 3063 4907 alio
3097 4850 3404 4910 montium

1874 4960 2103 5021 genere
2135 4941 2397 5016 noviter,
2458 4945 2528 5000 ut
2557 4939 2765 5016 audio,
2827 4939 3079 5001 invento
3121 4943 3402 5022 Neapoli.

1877 5220 1999 5279 fert
2026 5218 2286 5296 singulis
2319 5220 2453 5278 100.
2507 5235 2732 5277 aureos
2761 5217 3185 5295 offerentibuS,
3231 5222 3413 5299 quin·

1881 5330 2001 5391 que
2032 5310 2291 5388 singulis
2321 5310 2500 5369 annis
2530 5309 2591 5368 in
2625 5309 2772 5386 vita,
2825 5309 2944 5369 hoc
2973 5316 3156 5388 pacto
3188 5318 3256 5374 ut
3283 5333 3412 5377 mo-

1881 5404 2178 5464 rientium
2209 5403 2446 5464 reditus
2494 5420 2712 5462 omnes
2757 5408 3123 5468 accrescant
3165 5424 3416 5485 semper

1883 5497 1957 5556 iis
1986 5495 2088 5576 qui
2121 5495 2486 5574 superstites
2514 5495 2658 5569 sint,
2692 5512 2960 5572 quorum
2992 5496 3230 5558 reditus
3260 5518 3417 5578 quo-

1880 5588 2031 5648 tidie
2081 5587 2350 5665 majores
2395 5591 2561 5660 sunt,
2623 5603 2746 5664 quo
2801 5586 3011 5664 plures
3063 5588 3290 5653 desunt
3341 5611 3418 5654 ex

3554 4875 3659 4934 201

2408 5033 2420 5046 .
2520 5032 2532 5044 .
3049 5033 3060 5044 .
3332 5037 3344 5049 ,
3458 4997 3752 5043 nontamen-

1876 5039 2116 5110 PetruS,
2168 5053 2228 5093 v.
2262 5052 2358 5110 gr.
2404 5033 2644 5111 indiget
2689 5037 2938 5093 centum
2979 5033 3146 5093 mille
3177 5053 3402 5113 aureis,
3484 5053 3539 5094 ιιι
3573 5064 3725 5104 «σηοω

1878 5145 2035 5206 quos
2063 5144 2101 5186 a
2126 5126 2294 5185 mille
2325 5125 2591 5185 diversis
2621 5125 2738 5185 hoc
2767 5123 2957 5184 modo
2984 5125 3221 5204 colligit
3255 5147 3269 5189 :
3320 5130 3409 5189 of..
3469 5106 3752 5158 “mum’-
