4263 6376
1198 203 1667 267 DlSPUTATlO
1709 202 1927 280 XXXI,
1976 204 2251 267 SEC'PlO
2295 206 2368 265 11.

265 387 390 466 quia
411 383 613 447 scienti
639 386 701 444 et
727 381 958 444 volenti
978 400 1104 442 non
1132 380 1462 460 sstinjuria.
1488 380 1747 442 Addunt

262 480 457 559 aliqui,
504 495 675 557 posse
701 476 946 536 lucrum
974 474 1125 535 illud
1172 474 1371 552 accipi
1400 475 1460 534 in
1492 491 1746 553 poenam

261 577 423 635 tantae
448 567 866 631 obstinationis
893 570 956 628 et
974 567 1384 628 contumacia}
1405 586 1420 640 ;
1453 566 1564 626 sed
1579 570 1745 626 certe

262 683 422 744 poena
447 662 624 722 debet
649 679 782 721 esse
812 660 1013 739 culpae
1043 659 1534 738 proportionata,
1570 663 1632 720 et
1656 659 1745 719 lu-

261 776 410 820 crum
434 754 755 834 aliquando
785 754 1032 832 culpam
1062 753 1342 813 excedet.

325 849 521 912 Melius
549 847 884 925 respondet
912 846 1141 907 Melina
1171 845 1274 906 ubi
1321 863 1510 925 supra
1534 891 1550 921 ,
1596 849 1746 906 tunc

258 961 412 1023 posse
438 941 669 1001 lucrum
699 937 995 1014 retineri,
1056 938 1307 1018 quando
1346 937 1748 1016 praesumitur

258 1038 560 1114 spontanea
618 1032 870 1092 donatio
896 1078 911 1107 ,
972 1050 1112 1110 quae
1169 1030 1460 1109 praesumi
1518 1034 1741 1108 potest,

257 1128 473 1208 quando
498 1144 594 1186 res
622 1129 715 1187 est
743 1142 936 1203 parva
954 1142 979 1198 ,·
1006 1123 1171 1184 addo
1202 1141 1340 1201 ego,
1366 1123 1462 1183 vel
1494 1123 1745 1202 quando

255 1237 558 1300 generosus
586 1217 805 1297 aliquis
852 1222 915 1278 et
959 1216 1231 1276 liberalis
1260 1216 1392 1276 vult
1416 1216 1547 1275 ludi
1578 1216 1749 1275 dele-

255 1315 550 1374 ctationem
595 1331 668 1372 ea
690 1311 937 1391 jactura
965 1328 1195 1369 emere.
1256 1311 1449 1370 Secus
1495 1309 1747 1388 quando

253 1407 464 1467 lucrum
490 1409 580 1466 est
606 1421 906 1482 magnum
929 1449 945 1478 ,
996 1420 1111 1464 nec
1154 1406 1300 1462 sunt
1324 1402 1463 1462 aliae
1485 1402 1747 1462 circum-

251 1498 463 1560 stantiae
506 1516 643 1576 quoe
701 1495 1034 1557 ostendant
1082 1493 1359 1555 donandi
1416 1493 1693 1554 animum
1729 1514 1742 1555 :

251 1590 611 1670 praesumitur
655 1588 821 1649 enim
872 1587 1079 1665 potius
1120 1604 1243 1647 non
1273 1585 1613 1647 credidisse
1642 1605 1749 1645 ex-

252 1702 483 1759 cessum,
515 1683 717 1762 qualis
746 1699 966 1742 revera
994 1685 1168 1757 erat,
1228 1684 1293 1740 et
1320 1679 1460 1740 ideo
1489 1679 1746 1739 ludendi

250 1783 301 1840 et
321 1776 660 1857 experiendi
679 1777 905 1838 affectu
924 1773 1163 1835 lusisse.
1190 1773 1368 1834 Ratio
1388 1777 1599 1834 autem
1628 1777 1742 1850 est,

253 1873 378 1951 quia
401 1871 552 1932 sicut
577 1888 703 1929 non
733 1867 964 1929 sufficit
989 1867 1071 1927 ad
1095 1865 1404 1945 justitiam
1435 1866 1748 1927 venditio-

252 1966 348 2027 nis.
376 1964 422 2024 si
447 1963 667 2024 vitium
695 1961 787 2022 rei
814 1960 1083 2039 emptori
1111 1959 1495 2034 manifesteS,
1549 1963 1612 2019 et
1639 1959 1746 2020 ad-

248 2058 349 2117 huc
376 2056 455 2117 rei
482 2055 821 2134 cupiditate
842 2054 1045 2114 solvat
1064 2052 1328 2130 pretium
1360 2053 1744 2114 excessivum

248 2152 385 2212 ultra
411 2151 538 2228 ejus
564 2149 847 2210 valorem
872 2168 888 2219 ;
923 2164 1125 2225 neque
1156 2145 1323 2205 enim
1352 2145 1504 2206 dare
1534 2164 1744 2207 cense-

242 2247 327 2306 tur
349 2260 680 2317 excessum,
713 2240 822 2301 sed
854 2239 1004 2300 dare
1036 2238 1403 2300 necessitate
1430 2243 1739 2317 coactum,

244 2336 327 2396 vel
352 2334 680 2415 cupiditate
736 2333 829 2393 rei
875 2351 1064 2411 quam
1117 2331 1297 2393 aliter
1339 2331 1572 2392 habere
1618 2351 1740 2394 non

242 2434 451 2508 potest3
497 2428 583 2490 ita
614 2427 677 2487 in
706 2427 857 2488 ludo
882 2473 897 2502 ,
951 2424 1058 2504 qui
1099 2423 1265 2486 subit
1299 2424 1647 2503 periculum
1674 2425 1743 2486 il-

239 2522 330 2582 lud
356 2540 459 2600 pro
490 2539 598 2600 spe
629 2519 820 2595 lucri,
855 2534 995 2598 quae
1026 2535 1150 2578 non
1180 2520 1310 2594 est,
1360 2535 1485 2578 non
1511 2537 1743 2596 proesu-

240 2615 406 2677 mitur
431 2614 687 2689 donare,
703 2612 815 2673 sed
847 2612 997 2672 dare
1027 2610 1108 2670 ad
1139 2609 1544 2670 obtinendam
1569 2611 1741 2672 illam

237 2725 386 2786 spem
414 2707 610 2782 lucri,
662 2723 853 2785 quam
882 2722 1006 2765 non
1036 2706 1244 2780 potest
1273 2702 1454 2763 aliter
1479 2702 1735 2766 habere.

237 2802 415 2874 Quare
466 2798 832 2879 protestatio
887 2797 1021 2857 sola
1074 2814 1199 2856 non
1256 2795 1561 2874 sufficiet,
1623 2797 1741 2858 nisi

236 2898 549 2973 spontanea
564 2891 823 2953 donatio
845 2908 920 2951 ex
949 2888 1431 2949 circumstantiis
1445 2890 1741 2968 praesumi

235 2988 424 3066 possit.
1166 3031 1184 3045 .

302 3080 649 3143 Secundum
693 3077 956 3138 dubium
994 3075 1339 3155 principale
1378 3075 1546 3136 circa
1574 3076 1738 3138 banc

234 3174 493 3236 eamdem
538 3175 832 3253 quartam
879 3169 1302 3232 conditionem
1343 3186 1478 3229 esse
1506 3174 1730 3248 potest,

175 3291 195 3355 J
234 3287 300 3328 an
323 3266 563 3348 quando
596 3266 722 3326 duo
750 3264 1136 3325 colludentes
1163 3262 1472 3341 inaequale
1500 3263 1736 3342 capita-

175 3360 191 3412 '-'
231 3361 298 3435 le,
326 3361 504 3439 vulgo
534 3359 745 3430 Resto,
805 3355 1077 3431 habent,
1137 3358 1200 3415 et
1239 3355 1434 3415 alteru
1464 3360 1733 3433 augente

231 3454 604 3532 sponsionem
632 3455 697 3512 et
724 3452 1074 3527 exponente
1102 3452 1303 3509 totum
1331 3447 1618 3526 capitale,
1652 3448 1736 3509 al-

228 3552 311 3608 ter
333 3549 633 3626 acceptat,
665 3543 770 3603 ille
801 3542 903 3621 qui
935 3540 1142 3601 minus
1173 3540 1448 3602 habebat
1468 3587 1482 3616 ,
1536 3542 1734 3620 possit

228 3645 404 3702 totum
431 3637 698 3718 capitale
728 3634 985 3697 alterius
1030 3634 1308 3695 lucrari?
1362 3635 1611 3695 Certum
1640 3635 1734 3695 vi-

226 3732 407 3809 detur,
438 3730 611 3812 quod
640 3730 688 3789 si
720 3727 927 3789 neutri
956 3731 1201 3788 constat
1229 3732 1437 3788 utrum
1467 3727 1731 3806 capitale

224 3824 403 3905 majus
430 3826 546 3901 sit,
593 3821 834 3902 possint
859 3839 993 3881 rem
1021 3821 1287 3881 fortunae
1316 3820 1726 3898 committere,

223 3924 276 3980 et
326 3919 399 3979 ad
460 3916 794 3979 vitandum
857 3912 1340 3992 computationis
1412 3912 1732 3974 fastidium

221 4016 529 4092 utrumque
566 4007 836 4088 capitale
878 4005 1147 4066 invicem
1193 4023 1540 4084 exponere,
1599 4006 1730 4067 sive

220 4105 459 4184 aequalia
487 4104 621 4164 sive
650 4099 983 4179 inaequalia
1011 4097 1154 4173 sint,
1180 4101 1250 4158 ut
1268 4115 1409 4157 cum
1431 4098 1567 4158 aliis
1583 4116 1733 4159 con-

219 4198 365 4259 cedit
391 4196 622 4261 Sanch.
655 4194 808 4255 dub.
841 4207 1020 4253 xv111.
1056 4208 1228 4250 num.
1253 4194 1312 4252 2.
1347 4190 1607 4263 Quando
1624 4210 1731 4252 ve-

216 4307 278 4351 ro
303 4288 639 4350 nihilaliud
668 4286 916 4361 dicunt,
949 4283 1070 4344 nisi
1097 4301 1409 4361 exponere
1438 4284 1726 4361 capitale,

217 4400 325 4443 non
352 4401 528 4461 posse
558 4385 763 4442 totum
790 4376 1022 4438 lucrari
1042 4423 1058 4453 ,
1092 4376 1204 4455 qui
1232 4375 1494 4456 capitale
1524 4376 1729 4437 minus

216 4474 489 4553 babebat,
525 4475 760 4536 docent
785 4470 1139 4532 Ludovicus
1166 4472 1370 4547 Lopez
1394 4515 1410 4545 ,
1445 4470 1723 4547 Alcozer‚

215 4569 384 4629 etalii
414 4566 872 4639 communiter,
932 4582 1090 4643 quos
1118 4563 1300 4623 affert
1343 4567 1407 4622 et
1449 4562 1730 4640 sequitur

213 4661 424 4723 Sanch.
456 4661 545 4721 ibi
576 4676 752 4720 num.
787 4660 845 4719 1.
880 4657 1155 4728 Quorum
1187 4654 1560 4716 sententiam
1589 4654 1728 4734 reji-

212 4772 336 4813 cere
358 4755 609 4816 videtur
627 4751 825 4812 Diana
854 4766 899 4810 1.
932 4754 1104 4809 tomo
1121 4751 1300 4809 tract.
1325 4746 1394 4807 de
1420 4748 1727 4808 contracti-

212 4845 300 4906 bus
324 4867 440 4909 res.
471 4850 573 4908 66.
606 4849 670 4906 et
695 4848 773 4905 tr.
799 4859 894 4902 111.
927 4840 1162 4901 miscell.
1198 4858 1317 4900 reS.
1342 4844 1401 4901 4.
1431 4841 1539 4901 ubi
1566 4842 1726 4902 forte

208 4958 310 5018 per
350 4956 628 5001 errorem
684 4935 905 4997 eadem
950 4933 1243 4994 resolutio
1301 4937 1434 4994 tota
1489 4933 1725 4994 eisdem

207 5033 397 5093 verbis
423 5028 801 5109 transcripta
834 5031 930 5088 est
974 5045 987 5087 z
1040 5030 1104 5087 et
1128 5027 1308 5085 affert
1337 5043 1448 5104 pro
1479 5044 1544 5085 se
1574 5030 1727 5087 Azo-

208 5124 357 5185 rium
383 5124 445 5186 d.
477 5123 587 5184 lib.
622 5123 698 5183 V.
732 5138 788 5181 c.
821 5136 965 5180 xxv.
999 5122 1140 5197 q.7.
1176 5118 1301 5179 Sed
1330 5121 1494 5178 Azor
1522 5118 1724 5179 solum

207 5218 499 5295 approbat
526 5212 902 5276 sententiam
935 5210 1246 5272 Francisci
1271 5211 1504 5270 Garziae
1534 5229 1723 5290 quem

205 5310 361 5385 citat,
392 5309 560 5371 circa
588 5306 955 5386 sponsiones
978 5349 994 5381 ,
1038 5303 1116 5364 de
1157 5302 1381 5382 quibus
1408 5303 1472 5362 id
1502 5303 1724 5365 Garzia

203 5402 463 5465 affirmat
488 5402 597 5464 illo
641 5420 698 5462 c.
730 5415 904 5462 xuu.
935 5415 1108 5460 num.
1140 5401 1200 5458 7.
1250 5395 1358 5457 ubi
1404 5395 1605 5474 magis
1634 5396 1721 5457 vi-

3263 215 3380 273 515

1847 379 2032 441 detur
2082 380 2254 462 loqui
2311 381 2371 441 in
2429 382 2630 461 primo
2678 400 2826 443 casu
2876 384 3129 463 quando
3161 391 3382 448 neuter

1847 473 1964 535 scit
1991 492 2316 534 excessum
2345 475 2627 554 capitalis
2649 521 2667 552 ,
2710 481 2773 537 ct
2799 480 3064 556 uterque
3093 497 3158 540 se
3187 480 3383 541 sortu-

1848 585 1943 626 nae
1973 567 2262 644 exponit,
2314 571 2376 628 et
2403 571 2566 629 Azor
2605 568 2884 648 loquitur
2909 570 2987 629 de
3016 571 3162 632 solis
3189 590 3386 651 spon-

1846 660 2146 720 sionibus,
2182 661 2381 721 Affert
2407 660 2595 721 etiam
2625 661 2841 737 Diana,
2862 664 3093 725 Bonac.
3125 665 3377 746 disp.11.

1846 751 1917 813 de
1943 751 2330 813 contractibus
2358 772 2463 831 qu.
2499 769 2591 814 111.
2631 773 2781 832 pun.
2815 758 2875 815 2.
2909 756 3018 816 sed
3047 757 3131 816 ibi
3160 776 3382 818 revera

1847 863 1971 906 non
1998 845 2252 906 disentit
2278 865 2316 906 a
2344 845 2547 923 prima
2572 846 2882 907 sententia
2912 866 2926 907 ε
2982 850 3184 910 solum
3214 851 3381 911 enim

1847 939 2018 1015 dicit,
2054 938 2105 997 si
2137 939 2297 1000 alter
2323 939 2500 1017 cujus
2529 940 2795 1016 capitale
2823 939 3027 1019 majus
3057 947 3184 1018 est,
3217 944 3384 1005 norit

1847 1031 2336 1111 inaequalitatem
2359 1037 2421 1093 et
2455 1033 2839 1109 consentiat,
2891 1051 3073 1111 posse
3116 1036 3382 1098 alterum

1849 1124 2078 1185 lucrari
2112 1144 2125 1184 :
2163 1124 2464 1202 alioquin,
2500 1143 2613 1202 per
2639 1144 2704 1185 se
2733 1126 3070 1205 loquendo,
3097 1147 3222 1189 non
3243 1148 3384 1208 pos·

1849 1237 1937 1279 se.
1973 1217 2150 1291 Quod
2183 1217 2438 1297 quidem
2470 1218 2700 1279 Sanch.
2727 1219 2911 1279 etalii
2945 1225 3232 1282 auctores
3262 1223 3385 1301 pri-

1847 1328 1967 1371 moe
2016 1309 2340 1371 sententiae
2385 1328 2509 1370 non
2563 1311 2905 1388 negabunt.
2969 1313 3089 1374 Sed
3122 1314 3382 1374 dubium

1849 1408 1975 1474 θείς
2010 1402 2263 1482 quando
2301 1402 2440 1463 talis
2470 1420 2808 1464 consensus
2837 1422 2962 1466 non
2991 1405 3380 1484 exprimitur,

1847 1496 1957 1557 sed
1989 1496 2193 1556 solum
2235 1495 2395 1556 alter
2421 1496 2681 1575 exponit
2706 1501 2907 1558 totum
2936 1517 3118 1558 suum
3148 1501 3386 1578 capita-

1846 1590 1927 1664 le,
1961 1591 2024 1649 et
2051 1588 2211 1647 aller
2237 1592 2544 1665 acceptat,
2577 1588 2640 1647 in
2672 1607 2797 1667 quo
2827 1608 2976 1650 casu
3009 1609 3134 1651 non
3166 1591 3382 1654 dubito

1846 1681 2141 1744 standum
2168 1698 2305 1741 esse
2334 1680 2584 1759 capitali
2612 1681 2838 1742 minori
2856 1701 2871 1755 ;
2888 1682 3037 1762 quia
3057 1683 3175 1745 nisi
3202 1704 3384 1764 spon-

1846 1778 1905 1836 te
1935 1775 2120 1835 cedat
2140 1773 2282 1853 jure
2313 1792 2461 1850 suc,
2522 1774 2631 1853 qui
2670 1774 2810 1852 plus
2855 1777 3139 1854 pecuniae
3169 1777 3380 1855 habet,

1846 1871 2137 1929 censetur
2162 1866 2321 1927 velle
2350 1866 2771 1947 aequalitatem
2799 1871 3175 1943 contractuS,
3209 1875 3272 1932 et
3297 1869 3385 1933 ita

1844 1960 1974 2021 vidi
2002 1978 2251 2039 semper
2279 1958 2340 2019 in
2371 1959 2549 2038 praxi
2579 1958 2941 2037 observari,
3003 1980 3146 2022 cum
3175 1963 3385 2024 adhuc

1844 2053 2162 2115 saecularis
2188 2052 2550 2113 ludentibus
2578 2052 2968 2114 interessem.
3003 2055 3073 2115 In
3101 2056 3386 2135 sponsio-

1843 2147 1962 2208 bus
2006 2146 2166 2208 solet
2219 2145 2583 2225 frequenter
2610 2145 2839 2225 aliquis
2887 2149 3192 2227 majorem
3219 2167 3385 2211 sum-

1843 2258 2013 2301 mam
2041 2243 2259 2301 contra
2285 2239 2594 2299 minorem
2625 2257 2936 2317 exponere
2966 2246 3224 2320 propter
3249 2261 3385 2303 ma-

1837 2331 2045 2413 jorem
2073 2350 2251 2411 spem
2277 2332 2388 2407 rei,
2421 2350 2535 2411 pro
2567 2350 2693 2411 qua
2707 2332 3269 2414 spondetzsemper
3294 2340 3384 2397 ta-

1843 2444 1988 2487 men
2018 2426 2083 2486 id
2104 2424 2496 2503 exprimitur.

1922 2519 2203 2581 Tertium
2233 2516 2494 2578 dubium
2524 2535 2660 2578 esse
2693 2522 2932 2597 potest,
2966 2538 3044 2580 an
3075 2519 3242 2583 licite
3271 2523 3383 2584 flat
3529 2541 3607 2601 52

1842 2613 1962 2674 hoc
2004 2615 2257 2689 pactum
2303 2627 2317 2675 ε
2376 2612 2596 2671 Petrus
2644 2610 2803 2672 ludit
2856 2630 2971 2690 pro
3025 2631 3092 2673 se
3148 2617 3211 2674 et
3264 2632 3377 2693 pro
3429 2666 3467 2709 A
3619 2668 3651 2709 ,t

1839 2708 1873 2769 J
1881 2723 2105 2781 oanne,
2128 2704 2218 2765 ita
2244 2708 2315 2765 ut
2342 2703 2668 2764 dimidiam
2690 2702 2954 2783 jacturae
2976 2706 3377 2769 solvatJoan-
3430 2679 3727 2774 pfaffiheffi

1840 2818 1980 2872 nes;
2040 2796 2195 2857 lucri
2238 2815 2388 2857 vero
2429 2797 2681 2858 tertiam
2726 2799 2929 2859 solum
2973 2805 3218 2878 partem
3264 2800 3379 2861 ha·
3430 2782 3726 2881 αιῗῖοἷὲἶὲἑη

1839 2892 2025 2953 beat?
2076 2890 2437 2968 Respondet
2483 2890 2765 2952 Sanchez
2810 2891 2960 2953 dub.
2994 2909 3172 2955 xxm.
3232 2913 3376 2956 cum
3429 2881 3723 2981 ¹¹¹¹ss¹¹cssgffissff¹²¹

1839 2985 2101 3045 Alcozer
2127 2981 2198 3042 de
2225 2981 2359 3042 ludo
2386 3001 2526 3061 cap.
2559 3000 2724 3044 xuv.
2772 2988 3025 3062 pactum
3071 2985 3192 3047 boc
3220 2986 3376 3066 inju-

1836 3083 2002 3139 stum
2047 3093 2215 3152 esse,
2267 3075 2382 3136 nisi
2427 3076 2586 3138 forte
2616 3079 2836 3139 Petrus
2880 3077 3105 3140 subeat
3131 3079 3378 3158 pericu-

1836 3171 1966 3232 lum
1995 3168 2278 3231 solvendi
2305 3187 2559 3248 poenam
2581 3216 2597 3242 ,
2652 3170 2702 3230 si
2729 3169 2913 3231 ludus
2939 3176 3074 3233 erat
3099 3172 3373 3251 prohibi·

1833 3268 1955 3340 tus,
1991 3280 2131 3341 quae
2160 3261 2414 3340 quidem
2442 3281 2630 3341 piena
2660 3281 2697 3322 a
2723 3264 2854 3324 solo
2887 3265 3070 3326 Petro
3117 3265 3372 3327 ludente

1834 3354 2139 3432 exigetur,
2177 3371 2299 3414 non
2331 3373 2367 3413 a
2394 3355 2659 3432 Joanne‚
2693 3356 2871 3434 cujus
2887 3356 3022 3417 vice
3041 3358 3220 3419 ludit.
3255 3360 3371 3419 Ra-

1830 3447 1918 3509 tio
1946 3451 2158 3508 autem
2186 3446 2429 3508 desumi
2457 3452 2661 3526 potest
2689 3466 2762 3508 ex
2793 3448 2972 3510 dictis
3002 3450 3374 3530 disputatio-

1832 3559 1912 3601 ne
1939 3539 2320 3618 praecedenti
2351 3560 2364 3599 :
2399 3540 2501 3600 hic
2531 3540 2698 3600 enim
2746 3544 2839 3601 est
2883 3548 3240 3605 contractus
3266 3562 3368 3606 so-

1833 3632 2096 3709 cietatis,
2129 3633 2195 3692 in
2227 3651 2351 3711 qua
2380 3633 2585 3693 socius
2615 3652 2793 3712 aeque
2840 3634 3028 3696 debet
3072 3636 3150 3697 de
3196 3637 3370 3698 lucro

1832 3729 1895 3786 et
1923 3725 2001 3785 de
2030 3725 2261 3785 damno
2290 3725 2687 3804 participare.
2721 3728 3029 3788 Caeterum
3051 3746 3126 3788 ex
3149 3729 3372 3790 eadem

1832 3818 2117 3879 doctrina
2160 3818 2445 3878 excusari
2492 3820 2722 3897 poterit
2766 3837 2931 3899 saepe
2968 3827 3218 3900 pactum
3250 3821 3370 3883 hoc

1829 3912 1911 3973 ab
1939 3910 2244 3990 injustitia
2277 3930 2291 3971 ε
2327 3911 2475 3990 quia
2501 3911 2566 3970 in
2595 3912 2891 3973 societate
2915 3957 2931 3989 ,
2975 3913 3081 3992 qui
3112 3931 3369 3991 operam

1830 4009 1895 4067 et
1921 4002 2295 4065 industriam
2324 4004 2621 4083 apponit,
2671 4009 2736 4065 et
2758 4023 3010 4066 rursum
3038 4006 3368 4069 dimidium

1830 4096 2136 4177 capitalis,
2169 4097 2307 4176 plus
2336 4096 2524 4158 debet
2554 4097 2633 4158 de
2660 4098 2833 4159 lucro
2865 4099 3272 4178 participare,
3306 4106 3369 4165 et

1828 4190 2035 4250 minus
2065 4188 2278 4249 damni
2308 4190 2538 4251 sentire
2570 4237 2586 4267 ,
2649 4209 2792 4251 cum
2840 4210 3088 4272 semper
3124 4193 3370 4257 amittat

1829 4300 2088 4362 operam
2119 4286 2183 4343 et
2207 4282 2603 4345 industriam.
2636 4286 2847 4345 Potest
2873 4303 3022 4363 ergo
3051 4287 3369 4365 continge-

1829 4394 1932 4453 re,
1966 4376 2136 4455 quod
2167 4394 2359 4455 opera
2387 4380 2450 4437 et
2472 4376 2776 4438 industria
2807 4378 2970 4438 Petri
2998 4379 3061 4438 in
3092 4379 3239 4439 ludo
3271 4381 3366 4440 di-

1827 4488 1954 4549 gna
1981 4469 2061 4529 sit
2082 4472 2215 4529 tota
2242 4469 2347 4529 illa
2376 4469 2784 4531 retributione
2805 4516 2821 4545 ,
2854 4489 2914 4531 v.
2948 4490 3010 4548 g.
3041 4471 3093 4531 si
3122 4473 3184 4531 in
3213 4472 3363 4534 ludu

1826 4563 1970 4643 pilae
1999 4567 2253 4624 strenue
2283 4566 2491 4639 partes
2538 4581 2795 4624 suorum
2851 4564 3163 4624 sociorum
3191 4570 3362 4627 tuea-

1825 4661 1965 4732 tur,
2018 4656 2125 4734 qui
2173 4655 2393 4715 merito
2416 4701 2431 4730 ,
2465 4659 2536 4715 ut
2573 4656 2746 4716 illum
2792 4657 3028 4716 socium
3060 4657 3356 4735 habeant,

1827 4753 2087 4827 possunt
2130 4747 2294 4807 hanc
2349 4747 2435 4807 illi
2489 4748 2942 4826 indulgentiam
2989 4750 3359 4812 concedere.

1828 4844 2008 4920 Saepe
2038 4840 2228 4902 etiam
2256 4858 2331 4900 ex
2370 4839 2741 4902 liberalitate
2769 4844 2801 4903 J
2810 4842 3027 4901 oannis
3063 4842 3183 4904 hoc
3220 4863 3360 4923 pro-

1825 4935 2035 4995 veniet
2065 4951 2080 4997 :
2131 4934 2290 4994 solet
2325 4932 2492 4993 enirn
2520 4936 2937 4996 communiter
2962 4934 3013 4994 is
3043 4934 3219 5014 cujus
3248 4956 3362 4999 no-

1823 5026 1991 5087 mine
2019 5026 2178 5086 alius
2204 5025 2371 5102 lusit,
2405 5026 2640 5087 donare
2669 5031 2911 5105 partem
2940 5027 3096 5089 lucri
3121 5029 3360 5093 ludenti

1822 5119 2235 5180 retributione
2263 5120 2559 5197 gratuita,
2616 5118 2763 5180 licet
2808 5119 2961 5179 nihil
3005 5121 3067 5181 in
3108 5121 3355 5201 jactura

1822 5211 2145 5273 debuisset
2168 5211 2587 5290 participare:
2635 5231 2828 5291 quare
2861 5230 2985 5273 non
3036 5220 3133 5277 est
3178 5215 3358 5279 facile

1819 5309 2072 5384 pactum
2100 5304 2253 5364 illud
2286 5304 2715 5366 universaliter
2743 5305 3194 5370 damnandum.

1899 5398 2240 5461 Occasione
2269 5396 2553 5476 ejusdem
2581 5397 2978 5478 conditioniS,
2999 5402 3195 5480 quaeri
3221 5420 3360 5481 pos·
