4263 6376
1172 370 1650 434 DISPUTATIO
1692 372 1965 450 xxvm,
2013 365 2294 439 SECTIO
2337 377 2469 440 VII.

270 537 652 617 extinguendo
683 541 834 601 illud
864 588 881 618 ,
922 547 986 604 et
1014 544 1280 607 volendo
1329 546 1499 626 quod
1543 550 1761 608 Petrus

272 630 384 692 nihil
452 632 729 711 amplius
771 633 1017 697 debeat.
1073 639 1202 699 Hoc
1245 644 1454 701 autem
1498 658 1622 700 non
1670 644 1764 700 est

271 723 381 784 dare
429 722 673 803 aliquid
727 728 942 803 Petro,
1001 747 1124 809 quo
1166 730 1270 790 ille
1321 732 1516 809 possit
1564 733 1762 794 extin-

268 833 415 895 guere
441 834 631 876 suum
662 817 971 896 debitum,
1006 822 1154 899 quia
1180 842 1297 884 nec
1317 826 1537 885 Petrus
1555 828 1762 903 potest

270 907 400 968 alteri
429 908 710 970 vendere
751 930 932 971 suam
974 913 1407 975 liberationem
1455 916 1754 993 habitam,

271 1017 352 1059 nec
374 999 562 1059 etiam
590 1002 643 1061 si
672 1021 814 1062 eam
843 1005 1184 1082 venderet,
1217 1012 1429 1087 posset
1455 1010 1655 1087 pretio
1683 1010 1759 1069 il-

269 1090 351 1150 lius
395 1092 765 1173 extinguere
820 1115 1003 1157 suum
1046 1097 1325 1160 debitum
1369 1101 1574 1179 priuS,
1617 1120 1759 1162 cum

264 1180 362 1260 jam
381 1184 533 1244 illud
584 1186 925 1249 extinctum
967 1195 1131 1252 esset
1169 1209 1284 1269 per
1325 1192 1759 1254 liberationem

269 1276 686 1352 precedentem
720 1299 734 1340 t
772 1299 895 1340 non
926 1300 1076 1360 ergo
1120 1282 1357 1363 aliquid
1396 1285 1623 1363 accipit
1649 1287 1760 1346 Pe·

268 1371 384 1442 trus,
411 1387 536 1448 quo
568 1388 717 1430 vere
747 1372 951 1433 solvat
986 1374 1072 1435 ibi
1109 1376 1383 1453 primum
1421 1376 1703 1437 debitum
1739 1397 1752 1438 :

267 1459 470 1521 liberari
517 1463 690 1523 enim
734 1465 814 1524 ab
861 1465 965 1525 illo
1013 1485 1138 1527 non
1170 1472 1264 1529 est
1293 1487 1438 1528 vere
1487 1469 1752 1545 solvere,

266 1556 413 1630 atquc
439 1553 582 1616 ideo
608 1556 836 1618 solutio
869 1558 1102 1620 cambii
1144 1578 1270 1621 non
1302 1564 1396 1622 est
1422 1580 1573 1622 vera
1596 1608 1612 1639 ,
1646 1563 1757 1622 sed

264 1655 392 1717 ficta.

322 1750 590 1813 Secundo
614 1800 630 1829 ‚
684 1754 832 1833 quia
871 1758 942 1817 ut
979 1759 1196 1818 Petrus
1236 1757 1440 1821 solvat
1474 1777 1622 1820 vere
1653 1759 1687 1820 J
1696 1777 1755 1819 o-

263 1844 376 1902 anni
401 1843 732 1907 Placentiae
755 1893 770 1922 ,
805 1865 1059 1909 necesse
1087 1854 1182 1911 est
1210 1851 1378 1930 quod
1425 1851 1759 1912 transferat

261 1935 306 1994 in
329 1937 623 1997 Joannem
653 1940 924 2019 aliquid,
960 1943 1128 2020 quod
1174 1943 1346 2022 prius
1375 1948 1509 2005 erat
1553 1943 1614 2003 in
1645 1943 1759 2004 do-

261 2027 415 2087 minio
445 2027 636 2107 ipsius
667 2032 854 2092 Petri.
891 2033 993 2093 Sic
1039 2034 1205 2094 enim
1235 2035 1484 2114 quando
1531 2035 1760 2114 accipit

259 2119 523 2195 pecunias
551 2139 589 2181 a
611 2122 645 2183 J
653 2140 857 2184 oanne
893 2124 1226 2186 Placentiae
1251 2172 1266 2201 ,
1309 2125 1535 2205 quibus
1562 2127 1759 2205 possit

258 2210 321 2270 ibi
345 2212 582 2273 solvere
609 2215 885 2293 primum
917 2218 1234 2277 cambium
1263 2217 1484 2279 initum
1514 2221 1752 2295 Romae,

256 2303 397 2381 prius
424 2304 793 2386 intelligitur
823 2310 1043 2369 Petrus
1073 2311 1270 2371 sactus
1287 2310 1575 2372 dominus
1595 2311 1757 2386 illius

257 2397 505 2472 pecuniae
537 2399 617 2458 ad
647 2400 997 2460 secundum
1026 2402 1345 2462 cumbium
1375 2407 1670 2482 acceptas,
1697 2407 1759 2464 et

253 2507 341 2566 pro
358 2489 458 2551 illo
475 2491 652 2569 signo
682 2491 1047 2572 intelligitur
1066 2494 1293 2556 debere
1314 2497 1347 2557 J
1353 2497 1540 2556 oanni
1561 2497 1751 2572 mille,

255 2598 450 2661 nempe
480 2584 649 2644 mille.
681 2604 755 2644 ex
787 2585 977 2664 priori
1008 2587 1252 2648 cambio
1283 2588 1564 2648 nondum
1594 2590 1756 2648 solu-

252 2678 318 2746 ta,
347 2681 404 2734 et
431 2676 598 2736 mille
625 2677 749 2737 alia
788 2682 938 2738 tunc
979 2684 1241 2758 accepta
1284 2681 1364 2742 ad
1409 2681 1755 2741 secundum

252 2765 575 2838 cambium;
627 2775 846 2846 postea
877 2789 1022 2831 vero
1053 2770 1148 2830 his
1177 2772 1344 2832 mille
1374 2773 1559 2833 solvit
1585 2773 1755 2832 millu

250 2875 366 2936 quae
393 2858 664 2922 debebat
693 2880 767 2921 ex
798 2862 1001 2941 primo
1046 2863 1292 2924 cambio
1318 2909 1334 2941 ,
1385 2869 1448 2925 et
1474 2869 1756 2925 remanet

250 2949 470 3012 debitor
493 2953 741 3014 illorum
770 2954 940 3014 mille
969 2955 1405 3033 posteriorum.
1440 2957 1505 3017 In
1540 2962 1750 3016 nostro

247 3048 434 3102 autem
475 3063 623 3105 casu
670 3065 794 3107 non
825 3046 1075 3107 videtur
1113 3066 1297 3127 posse
1346 3051 1563 3119 Petrus
1610 3049 1747 3110 Pla-

247 3134 444 3196 centiae
471 3138 711 3199 solvere
743 3138 1016 3217 primum
1038 3139 1352 3201 cambium
1385 3161 1398 3203 ε
1434 3141 1578 3220 quia
1600 3140 1750 3203 nihil

247 3232 428 3304 potest
448 3229 532 3289 ibi
559 3232 896 3292 transferre
926 3233 988 3291 in
1017 3234 1050 3294 J
1058 3250 1347 3309 oannem,
1383 3233 1550 3314 quod
1579 3234 1751 3313 prius

247 3324 389 3381 esset
441 3322 500 3380 in
553 3323 831 3385 dominio
874 3324 1038 3386 Petri
1075 3345 1088 3385 z
1122 3324 1275 3385 illud
1329 3325 1495 3385 enim
1549 3328 1751 3387 solum

247 3412 553 3474 transferre
583 3419 807 3493 potest,
844 3417 1010 3495 quod
1043 3416 1175 3496 ipse
1204 3416 1290 3478 ibi
1319 3418 1562 3496 accepit
1585 3438 1625 3480 a
1649 3420 1683 3481 J
1691 3438 1751 3480 o·

244 3520 409 3580 anne,
443 3524 582 3566 cum
612 3508 765 3569 nihil
798 3508 968 3568 aliud
1000 3508 1086 3569 ibi
1129 3514 1521 3589 supponatur
1559 3511 1753 3572 habe-

245 3613 303 3655 re
330 3614 345 3659 ε
374 3598 521 3659 illud
543 3604 754 3660 autem
777 3647 793 3677 ,
829 3602 1000 3680 quod
1028 3601 1272 3681 accepit
1300 3603 1385 3663 ibi
1419 3621 1454 3663 a
1482 3606 1746 3680 Joanne,

245 3706 352 3748 non
379 3696 580 3767 potest
607 3693 667 3751 in
699 3712 846 3753 eum
891 3693 1271 3768 transferre3
1322 3695 1469 3774 quia
1517 3714 1641 3757 non
1682 3697 1753 3758 fit

242 3799 341 3859 pro
370 3783 573 3863 aliquo
606 3786 800 3863 priori
829 3785 1122 3846 dominus
1152 3787 1315 3848 illius
1349 3808 1362 3849 ε
1395 3788 1668 3868 alioquin
1701 3789 1748 3848 si

241 3877 555 3954 propriori
583 3878 764 3956 signo
814 3877 1181 3957 intelligitur
1225 3880 1516 3941 dominus
1560 3881 1744 3958 illius,

242 3971 557 4047 autequam
586 3969 740 4029 illud
767 3971 994 4031 reddat
1019 3973 1052 4033 J
1061 3973 1248 4033 oanni
1273 4019 1288 4049 ,
1340 3978 1402 4035 et
1431 3973 1752 4053 extinguat

238 4059 395 4136 prius
422 4060 735 4136 debitum;
769 4082 919 4142 ergo
968 4082 1080 4143 pro
1113 4065 1216 4127 illo
1244 4066 1423 4144 signo
1462 4066 1752 4144 intelligi-

239 4154 330 4210 tur
354 4151 576 4214 debere
606 4155 732 4216 duo
779 4155 974 4215 millia
1025 4175 1250 4235 nempe
1289 4158 1457 4218 mille
1485 4177 1559 4218 ex
1587 4176 1749 4219 novo

239 4244 486 4318 cambio,
521 4246 637 4306 sub
669 4247 838 4327 quod
866 4248 1163 4327 accepita
1183 4252 1217 4312 J
1225 4269 1425 4312 oanne
1448 4251 1600 4311 illud
1619 4269 1751 4311 cre-

239 4334 442 4412 ditum,
475 4342 538 4399 et
563 4339 732 4399 mille
761 4358 839 4399 ex
868 4340 1069 4418 primo
1100 4341 1366 4416 cambio,
1400 4343 1566 4422 quod
1597 4362 1753 4404 non-

237 4427 378 4488 dum
406 4430 763 4510 intelligitur
792 4433 1138 4494 extinctum
1170 4435 1371 4497 donec
1399 4436 1624 4498 reddat
1651 4438 1683 4499 J
1691 4454 1754 4495 o-

238 4521 376 4580 anni
402 4522 456 4582 id
486 4524 653 4602 quod
685 4524 765 4584 ab
794 4525 931 4603 ipso
965 4526 1192 4606 accipit
1232 4528 1312 4588 ad
1341 4528 1627 4607 primum
1645 4529 1756 4589 de-

234 4611 421 4674 bitum
450 4616 966 4694 extinguendum.
1002 4619 1068 4679 Si
1096 4624 1304 4681 autem
1334 4640 1448 4699 pro
1481 4640 1553 4682 eo
1576 4622 1756 4698 signo

236 4705 412 4767 debet
435 4708 558 4769 duo
614 4709 830 4786 millia,
856 4728 1105 4790 semper
1154 4713 1432 4774 manebit
1475 4712 1757 4792 ejusdem

232 4815 477 4861 summae
506 4800 754 4863 debitor
786 4823 800 4863 ε
834 4808 1052 4883 postea
1084 4804 1249 4864 enim
1280 4824 1401 4865 non
1423 4806 1631 4868 reddit
1653 4809 1757 4868 Jo-

235 4892 375 4951 anni
402 4894 651 4973 aliquid,
687 4914 810 4974 quo
841 4896 1014 4974 prius
1032 4896 1309 4958 debitum
1330 4899 1749 4976 extinguatur.

234 4984 380 5044 Peto
408 4987 587 5063 enim,
614 4987 767 5066 quid
789 4987 1038 5048 sitillud
1063 4990 1230 5069 quod
1260 4991 1340 5050 ad
1371 4991 1537 5051 hunc
1567 4992 1756 5052 finem

235 5075 475 5137 reddit?
501 5080 678 5142 Certe
709 5099 745 5138 a
773 5081 807 5139 J
817 5098 1019 5140 oanne
1050 5081 1250 5141 solum
1299 5083 1528 5162 accipit
1556 5083 1758 5143 credi-

234 5171 363 5226 tum
394 5169 571 5246 priuS,
606 5170 659 5230 si
689 5172 929 5250 aliquid
958 5173 1187 5251 accipit
1219 5193 1232 5233 :
1266 5174 1383 5235 hoe
1402 5180 1609 5236 autem
1634 5193 1758 5235 non

231 5264 431 5336 potest
454 5262 711 5323 reddere
741 5263 822 5323 ad
844 5264 1338 5342 extinguendum
1358 5267 1524 5327 idem
1555 5267 1757 5328 credi·

233 5355 388 5427 tum,
406 5357 464 5413 ut
487 5360 657 5433 patet
691 5375 705 5416 ε
741 5356 889 5435 quia
905 5357 953 5417 si
976 5357 1422 5420 redditJoanni
1453 5361 1759 5421 creditum

232 5445 404 5522 prius
425 5449 700 5525 pecunia:
732 5450 1102 5523 Placentioe;
1140 5470 1288 5529 ergo
1312 5456 1524 5513 manet
1541 5454 1760 5513 Petrus

231 5537 470 5598 debitor
489 5542 768 5620 ejusdem
793 5542 1079 5622 pecuniae
1092 5544 1424 5607 Placentia}
1444 5545 1758 5607 solvendae

3280 382 3397 440 423

1860 548 2022 610 sicut
2051 555 2258 625 antea,
2310 570 2455 612 nam
2505 552 2812 614 creditum
2860 557 2921 615 et
2949 553 3227 616 debitum
3256 559 3401 616 sunt

1860 643 2251 716 correlative,
2287 663 2402 705 nec
2432 651 2631 723 potest
2663 646 2832 705 idem
2856 648 3165 708 creditum
3195 649 3399 708 redire

1859 734 1940 794 ad
1968 736 2276 796 Joannem
2319 738 2468 816 quin
2498 740 2774 799 Joannes
2815 739 3048 801 habeat
3077 741 3244 800 idem
3266 743 3394 819 J'uS,

1861 827 2029 905 quod
2059 833 2244 889 antea
2274 828 2567 891 habebat.
2594 832 2853 892 Constat
2880 850 3053 910 ergo,
3087 833 3238 892 nihil
3262 834 3400 894 dari

1859 935 2042 995 posse
2070 921 2254 980 Petro
2285 939 2319 981 a
2349 923 2590 982 Joanne
2615 969 2629 998 ‚
2675 923 2843 1001 quod
2893 925 2973 984 sit
3002 924 3151 985 utile
3182 926 3262 985 ad
3294 944 3393 986 ex-

1857 1010 2271 1088 tinguendum
2323 1013 2595 1091 primum
2651 1016 3002 1088 cambium,
3065 1017 3114 1077 si
3187 1018 3396 1078 solum

1857 1100 2024 1161 idem
2053 1104 2358 1165 creditum
2387 1105 2557 1184 prius
2586 1108 2862 1168 Joannes
2907 1107 3177 1185 habeat,
3225 1109 3396 1188 quod

1859 1193 2010 1254 dare
2039 1196 2254 1274 possit.

1936 1289 2144 1348 Tertio
2174 1293 2379 1367 potest
2408 1290 2653 1352 diverso
2678 1338 2693 1368 ,
2743 1297 2806 1354 et
2849 1293 3163 1354 contrario
3203 1292 3392 1353 modo

1858 1380 2066 1458 urgeri
2099 1379 2219 1441 hoc
2242 1382 2447 1460 ipsum
2469 1389 2914 1461 argumentum
2951 1404 2964 1445 :
2999 1386 3269 1465 quiapro
3290 1386 3392 1446 illo

1858 1472 2036 1551 signo
2066 1491 2190 1553 quo
2221 1476 2495 1535 ,loannes
2544 1477 2838 1538 transfert
2883 1477 3034 1537 illud
3086 1478 3393 1539 creditum

1857 1564 1920 1624 in
1955 1568 2230 1640 Petrum,
2264 1568 2363 1627 vel
2395 1571 2614 1629 Petrus
2644 1569 3011 1647 intelligitur
3036 1570 3335 1630 liberatus
3357 1588 3394 1630 a

1856 1658 2058 1736 primo
2090 1657 2336 1735 debito,
2369 1660 2469 1720 vel
2514 1660 2791 1720 nondum
2838 1661 3157 1723 liberatus,
3205 1662 3272 1723 Si
3300 1662 3395 1721 in-

1857 1749 2157 1827 telligitur
2174 1751 2308 1828 jam
2335 1750 2632 1813 liberatus
2666 1773 2678 1812 :
2714 1771 2861 1831 ergo
2881 1771 3001 1813 non
3027 1758 3391 1824 est,neccsse

1858 1841 2026 1921 quod
2056 1847 2273 1919 postea
2316 1845 2534 1903 Petrus
2573 1843 2797 1904 reddat
2840 1845 3069 1906 Joanni
3117 1845 3179 1905 id
3223 1845 3391 1924 quod

1857 1933 2098 2012 abipso
2129 1934 2408 2014 accepit,
2462 1935 2541 1994 ad
2585 1936 3075 2014 extinguendum
3118 1937 3389 2016 primum

1857 2026 2173 2102 debitum,
2226 2027 2393 2105 quod
2435 2025 2570 2106 jam
2616 2029 2955 2088 extinctum
3001 2029 3386 2108 intelligitur,

1858 2123 2043 2197 atque
2074 2119 2215 2179 ideo
2248 2137 2371 2179 non
2403 2120 2631 2199 accipit
2663 2123 2880 2182 Petrus
2923 2139 2961 2182 a
3001 2123 3243 2183 Joanne
3273 2123 3387 2183 ali·

1857 2211 2008 2290 quid
2036 2211 2205 2290 quod
2235 2211 2287 2271 ei
2331 2213 2526 2290 possit
2575 2212 2841 2273 reddere
2886 2213 2967 2273 ad
3019 2214 3389 2275 solvendum

1856 2304 2026 2381 prius
2056 2303 2356 2379 debiturn,
2390 2308 2459 2365 ut
2488 2304 2795 2365 dicebam.
2833 2306 2896 2366 Si
2926 2325 3075 2366 vero
3107 2306 3387 2367 nondum

1856 2394 2223 2474 intelligitur
2267 2414 2380 2474 pro
2426 2414 2500 2456 eo
2548 2397 2725 2475 signo
2773 2397 3073 2458 liberatus
3102 2400 3321 2459 Petrus
3350 2417 3388 2459 a

1855 2487 2056 2564 primo
2107 2487 2353 2560 debito;
2405 2507 2553 2565 ergo
2601 2507 2723 2549 non
2770 2490 3089 2551 transtulit
3132 2491 3197 2549 in
3242 2508 3386 2549 eum

1852 2578 2127 2640 Joannes
2158 2598 2304 2640 vere
2350 2580 2655 2642 creditum
2702 2581 2870 2660 quod
2920 2581 3195 2643 habebat
3227 2602 3239 2642 ε
3275 2582 3387 2641 im-

1852 2672 2146 2753 possibile
2202 2671 2368 2731 euim
2417 2676 2510 2732 est
2556 2673 2861 2734 creditum
2908 2673 3060 2733 illud
3108 2673 3383 2752 prius-in

1852 2768 2105 2827 Petrum
2136 2764 2487 2839 transferri,
2528 2765 2676 2843 quin
2709 2783 2781 2824 eo
2811 2765 2946 2843 ipso
2977 2768 3197 2827 Petrus
3224 2765 3385 2826 liber

1851 2859 1931 2919 sit
1983 2875 2020 2916 a
2075 2857 2285 2917 debito
2343 2857 2854 2935 correspondenti
2909 2858 3016 2918 tali
3074 2858 3311 2920 credito
3361 2875 3378 2922 :

1851 2949 2174 3012 translatio
2204 2967 2352 3028 ergo
2393 2950 2496 3009 illa
2541 2951 2686 3010 ficta
2735 2950 2985 3012 omnino
3034 2955 3217 3013 estet
3257 2951 3379 3011 im-

1848 3042 2179 3122 possibilis,

1930 3134 2316 3214 Responderi
2344 3139 2555 3216 posset
2583 3135 2659 3196 ad
2684 3135 2818 3197 haec
2837 3136 3065 3213 omnia,
3088 3140 3377 3199 neutrum

1848 3245 1920 3287 ex
1971 3227 2066 3289 his
2120 3228 2380 3289 cambiis
2409 3248 2543 3289 esse
2586 3229 2819 3289 siccum
2844 3275 2858 3304 ,
2902 3229 3012 3289 sed
3043 3233 3377 3308 utrumque

1850 3338 1985 3380 esse
2037 3321 2226 3397 reale,
2288 3339 2431 3381 nam
2474 3323 2537 3381 in
2590 3322 2865 3382 secundo
2895 3325 3202 3399 JoanneS,
3236 3323 3381 3384 licet

1850 3431 1975 3473 non
2005 3413 2112 3475 det
2160 3414 2492 3476 Placentia>
2540 3418 2720 3476 Petro
2768 3414 3100 3493 pecuniam
3146 3416 3380 3475 realem

1849 3506 1931 3567 ad
1960 3506 2274 3567 cambium
2300 3526 2314 3579 ;
2361 3506 2469 3568 dat
2496 3512 2707 3569 tamen
2738 3507 2792 3566 ei
2824 3507 3155 3587 pecuniam
3185 3508 3379 3569 virtu-

1850 3600 2034 3676 alem,
2064 3599 2390 3661 liberando
2422 3619 2564 3661 eum
2590 3599 2667 3660 ab
2690 3599 3070 3683 obligatione
3098 3599 3377 3661 solvendi

1849 3692 2182 3754 Placentiae
2212 3693 2380 3771 quod
2419 3692 2727 3769 debebat,
2780 3712 2888 3753 seu
2931 3692 3218 3753 habendo
3266 3709 3379 3771 pro

1849 3785 2050 3846 soluto
2079 3784 2185 3845 illo
2217 3785 2407 3863 priori
2440 3785 2649 3847 debito
2685 3806 2698 3848 ε
2734 3804 2857 3845 non
2906 3786 2992 3846 ita
3028 3785 3283 3865 quidem
3313 3788 3382 3846 ut

1847 3878 2043 3957 possit
2071 3880 2290 3938 Petrus
2322 3879 2650 3940 Placentiae
2685 3878 2949 3938 reddere
2977 3880 3010 3940 J
3019 3878 3207 3939 oanni
3246 3895 3383 3938 cre-

1849 3970 2049 4031 ditum
2096 3969 2264 4030 idem
2312 3970 2481 4049 quod
2531 3970 2611 4030 ab
2642 3989 2715 4030 eo
2746 3971 2989 4050 accepit
3017 3970 3096 4030 ad
3142 3970 3382 4030 solven-

1849 4062 1998 4123 dum
2028 4063 2114 4124 ita
2145 4063 2414 4142 primum
2446 4063 2730 4125 debitum
2762 4083 2775 4124 :
2811 4063 2930 4123 boc
2961 4065 3127 4124 enim
3158 4068 3252 4124 est
3271 4062 3381 4123 im-

1848 4155 2163 4235 possibile,
2200 4161 2267 4218 ut
2293 4156 2595 4233 vidimuS,
2632 4175 2774 4216 cum
2797 4155 2931 4233 jam
2961 4157 3241 4218 debitum
3270 4174 3383 4235 per

1850 4247 2022 4308 illam
2066 4247 2499 4309 liberationem
2548 4254 2610 4310 et
2656 4250 2999 4309 cessionem
3043 4250 3383 4310 extinctum

1851 4341 1964 4413 sit;
1999 4341 2107 4400 sed
2137 4341 2225 4401 ita
2254 4346 2321 4401 ut
2349 4360 2461 4419 per
2492 4342 2841 4421 ipsammet
2867 4341 3212 4402 cessionem
3254 4360 3383 4402 cre-

1853 4433 1964 4494 diti
2009 4433 2355 4494 formaliter
2395 4433 2675 4495 debitum
2738 4433 2909 4512 prius
2963 4434 3232 4494 solutum
3278 4433 3378 4509 sit,

1854 4528 2162 4604 quatenus
2190 4525 2458 4586 habetur
2480 4544 2594 4604 pro
2625 4526 2825 4587 soluto
2859 4526 2969 4601 ibi,
2996 4544 3136 4605 quae
3167 4529 3260 4587 est
3289 4544 3384 4586 so-

1852 4618 2005 4679 lutio
2035 4617 2533 4679 virtualiS.Unde
2564 4619 2834 4697 prImum
2853 4617 3041 4678 etiam
3071 4618 3383 4679 cambium

1855 4711 2141 4788 arguitur
2190 4710 2378 4770 fuisse
2418 4711 2587 4771 reale
2636 4715 2698 4771 et
2723 4729 2942 4771 verum
2987 4731 3000 4771 ε
3050 4711 3197 4790 quia
3242 4711 3388 4774 licet

1857 4805 2075 4865 Petrus
2102 4821 2226 4864 non
2262 4803 2514 4863 solverit
2554 4804 2851 4882 pecunias
2892 4804 3091 4864 reales
3133 4804 3387 4864 Placen-

1856 4896 1956 4959 tiae
1984 4896 2254 4972 Joanni,
2304 4895 2672 4975 intelligitur
2722 4901 2934 4957 tamen
2982 4895 3241 4957 solvisse
3271 4897 3387 4956 vir-

1855 4989 2125 5065 tualiter,
2184 4994 2494 5067 quatenus
2548 4989 2884 5067 obligando
2917 5008 2982 5049 se
3030 4989 3112 5048 ad
3154 5007 3386 5049 novum

1858 5081 2175 5143 cambium
2194 5128 2209 5157 ,
2244 5082 2512 5143 redemit
2541 5081 2986 5160 obligationem
3018 5084 3079 5142 et
3108 5080 3388 5141 debitum

1858 5174 2040 5254 primi
2072 5174 2299 5234 cambii
2333 5194 2346 5235 :
2381 5174 2486 5235 illa
2507 5175 2737 5253 quippe
2757 5174 3053 5253 obligatio
3072 5173 3152 5234 ad
3173 5192 3389 5233 secun-

1858 5268 2008 5327 dum
2037 5267 2354 5328 cambium
2382 5273 2476 5329 est
2519 5268 2755 5347 aliquid
2786 5268 3166 5348 aequivalens
3196 5285 3387 5345 pecu-

1859 5360 1999 5434 niis,
2034 5378 2189 5438 quas
2216 5359 2304 5419 ibi
2330 5364 2542 5439 posset
2570 5361 2813 5421 solvere
2837 5408 2852 5438 ,
2899 5364 3087 5439 atque
3118 5360 3274 5420 adeo
3307 5377 3392 5421 33-

1859 5452 2250 5532 quivalenter
2278 5457 2339 5514 et
2357 5453 2707 5515 virtualiter
2726 5454 2982 5516 solvisse
3002 5453 3247 5515 videtur
3271 5452 3391 5534 pri-

1857 5563 2032 5605 mum
2063 5546 2401 5610 cambium.

3519 3148 3598 3209 95
