4263 6376
624 885 701 943 23

530 1065 650 1106 testis
668 1062 820 1118 aliquid

527 1128 601 1172 pro
630 1117 822 1160 testimo-

528 1170 598 1213 nio
615 1170 818 1226 accipere.

513 4403 580 4447 Ad
607 4403 704 4459 quid
739 4408 807 4447 le-

513 4463 814 4575 ffit‘affi·

539 4567 782 4607 testificatus

540 4624 604 4662 est
623 4620 791 4662 salsum.

870 341 988 405 ⁸166

873 516 1091 597 plicari
1121 516 1378 595 possent
1409 529 1422 577 t
1457 513 1603 595 quia
1632 531 1707 577 eo
1741 514 1873 596 ipse
1904 513 2076 594 quod
2103 513 2250 576 testi
2271 532 2415 575 cum

872 610 981 673 illa
1008 609 1345 671 reflexione
1367 607 1801 689 juramentum
1826 608 2210 685 consulere5‚
2262 607 2416 669 inci-

874 708 1053 783 peret
1082 703 1344 764 fortasse
1374 702 1716 763 formidare
1747 703 1823 763 de
1845 702 2112 764 falsitate
2135 719 2264 762 suae
2286 702 2417 761 exi-

874 795 1273 857 stimationiS.

953 888 1286 949 Dubitatur
1316 888 1520 964 tertio,
1558 891 1767 950 utrum
1795 887 1982 949 liceat
2010 887 2152 949 testi
2184 905 2297 968 pro
2330 892 2414 949 te-

872 982 1166 1044 stimonio
1197 982 1455 1042 ferendo
1494 980 1730 1059 aliquid
1760 981 2068 1058 accipere.
2133 983 2410 1060 Respon-

872 1074 1055 1136 detur
1081 1075 1321 1154 primo,
1355 1091 1536 1153 posse
1568 1092 1682 1153 pro
1711 1074 1927 1135 labore
1957 1074 2199 1135 itineris
2224 1121 2239 1151 ‚
2302 1094 2414 1154 pro

872 1167 1182 1249 expensis,
1215 1171 1278 1228 et
1303 1167 1478 1227 lucro
1509 1170 1815 1245 cessante,
1840 1168 1937 1227 vel
1962 1167 2193 1228 damno
2211 1185 2415 1228 emer-

868 1263 1076 1342 gente.
1110 1263 1423 1322 Navarrus
1452 1277 1590 1340 cap.
1624 1277 1767 1323 xxv.
1803 1275 1974 1321 num.
2015 1265 2150 1324 148.
2185 1263 2418 1322 Covar-

870 1355 1082 1416 ruvias
1112 1354 1170 1414 in
1202 1353 1408 1434 reyula
1426 1362 1765 1434 peccatum,
1821 1356 1981 1432 part.
2020 1355 2094 1415 11.
2128 1373 2279 1433 pun.
2316 1371 2409 1414 111.

871 1466 1044 1509 num.
1078 1452 1138 1508 2.
1174 1448 1404 1508 Molina
1433 1449 1479 1508 Ι.
1513 1450 1599 1507 tc.
1632 1446 1911 1528 dejustit.
1950 1446 2110 1525 disp.
2146 1463 2406 1508 xxxvm.

869 1541 1085 1617 verbo,
1118 1539 1188 1600 de
1215 1547 1370 1601 teste.
1406 1540 1753 1601 Dicendum
1784 1540 2082 1616 secundO,
2118 1558 2229 1617 pro
2260 1540 2414 1600 falso

867 1633 1230 1696 testimonio
1277 1634 1536 1693 ferendo
1584 1633 1738 1693 nihil
1779 1651 1961 1711 posse
1991 1633 2158 1693 licite
2188 1633 2410 1712 accipi,

872 1727 1020 1807 quia
1062 1727 1392 1787 ordinatur
1437 1726 1517 1786 ad
1561 1727 1752 1786 finem
1781 1726 2115 1786 intrinsece
2151 1727 2409 1803 malum,

872 1823 935 1881 et
959 1818 1216 1899 quidem
1247 1819 1419 1899 quod
1446 1818 1536 1879 sio
1567 1822 1891 1898 acceptum
1923 1823 2016 1880 est
2047 1866 2061 1895 ,
2106 1817 2295 1879 debet
2322 1836 2415 1879 re·

872 1912 1041 1973 stitui
1074 1918 1218 1973 ante
1248 1912 1677 1974 testimonium
1706 1911 2090 1991 praestitum;
2152 1916 2294 1990 post
2320 1911 2411 1972 fa-

873 2008 1043 2066 ctum
1071 2007 1284 2066 tamen
1333 2021 1459 2065 non
1505 2004 1695 2066 debet
1723 1999 1992 2082 restitui,
2020 2004 2203 2085 juxta
2232 2023 2416 2084 regu-

870 2099 998 2158 lam
1048 2097 1410 2176 generalem
1431 2143 1446 2173 ,
1509 2097 1680 2177 quod
1736 2101 1995 2176 accepta
2043 2099 2122 2158 ob
2166 2101 2415 2177 turpem

871 2190 1136 2252 densam
1161 2238 1176 2268 ,
1211 2210 1269 2252 v.
1306 2210 1368 2270 g.
1402 2191 1483 2252 ob
1514 2190 1962 2268 homicidium,
2024 2190 2120 2253 vel
2153 2191 2304 2270 quid
2328 2191 2417 2251 -si-

869 2284 1017 2345 mile
1066 2302 1192 2345 non
1241 2284 1472 2345 debent
1498 2283 1739 2345 restitui
1761 2331 1779 2358 ,
1839 2285 1987 2363 quia
2008 2284 2143 2364 jam
2175 2285 2417 2363 praesti-

868 2380 1004 2440 tum
1035 2381 1130 2438 est
1177 2376 1413 2456 aliquid
1445 2376 1645 2455 pretio
1679 2376 2043 2437 aestimabile
2065 2424 2080 2447 ,
2144 2396 2256 2457 pro
2290 2397 2413 2458 quo

870 2468 1110 2532 licitum
1139 2469 1221 2530 sit
1260 2469 1531 2530 retinere
1577 2469 1732 2530 illud
1781 2469 2053 2548 pretium
2083 2516 2099 2547 ,
2164 2471 2243 2531 de
2290 2489 2412 2551 quo

869 2563 1142 2625 diximus
1167 2565 1427 2642 agentes
1457 2562 1535 2622 de
1565 2562 1981 2624 restitutione.
2043 2563 2279 2642 Tertio,
2311 2564 2413 2625 de—

868 2656 1058 2737 nique
1106 2660 1220 2735 pro
1266 2674 1415 2717 vero
1466 2655 1823 2718 testimonio
1855 2655 2122 2717 dicendo
2153 2674 2277 2718 non
2307 2676 2413 2738 po-

867 2754 991 2813 test
1019 2750 1256 2830 aliquid
1285 2748 1514 2827 recipi,
1575 2754 1638 2810 et
1666 2754 1993 2829 acceptum
2024 2750 2214 2812 debet
2238 2751 2413 2812 resti-

864 2843 978 2906 tui.
1012 2846 1160 2904 Haec
1188 2847 1281 2903 est
1311 2841 1701 2918 communis,
1736 2846 1805 2903 ut
1834 2844 2081 2904 constat
2115 2860 2193 2903 ex
2223 2843 2407 2904 Moli-

867 2952 950 2997 na
978 2937 1087 2997 ubi
1115 2951 1327 3015 supra,
1371 2940 1434 2999 et
1458 2936 1671 2997 Lessio
1700 2933 1809 2996 lib.
1843 2936 1917 2997 11.
1955 2953 2094 3016 cap.
2128 2952 2263 2998 nv.
2301 2955 2407 2998 nu.

867 3032 967 3091 65.
1005 3028 1316 3090 Probatur
1343 3032 1564 3089 autem
1594 3045 1632 3088 a
1662 3027 1872 3089 multis
1903 3047 1978 3089 ex
1999 3047 2094 3106 eo,
2124 3030 2294 3110 quod
2328 3033 2414 3091 te-

866 3121 976 3183 stis
1003 3123 1292 3182 teneatur
1339 3136 1415 3180 ex
1449 3120 1695 3202 justitia
1721 3138 1942 3182 verum
1990 3122 2223 3185 dicere.
2281 3125 2412 3186 Hoc

866 3217 1101 3290 tamen,
1134 3217 1206 3274 ut
1233 3213 1543 3291 vidimus,
1597 3232 1722 3276 non
1753 3217 1846 3277 est
1875 3215 2133 3279 omnino
2165 3234 2405 3280 verum.

866 3306 1085 3370 Melius
1115 3326 1265 3387 ergo
1295 3308 1598 3387 probatur
1620 3354 1636 3385 ‚
1685 3326 1760 3369 ex
1807 3327 1882 3371 eo
1914 3312 2082 3390 quod
2113 3310 2268 3373 illud
2297 3330 2409 3375 ve-

866 3419 1008 3462 rum
1054 3399 1486 3462 testimonium
1535 3401 1884 3462 secundum
1915 3421 1981 3463 se
2012 3422 2134 3465 non
2168 3407 2262 3467 est
2306 3404 2413 3465 ali-

869 3494 1018 3574 quid
1044 3492 1245 3573 pretio
1277 3494 1647 3556 aestimabile
1700 3509 1714 3558 :
1767 3512 1913 3557 nam
1944 3496 1994 3557 si
2025 3497 2411 3576 praescindas

868 3605 905 3647 a
932 3587 1187 3664 labore,
1242 3587 1323 3648 ab
1352 3585 1574 3648 itinere
1598 3634 1613 3664 ‚
1677 3592 1739 3650 et
1765 3589 1845 3650 ab
1877 3589 2012 3650 aliis
2041 3608 2153 3669 pro
2185 3591 2411 3670 quibus

867 3685 1072 3761 potest
1097 3679 1366 3760 pretium
1395 3681 1630 3760 accipi,
1664 3681 1802 3762 ipsa
1829 3684 2111 3746 veritatis
2139 3685 2408 3746 manife-

865 3774 1048 3835 statio
1080 3790 1204 3834 non
1237 3777 1330 3834 est
1373 3773 1726 3854 laboriosa,
1788 3792 1903 3837 nec
1947 3777 2141 3857 digna
2182 3778 2404 3857 pretio.

868 3867 1042 3929 Sicut
1065 3866 1118 3926 si
1145 3867 1302 3928 mihi
1331 3867 1640 3947 indigenti
1669 3887 1780 3930 vas
1810 3888 1993 3950 aquoe
2023 3871 2210 3932 dares
2232 3916 2248 3948 ‚
2282 3891 2407 3933 non

866 3965 1043 4040 potes
1072 3978 1186 4039 pro
1218 3961 1322 4022 illo
1353 3979 1617 4021 aureum
1647 3962 1899 4041 exigere
1923 4010 1939 4041 ,
1974 3980 2119 4025 cum
2150 3982 2250 4024 res
2283 3983 2407 4026 non

865 4054 946 4115 sit
973 4054 1166 4133 digna
1209 4057 1384 4116 tanto
1437 4054 1675 4133 prelio;
1736 4056 1884 4117 licet
1924 4055 2079 4117 mihi
2111 4058 2192 4118 sit
2223 4057 2406 4119 valde

864 4147 1055 4209 utilis.

944 4240 1277 4302 Dubitatur
1306 4244 1550 4320 quarto.
1612 4243 1837 4303 Utrum
1868 4241 2042 4303 testis
2065 4288 2081 4319 ,
2145 4243 2251 4322 qui
2295 4261 2410 4322 per

862 4329 1284 4412 ignorantiam
1310 4334 1676 4395 testificatus
1696 4339 1791 4396 est
1808 4334 1975 4396 hona
2001 4336 2125 4395 fide
2155 4337 2403 4413 falsum,

862 4431 1150 4488 teneatur
1179 4445 1365 4486 suum
1394 4427 1821 4488 testimonium
1850 4430 2239 4490 retractare?
2286 4432 2406 4489 Re-

862 4520 1208 4603 spondetur
1232 4520 1528 4598 breviter,
1550 4522 1746 4582 teneri
1779 4522 1833 4583 si
1857 4541 1932 4583 ex
1963 4524 2098 4602 ejus
2125 4523 2406 4586 testimo-

860 4618 963 4677 nio
993 4619 1293 4696 sequatur
1321 4615 1622 4676 damnum
1652 4615 1869 4690 alteri,
1930 4619 1992 4677 et
2033 4620 2245 4695 sperat
2271 4617 2405 4677 fore

859 4709 1076 4772 utilem
1091 4709 1658 4786 retractactionem‚
1680 4727 1947 4788 eamque
1973 4710 2170 4788 possit
2197 4710 2406 4770 facere

854 4802 987 4863 sine
1016 4802 1197 4881 gravi
1243 4821 1357 4863 suo
1389 4802 1644 4864 damno.
1699 4803 1846 4863 Haec
1892 4804 1987 4863 est
2023 4802 2401 4881 communie,

854 4913 1044 4977 quam
1078 4896 1264 4956 docet
1290 4894 1574 4956 Sanchez
1611 4894 1719 4956 lib.
1756 4895 1859 4957 Vl.
1903 4894 2122 4957 Camil.
2159 4914 2298 4975 cap.
2336 4914 2399 4959 v·

853 4990 1002 5051 dub.
1036 5004 1162 5050 xm.
1201 4986 1378 5049 addit
1405 4992 1617 5050 tamen
1647 5006 1819 5050 num.
1854 4991 1914 5051 4.
1952 4990 2033 5050 ad
2063 4989 2127 5050 id
2162 4990 2406 5069 obliga-

850 5083 905 5145 ri
933 5083 1070 5145 sola
1097 5082 1237 5161 lege
1268 5081 1631 5155 charitatis;
1680 5081 1785 5142 alii
1813 5100 1963 5143 vero
2004 5082 2224 5144 dicunt
2251 5082 2405 5144 obli-

849 5178 986 5259 gari
1018 5196 1093 5237 ex
1115 5174 1358 5256 justitia
1386 5196 1399 5237 :
1445 5180 1508 5236 et
1534 5176 1700 5236 idem
1735 5176 2018 5239 Sanchez
2047 5177 2158 5238 lib.
2191 5179 2237 5239 Ι.
2271 5196 2401 5237 con-

847 5273 941 5333 sil.
978 5290 1118 5350 cap.
1155 5286 1252 5331 111.
1289 5269 1442 5329 dub.
1479 5286 1539 5330 v.
1574 5270 1851 5332 admittit
1879 5288 2018 5331 eam
2049 5270 2387 5349 obligatio-

850 5382 997 5427 nem
1027 5361 1414 5425 retractandi
1440 5376 1575 5423 esse
1607 5380 1683 5423 ex
1706 5362 1972 5445 justitia,
1994 5364 2249 5443 quando
2281 5364 2399 5425 ali-

852 5459 992 5541 quis
1020 5457 1386 5537 perseverat
1410 5455 1473 5515 in
1505 5456 1710 5517 officio
1736 5502 1751 5534 ,
1813 5476 1938 5518 non
1980 5460 2195 5519 tamen
2221 5460 2399 5537 post-

848 5566 1039 5636 quam
1070 5549 1349 5613 officinm
1377 5547 1620 5610 dimisit
1652 5566 1667 5611 τ
1700 5553 1850 5613 tunc
1876 5550 2045 5612 enim
2074 5552 2278 5613 solum
2306 5554 2402 5613 te-

2031 333 2136 400 ΠΕ
2178 335 2532 402 JUSTITIA
2576 336 2679 400 m*
2717 331 2921 401 mnu

2516 517 2702 575 netur
2731 529 2808 574 ex
2837 513 3165 574 charitate.
3219 510 3342 574 Alii
3383 509 3841 573 universaliter
3866 512 4041 575 dimin

2516 624 2651 668 esse
2700 626 2775 667 ex
2815 607 3078 687 justitia.
3133 610 3229 670 Ita
3255 606 3516 667 Lessius
3548 606 3785 684 partim
3818 605 3879 664 in
3912 625 4040 685 pra·-

2516 701 2672 761 senti
2695 718 2835 780 cap.
2869 702 3057 762 XXX.
3114 700 3266 761 dub.
3307 715 3418 760 vn.
3468 717 3651 760 num.
3694 702 3800 760 55.
3852 702 4043 778 partim

2517 812 2666 854 vero
2697 811 2835 872 cap.
2876 794 2975 854 XI.
3031 794 3180 854 dub.
3216 808 3372 854 xxn.
3429 797 3495 854 et
3523 793 3761 854 Molina
3814 797 3957 853 tom.
3984 796 4042 855 V.

2515 885 2586 946 de
2597 885 2874 967 justitia,
2910 891 3091 948 tract.
3127 902 3216 948 1v.
3271 886 3436 964 disp.
3465 902 3563 945 XL.
3617 904 3798 945 num.
3830 889 3893 946 2.
3921 893 3975 946 et
3997 891 4042 946 3.

2515 979 2626 1059 qui
2653 980 2882 1039 docent
2910 997 3055 1039 eum
3077 979 3181 1058 qui
3212 978 3382 1038 bona
3413 978 3543 1038 fide
3574 978 3946 1038 existimans
3967 998 4044 1038 es-

2515 1091 2581 1133 se
2609 1091 2829 1133 verum
2861 1077 2924 1133 et
2951 1071 3273 1150 publicum
3295 1119 3310 1148 ,
3343 1071 3686 1132 infamavit
3713 1072 4045 1150 proximum

2515 1166 2845 1244 imponens
2874 1165 2960 1224 illi
3020 1165 3191 1244 quod
3226 1170 3364 1227 erat
3408 1164 3642 1224 salsum
3672 1211 3689 1239 ‚
3737 1166 3941 1225 teneri
3982 1167 4043 1225 ad

2513 1251 3042 1333 retractationem,
3077 1275 3223 1319 cum
3254 1258 3534 1337 primum
3561 1259 3863 1335 agnoscit
3892 1277 4043 1318 soum

2517 1369 2823 1427 errorem,
2859 1351 2909 1410 si
2940 1355 3151 1429 speret
3178 1353 3584 1429 profuturnm
3616 1355 3682 1411 et
3714 1352 3915 1429 possit
3938 1353 4044 1412 sine

2515 1445 2692 1524 gravi
2746 1443 3173 1504 incommodo.
3237 1444 3474 1506 Probat
3521 1449 3741 1504 autem
3803 1443 4041 1521 ἰθείης,

2517 1538 2663 1618 quia
2692 1536 2800 1616 qui
2829 1536 3067 1597 detinet
3095 1537 3391 1613 alienum,
3426 1536 3629 1598 invito
3660 1537 3916 1598 domino
3939 1585 3952 1612 ,
3980 1547 4045 1598 te·

2517 1635 2701 1692 netur
2724 1630 3056 1692 restituere
3098 1648 3240 1692 cum
3272 1631 3555 1709 primum
3584 1632 4043 1708 cognoscitesse

2516 1725 2820 1797 alienum;
2878 1742 3029 1803 ergo
3071 1724 3357 1786 similiter
3404 1725 3512 1784 hic
3560 1724 3675 1804 qui
3719 1724 3951 1786 detinet
3974 1726 4045 1784 sa-

2515 1837 2686 1880 mam
2735 1818 3027 1879 alienam.
3090 1819 3221 1879 Hoc
3266 1821 3481 1879 tamen
3531 1818 3898 1896 exemplum
3944 1836 4042 1878 non

2515 1912 2762 1974 videtur
2790 1910 3012 1986 simile,
3048 1911 3197 1990 quia
3224 1910 3307 1971 ibi
3338 1916 3598 1972 tenetur
3616 1911 3949 1972 restituere
3970 1930 4042 1972 ra·

2515 2006 2685 2068 tione
2715 2004 2804 2064 rei
2835 2007 3109 2082 acceptae
3140 2021 3280 2083 quae
3310 2005 3619 2065 manetin
3652 2004 3825 2064 illius
3842 2022 4043 2082 posses·

2516 2100 2690 2160 sione
2725 2119 2737 2158 ε
2773 2098 2834 2157 in
2858 2098 3149 2175 praesenti
3172 2115 3322 2157 vero
3353 2096 3737 2158 diffamator
3764 2103 4042 2158 nontene

2514 2196 2619 2255 tur
2638 2191 2879 2253 ratione
2908 2190 2998 2249 rei
3030 2195 3304 2268 acceptae
3330 2237 3346 2266 ‚
3400 2209 3553 2251 cum
3581 2191 3761 2251 fama
3793 2209 3911 2251 non
3938 2211 4045 2250 ma·

2517 2289 2664 2346 neat
2692 2283 2860 2362 apud
2888 2285 3130 2362 ipsum;
3170 2302 3287 2344 nec
3316 2284 3515 2345 etiam
3544 2286 3802 2346 ratione
3832 2284 4039 2362 injusiae

2516 2376 2938 2458 acceptionis,
2999 2393 3137 2438 cam
3186 2381 3592 2456 supponatur
3620 2396 3753 2439 non
3785 2395 4041 2456 peccasse

2517 2472 2900 2533 diffamando
2931 2471 3028 2531 vel
3058 2471 3480 2550 testificando,
3509 2491 3673 2551 ergo
3698 2471 3942 2531 aliunde
3959 2471 4045 2532 de-

2513 2566 2622 2628 bet
2649 2563 2903 2644 probari
2930 2564 3037 2624 illa
3065 2562 3391 2642 obligatio.

2593 2658 2813 2720 Melius
2856 2675 3007 2736 ergo
3056 2659 3417 2737 exemplum
3465 2657 3715 2718 adduci
3774 2665 3967 2739 pofflet
3992 2659 4041 2716 “l-

2512 2752 2653 2829 lius,
2690 2751 2796 2830 qui
2826 2769 2900 2811 ex
2928 2750 3393 2812 inadvertentia
3423 2751 3529 2812 vel
3564 2757 3807 2830 putans
3835 2753 3894 2813 id
3920 2753 4040 2812 lice·

2513 2863 2601 2922 re,
2635 2843 2938 2923 applicuit
2963 2844 3177 2923 ignem
3205 2844 3422 2905 domui
3454 2844 3697 2905 alienae
3721 2892 3739 2922 ,
3797 2863 3933 2906 nam
3958 2847 4041 2905 uhi

2513 2939 2788 3019 primum
2835 2939 3120 3016 agnoscit
3165 2956 3489 3014 errorem,
3545 2939 3654 2999 vel
3706 2939 3959 3001 advertit
3992 2938 4041 2997 id

2514 3049 2639 3093 non
2670 3031 2881 3109 licere,
2907 3034 3156 3092 tenetur
3182 3031 3561 3110 extinguere
3592 3031 3815 3110 ignem
3837 3079 3854 3108 ,
3882 3032 3927 3092 si
3953 3049 4043 3110 po-

2512 3128 2636 3188 test
2662 3124 2796 3186 sine
2824 3122 3000 3205 gravi
3032 3123 3263 3184 damno
3295 3123 3563 3204 proprio
3600 3143 3617 3184 ε
3674 3125 3943 3206 alioquin
3970 3131 4041 3184 te-

2514 3219 2762 3281 nebitur
2807 3217 2888 3278 ad
2933 3216 3396 3279 restitutionem
3452 3218 3716 3281 damni.
3780 3220 4039 3282 Similiter

2513 3313 2618 3392 qui
2648 3312 2875 3373 falsum
2904 3312 3309 3388 testificatur,
3370 3311 3701 3390 applicuit
3748 3314 3943 3394 ignem
3968 3312 4041 3372 iz-

2512 3424 2632 3465 mee
2662 3404 2881 3465 alienae
2940 3426 2956 3465 ε
3016 3408 3267 3465 tenetur
3316 3423 3472 3484 ergo
3508 3406 3626 3466 ubi
3659 3407 3931 3486 primum
3954 3406 4039 3465 ad·

2510 3499 2700 3562 vertit
2714 3516 3013 3575 errorem,
3032 3498 3813 3578 extinguereincendium.
3837 3501 4040 3564 Utrius-

2511 3610 2632 3673 que
2660 3591 3301 3670 tamenobligationis
3348 3592 3517 3652 ratio
3563 3594 3897 3655 reddenda
3944 3600 4038 3652 est.

2512 3688 2695 3747 Pater
2722 3685 2954 3746 Molina
2983 3684 3154 3760 dicit,
3188 3683 3365 3745 illum
3386 3684 3867 3749 diffamatorem
3896 3691 4043 3748 tene

2510 3779 2562 3841 ri
2597 3779 2772 3860 quasi
2806 3796 2881 3838 ex
2908 3776 3144 3852 officim
3192 3776 3353 3839 sicut
3373 3778 3581 3858 judex
3610 3780 3731 3859 qui
3760 3799 3874 3861 per
3900 3799 4045 3840 erro-

2510 3891 2645 3934 rem
2685 3873 2959 3951 aliquem
2998 3870 3228 3952 injuste
3273 3872 3777 3951 condemnavit,
3827 3879 4047 3936 tenetur

2511 3984 2587 4029 ex
2615 3966 2820 4027 officio
2850 3968 3089 4045 postea,
3122 3982 3337 4026 errore
3368 3967 3661 4046 cognito,
3694 3968 4045 4029 sententiam

2508 4062 2875 4120 retractare.
2925 4060 3234 4121 Caeterum
3274 4058 3424 4120 licet
3472 4059 3616 4120 haec
3646 4063 3817 4122 ratio
3848 4060 4045 4140 probet

2510 4154 2574 4213 in
2605 4152 2820 4231 judice
2852 4156 2913 4213 et
2942 4153 3205 4213 fortasse
3235 4152 3298 4212 in
3326 4155 3487 4213 teste
3515 4200 3532 4230 ,
3596 4154 3716 4233 qui
3756 4173 3835 4215 ex
3864 4154 4044 4215 officio

2507 4245 2686 4307 testis
2716 4243 2887 4324 quod
2918 4244 3299 4324 assumpsit,
3357 4247 3566 4323 potuit
3590 4247 3681 4306 ad
3714 4248 3843 4310 hoc
3870 4247 4044 4325 impli-

2509 4339 2630 4399 cite
2659 4337 2954 4416 obligari;
2989 4356 3112 4398 non
3146 4341 3358 4399 tamen
3388 4339 3578 4400 video
3611 4342 3945 4421 quomodo
3970 4340 4045 4399 lo·

2510 4448 2654 4493 cum
2703 4431 2934 4491 habeat
2975 4431 3040 4490 in
3085 4431 3209 4492 alio
3253 4432 3698 4510 diffamatore,
3751 4435 3861 4494 vel
3904 4435 3959 4491 in
3986 4450 4045 4490 e]

2509 4523 2615 4604 qui
2647 4523 2945 4603 applicuit
2972 4524 3183 4602 ignem
3213 4524 3428 4584 domui
3455 4526 3727 4599 alienae-3
3794 4527 3863 4587 hi
3901 4528 4045 4587 euim

2508 4616 2749 4677 nullum
2779 4616 3013 4678 habent
3042 4616 3319 4678 officium
3341 4663 3357 4693 ,
3420 4618 3671 4679 ratione
3712 4622 3905 4700 cujus
3948 4620 4045 4679 hot

2509 4714 2765 4790 pactum
2793 4710 3165 4788 implicitum
3194 4709 3470 4772 inierint.

2589 4802 2722 4864 Dici
2749 4807 2981 4882 posset,
3012 4803 3322 4864 rationem
3337 4804 4043 4883 generalemdesumen-
4136 4824 4144 4862 ε

2507 4896 2654 4957 dam
2680 4913 2818 4956 esse
2848 4915 2923 4956 ex
2952 4913 3058 4972 eo,
3106 4895 3278 4975 quod
3306 4896 3409 4957 ille
3444 4897 3819 4961 diffamatur
3846 4901 3943 4961 vel
3969 4906 4049 4960 u·-
4098 4942 4131 4975 ³.

2505 4990 2639 5067 stis,
2677 4988 2977 5069 quamdiu
2999 5007 3122 5051 non
3139 4994 3488 5053 retractant
3512 4992 3779 5067 dictum,
3808 5009 4047 5054 censen·
4082 5004 4141 5079 ξ

2504 5087 2610 5144 tur
2653 5082 2976 5144 moraliter
3015 5100 3206 5143 causa
3233 5083 3402 5144 illius
3435 5084 3655 5146 damni
3684 5103 4046 5165 permaneu-
4090 5070 4141 5135 ’1-

2505 5176 2587 5238 tis
2612 5223 2627 5253 ‚
2679 5180 2742 5237 et
2780 5175 3051 5236 incendii
3081 5176 3464 5251 continuati3
3535 5185 3727 5260 atque
3774 5181 3942 5241 adeo
3981 5196 4045 5237 ex

2507 5284 2676 5331 nuno
2706 5269 3012 5348 incipiunt
3057 5271 3258 5330 teneri
3288 5288 3365 5331 ex
3396 5272 3640 5352 injusta
3667 5276 4042 5355 acceptione.

2504 5378 2630 5423 non
2675 5362 2931 5442 quidem
2971 5364 3297 5441 praeterita
3341 5365 3461 5424 sed
3518 5368 3855 5445 praesenti,
3916 5368 4045 5446 quaa

2505 5472 2675 5518 nunc
2701 5473 2827 5517 non
2856 5459 3174 5517 cessantes
3195 5462 3553 5521 censentur
3564 5460 3891 5523 moraliter
3916 5477 4043 5521 con-

2505 5566 2758 5613 servare
2805 5566 2989 5612 suum
3033 5549 3480 5615 testimonium
3534 5560 3603 5619 et
3639 5556 3955 5619 infamiam
3978 5568 4041 5612 ex
