4263 6376
890 344 1010 404 428

891 518 980 581 ita
1008 521 1336 597 Antonius,
1369 520 1515 583 licet
1542 521 1731 585 etiam
1759 522 1840 583 sit
1857 525 2225 601 procurator
2237 524 2269 583 J
2278 540 2423 583 oan-

893 612 1012 688 nie,
1058 616 1264 691 potest
1317 613 1479 673 hanc
1521 612 1943 692 provisionem
1985 632 2022 674 a
2068 616 2251 675 Petro
2300 612 2423 672 exi-

889 703 1246 784 gere,cujus
1263 722 1451 782 procu
1461 709 1631 766 rator
1647 706 1835 767 etiam
1853 711 1965 782 est,
1990 712 2058 768 ut
2077 724 2153 766 ex
2168 705 2424 767 Scaccia

894 793 1297 871 decomerciss,
1328 797 1384 874 ἓ.
1424 813 1519 857 111.
1553 797 1709 875 glos
1738 800 1797 858 3.
1833 817 1894 858 n.
1925 802 2022 860 20.
2059 804 2121 859 et
2139 796 2424 858 Boninsi-

894 886 1041 965 gnio
1071 890 1150 948 tr.
1182 887 1251 948 de
1279 888 1547 965 cambiis,
1574 908 1630 951 c.
1666 907 1725 950 v.
1761 909 1822 950 n.
1860 894 1954 952 10.
1979 890 2216 968 colligit
2236 890 2424 949 etiam

898 979 1096 1039 Diana
1135 984 1287 1042 tom.
1321 997 1364 1041 1.
1410 985 1592 1042 tract.
1626 980 1696 1042 de
1722 982 2108 1043 contractibus
2146 981 2329 1042 resol.
2361 985 2420 1042 9.

894 1070 956 1131 in
989 1090 1112 1150 qua
1139 1091 1286 1133 vero
1318 1074 1686 1153 quantitate,
1720 1079 1783 1135 et
1802 1092 1923 1153 quo
1954 1075 2134 1135 titulo
2158 1074 2257 1134 11oe
2286 1091 2426 1152 pro-

901 1163 1169 1225 visiones
1198 1166 1586 1245 accipiantur
1625 1166 1687 1226 in
1719 1166 1815 1227 his
1844 1167 2178 1227 recambiis
2200 1213 2216 1243 ,
2269 1165 2426 1226 dixi-

895 1274 1035 1315 mus
1061 1257 1124 1316 in
1154 1258 1599 1337 superioribus

979 1350 1213 1409 Octava
1242 1350 1574 1412 difficultas
1604 1351 1771 1411 circa
1798 1352 1918 1412 hoc
1943 1352 2150 1431 ipsum
2176 1352 2302 1426 est,
2347 1368 2427 1409 an

899 1440 951 1500 si
985 1443 1201 1502 Petrus
1249 1443 1355 1521 qui
1378 1442 1511 1523 jam
1543 1443 1730 1510 dehet
1761 1447 1934 1505 1000.
1970 1462 2192 1504 aureos
2221 1461 2295 1502 ex
2324 1460 2429 1501 ca-

579 1592 824 1682 sisae..
902 1532 1497 1687 ffisssskgssssntgzzffssss
1535 1534 2307 1707 ‘²sst‘125a12233323323223
2340 1538 2432 1686 ἐξ

555 1694 849 1790 ᾞῃῗῶἱᾷῗὲί·
905 1736 1051 1778 cens
1094 1718 1156 1777 in
1198 1723 1398 1780 totum
1426 1739 1491 1780 se
1514 1674 1765 1781 ’solvere
1795 1738 1867 1780 ex
1898 1719 2183 1799 capitali,
2238 1718 2433 1798 possit

601 1800 822 1848 interesse.
903 1827 1192 1888 campsor
1235 1812 1397 1872 nolle
1428 1817 1757 1891 acceptare
1783 1817 1983 1874 totum
2012 1831 2125 1892 pro
2155 1812 2427 1891 capitali,

903 1903 1013 1962 sed
1061 1904 1262 1964 solum
1306 1907 1480 1966 1000.
1530 1905 1686 1965 alios
1717 1924 1865 1965 vero
1895 1910 2033 1966 200.
2086 1925 2199 1984 pro
2245 1907 2432 1966 inter-

902 2013 1059 2071 esse,
1094 2000 1155 2056 et
1172 1997 1632 2075 provisionibus
1652 1997 1878 2059 debitis
1896 1998 1926 2058 ?
1952 2001 2196 2076 Negant
2216 1997 2427 2077 aliqui,

904 2106 1061 2166 quos
1090 2089 1276 2150 tacito
1309 2090 1559 2151 nomine
1589 2090 1737 2152 citat
1767 2092 1912 2152 Sala
1933 2090 2082 2151 duh.
2107 2108 2251 2151 xxv.
2286 2090 2432 2169 quia

902 2180 1121 2258 regula
1149 2181 1458 2259 generalis
1489 2187 1614 2259 est,
1649 2186 1717 2243 ut
1744 2183 1846 2262 qui
1878 2184 2057 2262 plura
2085 2183 2297 2244 debita
2326 2183 2433 2244 ha-

902 2272 1012 2333 bet
1038 2272 1243 2333 eidem
1285 2274 1616 2350 creditori,
1664 2276 1892 2353 possit,
1944 2275 2197 2355 quando
2225 2276 2428 2352 solvit,

905 2365 1219 2444 applicare
1249 2367 1623 2427 solutionem
1670 2368 1749 2427 ad
1795 2368 2076 2429 debitum
2106 2369 2272 2448 quod
2302 2387 2434 2428 ma-

901 2456 1109 2532 luerit,
1144 2461 1214 2519 ut
1241 2458 1552 2537 colligitur
1581 2478 1653 2519 ex
1684 2460 1723 2521 l.
1761 2478 1803 2522 1.
1839 2462 1901 2521 ff.
1936 2459 2005 2520 de
2029 2459 2427 2521 solutionibus

903 2549 1034 2611 Imo
1065 2549 1116 2608 si
1145 2549 1299 2609 nihil
1333 2551 1711 2629 explicetur,
1746 2556 2034 2612 censetur
2060 2553 2300 2613 solvere
2328 2554 2433 2613 de-

903 2639 1128 2717 bitum,
1162 2642 1330 2720 quod
1359 2643 1561 2721 magis
1590 2661 1733 2703 eum
1763 2649 2006 2721 gravat,
2046 2644 2088 2703 l.
2123 2660 2219 2719 111,
2253 2661 2340 2706 1v.
2374 2649 2434 2706 et

657 1355 769 1416 104

567 1479 631 1523 An
653 1493 838 1535 campsor-

581 1534 712 1588 possit
744 1547 825 1577 non

905 2751 966 2795 v.
999 2732 1191 2794 eodem
1220 2735 1313 2796 tit.
1359 2736 1562 2813 magis
1598 2740 1809 2796 autem
1835 2741 2090 2814 gravat,
2152 2736 2433 2800 debitum

904 2827 1090 2887 sortis
1119 2846 1309 2906 quam
1342 2828 1641 2888 interesse
1664 2874 1680 2904 ,
1734 2847 1876 2888 cum
1907 2847 1979 2887 ex
2010 2828 2221 2889 debito
2251 2830 2435 2889 sortis

906 2919 1142 2980 oriatur
1162 2937 1397 2980 novum
1422 2920 1759 2994 interesse;
1793 2938 1941 2999 ergo
1971 2920 2124 2981 illud
2146 2926 2436 2982 censetur

904 3010 1106 3089 primo
1132 3012 1270 3072 loco
1300 3012 1476 3073 solvi.

986 3103 1106 3163 Alii
1126 3108 1333 3165 tamen
1357 3104 1771 3166 communiter
1796 3105 2032 3182 dicunt,
2065 3125 2247 3185 posse
2269 3125 2433 3167 cam·

906 3215 1156 3276 psorem
1202 3198 1366 3258 nolle
1424 3202 1750 3275 acceptare
1798 3186 2179 3260 solutionem'
2226 3201 2430 3276 sortiS,

908 3289 1023 3349 nisi
1053 3289 1255 3349 soluto
1287 3289 1477 3350 etiam
1506 3290 1802 3351 interesse
1822 3337 1838 3367 ‚
1881 3292 2048 3370 quod
2079 3292 2251 3370 prius
2279 3293 2433 3353 solvi

907 3381 1115 3443 debet.
1132 3383 1224 3443 Ita
1240 3383 1415 3443 Salas
1435 3382 1582 3445 dict.
1608 3383 2119 3446 dub.xx111.LeSS.
2145 3403 2199 3447 c.
2217 3387 2432 3447 XXIII.

908 3474 1057 3535 dub.
1090 3490 1151 3534 x.
1185 3475 1500 3535 Malderus
1523 3479 1704 3536 tract.
1739 3478 1815 3538 V.
1849 3496 1902 3537 c.
1940 3494 2024 3538 lv.
2059 3478 2204 3538 dub.
2246 3482 2340 3540 10.
2376 3483 2439 3539 et

906 3567 1105 3628 Diana
1147 3565 1294 3627 dict.
1339 3570 1520 3629 tract.
1567 3567 1637 3627 de
1681 3568 2071 3629 contractibus
2116 3571 2301 3632 resol.
2337 3574 2431 3631 12.

908 3660 1226 3737 dicentes,
1259 3659 1423 3720 hanc
1452 3679 1586 3721 esse
1617 3680 2013 3739 campsorum
2045 3664 2439 3724 consuetudi-

907 3772 1054 3815 nom
1112 3756 1175 3814 et
1227 3751 1465 3831 justam
1498 3799 1513 3828 ,
1595 3752 1742 3833 quia
1809 3753 2109 3815 fundatur
2170 3755 2242 3814 in·
2301 3756 2439 3833 lege

906 3864 951 3910 1.
1019 3865 1158 3925 cap.
1219 3843 1289 3906 de
1340 3845 1618 3906 solutione
1671 3849 1733 3906 et
1787 3846 1849 3905 in
1901 3847 2039 3924 lege
2088 3847 2165 3908 Si
2209 3867 2436 3925 usuum,

908 3958 1075 4016 nem,
1120 3941 1186 4000 C.
1220 3937 1290 3999 de
1317 3938 1528 4015 usur-233,
1560 3938 1621 3998 in
1653 3938 1879 4017 quibus
1941 3938 2238 4017 habetur,
2274 3940 2440 4019 quod

910 4032 1161 4112 quando
1201 4031 1324 4093 duo
1355 4035 1501 4092 sunt
1529 4031 1741 4092 debita
1769 4031 2209 4109 subordinata,
2258 4033 2345 4095 ita
2374 4037 2444 4094 ut

908 4143 1106 4186 unum
1153 4125 1390 4185 oriatur
1437 4143 1512 4184 ex
1559 4124 1681 4184 alio
1730 4128 2033 4203 tanquam
2080 4144 2157 4185 ex
2201 4126 2437 4202 radice,

909 4218 1082 4297 prius
1110 4216 1393 4278 solvendi
1433 4221 1579 4279 sunt
1605 4217 1842 4278 fructus
1873 4235 2062 4295 quam
2089 4217 2298 4291 radix;
2349 4222 2443 4279 at-

913 4330 1033 4390 que
1062 4310 1150 4371 ita
1175 4309 1347 4389 prius
1376 4309 1609 4370 debent
1636 4309 1790 4370 solvi
1821 4309 2058 4371 reditus
2087 4329 2310 4370 census
2336 4310 2443 4371 ali-

912 4405 1091 4482 cujus
1136 4421 1327 4483 quam
1381 4421 1604 4464 census
1651 4403 1783 4481 ipse
1840 4402 2219 4479 redimatur3
2274 4402 2444 4480 prius

912 4496 1101 4557 etiam
1146 4513 1259 4574 pro
1306 4494 1509 4555 usuris
1541 4513 1728 4574 quam
1758 4511 1869 4573 pro
1901 4500 2066 4556 sorte
2086 4540 2102 4571 ,
2161 4498 2223 4556 et
2250 4495 2337 4555 sic
2367 4495 2444 4554 de

916 4588 1074 4649 aliis.

996 4682 1126 4761 Ego
1159 4681 1338 4741 aliter
1367 4678 1649 4741 existimo
1679 4678 1800 4740 hoc
1828 4679 2265 4759 explicandum
2284 4726 2299 4757 ,
2333 4699 2448 4740 nec

915 4775 1121 4851 vide0,
1153 4773 1468 4852 loquendo
1501 4791 1575 4833 ex
1605 4775 1829 4834 natura
1844 4772 1957 4849 rei,
1993 4777 2054 4833 et
2081 4773 2320 4832 secluso
2343 4792 2449 4852 pa-

916 4875 1013 4932 cto
1045 4866 1383 4949 implicito,
1432 4866 1531 4926 vel
1579 4864 1868 4943 explicito
1917 4865 2443 4940 contrahentium,

916 4982 1029 5024 cur
1075 4981 1201 5022 non
1247 4963 1460 5039 posset
1515 4958 1763 5020 debitor
1808 4958 2048 5019 solvere
2097 4977 2210 5037 pro
2256 4963 2446 5035 sorte,

915 5060 1258 5134 antequam
1286 5053 1486 5113 solvat
1517 5052 1839 5113 interesse.
1890 5052 1968 5111 Et
2013 5050 2319 5128 imprimis
2348 5050 2453 5111 illa

915 5149 1014 5209 lex
1046 5165 1089 5210 1.
1123 5149 1189 5208 C.
1224 5143 1294 5205 de
1318 5144 1487 5205 solut.
1523 5149 1585 5204 et
1610 5144 1731 5219 lex,
1774 5142 2015 5220 Usar-08,
2054 5145 2123 5208 C.
2149 5141 2219 5202 de
2240 5144 2448 5220 usur-125,

919 5258 1211 5322 expresse
1239 5239 1580 5317 loquuntur
1609 5235 1672 5295 in
1708 5254 1879 5312 casu,
1912 5255 2035 5316 quo
2053 5235 2300 5297 debitor
2329 5255 2450 5297 non

919 5332 1217 5413 explicuit
1243 5350 1423 5392 suam
1453 5329 1867 5391 intentionem
1892 5329 2061 5389 circa
2093 5348 2286 5389 unum
2305 5376 2320 5405 ,
2353 5329 2452 5388 vel

920 5426 1185 5490 alterum
1230 5424 1509 5484 debitum
1559 5422 2072 5501 extiriguendum.
2124 5422 2304 5484 Unde
2343 5441 2454 5501 po-

921 5517 1044 5580 tius
1072 5535 1112 5578 a
1137 5516 1453 5578 contrario
1483 5535 1671 5576 sensu
1700 5514 1977 5576 indicare
2003 5514 2311 5591 videntur,
2348 5514 2453 5575 ali-

668 4706 781 4767 103

2045 345 2150 405 DE
2190 345 2547 407 JUSTITIA
2589 342 2691 404 ET
2732 344 2933 405 JURE

2516 523 2614 582 ter
2641 519 2977 581 dicendum
3008 538 3165 596 esse,
3197 520 3247 579 si
3277 519 3525 583 debitor
3549 538 3713 581 suam
3734 521 3973 584 intentio-

2519 632 2663 674 nem
2693 614 3063 692 explicasset
3092 612 3376 673 solvendi
3419 631 3533 691 pro
3560 617 3745 688 sorte,
3785 619 3834 676 et
3869 634 3973 676 non

2520 723 2631 785 pro
2664 705 2971 766 fructibus
3001 706 3100 766 vel
3130 706 3335 767 usuris
3362 751 3378 782 ,
3434 704 3605 784 prius
3647 706 3792 765 enim
3821 726 3975 785 regn·

2519 798 2646 858 lam
2675 798 3036 876 generalem
3067 802 3376 873 statuunt,
3431 797 3598 877 quod
3646 797 3850 860 debitor
3890 800 3980 859 eli-

2521 909 2672 968 gere
2701 895 2907 968 potest
2926 889 3207 951 debitum
3231 890 3395 968 quod
3419 890 3629 960 solvit;
3660 896 3980 969 posteavero

2524 981 2796 1059 addunt,
2849 981 2898 1042 si
2930 981 3085 1042 nihil
3114 982 3444 1060 explicuit,
3493 982 3738 1058 intelligi
3762 984 3983 1044 solutum

2521 1093 2634 1153 pro
2690 1074 2993 1135 fructibus
3054 1078 3117 1136 et
3171 1093 3293 1135 non
3351 1093 3465 1153 pro
3523 1078 3703 1135 sorte.
3767 1075 3983 1149 Deinde,

2523 1165 2766 1228 etiamsi
2808 1167 2871 1226 in
2902 1166 3194 1227 censibus
3212 1213 3227 1242 ‚
3279 1172 3342 1228 et
3369 1166 3672 1227 similibus
3699 1186 3806 1226 non
3829 1168 3987 1246 possit

2523 1258 2770 1318 debitor
2811 1276 3034 1337 cogere
3065 1258 3445 1318 creditorem
3485 1257 3569 1317 ad
3603 1259 3988 1337 acceptandam

2525 1351 2899 1412 solutionem
2939 1368 3053 1429 pro
3093 1350 3376 1430 capitali,
3423 1369 3548 1412 non
3592 1351 3790 1411 solutis
3813 1351 3987 1411 frueti-

2523 1444 2663 1518 bus,
2694 1443 2793 1502 vel
2820 1442 3126 1503 reditibus
3146 1443 3449 1519 decursiS,
3481 1462 3607 1503 non
3629 1442 3833 1503 debere
3856 1443 3992 1503 idem

2526 1535 2651 1595 dici
2696 1535 2758 1595 in
2807 1536 3116 1597 solutione
3146 1535 3397 1596 cambii.
3448 1538 3570 1596 Pro
3617 1554 3732 1614 quo
3759 1535 3990 1609 adverto,

2525 1628 2715 1689 aliam
2746 1647 2879 1687 esse
2914 1628 3198 1706 regulam
3225 1628 3624 1706 generalem,
3669 1628 3884 1707 quando
3910 1628 3992 1686 de·

2527 1720 2691 1781 bitor
2718 1720 2842 1780 duo
2873 1719 3084 1780 debita
3113 1719 3318 1779 eidem
3346 1719 3641 1780 creditori
3668 1720 3852 1796 debet,
3877 1738 3997 1799 quo·

2525 1831 2667 1872 rum
2697 1813 2880 1872 unius
2902 1812 3206 1874 terminus
3225 1812 3483 1873 advenit
3502 1812 3804 1886 solutioni,
3833 1819 3883 1872 et
3897 1831 3995 1872 non

2527 1904 2780 1966 alterius
2803 1952 2818 1981 ,
2869 1904 3244 1966 solutionem
3290 1904 3557 1983 intelligi
3588 1905 3803 1966 saetam
3828 1904 3994 1982 primi,

2526 2015 2648 2058 non
2679 1997 2977 2070 secundi,
3029 2003 3098 2057 ut
3124 2001 3304 2058 const
3333 2016 3408 2056 ex
3436 1998 3479 2058 1.
3520 1996 3822 2073 (Ῐωὶενιιηι,
3866 1998 3915 2055 ff.
3943 1995 4000 2055 de

2525 2089 2920 2165 solutionibus,
2952 2093 3013 2151 et
3033 2089 3326 2151 observat
3353 2091 3500 2151 Mol.
3550 2095 3594 2150 t.
3621 2106 3687 2149 11.
3723 2089 3863 2168 disp.
3882 2092 3996 2149 365.

2529 2201 2700 2243 num.
2738 2186 2794 2244 1.
2847 2182 3025 2243 Ratio
3065 2187 3275 2244 autem
3325 2202 3461 2243 esse
3508 2188 3744 2261 potest,
3791 2182 3914 2261 qnia
3948 2180 3999 2240 id

2530 2275 2696 2354 quod
2723 2274 2989 2335 debetur
3014 2274 3080 2334 in
3109 2273 3276 2333 diem
3298 2274 3607 2350 futurum,
3640 2276 3734 2334 vel
3762 2275 3863 2334 sub
3887 2292 4000 2334 con-

2528 2367 2760 2428 ditione
2789 2367 2998 2427 adhuc
3027 2386 3153 2427 non
3183 2368 3475 2445 impleta,
3513 2367 3782 2428 nondum
3805 2366 4005 2426 videtur

2529 2460 2835 2540 complete
2855 2459 3070 2520 deberi
3102 2478 3116 2519 :
3165 2478 3359 2539 quare
3391 2459 3668 2520 creditor
3693 2477 3894 2538 cogere
3918 2476 4002 2535 po·

2527 2559 2650 2615 test
2678 2552 3025 2614 debitorem
3072 2552 3150 2612 ad
3196 2553 3569 2612 solvendum
3625 2552 3685 2612 id
3734 2551 4006 2631 quodjam

2530 2645 2739 2721 debet,
2774 2649 3113 2724 antequam
3155 2645 3309 2704 alias
3354 2663 3662 2722 expensas
3701 2645 3907 2705 liberas
3939 2643 4010 2701 fa·

2530 2737 2653 2798 ciat
2685 2756 2698 2796 :
2734 2737 2969 2797 nullam
3013 2737 3180 2797 enim
3221 2736 3414 2796 habet
3442 2737 3886 2797 excusationem
3912 2753 4007 2794 uon

2531 2829 2813 2891 solvendi
2856 2828 3024 2908 quod
3055 2828 3245 2889 debet
3273 2829 3396 2905 ille,
3433 2829 3541 2908 qui
3569 2829 3757 2889 libere
3785 2828 3905 2887 vult
3927 2844 4009 2904 pe-

2529 2922 2744 2984 cunias
2760 2940 2904 2981 suas
2923 2921 2986 2981 in
3010 2920 3198 2981 rebus
3228 2940 3351 2981 non
3383 2921 3746 2982 necessariis
3788 2920 4012 2979 insume-

2532 3034 2617 3076 re.
2652 3014 2831 3077 Unde
2860 3014 2966 3093 qui
2982 3032 3238 3075 censum
3254 3015 3767 3091 redimibilem‚v.
3797 3032 3885 3093 gr.
3911 3011 4016 3070 vult

2530 3109 2915 3186 extinguere,
2949 3107 3089 3185 cogi
3116 3111 3325 3185 potest
3351 3107 3432 3167 ad
3462 3108 3792 3167 solvendos
3818 3105 4015 3165 reditus

2531 3202 2827 3261 decursos
2858 3218 3012 3279 quos
3033 3199 3166 3279 jam
3198 3200 3405 3277 debet,
3442 3206 3774 3279 autequam
3802 3216 4018 3258 censum

2532 3293 2890 3372 extinguat,
2938 3312 3078 3371 quae
3108 3293 3401 3354 extinctio
3448 3311 3571 3353 non
3603 3297 3695 3352 est
3718 3291 3836 3352 ullo
3863 3289 4019 3349 modo

2532 3385 2776 3461 debita,
2828 3385 2938 3444 sed
2983 3385 3202 3446 libera.
3251 3385 3552 3463 Idemque
3596 3383 3717 3444 dici
3743 3387 3940 3462 posset
3962 3381 4020 3440 de

2533 3496 2605 3538 eo
2631 3524 2646 3553 ‚
2698 3477 2805 3556 qui
2846 3477 2961 3537 sub
3005 3476 3212 3537 usuris
3251 3476 3433 3537 licitis
3481 3482 3766 3536 mutuum
3792 3473 4022 3553 accepit,

2534 3590 2656 3631 non
2688 3569 3003 3647 assignato
3047 3569 3315 3629 termino
3360 3568 3676 3629 solvendae
3705 3568 3908 3641 sortiS,
3951 3565 4026 3623 vel

2534 3663 2754 3723 saltem
2825 3662 3103 3722 nondum
3158 3661 3535 3722 adveniente
3591 3661 3699 3721 tali
3748 3658 4023 3720 termino:

2533 3759 2683 3816 tunc
2712 3754 2878 3814 enim
2901 3753 3087 3814 debet
3108 3753 3364 3833 quidem
3384 3753 3627 3814 solvere
3648 3771 3879 3826 usuras»,
3912 3769 4027 3830 qua

2526 3848 2662 3926 jam
2704 3851 2848 3906 sunt
2875 3845 3102 3907 debitae
3126 3892 3141 3923 ,
3203 3851 3544 3924 antequam
3591 3846 3786 3906 solvat
3826 3848 4030 3904 sortem

2536 3957 2726 4019 quam
2756 3938 2963 3999 adhuc
2992 3957 3116 4000 non
3147 3938 3355 3998 debet.
3402 3940 3483 3998 At
3524 3955 3673 3997 vero
3717 3937 3780 3996 in
3815 3935 4031 3997 cambio

2534 4031 2716 4092 aliter
2744 4031 3081 4090 dicendum
3110 4048 3244 4090 esse
3287 4031 3354 4089 in
3381 4047 3525 4108 ‚quo
3570 4029 3736 4089 idem
3764 4029 4034 4089 terminus

2536 4124 2827 4185 statuitur
2873 4141 2946 4183 ex
2993 4126 3318 4183 contractu
3351 4121 3661 4182 reddendi
3703 4121 3955 4201 capitale
3983 4127 4034 4178 et

2535 4217 2778 4277 lucrum
2808 4217 2870 4276 in
2902 4216 3036 4276 loco
3069 4221 3130 4276 et
3158 4220 3438 4293 tempore
3469 4215 3791 4293 designato
3823 4232 3836 4271 :
3867 4231 4036 4293 quare

2538 4309 2914 4371 adveniente
2934 4309 3201 4369 termino
3223 4308 3552 4369 solutionis
3572 4307 3818 4383 cambii,
3849 4313 3908 4367 et
3926 4305 4042 4365 md-

2540 4403 2732 4464 dendi
2765 4403 3096 4463 Placentia}
3126 4401 3457 4479 pecuniam
3481 4403 3692 4462 Romae
3720 4404 4038 4478 acceptam,

2543 4514 2666 4557 non
2721 4495 2927 4555 minus
2969 4494 3158 4555 debet
3197 4493 3333 4573 jam
3380 4494 3762 4572 campsarius
3803 4491 4040 4570 capitale

2544 4607 2732 4668 quam
2804 4589 3044 4648 lucrum
3102 4592 3164 4646 et
3226 4587 3366 4646 ideo
3433 4591 3502 4647 ut
3553 4587 3751 4646 solvat
3803 4583 4041 4663 capitale

2545 4682 2859 4755 debitum,
2908 4685 2971 4740 et
3011 4680 3326 4741 cambium
3358 4679 3630 4756 primum
3658 4678 4041 4755 compleatur,

2548 4774 2774 4853 accipit
2832 4772 3162 4833 Placentiae
3215 4770 3513 4850 pecunias
3580 4771 3659 4830 ad
3727 4763 4044 4830 secundum

2548 4866 2889 4927 cambium.
2953 4866 3162 4924 Potest
3207 4882 3354 4941 ergo
3406 4864 3650 4925 debitor
3703 4863 3932 4923 solvere
3973 4860 4044 4920 ibi

2548 4959 2749 5040 primo
2781 4957 3046 5036 capitale
3095 4956 3262 5036 quod
3294 4956 3420 5035 jam
3450 4956 3638 5017 debet
3659 5004 3674 5034 ,
3730 4963 3790 5017 et
3815 4973 4044 5014 manere

2553 5051 2799 5112 debitor
2826 5050 3004 5110 lucri.

2633 5141 2929 5215 Quamvis
2959 5161 3106 5220 ergo
3150 5160 3226 5201 ex
3254 5145 3478 5201 natura
3510 5141 3601 5201 rei
3629 5141 3716 5202 ita
3741 5138 4045 5200 dicendum

2550 5235 2869 5311 videatur,
2942 5234 3327 5296 consuetudo
3402 5239 3614 5295 tamen
3683 5249 4045 5312 campsorum

2554 5327 2869 5390 contraria
2899 5332 3027 5403 est,
3074 5346 3262 5405 quam
3294 5326 3548 5407 quidem
3577 5327 3886 5387 fundatam
3915 5333 4044 5403 puto

2552 5421 2615 5481 in
2665 5425 2846 5500 pacto
2906 5419 3193 5498 explicito
3243 5420 3335 5479 x‘el
3385 5418 3689 5499 implicito
3731 5420 3882 5480 sacto
3925 5436 4044 5477 cum

2554 5512 2956 5592 campsariiS,
3017 5517 3085 5574 ut
3130 5530 3420 5592 camp-sor
3466 5531 3593 5573 nzin
3644 5512 3860 5574 debeat
3893 5528 4039 5570 acce-
