4263 6376
180 4401 213 4495 ἘΙ
180 4191 212 4337 ’““Ε.

1226 348 1694 411 DISPUTATIO
1740 348 1926 423 XXV,
1977 349 2250 408 SECTIO
2294 350 2399 410 xl.

243 540 370 595 tunc
395 531 552 590 enim
581 529 781 590 solum
835 527 1104 588 famulus
1150 529 1367 588 contra
1414 524 1726 604 justitiam

241 625 486 705 graviter
534 621 836 700 peccavit,
888 619 1136 698 quando
1203 621 1337 698 ejus
1397 617 1580 691 actio,
1631 615 1731 676 vel

243 715 645 788 ministerium,
678 730 802 772 non
844 712 1045 772 solum
1087 715 1272 789 prout
1321 711 1667 788 imperatur
1694 727 1734 768 a

242 808 489 882 domino,
520 805 628 865 sed
658 804 842 865 etiarn
875 808 1056 882 prout
1084 804 1164 863 ab
1193 804 1326 882 ipso
1345 803 1577 863 famulo
1593 820 1736 880 pro·

239 899 687 976 cedit,displicet
711 896 986 975 graviter
1014 895 1390 957 mutuatario
1417 899 1478 955 et
1498 912 1570 954 eo
1597 911 1736 971 gra-

245 995 382 1054 viter
402 992 588 1050 invito
618 991 709 1050 fit.
743 988 1065 1067 Ejusmodi
1096 988 1345 1047 videtur
1373 1005 1507 1046 esse
1538 1004 1736 1065 quan-

243 1086 312 1147 do
328 1083 577 1145 famulus
607 1081 796 1142 etiam
806 1082 986 1162 jussu
1015 1080 1251 1140 domini
1282 1084 1465 1157 urget
1494 1082 1736 1139 mutua·

242 1175 443 1238 tarium
465 1192 581 1253 pro
609 1174 818 1233 usuris
847 1173 1182 1234 solvendis.
1213 1173 1354 1232 Alia
1385 1189 1556 1247 vero,
1590 1189 1734 1249 quae

245 1271 357 1350 ipse
398 1266 809 1328 mutuatarius
861 1265 1124 1326 libenter
1178 1265 1529 1343 imponeret
1593 1280 1739 1340 pro-

243 1362 372 1441 priis
395 1358 637 1419 famulis
676 1362 745 1418 ιιι
775 1357 1076 1432 facerent,
1110 1376 1236 1417 non
1266 1356 1513 1416 videtur
1540 1374 1613 1416 eo
1647 1355 1740 1415 in-

242 1451 350 1513 vito
373 1450 522 1524 fieri,
554 1448 907 1528 cujusmodi
964 1452 1058 1509 est
1103 1449 1345 1509 deferre
1399 1448 1479 1509 ad
1535 1448 1740 1527 ipsum

243 1543 563 1622 pecuniam,
587 1559 943 1617 numerare,
975 1542 1209 1601 referre
1254 1540 1317 1600 in
1348 1540 1567 1617 libros,
1601 1559 1740 1620 por·

242 1641 357 1697 tare
381 1634 635 1715 pignora
655 1638 750 1695 est
775 1634 1021 1696 similia.
1057 1632 1380 1693 Difficilius
1410 1638 1505 1695 est
1529 1633 1607 1693 de
1638 1651 1743 1694 ac—

242 1728 486 1788 tionibus
513 1725 1065 1805 consequentibuS,
1099 1744 1239 1805 quae
1274 1726 1643 1787 ordinantur
1660 1724 1742 1786 ad

245 1837 421 1881 usurae
449 1818 988 1897 recuperationem
1035 1822 1097 1879 et
1149 1819 1546 1894 solutionem,
1599 1834 1741 1897 quae

246 1913 513 1972 videntur
541 1910 923 1972 mutuatario
952 1910 1300 1989 displicere.
1361 1911 1486 1973 Sed
1537 1910 1744 1971 adhuc

245 2006 298 2064 in
325 2004 392 2064 iis
419 2004 933 2082 distinguendum
960 2003 1247 2076 videtur;
1279 2004 1329 2064 si
1359 2004 1522 2063 enim
1543 2003 1745 2063 famu-

242 2098 325 2156 lus
349 2115 465 2156 non
494 2087 740 2174 exigat,
762 2096 872 2156 sed
926 2095 1290 2175 simpliciter
1314 2096 1544 2156 reserat
1569 2113 1746 2154 men-

243 2195 350 2249 tem
368 2189 459 2248 sui
490 2187 755 2263 domini,
790 2187 895 2267 qui
917 2205 1140 2249 usuras
1184 2204 1328 2247 suas
1367 2186 1576 2265 exigit,
1620 2204 1743 2246 non

242 2280 462 2340 videtur
488 2298 623 2341 esse
679 2280 802 2340 nisi
844 2280 908 2340 id
962 2280 1128 2359 quod
1172 2278 1409 2339 amicus
1463 2278 1746 2358 ejusdem

243 2373 594 2448 mutuatarii,
643 2372 745 2432 vel
801 2372 989 2432 etiam
1036 2370 1172 2450 ejus
1217 2372 1486 2431 famulus
1539 2371 1745 2431 facere

243 2471 428 2542 posset
456 2481 472 2538 ;
503 2464 605 2524 hic
633 2464 806 2523 enim
834 2468 1042 2542 posset
1069 2463 1258 2525 etiam
1304 2463 1541 2542 absque
1593 2479 1740 2540 pec-

242 2562 362 2618 cato
388 2557 589 2617 dicere
616 2577 631 2617 ι
683 2556 914 2616 Invenit
964 2575 1053 2615 me
1108 2555 1227 2632 ille,
1287 2555 1393 2636 qui
1434 2554 1743 2635 pecuniam

241 2651 517 2726 mutuavit,
549 2658 605 2709 et
632 2648 793 2708 dclvit
818 2667 877 2708 se
903 2657 1212 2729 expectare
1247 2647 1586 2708 solutionem
1615 2666 1745 2706 usu-

241 2761 420 2802 rarum
434 2741 886 2824 promissarum,
918 2740 1043 2811 imo
1062 2744 1123 2801 et
1151 2740 1474 2801 consulere
1487 2739 1572 2799 illi
1603 2757 1747 2818 pos-

243 2843 324 2896 set
345 2842 408 2896 ut
431 2836 726 2910 solveret,
761 2833 880 2893 hoc
903 2833 1068 2893 enim
1099 2851 1222 2893 non
1245 2838 1339 2894 est
1358 2851 1605 2912 cogere,
1633 2850 1748 2892 nec

244 2928 486 3005 exigere,
519 2927 633 2987 sed
689 2925 924 2986 referre
993 2930 1269 2987 mentem
1325 2925 1651 3003 exigentis,
1685 2924 1748 2983 in

244 3039 351 3099 qua
374 3020 611 3081 actione
654 3037 786 3078 non
815 3022 1018 3097 potest
1047 3035 1182 3078 esse
1211 3017 1627 3078 mutuatarius
1655 3035 1751 3077 ra·

246 3112 598 3172 tionabiliter
625 3111 881 3172 invituS.

310 3206 500 3265 insero
541 3223 739 3278 none,
785 3210 1045 3280 tutoreS,
1077 3207 1418 3281 curatoreS,
1466 3202 1747 3282 negotio-

249 3316 367 3357 rum
400 3302 702 3376 gestures,
735 3301 798 3357 et
823 3297 1076 3373 simileS,
1111 3297 1216 3376 qui
1273 3295 1524 3357 nomine
1554 3295 1754 3375 pupil-

245 3391 446 3467 lorum,
490 3390 590 3451 vel
618 3407 842 3449 eorum
895 3407 1160 3468 quorum
1203 3388 1454 3467 negotia
1501 3391 1748 3467 gerunt,

245 3487 508 3543 mutuant
534 3481 652 3542 sub
673 3481 900 3558 usui-ie,
933 3479 1255 3559 cooperari
1303 3480 1530 3559 injuste
1568 3484 1631 3541 et
1656 3485 1750 3541 te·

248 3575 360 3636 ueri
386 3575 463 3636 ad
488 3575 950 3636 restitutionem
977 3593 992 3633 t
1042 3573 1190 3652 quia
1218 3573 1335 3651 ipsi
1367 3572 1617 3651 proprie
1647 3590 1753 3634 co-

245 3673 384 3744 gunt
404 3671 582 3747 pacto
610 3667 721 3727 illo
750 3667 832 3726 ad
861 3684 1080 3726 usuras
1124 3664 1479 3741 solvendas,
1512 3666 1577 3726 in
1632 3665 1754 3726 hoc

247 3759 604 3820 conveniunt
656 3776 900 3835 omneS,
935 3776 1091 3837 quos
1119 3758 1404 3836 congerit
1443 3761 1506 3818 et
1533 3757 1748 3837 sequi-

249 3856 334 3911 tur
359 3853 525 3913 Salas
556 3872 618 3913 n.
655 3855 756 3912 11.

314 3944 504 4006 infero
534 3944 810 4018 decimo,
845 3942 995 4021 quid
1023 3941 1365 4002 dicendum
1412 3942 1493 4002 sit
1518 3942 1581 4001 in
1605 3960 1753 4003 casu

249 4054 417 4114 supra
444 4037 669 4115 posito,
703 4035 955 4114 quando
986 4035 1306 4095 usurarius
1333 4053 1445 4096 suo
1487 4034 1757 4095 credito-

250 4128 295 4187 ri
318 4130 587 4208 assignat
613 4126 991 4189 solutionem
1021 4127 1357 4206 petendam
1410 4127 1491 4188 ab
1521 4144 1594 4187 eo
1650 4125 1756 4205 qui

253 4239 432 4282 usurae
459 4221 717 4282 nomine
737 4219 1128 4282 tantumdem
1157 4220 1217 4279 ei
1245 4219 1455 4295 dehet,
1517 4238 1596 4279 an
1656 4219 1757 4280 hic

251 4313 498 4375 creditor
527 4313 728 4393 possit
756 4313 1037 4373 debitum
1082 4311 1236 4373 illud
1264 4312 1537 4390 exigere,
1572 4316 1634 4373 et
1662 4330 1756 4372 re-

252 4405 435 4483 cipere
464 4407 542 4467 ab
576 4426 651 4467 eo
687 4406 795 4485 qui
826 4424 1027 4466 usurae
1056 4405 1310 4465 nomine
1351 4404 1643 4481 debebat,
1679 4404 1758 4465 de

251 4515 358 4576 quo
383 4500 625 4559 Lessius
656 4498 808 4559 dub.
833 4514 1000 4559 xxiv.
1037 4498 1144 4576 qui
1171 4497 1506 4576 propositis
1537 4497 1756 4558 utrim-

251 4608 356 4669 que
372 4592 737 4667 rationibus,
771 4589 1025 4651 resolvit
1040 4591 1412 4650 creditorem
1427 4590 1600 4649 illum
1631 4607 1754 4650 non

250 4699 409 4759 posse
439 4684 678 4763 absque
708 4682 1008 4762 injustitia
1029 4682 1309 4742 debitum
1337 4700 1519 4743 suum
1558 4700 1598 4743 a
1624 4700 1757 4742 mu-

250 4777 491 4837 tuatario
538 4777 812 4854 exigere.
873 4774 1103 4850 Primo,
1167 4774 1315 4853 quia
1383 4774 1433 4835 si
1483 4774 1757 4835 famulus

253 4867 493 4928 usurarii
525 4869 779 4946 exigere
810 4885 932 4928 non
963 4870 1188 4945 potest,
1225 4885 1338 4927 nec
1367 4867 1595 4945 poterit
1622 4884 1759 4927 cre-

252 4958 416 5036 ditor,
449 4980 590 5021 cum
622 4962 835 5038 exigat
864 4959 1098 5038 absque
1130 4960 1254 5021 ullo
1277 4960 1422 5038 jure
1468 4958 1528 5018 id
1589 4959 1757 5038 quod

252 5055 649 5115 mutuatarius
677 5071 802 5113 non
832 5052 1039 5113 debet.
1093 5052 1406 5127 Secundo,
1441 5051 1588 5131 quia
1616 5069 1756 5110 usu·

253 5145 435 5205 rarius
468 5148 600 5227 ipse
664 5147 914 5224 exigere
963 5163 1088 5206 non
1141 5148 1348 5224 potest
1378 5159 1393 5207 :
1441 5162 1589 5222 ergo
1645 5161 1761 5204 nec

255 5235 372 5313 ejus
423 5238 717 5314 creditor,
750 5254 894 5298 cum
950 5254 1075 5297 non
1124 5236 1356 5297 habeat
1390 5234 1594 5316 majus
1641 5235 1765 5295 exi-

253 5329 424 5404 gendi
443 5329 546 5409 jus
566 5348 759 5410 quam
789 5329 958 5408 quod
985 5329 1306 5390 usurarius
1320 5328 1386 5389 in
1402 5347 1546 5389 eum
1561 5332 1764 5389 trans-

255 5420 400 5483 tulit.
448 5424 681 5498 Tertio,
715 5421 864 5502 quia
893 5421 1168 5483 creditor
1222 5421 1499 5500 exigeret
1540 5422 1764 5482 eodem

257 5529 491 5587 prorsus
517 5515 697 5577 titulo
728 5533 854 5594 qno
882 5513 1234 5576 usurarius:
1270 5513 1370 5574 hic
1422 5519 1634 5576 autem
1686 5513 1766 5575 ti-

3240 355 3356 412 253

1830 522 1959 585 tulo
1987 522 2218 603 injusto
2240 524 2556 603 exigeret3
2591 544 2740 604 ergo
2767 530 2829 587 et
2857 526 2980 587 ille.
3019 528 3274 604 Quarto,
3307 526 3360 588 si

1832 621 2134 693 tyrannus
2165 616 2394 678 debeat
2420 617 2530 677 tibi
2579 618 2747 678 mille
2777 623 2840 680 et
2868 619 2975 680 det
2995 619 3359 698 assignatio·

1834 727 1943 768 nes
1972 727 2159 786 super
2183 708 2487 784 subditos,
2513 710 2737 788 quibus
2766 711 2978 791 iniqua
2995 711 3363 772 tributaim-

1835 801 2060 879 posuit,
2099 819 2223 861 non
2254 801 2484 879 poteris
2541 820 2613 862 ea
2662 803 2741 862 ab
2780 803 2898 863 illis
2941 804 3226 882 exigere,
3287 822 3361 864 eo

1837 895 2004 974 quod
2043 913 2168 954 non
2202 894 2436 954 habeas
2493 895 2683 956 alium
2722 897 2967 957 titulum
3026 898 3144 957 nisi
3175 915 3364 976 quem

1835 992 2139 1064 tyrannus
2169 987 2300 1064 ipse
2334 986 2541 1063 habet,
2603 989 2708 1067 qui
2757 994 2851 1051 est
2877 989 3177 1069 injustus:
3213 1007 3362 1069 ergo

1837 1078 2004 1137 idem
2033 1077 2371 1138 dicendum
2399 1079 2462 1138 in
2495 1098 2644 1140 casu
2665 1086 2896 1142 nostr0.
2933 1081 3180 1158 Quinto,
3216 1082 3367 1161 quia

1837 1170 2272 1247 mutuatarius,
2306 1171 2466 1232 sicut
2492 1176 2701 1251 posset
2721 1174 3233 1252 compensatione
3265 1191 3365 1234 oc-

1839 1262 2005 1323 culta
2035 1281 2411 1342 recuperare
2457 1264 2625 1342 quod
2685 1266 2966 1326 usurario
3014 1266 3217 1341 solvit,
3277 1265 3366 1326 sic

1836 1354 2066 1435 poterit
2082 1356 2252 1434 quod
2296 1355 2481 1416 solvit
2507 1354 2641 1435 ejus
2669 1357 2984 1433 creditori,
3021 1376 3163 1418 cum
3193 1357 3252 1417 id
3287 1357 3365 1418 si-

1839 1465 1917 1507 ne
1943 1448 2121 1508 titulo
2152 1447 2249 1507 vel
2279 1465 2466 1507 causa
2502 1447 2671 1527 justa
2701 1449 2991 1521 solverit;
3035 1468 3183 1528 ergo
3216 1469 3359 1528 pas·

1840 1558 1945 1600 sus
1975 1544 2069 1601 est
2096 1538 2390 1619 injuriam
2419 1539 2497 1599 ab
2535 1540 2670 1619 ipso
2699 1542 3007 1603 creditore
3038 1542 3323 1620 exigente
3349 1561 3363 1607 τ

1841 1632 1941 1692 cui
2001 1632 2327 1692 sententiae
2402 1632 2678 1693 breviter
2758 1634 3127 1713 subscripsit
3180 1635 3369 1696 etiam

1841 1724 2153 1784 Malderus
2179 1724 2283 1784 ubi
2327 1742 2538 1803 supra,
2589 1729 2733 1787 ante
2784 1727 3067 1805 quintam
3122 1728 3369 1789 conclu-

1840 1834 2104 1877 sionem.

1921 1910 2051 1988 Ego
2081 1908 2143 1967 in
2174 1908 2294 1969 hoo
2323 1927 2471 1970 casu
2498 1908 2834 1971 dicendum
2856 1916 3008 1989 puto
3054 1929 3197 1972 cum
3228 1930 3369 1991 pro-

1843 2001 2149 2080 portione,
2201 2001 2369 2079 quod
2400 2001 2477 2061 de
2533 2002 2768 2063 famulo
2825 2004 3090 2064 usararii
3133 2004 3369 2065 dictum

1844 2097 1976 2160 est,·
2034 2093 2239 2154 fateor
2287 2093 2497 2173 itaque
2552 2094 2927 2155 creditorem
3010 2095 3184 2156 illum
3244 2114 3368 2157 non

1845 2203 2026 2264 posse
2074 2185 2325 2263 exigere
2380 2186 2662 2264 cogendo
2692 2187 3143 2248 mutuatarium
3190 2191 3259 2249 ut
3314 2187 3370 2247 ei

1845 2278 2064 2353 solvat,
2100 2276 2249 2356 quia
2278 2276 2410 2337 sine
2440 2278 2619 2338 titulo
2652 2281 2760 2338 aut
2805 2277 2948 2358 jure
2991 2280 3055 2339 id
3097 2279 3268 2355 facit,
3302 2283 3375 2340 ut

1848 2375 2220 2450 argumenta
2250 2369 2522 2430 adducta
2576 2370 2866 2449 probant.
2906 2374 3132 2433 Fateor
3184 2372 3374 2432 etiam

1844 2463 2012 2543 quod
2056 2462 2105 2522 si
2139 2462 2329 2522 etiam
2358 2461 2596 2541 absque
2628 2464 2950 2523 coactione
3008 2468 3200 2543 petat,
3235 2468 3375 2525 tan-

1845 2573 2034 2634 quam
2065 2573 2142 2616 ex
2169 2554 2588 2631 assignatione
2616 2554 2782 2616 facta
2808 2556 2926 2616 sibi
2957 2557 3232 2618 debitam
3270 2575 3375 2634 pe-

1845 2647 2113 2719 cuniam,
2169 2646 2505 2707 obnoxium
2562 2666 2817 2708 manere
2872 2649 3272 2727 restitutioni,
3314 2653 3377 2710 et

1844 2738 2294 2800 mutuatarium
2351 2756 2533 2815 posse
2580 2739 2807 2800 abillo
2867 2740 3209 2818 vindicare,
3268 2746 3380 2803 aut

1846 2830 2354 2910 compensatione
2395 2832 2637 2892 occulta
2666 2851 3062 2912 recuperare,
3099 2835 3267 2913 quod
3320 2834 3379 2894 ei

1847 2924 1977 2984 sine
2008 2922 2186 2983 titulo
2216 2921 2401 2984 solvit
2433 2941 2576 2983 cum
2606 2924 2663 2983 ei
2685 2923 2838 2984 nihil
2868 2926 3145 2987 deberet.
3180 2928 3347 2988 Caete
3366 2959 3379 2971 ·

1848 3034 2010 3091 rum,
2034 3015 2087 3075 si
2128 3014 2402 3075 creditor
2421 3015 2523 3075 ille
2550 3016 2858 3095 imprimis
2880 3036 3004 3079 non
3034 3022 3240 3095 cogat,
3276 3036 3381 3079 ne-

1849 3127 1970 3188 que
1999 3107 2186 3169 etiam
2217 3107 2427 3186 exigat
2445 3112 2514 3168 ut
2541 3108 2659 3167 sibi
2689 3110 3082 3187 solvendum,
3123 3111 3234 3171 sed
3265 3128 3381 3171 no-

1848 3201 2016 3262 mine
2044 3201 2247 3261 solum
2277 3202 2545 3262 usurarii
2590 3202 2822 3263 referat
2876 3203 3243 3283 simpliciter
3270 3223 3383 3266 vo-

1849 3296 2153 3356 luntatem
2208 3293 2372 3354 illius
2402 3312 2562 3370 esse,
2599 3299 2667 3356 ut
2694 3295 3026 3373 pecuniam
3083 3314 3273 3376 quam
3325 3295 3378 3356 ei

1852 3388 2169 3448 soluturus
2216 3390 2353 3446 erat
2395 3386 2503 3447 det
2527 3386 2647 3465 ipsi
2695 3387 3010 3465 creditori,
3080 3394 3382 3468 tanquam

1852 3478 1987 3558 ejus
2014 3477 2418 3555 mutuatario,
2457 3479 2557 3539 cui
2588 3479 2776 3540 etiam
2804 3481 3116 3541 commisit
3146 3485 3213 3542 ut
3241 3499 3384 3541 eam

1851 3572 1970 3632 sibi
2022 3570 2334 3648 acciperet
2371 3589 2482 3650 pro
2530 3571 2836 3632 solutione
2884 3572 2980 3633 sui
3038 3574 3280 3648 crediti,
3322 3583 3386 3634 et

1850 3664 2264 3725 mutuatarius
2308 3668 2639 3725 contentus
2692 3668 2882 3741 esset,
2911 3665 3095 3745 eique
3127 3665 3234 3726 det
3280 3684 3370 3744 pe·

1853 3755 2100 3818 cuniam
2133 3774 2323 3836 quam
2352 3755 2629 3815 creditor
2675 3756 2926 3817 nomine
2983 3758 3252 3818 usurarii
3282 3775 3384 3818 ac·

1853 3848 2022 3926 cipit,
2055 3853 2119 3909 et
2137 3853 2355 3927 postea
2375 3866 2449 3907 ex
2478 3848 2614 3925 ejus
2634 3847 3075 3909 commissione
3103 3849 3219 3909 sibi
3252 3850 3386 3911 fac-

1853 3945 1919 4003 ta
1943 3941 2058 4001 sibi
2089 3941 2382 4020 applicat,
2433 3959 2556 4001 non
2586 3940 2953 4019 accipiendo
2985 3941 3157 4001 illam
3184 3960 3225 4002 a
3250 3961 3385 4003 mu-

1852 4032 2121 4094 tuatario
2143 4033 2253 4092 sed
2271 4032 2352 4092 ab
2383 4031 2689 4107 usurario,
2725 4050 2850 4093 non
2876 4032 3065 4093 credo
3096 4033 3387 4113 obligan-

1855 4126 2006 4186 dum
2035 4143 2178 4184 eum
2209 4142 2344 4185 esse
2364 4124 2446 4185 ad
2468 4124 2947 4186 restitutionem.
2989 4125 3144 4197 Quia
3174 4126 3387 4206 impri-

1854 4217 1973 4279 mis
2001 4216 2162 4278 actio
2194 4217 2299 4277 illa
2342 4235 2467 4277 non
2520 4218 2593 4279 fit
2645 4216 2838 4278 invito
2873 4220 3276 4296 mutuatario,
3308 4219 3386 4281 si-

1856 4311 2112 4389 quidem
2141 4310 2274 4389 ipse
2304 4309 2587 4370 animum
2625 4308 2902 4371 habebat
2928 4310 3213 4373 solvendi
3241 4331 3387 4374 usu-

1856 4422 1958 4464 ras
1986 4404 2348 4483 promissaS,
2383 4406 2446 4463 et
2473 4419 2597 4462 non
2653 4402 2834 4463 aliter
2887 4422 2953 4463 se
3000 4404 3194 4466 babet
3252 4423 3390 4467 cre·-

1857 4496 2021 4558 ditor
2076 4495 2140 4554 in
2192 4512 2266 4556 eo
2323 4512 2492 4567 casu,
2550 4512 2740 4575 quam
2796 4494 2846 4555 si
2900 4500 3064 4557 esset
3116 4496 3387 4558 famulus

1854 4587 2081 4648 missus
2128 4586 2207 4646 ab
2237 4586 2572 4658 usurario;
2635 4586 2741 4666 qui
2774 4588 3027 4665 quando
3075 4588 3207 4649 sine
3261 4589 3390 4649 ulla

1856 4678 2179 4741 coactione
2244 4677 2610 4756 simpliciter
2686 4679 2950 4740 referret
3002 4680 3389 4744 voluntatem

1858 4771 2118 4848 domini,
2153 4787 2278 4830 non
2329 4776 2621 4850 peccaret
2666 4776 2887 4832 contra
2932 4771 3264 4852 justitiam,
3320 4778 3390 4834 ιιι

1855 4863 2163 4936 vidimus;
2199 4881 2392 4941 quare
2422 4863 2698 4925 creditor
2727 4863 2895 4923 idem
2927 4864 3214 4926 faciendo
3262 4883 3386 4926 non

1857 4960 2149 5035 peccaret
2184 4959 2401 5016 contra
2421 4955 2752 5036 justitiam,
2799 4975 2914 5038 nec
2956 4961 3279 5018 teneretur
3306 4957 3386 5018 ad

1859 5048 2315 5109 restitutionem
2349 5066 2425 5107 ex
2457 5047 2688 5127 injusta
2713 5050 3097 5128 acceptione.
3120 5049 3244 5110 Sed
3274 5068 3390 5111 nec

1857 5145 2178 5203 teneretur
2206 5158 2362 5201 exre
2392 5145 2672 5220 accepta,
2710 5140 2860 5220 quia
2886 5141 3041 5220 ipse,
3076 5145 3146 5202 ut
3163 5160 3391 5222 suppo·

1861 5252 1965 5312 no,
2019 5233 2176 5293 nihil
2210 5233 2326 5293 sibi
2357 5252 2394 5292 a
2416 5234 2796 5295 mutuatario
2854 5233 3101 5311 accipit,
3135 5235 3247 5294 sed
3278 5234 3391 5294 ha·

1863 5326 1972 5388 bet
1998 5345 2064 5387 se
2096 5330 2164 5386 ut
2190 5344 2401 5385 metus
2439 5326 2718 5403 nun'tius,
2751 5329 2816 5387 et
2854 5325 3127 5387 famulus
3174 5344 3391 5388 usura·

1864 5419 1963 5496 rii,
1996 5418 2098 5498 qui
2118 5417 2450 5497 pecuniam
2491 5417 2774 5495 nonsibi,
2821 5418 2930 5479 sed
2963 5418 3245 5480 usurario
3294 5437 3392 5482 ac-

1865 5512 2036 5591 cipit,
2069 5511 2272 5588 cui,ut
2296 5528 2487 5588 supra
2517 5510 2666 5586 dixi,
2700 5510 3047 5571 dominium
3073 5511 3238 5575 illius
3283 5531 3395 5592 pe-

3515 1923 3628 1981 227

3461 2045 3673 2090 Sententia

3473 2101 3671 2143 auctoris.
