4263 6376
797 257 914 315 752
1969 249 2072 308 DE
2114 246 2471 310 JUSTITIA
2514 245 2615 305 ET
2657 245 2854 307 JURE

804 430 1007 491 solum
1038 429 1102 489 in
1133 447 1239 490 005
1297 427 1403 507 001
1449 425 1715 505 probare
1758 429 2039 505 possunt.
2100 427 2168 485 In
2226 424 2346 485 hoc

804 526 1037 603 puncto

893 617 987 679 Sit
1013 634 1114 696 se}
1129 616 1278 678 tima
1307 613 1645 690 conclusio,
1682 631 1805 674 non
1833 612 2083 673 videtur
2112 631 2345 691 negan-

480 732 748 791 nopossibili
813 711 998 784 dum,
1051 708 1220 787 quod
1264 707 1344 769 sit
1390 707 1454 767 in
1501 706 1778 787 praelatis
1824 710 2102 787 potestas
2133 706 2348 784 praeci-

468 790 768 902 pss‘issngesstte-
814 800 1029 882 piendi
1054 801 1117 860 in
1146 800 1355 880 aliquo
1385 800 1562 879 gravi
1591 819 1741 860 0050
1784 798 2344 875 denuntiationem,

2446 421 2641 483 culari
2668 422 2900 502 pendet
2925 440 2999 481 ex
3028 421 3242 483 multis
3270 423 3784 485 circumstantiis
3803 470 3820 500 ,
3863 442 3991 503 qua-

2444 535 2585 577 rum
2641 514 3054 576 consideratio
3113 515 3533 595 relinquenda
3593 522 3700 579 est
3748 517 3993 579 arbitrio

2445 609 2771 688 prudentis
2795 609 2856 669 in
2888 609 3107 669 ordine
3136 608 3216 670 ad
3247 628 3430 670 casus
3461 611 3917 688 particulares

2527 704 2947 764 Confirmatur
2973 703 3292 763 conclusio
3321 703 3406 764 ad
3440 704 3831 777 hominem;
3866 707 3997 785 quia
4094 708 4139 762 Ξ

2450 799 2734 856 auctores
2803 796 3131 856 contrariae
3202 795 3529 858 sententiae
3608 805 3995 877 supponunt,
4050 833 4149 873 3³..

562 612 638 671 25

488 895 742 992 δῑὲθῃέΐωῡῑ·
833 914 945 956 500
982 893 1517 956 mnitestationem
1545 893 1786 967 delicti,
1822 892 2067 954 etiamsi
2096 892 2351 971 probari
2450 889 2758 970 ejusmodi
2813 888 3019 950 edicta
3075 889 3359 968 obligare
3415 891 3499 950 ad
3556 893 3997 954 denuntianda
4046 895 4149 978 ὦ

484 953 765 1048 sigualdi&-
815 1007 940 1048 non
983 987 1211 1067 possit,
1271 986 1360 1048 ita
1403 987 1653 1048 videtur
1688 987 1870 1047 fateri
1916 986 2047 1064 ipse
2096 985 2344 1047 Silvest.
2449 983 2585 1044 haec
2614 982 2864 1058 delicta,
2896 983 3150 1062 quando
3181 983 3438 1061 probari
3459 993 3765 1063 possunt,
3802 987 4000 1048 etiam·

812 1081 988 1143 verb.
1024 1079 1562 1157 eaecommunicatio,
1590 1081 1724 1159 11.§.
1744 1082 1802 1140 8.
1838 1079 1944 1139 ubi
1977 1077 2147 1155 dicit,
2183 1077 2352 1157 quod

815 1175 865 1236 si
888 1175 1085 1255 judex
1133 1173 1463 1253 praecipiat
1515 1173 1631 1234 sub
1679 1171 2348 1248 excommunicatione,

817 1273 885 1329 ut
936 1267 1053 1327 sibi
1109 1267 1514 1329 denuntietur
1585 1266 1649 1325 in
1699 1265 1937 1344 judicio
1995 1270 2349 1344 peccatum,

817 1360 1064 1423 etiamsi
1112 1359 1514 1421 denuntiator
1557 1359 1708 1420 illud
1751 1360 2018 1438 probare
2058 1378 2182 1420 non
2212 1378 2358 1438 pos-

818 1454 935 1529 sit,
969 1471 1092 1514 non
1121 1453 1398 1514 continet
1433 1452 1554 1514 hoc
1581 1457 1966 1533 praeceptum
1994 1452 2359 1514 intolerabi-

819 1547 943 1607 lem
972 1565 1276 1622 errorem,
1312 1546 1459 1625 quia
1488 1564 1736 1626 semper
1763 1546 2150 1625 intelligitur,
2185 1546 2356 1606 salvo

823 1639 1041 1700 ordine
1070 1638 1465 1717 evangelico,
1518 1642 1580 1699 et
1616 1639 1783 1699 utilis
1830 1642 1924 1700 est
1970 1638 2359 1699 denuntiatio

824 1738 893 1793 ut
921 1751 997 1792 ex
1025 1751 1100 1792 ea
1127 1731 1435 1792 habeatur
1463 1732 1709 1810 plenior
1737 1731 1959 1792 notitia
1983 1778 1997 1807 ,
2051 1734 2114 1791 et
2141 1749 2362 1809 proce-

824 1825 935 1888 dat
961 1824 1042 1885 ad
1071 1824 1405 1903 specialem
1433 1824 1897 1904 inquisitionem
1927 1828 2144 1886 contra
2159 1843 2358 1901 reum,

827 1923 891 1982 et
916 1918 995 1979 ad
1026 1919 1457 1998 quaestionem,
1492 1918 1554 1978 id
1587 1922 1699 1994 est,
1734 1917 1810 1977 ad
1842 1921 2172 1994 torturam,
2199 1917 2363 1978 unde

829 2013 881 2073 si
909 2011 1195 2073 subditus
1226 2030 1350 2072 non
1379 2013 1559 2089 paret
1593 2016 1907 2090 praecepto
1954 2011 2217 2072 incurrit
2262 2030 2368 2072 ex-

832 2105 1484 2168 communicationem.
1515 2104 1857 2184 Loquendo
1890 2123 2039 2184 ergo
2070 2104 2147 2165 de
2176 2104 2369 2183 possi-

832 2199 961 2274 bili,
996 2216 1121 2258 non
1147 2197 1399 2259 videtur
1455 2197 1745 2276 neganda
1799 2196 1936 2258 haic
1992 2200 2268 2277 potestas
2305 2197 2370 2257 in

832 2289 1047 2371 judice
1089 2290 1155 2350 in
1196 2290 1406 2370 aliquo
1457 2309 1603 2351 casu
1661 2290 1861 2369 gravi.
1923 2293 2080 2350 Nam
2127 2291 2370 2352 secluso

837 2383 1007 2446 omni
1033 2388 1347 2463 praecepto
1377 2383 1637 2462 praelati,
1673 2382 1957 2444 subditus
1984 2387 2234 2445 tenetur
2262 2383 2374 2443 ali—

839 2477 1090 2558 quando
1120 2477 1490 2538 denuntiare
1508 2478 1605 2537 vel
1625 2477 2047 2554 manifestare,
2065 2477 2212 2538 licet
2230 2494 2375 2556 pro-

839 2573 990 2634 bare
1021 2590 1145 2633 non
1176 2570 1393 2649 possit.
1428 2570 1495 2632 Si
1524 2570 1690 2631 enim
1707 2570 1866 2631 scias
1886 2570 2159 2650 aliquem
2187 2588 2376 2650 agere

842 2667 920 2727 de
949 2665 1254 2726 tradendo
1283 2663 1564 2744 principe
1595 2663 1913 2741 hostibus',
1962 2665 2062 2725 vel
2111 2664 2377 2742 prodere

842 2759 1327 2838 rempublicam,
1377 2758 1524 2818 licet-
1550 2756 1670 2818 hoc
1700 2758 1963 2836 probare
1994 2775 2116 2819 non
2154 2758 2376 2836 possis,

846 2853 986 2934 quis
1023 2856 1211 2932 neget
1242 2851 1446 2914 teneri
1485 2855 1546 2911 te
1589 2851 1764 2912 illum
1809 2851 2210 2913 manifestare
2238 2869 2383 2930 pro-

845 2951 986 3027 pter
1031 2947 1265 3007 bonum
1307 2946 1685 3005 commune?
1741 2947 2007 3007 Possunt
2053 2963 2200 3024 ergo
2247 2961 2383 3005 esse

849 3040 954 3100 alii
983 3058 1199 3115 casus,
1230 3038 1295 3098 in
1325 3037 1586 3117 quibus,
1620 3036 1769 3097 licet
1796 3039 2037 3100 secluso
2068 3041 2382 3119 praecepto

850 3131 1126 3213 praelati,
1186 3148 1313 3193 non
1361 3133 1527 3192 esset
1563 3129 1826 3191 fortasse
1871 3135 2044 3193 tanta
2074 3130 2385 3210 ‘obligatio

852 3225 1295 3297 denuntiandi;
1340 3226 1552 3303 posset
1577 3226 1788 3284 tamen
1809 3225 2104 3303 praelatus
2130 3228 2392 3305 propter

851 3319 945 3382 rei
978 3317 1353 3397 gravitatem
1379 3317 1702 3394 imponere
1734 3323 2121 3397 praeceptum
2149 3319 2392 3379 denun-

852 3411 1049 3476 tiandi
1093 3411 1261 3492 quod
1302 3409 1553 3490 probari
1602 3427 1727 3470 non
1758 3414 1995 3489 potest,
2050 3429 2198 3472 nam
2227 3412 2393 3489 ejus-

854 3505 1022 3566 modi
1082 3503 1357 3583 gravitas
1409 3521 1536 3564 non
1589 3503 1871 3565 consistit
1913 3505 1975 3564 in
2004 3504 2389 3580 indivisibili,

855 3599 968 3662 sed
993 3597 1186 3660 habet
1210 3597 1639 3674 latitudinem,
1700 3601 1762 3658 et
1807 3601 2012 3677 potest
2056 3598 2393 3677 aliquando

859 3712 994 3755 esse
1028 3694 1203 3755 tanta
1230 3690 1505 3770 gravitas
1533 3689 1658 3766 rei,
1701 3695 1770 3753 ut
1797 3692 1930 3751 sine
1959 3696 2273 3771 praecepto
2297 3690 2396 3770 ju-

861 3785 1015 3847 dicis
1045 3783 1349 3856 tenearis;
1397 3782 1733 3862 aliquando
1773 3783 1954 3861 talis,
2007 3787 2077 3845 ut
2103 3783 2397 3862 praelatus

861 3897 987 3940 non
1016 3877 1214 3957 possit
1254 3874 1409 3936 illud
1439 3875 1814 3953 praecipere;
1866 3875 2205 3956 aliquando
2250 3893 2396 3937 vero

862 3971 1001 4033 talis
1037 3974 1107 4031 ut
1134 3968 1330 4048 possit
1354 3967 1506 4028 illud
1535 3969 1878 4047 praecipere
1902 4015 1918 4046 ,
1948 3969 2096 4030 licet
2120 3970 2399 4049 alioquin

864 4082 989 4126 000
1017 4061 1353 4126 tenereris:
1378 4061 1630 4141 quando
1663 4066 1872 4122 autem
1899 4062 1980 4123 sit
2004 4063 2281 4141 gravitas
2309 4062 2401 4122 rei

863 4161 1059 4233 tanta,
1093 4155 1191 4217 vel
1217 4158 1415 4232 tanta,
1438 4154 1854 4235 judicandum
1882 4158 1977 4217 est
2004 4175 2080 4216 ex
2115 4159 2397 4235 peccatu,

867 4248 1371 4324 circumstantiis»,
1406 4253 1468 4310 et
1495 4267 1570 4308 ex
1596 4248 1826 4309 damno
1859 4249 2027 4328 quod
2057 4268 2171 4329 per
2196 4250 2401 4328 ipsum

870 4340 1082 4404 inferri
1114 4343 1321 4419 potest
1347 4340 1811 4418 communitati,
1862 4342 1963 4403 vel
1993 4342 2350 4421 reipublicae
2385 4364 2398 4405 ε

867 4433 1021 4496 111οᾱ
1051 4426 1219 4494 enini
1247 4432 1548 4493 damnum
1577 4435 2076 4513 comparandum
2120 4440 2215 4497 est
2260 4456 2404 4497 cum

869 4529 1125 4604 damno,
1159 4525 1327 4607 quod
1356 4527 1638 4607 sequitur
1665 4546 1831 4590 exeo
1854 4530 2021 4610 quod
2040 4528 2237 4609 judex
2266 4549 2406 4609 pos·

870 4623 950 4685 sit
988 4622 1263 4700 obligare
1311 4620 1594 4682 subditos
1640 4620 1720 4681 ad
1761 4623 2220 4685 manifestanda
2265 4643 2408 4704 pec-

871 4719 1014 4777 cata
1043 4719 1305 4790 secreta,
1366 4718 1429 4775 et
1475 4733 1614 4793 quae
1656 4716 1912 4795 probari
1954 4735 2077 4778 000
2107 4723 2403 4798 possunt;

873 4808 1124 4889 quando
1155 4807 1323 4868 enim
1352 4807 1554 4887 majus
1585 4813 1679 4870 est
1707 4810 2151 4871 detrimentum
2190 4832 2265 4872 ex
2291 4814 2410 4874 hac

873 4901 1147 4977 licentia,
1168 4918 1358 4980 quam
1381 4901 1548 4979 quod
1578 4903 1863 4981 sequitur
1890 4922 1964 4963 ex
1993 4906 2409 4968 occultatione

873 4994 1037 5055 illius
1066 4993 1341 5054 criminis
1367 5039 1382 5070 ‚
1417 5013 1541 5055 non
1571 4996 1929 5056 censebitur
1948 4998 2146 5076 judex
2177 5000 2409 5062 hahere

874 5086 1046 5147 illam
1075 5090 1478 5164 potestatem:
1541 5087 1793 5167 quando
1840 5092 2052 5149 autem
2080 5098 2412 5170 peecatum

877 5179 958 5241 sit
984 5178 1139 5255 tale,
1172 5183 1243 5240 ut
1271 5197 1342 5238 ex
1376 5180 1510 5258 ejus
1540 5181 1954 5243 occultatione
1982 5184 2179 5246 multo
2210 5186 2412 5266 majus

879 5272 1181 5332 damnum
1211 5272 1485 5351 patiatur
1513 5274 1896 5354 respublica,
1948 5295 2140 5357 quam
2186 5297 2264 5338 ex
2309 5279 2415 5342 illa

871 5364 1101 5445 judicis
1128 5370 1467 5443 potestate3
1503 5372 1650 5430 tunc
1680 5369 2033 5431 censebitur
2051 5370 2248 5450 judex
2276 5392 2415 5451 pos-

881 5477 947 5519 se
977 5457 1038 5518 id
1069 5458 1432 5539 praecipere.
1467 5462 1600 5521 Hoc
1630 5480 1779 5525 vero
1801 5462 2110 5543 judicium
2139 5464 2201 5526 in
2232 5467 2418 5544 parti·

2451 1077 2500 1137 si
2532 1077 2686 1137 alias
2714 1075 2841 1137 sint
2869 1075 3133 1137 occulta.
3181 1078 3314 1137 Hoc
3357 1084 3576 1139 autem
3598 1081 3750 1158 Jam
3779 1100 4001 1161 suppo-

2452 1171 2543 1232 nit
2590 1171 2654 1231 in
2697 1170 3007 1248 superiori
3052 1170 3331 1249 aliquam
3376 1177 3776 1251 potestatem
3808 1182 4000 1237 extra·

2455 1262 2838 1326 ordinariam
2866 1267 3123 1342 propter
3162 1264 3545 1341 gravitatem
3590 1266 3835 1328 horum
3863 1270 3999 1329 deli-

2455 1362 2733 1429 ctorum;
2790 1373 2935 1415 nam
2985 1360 3055 1417 ut
3081 1375 3273 1435 supra
3304 1358 3609 1437 vidimus,
3655 1360 3863 1440 judex
3890 1383 3997 1424 non

2455 1454 2662 1531 potest
2687 1449 2965 1528 obligare
2993 1448 3075 1509 ad
3107 1449 3542 1512 denuntianda
3576 1453 3817 1517 delicta
3846 1475 4000 1518 com-

2456 1542 2694 1619 munia,
2728 1561 2868 1622 0003
2896 1561 3023 1603 000
3052 1549 3200 1606 sunt
3227 1545 3289 1605 in
3320 1564 3522 1624 grave
3551 1546 3995 1611 detrimentum

2461 1636 2716 1697 alterius
2765 1635 2973 1696 adhuc
3003 1635 3367 1715 imminens,
3421 1641 3693 1718 quando
3744 1651 3890 1705 sunt
3916 1665 3997 1703 se-

2462 1734 2654 1806 creta,
2710 1729 2956 1790 etiamsi
3008 1731 3264 1808 probari
3318 1734 3569 1814 possint
3620 1756 3637 1796 :
3693 1744 3761 1798 et
3809 1743 3996 1798 tamen

2461 1828 2717 1904 propter
2744 1823 3190 1902 particularem
3219 1826 3543 1888 rationem
3562 1828 3793 1890 damni
3822 1831 3997 1890 immi·

2465 1916 2671 1977 nentis
2698 1916 2885 1976 alicui
2917 1917 3125 1990 tertio,
3158 1921 3367 1996 potest
3385 1918 3593 1999 judex
3626 1923 3906 2002 obligare
3928 1924 3998 1985 ad

2466 2009 2965 2071 denuntiandum
3011 2015 3342 2088 peccatum
3372 2015 3740 2088 occultum;
3788 2035 3929 2096 ergo
3969 2037 3999 2076 a

2468 2102 2728 2178 fortiori,
2779 2102 3031 2181 quando
3061 2103 3362 2166 delictum
3391 2108 3476 2169 sit
3505 2109 3711 2171 multo
3739 2111 3994 2190 gravius

2470 2200 2532 2259 et
2561 2215 2636 2256 ex
2682 2213 2806 2275 quo
2856 2195 3110 2258 timetur
3153 2198 3615 2277 gravissimum
3662 2205 3997 2284 reipublice

2471 2289 2796 2364 damnum,
2841 2290 3075 2368 poterit
3107 2291 3306 2369 judex
3347 2293 3642 2374 obligare
3672 2297 3753 2357 ad
3782 2299 4000 2357 denun-

2471 2382 2759 2444 tiandum
2805 2381 2982 2458 illud,
3043 2382 3188 2444 licet
3234 2385 3499 2463 probari
3532 2409 3665 2450 non
3696 2392 3905 2470 possit,
3948 2398 3999 2451 et

2472 2478 2620 2538 licet
2648 2476 2768 2536 hoc
2798 2494 2922 2536 000
2953 2476 3150 2554 possit
3177 2479 3536 2560 praecipere
3568 2484 3736 2545 circa
3768 2486 3887 2545 alia
3909 2485 3998 2543 de-

2472 2570 2622 2631 licta
2648 2569 2853 2628 minus
2882 2569 3121 2647 gravia.

2555 2663 2759 2736 Dices,
2791 2662 2928 2723 haec
2957 2662 3349 2727 denuntiatio
3396 2671 3577 2730 esset
3604 2671 3861 2734 omnino
3887 2672 3998 2732 inu·

2478 2757 2623 2833 tilis,
2674 2755 2983 2835 siquidem
3027 2775 3148 2817 non
3182 2759 3453 2836 probato
3488 2763 3725 2826 delicto
3762 2766 3843 2827 ad
3870 2767 3997 2826 nihil

2483 2850 2848 2911 deserviret.
2877 2848 2999 2910 Sed
3021 2855 3264 2928 contra,
3291 2854 3444 2932 quia
3467 2858 3859 2935 experientia
3882 2879 4002 2920 000-

2483 2947 2606 3005 stat
2633 2942 2949 3004 deservire
2995 2943 3075 3003 ad
3107 2944 3324 3023 multa,
3380 2953 3451 3009 ut
3505 2969 3707 3030 supra
3733 2973 3805 3013 ex
3830 2955 4001 3015 Silve-

2483 3043 2611 3099 stro
2640 3036 2969 3098 retulimus
3000 3057 3013 3098 :
3068 3057 3216 3098 nam
3265 3040 3559 3106 deservit
3601 3046 3685 3105 ad
3716 3047 4002 3127 inquiren-

2486 3131 2636 3192 dum
2663 3130 3017 3210 specialiter
3056 3131 3133 3192 de
3161 3132 3266 3194 illa
3297 3153 3608 3216 persona,
3660 3140 3741 3201 ad
3769 3141 4001 3221 vigilan-

2488 3225 2659 3299 dum,
2696 3224 2776 3284 ad
2806 3226 3328 3303 praecavendum
3365 3230 3451 3291 ad
3484 3231 3617 3294 hoc
3646 3236 3830 3296 etiam
3857 3236 3999 3316 quod

2490 3319 2826 3380 accedente
2858 3319 2979 3379 alio
3011 3319 3453 3385 denuntiatore
3480 3327 3650 3388 mihi
3680 3330 3899 3408 ignoto,
3936 3330 4001 3391 sit

2484 3414 2617 3492 jam
2647 3413 2832 3491 plena
2859 3413 3180 3490 probatio;
3235 3418 3334 3477 vel
3386 3421 3841 3484 accedentibus
3886 3425 4001 3484 aliis

2492 3505 2760 3582 indiciis,
2822 3524 2960 3584 quae
3002 3505 3198 3585 judex
3242 3510 3518 3573 fortasse
3570 3514 3783 3593 habet,
3839 3518 4002 3597 pessit

2494 3617 2638 3660 reus
2664 3599 3044 3660 incarcerari
3075 3604 3140 3661 et
3164 3604 3471 3683 torqueri,
3511 3612 3578 3669 et
3603 3610 3689 3669 ad
3719 3611 3835 3672 alia
3861 3610 4007 3671 simi-

2494 3693 2598 3753 lia.
2635 3693 2837 3766 Quare
2866 3693 3057 3772 aliqui
3087 3713 3159 3753 ex
3180 3698 3550 3761 auctoribus
3570 3706 4005 3782 oppositaesen-

2494 3785 2705 3849 tentiae
2736 3787 2996 3847 fortasse
3031 3786 3152 3848 hoc
3180 3807 3305 3850 non
3327 3793 3685 3872 negabunt,
3721 3798 3829 3857 sed
3858 3796 4009 3857 intei-

2496 3878 2731 3958 ligendi
2763 3882 2947 3940 erunt
2973 3879 3050 3940 de
3082 3881 3331 3958 delicto,
3381 3887 3560 3964 quod
3591 3908 3713 3951 nec
3743 3910 3779 3950 a
3806 3891 4009 3951 denun-

2498 3974 2744 4050 tiatore,
2791 3992 2908 4033 nec
2936 3973 3059 4033 alia
3090 3975 3190 4035 via
3217 3977 3473 4055 probari
3508 3985 3715 4059 poss1t
3746 4005 3760 4045 ε
3808 3984 3907 4065 qui
3932 4002 4009 4044 α·

2500 4086 2605 4127 505
2625 4066 2980 4127 rarissimus
3010 4067 3128 4129 erit
3152 4088 3167 4142 ;
3202 4071 3586 4148 regulariter
3612 4078 3787 4137 enim
3814 4079 3908 4137 ille
3927 4076 4009 4156 qui

2503 4160 2695 4220 semel
2725 4177 2938 4221 coram
2968 4179 3067 4220 me
3098 4161 3383 4241 deliquit,
3436 4166 3715 4229 fortasse
3763 4171 3908 4231 alias
3929 4171 4014 4229 de-

2498 4254 2683 4333 liquit
2725 4271 2939 4314 coram
2970 4254 3124 4329 alio;
3186 4260 3255 4317 ut
3310 4260 3623 4339 contingit
3681 4263 3750 4323 in
3790 4268 4011 4343 peccato

2503 4346 2953 4408 sollicitationis
2977 4347 3040 4406 in
3062 4348 3475 4428 confessione,
3502 4353 3569 4414 in
3596 4375 3729 4434 quo
3750 4357 4010 4418 delictum

2501 4440 2808 4520 probatur
2834 4440 3219 4503 sufficienter
3246 4462 3360 4522 per
3379 4445 3893 4512 denuntiationes
3916 4450 4014 4511 sin·

2505 4534 2790 4613 gulares3
2826 4537 2888 4595 et
2915 4534 3185 4616 denique
3219 4536 3583 4602 deservient
3608 4543 3723 4603 illa
3750 4546 3921 4623 plura
3944 4545 4015 4603 in-

2507 4627 2671 4688 dicia
2698 4626 2779 4687 ad
2808 4628 3231 4707 torquendum
3259 4650 3464 4710 reum,
3490 4654 3566 4695 ex
3596 4639 3784 4717 cujus
3810 4639 4015 4700 confes·

2509 4721 2681 4782 sione
2733 4721 2915 4799 plene
2961 4721 3265 4799 probatur
3293 4726 3617 4790 delictum.
3670 4732 3871 4804 Quare
3904 4732 4015 4811 jam

2508 4813 2662 4874 illud
2692 4813 2989 4876 delictum
3021 4834 3144 4878 non
3176 4822 3313 4879 erat
3332 4819 3703 4900 simpliciter
3730 4824 4015 4905 improba-

2508 4907 2655 4984 bile,
2689 4907 2801 4967 sed
2828 4908 3154 4987 probabile
3177 4912 3402 4974 saltem
3432 4924 3699 4994 remote,
3734 4917 4016 4999 quodsul-

2509 5001 2659 5078 ficit,
2697 5005 2763 5063 ut
2789 5001 2895 5062 illa
2924 5003 3312 5068 denuntiatio
3338 5025 3469 5069 000
3497 5011 3580 5072 sit
3608 5011 3863 5073 inutilis.
3884 5011 4015 5072 Hinc

2513 5113 2661 5173 crgo
2692 5095 2772 5156 sit

2594 5190 2827 5249 Octava
2854 5191 3193 5269 conclusio,
3218 5193 3542 5275 loquendo
3566 5198 3644 5260 de
3662 5200 3820 5261 facto
3846 5204 4015 5261 atten-

2513 5281 2790 5343 dendum
2819 5287 2912 5344 est
2939 5284 3017 5344 ad
3047 5285 3241 5348 verba
3271 5288 3653 5369 edictorum,
3686 5299 3748 5355 et
3771 5291 4011 5354 conside
4046 5312 4149 5368 ...a

2514 5376 2781 5436 randum
2812 5394 2890 5437 00
2921 5378 3207 5456 explicite
3236 5381 3340 5442 vel
3386 5382 3693 5464 implicite
3731 5386 4015 5468 prmipia·
4046 5364 4149 5411 θ’

2516 5472 2617 5530 tur
2643 5469 3028 5534 denuntiatio
3059 5471 3311 5553 delicti,
3361 5478 3618 5542 etiamsi
3661 5482 4013 5544 denuntiator

4102 5184 4137 5239 Ξ
