4263 6376
535 3708 610 3765 14

461 3831 545 3874 Res
574 3835 705 3887 quoad

433 3891 606 3949 partem,
636 3888 730 3940 ,iura

477 3945 617 3990 etiam,
638 3947 680 3982 ct

473 4027 693 4089 son-vituios

431 4099 550 4142 vendi
560 4107 731 4155 possunt

541 5285 606 5342 {3

762 279 882 339 266

788 453 995 514 adhuc
1024 453 1356 533 disponere
1385 456 1463 515 de
1493 457 1692 534 pretio
1723 457 1803 517 ab
1837 459 2117 535 emptore
2149 473 2321 516 acce-

786 550 917 627 pto,
953 546 1120 625 quod
1147 566 1396 626 semper
1419 549 1662 609 excludi
1687 548 2049 627 intelligitur
2075 567 2114 609 a
2142 548 2322 608 bonis

788 639 977 699 etiam
1004 639 1228 699 futuris
1255 639 1556 715 venditiS,
1608 640 1767 701 sicut
1795 645 1856 701 et
1897 660 1995 701 res
2033 641 2169 700 aliae
2218 640 2320 700 illo

787 730 986 808 pretio
1016 732 1480 807 comparandae.
1539 734 1671 793 Imo
1719 734 1970 812 quando
2018 733 2150 792 sine
2199 733 2319 792 alio

785 821 999 883 addito
1029 821 1195 882 bona
1227 825 1436 885 omnia
1462 844 1577 885 sua
1608 826 1745 904 quis
1771 825 2105 902 venderet,
2148 825 2323 886 intel-

784 913 1000 992 ligitur
1028 914 1230 975 solum
1279 915 1357 976 de
1384 916 1565 977 bonis
1593 918 2038 995 praesentibuS,
2090 923 2153 978 et
2198 936 2320 977 non

785 1005 864 1067 dc
892 1005 1136 1083 futuriS,
1168 1011 1239 1068 ut
1267 1026 1342 1068 ex
1369 1009 1557 1069 variis
1586 1010 1828 1088 legibus
1849 1011 2074 1088 probat
2090 1010 2323 1071 Molina

786 1098 945 1177 disp.
978 1101 1119 1161 340.
1154 1104 1217 1160 et
1241 1102 1400 1161 ratio
1432 1121 1566 1162 esse
1594 1108 1821 1181 potest,
1855 1103 2004 1182 qula
2032 1103 2200 1163 bona
2230 1102 2323 1163 fu-

784 1194 929 1252 tura
957 1209 1080 1251 non
1110 1193 1344 1254 suntin
1362 1194 1568 1273 rigore
1598 1198 1727 1271 tua,
1752 1195 1863 1255 sed
1883 1199 2094 1255 erunt:
2126 1213 2321 1274 quare

787 1301 914 1343 non
973 1283 1233 1345 veniunt
1285 1285 1651 1364 simpliciter
1704 1287 1954 1347 nomine
2010 1286 2320 1347 bonorum

783 1380 1056 1437 tuorum.
1089 1377 1324 1437 Eodem
1352 1378 1537 1439 modo
1565 1379 1765 1439 haeres
1794 1379 2067 1439 vendere
2115 1383 2321 1457 potest

783 1470 981 1530 totam
1011 1467 1464 1546 haereditatem,
1498 1472 1596 1531 vel
1625 1477 1867 1550 partem
1895 1472 2080 1547 illius,
2114 1472 2168 1532 si
2187 1471 2321 1550 jam

785 1559 994 1621 delata
1022 1561 1100 1623 sit
1119 1568 1320 1623 morte
1349 1563 1622 1625 defuncti
1653 1565 2006 1639 subsecuta,
2040 1583 2219 1624 secus
2236 1563 2321 1624 vi·

786 1657 973 1714 vente
1002 1658 1323 1727 testatore,
1379 1655 1472 1715 vel
1502 1674 1575 1716 eo
1605 1656 1782 1735 quus
1810 1656 2145 1717 baereditas
2174 1676 2321 1717 ven-

787 1744 978 1822 ditur,
1010 1751 1161 1806 tunc
1181 1747 1348 1806 enim
1377 1748 1650 1810 venditio
1673 1754 1835 1810 esset
1863 1749 2053 1824 nulla,
2086 1753 2150 1809 et
2177 1767 2312 1809 con·

784 1841 884 1899 tra
909 1838 1109 1900 bonos
1152 1858 1362 1901 mores
1386 1887 1402 1917 ,
1464 1847 1721 1920 propter
1765 1842 2114 1921 periculum
2152 1841 2321 1922 quod

782 1929 1089 2008 imminet,
1123 1950 1201 1992 ne
1231 1938 1476 2012 emptor
1501 1935 1644 1995 vitae
1669 1934 2000 1995 insidietur
2024 1935 2188 1995 illius
2217 1954 2318 1995 cu·

776 2021 882 2102 jus
910 2023 1341 2087 haereditatem
1372 2025 1544 2088 emit.
1577 2027 1619 2088 l.
1654 2031 1710 2088 1.
1744 2028 1808 2088 ff.
1841 2027 1911 2088 de
1935 2027 2198 2089 Izan-edit.
2230 2028 2326 2088 vel

783 2124 900 2176 act.
926 2116 1091 2178 vend.
1126 2118 1244 2178 nisi
1271 2118 1426 2196 ipse,
1456 2119 1533 2179 de
1563 2119 1739 2199 cujus
1769 2120 2134 2182 haereditate
2162 2121 2314 2199 agit,

785 2210 1070 2271 conscius
1098 2211 1181 2272 sit
1225 2216 1289 2273 et
1315 2213 1700 2288 consentiat,
1746 2213 1786 2272 1.
1818 2214 1931 2275 uit.
1964 2216 2029 2275 C.
2063 2213 2135 2274 de
2153 2224 2313 2295 pact.

785 2304 849 2362 et
876 2301 915 2363 l.
950 2301 1059 2362 Ex·
1084 2322 1169 2379 eo,
1205 2306 1273 2365 C.
1308 2303 1377 2365 de
1404 2303 1598 2364 inutil.
1627 2305 1828 2386 stipul.
1863 2308 1993 2366 lmo
2025 2324 2140 2366 nec
2172 2307 2321 2367 sub-

785 2395 1034 2456 stitutus
1062 2396 1451 2475 pupillariter
1477 2403 1682 2475 potest
1717 2404 1965 2460 mortuo
1994 2402 2315 2476 testatore,

784 2492 848 2548 et
875 2487 1122 2549 vivente
1171 2489 1378 2549 adhuc
1407 2491 1641 2568 pupillo
1672 2491 1945 2552 vendere
1973 2510 2148 2571 spem
2180 2510 2320 2552 suc-

757 2581 1114 2653 ·cessioniS,
1148 2581 1189 2642 l.
1225 2584 1298 2643 11.
1339 2583 1394 2660 ς.
1427 2583 1606 2660 Illud,
1640 2585 1703 2644 ff.
1737 2583 1807 2644 de
1832 2584 2044 2645 leoered.
2078 2584 2172 2649 vel
2197 2593 2312 2646 act.

781 2673 947 2734 vend.
1007 2674 1309 2735 venditor
1361 2676 1551 2737 etiam
1605 2676 1989 2738 haereditatis
2037 2679 2318 2739 nondum

782 2785 895 2845 per
922 2772 1189 2828 mortem
1218 2768 1441 2829 delatae
1462 2814 1477 2843 ,
1529 2774 1759 2848 praeter
1788 2771 2136 2832 nullitatem
2167 2790 2319 2832 ven-

783 2857 1056 2933 ditionis,
1078 2859 1360 2936 privatur
1386 2860 1520 2939 ipsa
1539 2860 1926 2937 haereditate,
1948 2863 1999 2923 si
2015 2863 2094 2922 ad
2111 2864 2318 2942 ipsum

782 2955 998 3028 postea
1027 2951 1364 3027 deferatur,
1398 2957 1460 3013 et
1486 2954 1838 3031 applicatur
1866 2955 2036 3032 fisco,
2069 2957 2111 3016 I.
2146 2958 2221 3018 II.
2254 2958 2317 3017 in

781 3043 929 3118 fine,
951 3044 1014 3104 ff.
1045 3043 1114 3103 de
1141 3043 1229 3104 leis
1256 3043 1460 3124 quibus
1481 3054 1543 3105 ut
1565 3045 1839 3125 indiqm's.
1874 3050 2088 3110 Potest
2106 3054 2318 3110 tamen

783 3135 1008 3214 aliquis
1049 3137 1411 3198 societatem
1455 3155 1598 3199 cum
1626 3138 1765 3200 aliis
1791 3140 1947 3201 inire
1994 3141 2161 3203 circa
2190 3142 2320 3203 hae-

783 3229 1083 3291 reditates
1108 3231 1414 3306 incertae,
1461 3231 1582 3292 hnc
1610 3237 1737 3309 est,
1779 3234 1830 3294 si
1861 3252 2000 3312 quas
2029 3235 2189 3296 forte
2219 3254 2321 3297 so-

784 3322 896 3383 ciis
924 3322 1282 3383 deferentur
1311 3342 1385 3384 ex
1415 3325 1697 3402 personis
1724 3326 1995 3403 incertiS,
2029 3333 2091 3388 et
2119 3328 2180 3387 in
2210 3347 2320 3408 ge-

784 3434 932 3475 nere
958 3460 972 3490 ,
1005 3415 1068 3474 in
1099 3434 1221 3494 quo
1252 3435 1436 3477 sensu
1468 3416 1833 3495 intelligitur
1859 3419 1957 3479 lex
1985 3423 2044 3481 3.
2077 3422 2133 3499 ς.
2171 3420 2319 3482 Cum

779 3507 1130 3589 specialiter,
1164 3513 1227 3569 et
1251 3509 1308 3586 ἓ.
1342 3509 1477 3585 Illo,
1510 3516 1573 3571 et
1604 3510 1725 3587 lex,
1758 3511 2174 3574 Sisocietatem
2194 3515 2318 3574 uni-

782 3599 1084 3677 versalem,
1120 3603 1181 3661 ff.
1208 3620 1324 3681 pro
1349 3602 1525 3663 socio,

860 3693 1061 3755 Vendi
1094 3694 1280 3754 etiam
1311 3698 1517 3774 potest
1558 3714 1658 3756 res
1700 3698 1910 3777 aliqua
1938 3699 2146 3777 quoad
2178 3718 2321 3778 par-

778 3790 905 3849 tem
925 3834 941 3863 ,
991 3806 1100 3848 seu
1129 3787 1210 3848 ad
1242 3791 1498 3866 quotam
1526 3789 1690 3850 illius
1736 3810 1848 3870 pro
1878 3791 2144 3851 indiviso
2175 3810 2318 3852 cum

779 3879 1103 3942 venditore
1133 3879 1521 3953 habendam;
1548 3881 1653 3961 jus
1683 3882 1831 3944 item
1853 3884 2189 3960 servitutiS,
2215 3885 2319 3944 de·

584 4007 629 4034 es
667 4008 714 4036 ac
777 3972 909 4035 bita
932 4020 947 4050 ,
1007 3974 1283 4035 actIones
1311 3974 1442 4034 sive
1479 3994 1654 4053 purae
1699 3976 1828 4036 sive
1857 3976 1919 4036 in
1951 3977 2144 4053 diem,
2187 3978 2317 4038 sive

776 4067 967 4128 etiam
996 4066 1438 4128 conditionata}
1459 4113 1474 4143 ,
1524 4068 1586 4127 id
1616 4069 1806 4130 etiam
1853 4068 2182 4148 ignorante
2212 4070 2319 4130 de-

775 4159 977 4220 bitore
1001 4204 1017 4234 ,
1069 4163 1131 4219 et
1160 4160 1384 4220 transit
1410 4159 1474 4218 in
1503 4165 1851 4238 emptorem
1890 4160 1994 4240 jus
2034 4162 2223 4223 etiam
2254 4163 2313 4222 in

777 4251 1004 4330 pignus
1027 4295 1043 4325 ,
1077 4251 1177 4310 vel
1218 4249 1639 4330 hypothecam
1665 4299 1680 4328 ,
1714 4254 1812 4314 vel
1853 4253 2313 4332 fidejussorem,

777 4345 826 4404 si
858 4362 969 4423 pro
1001 4344 1211 4406 debito
1241 4349 1439 4406 erant.
1475 4345 1540 4406 Si
1569 4350 1779 4407 autem
1809 4348 2088 4409 debitum
2101 4367 2320 4409 verum

776 4437 894 4512 sit,
949 4436 1096 4498 licet
1141 4441 1358 4516 postea
1400 4437 1648 4499 debitor
1691 4457 1816 4499 non
1861 4440 1943 4501 sit
1984 4441 2312 4516 solvende,

776 4529 1069 4590 venditor
1098 4548 1222 4590 non
1252 4533 1501 4590 tenetur
1529 4531 1606 4590 de
1637 4531 1942 4593 evictione
1967 4578 1981 4607 ,
2017 4533 2164 4611 quia
2185 4533 2319 4610 jam

778 4622 954 4682 dedit
981 4641 1199 4682 verum
1237 4622 1342 4701 jus
1379 4622 1547 4702 quod
1577 4621 1853 4685 habebat
1882 4625 1960 4684 ad
1989 4626 2113 4685 tale
2144 4625 2322 4685 debi-

775 4720 910 4777 tum
941 4714 1340 4793 exigendum.
1404 4715 1779 4776 Prohibetur
1822 4720 2030 4777 tamen
2060 4718 2102 4778 l.
2138 4719 2213 4778 II.
2249 4720 2314 4778 C.

774 4827 845 4868 ne
872 4808 1044 4869 liceat
1066 4808 1388 4888 potentiori
1400 4828 1414 4879 ;
1448 4808 1722 4882 vendere
1764 4809 2077 4871 actionem
2127 4812 2185 4870 ei
2215 4810 2321 4890 qui

775 4900 1091 4980 potentior
1116 4900 1198 4961 sit
1217 4900 1297 4960 ad
1311 4901 1682 4961 vincendam
1711 4901 1885 4962 litem
1901 4920 2040 4981 quae
2063 4903 2322 4964 suborta

777 4999 893 5071 cst,
944 4993 1045 5054 vel
1073 4993 1346 5054 suboriri
1377 4998 1603 5072 potest,
1656 4998 1719 5055 et
1745 4994 2034 5055 venditor
2077 4996 2143 5055 in
2184 5013 2322 5073 poe-

775 5105 922 5148 nam
953 5086 1184 5148 amittit
1208 5088 1313 5166 jus
1344 5086 1510 5164 quod
1542 5086 1621 5146 ad
1651 5086 1841 5147 talem
1871 5088 2182 5149 actionem
2213 5088 2321 5147 ha-

780 5180 991 5241 bebat.

862 5272 1062 5333 Vendi
1095 5273 1284 5333 etiam
1314 5276 1576 5351 possunt
1600 5291 1702 5333 res
1746 5273 1808 5333 in
1837 5291 1948 5352 spe
1973 5319 1988 5348 ,
2038 5279 2099 5335 ct
2141 5278 2317 5335 ante-

784 5384 974 5444 quam
1003 5366 1292 5440 existant,
1344 5371 1413 5426 ut
1438 5370 1654 5446 partus
1683 5366 1947 5441 ancillas,
2000 5367 2095 5426 vel
2128 5384 2317 5446 peco-

780 5477 944 5532 rum,
969 5457 1176 5540 jnctus
1205 5459 1373 5536 retiS,
1392 5464 1499 5520 aut
1528 5459 1822 5520 animalia
1849 5459 2182 5519 venatione
2214 5478 2314 5520 ca·

1917 281 2018 340 DE
2059 280 2416 341 JUSTITIA
2461 281 2562 339 ET
2603 279 2805 340 JURE

2418 454 2683 534 pienda;
2742 454 2792 514 si
2852 460 3063 516 tamen
3109 455 3383 535 piscator
3428 461 3538 516 aut
3582 459 3851 515 venator
3906 455 3969 513 in

2420 566 2610 608 causa
2637 553 2801 609 esset
2844 552 2912 608 ut
2939 548 3139 625 pisces
3165 549 3263 608 vel
3291 548 3588 608 animalia
3616 566 3743 607 non
3774 566 3973 625 cape-

2420 645 2657 714 rentur,
2677 643 3000 700 teneretur
3026 641 3288 719 emptori
3322 640 3399 699 de
3427 641 3753 714 interesse,
3774 658 3971 717 argu-

2419 738 2630 793 mento
2661 737 2864 794 textus
2892 732 2954 791 in
2983 733 3024 793 l.
3061 732 3137 792 Si
3144 733 3400 812 jactum,
3435 734 3496 792 ff.
3530 731 3601 791 de
3626 740 3744 791 oct.
3778 741 3967 811 empt.

2420 826 2528 884 Est
2554 829 2765 885 autem
2796 825 3345 903 differentia,quod
3379 827 3632 904 quando
3663 825 3973 884 venditur

2420 922 2637 995 partus
2674 917 2916 978 ancillae
2939 963 2955 994 ,
3015 918 3112 977 vel
3161 936 3456 995 pecorum
3479 964 3495 993 ,
3554 923 3650 980 est
3674 916 3972 977 venditio

2420 1010 2880 1085 conditionalis,
2913 1011 2954 1072 l.
2982 1009 3108 1070 Nee
3133 1010 3368 1091 empne,
3395 1013 3456 1071 ff.
3476 1010 3545 1070 de
3562 1008 3976 1071 contrahenda

2418 1101 2721 1182 emptione,
2779 1106 2843 1162 et
2901 1102 3043 1163 ideo
3092 1103 3143 1161 si
3199 1121 3323 1163 non
3369 1109 3667 1182 sequatur
3710 1108 3969 1183 partuS,

2421 1194 2591 1254 nulla
2620 1198 2742 1265 est;
2788 1194 3077 1255 venditor
3105 1200 3315 1256 tamen
3346 1195 3659 1256 tenebitur
3684 1195 3768 1255 ad
3800 1195 3972 1255 inte-

2419 1305 2610 1363 resse,
2658 1286 2708 1346 si
2756 1304 2946 1346 causa
2992 1287 3108 1347 fuit
3162 1287 3330 1366 quod
3377 1307 3502 1348 non
3558 1294 3965 1367 sequeretur.

2421 1378 2681 1451 Quando
2711 1395 2860 1438 vero
2890 1379 3183 1439 venditur
3209 1379 3456 1440 venatio
3477 1427 3492 1455 ,
3527 1381 3624 1440 vel
3660 1381 3966 1459 piscatiO,

2419 1471 2713 1532 venditur
2738 1471 3023 1533 absolute
3074 1490 3215 1550 spes
3238 1518 3254 1548 ,
3305 1476 3367 1532 et
3392 1473 3660 1551 pretium
3686 1473 3974 1533 debetur

2421 1564 2666 1624 etiamsi
2695 1562 2849 1623 nihil
2879 1564 3195 1642 capiatur,
3229 1582 3301 1623 us
3331 1569 3578 1625 constat
3605 1583 3679 1623 ex
3707 1564 3892 1624 dicta
3921 1564 3969 1623 I.

2418 1654 2544 1716 Nec
2562 1655 2796 1735 emptio,
2831 1655 2960 1717 etl.
2994 1655 3364 1732 Emptorem,
3398 1657 3453 1734 ἓ.
3488 1657 3601 1716 ult.
3638 1658 3700 1716 ff.
3736 1655 3810 1716 de
3836 1665 3964 1716 act.

2419 1757 2596 1829 empt.
2645 1748 2764 1808 nisi
2810 1748 2980 1808 aliud
3018 1749 3080 1807 in
3113 1754 3378 1828 utroque
3410 1767 3557 1809 casu
3605 1754 3855 1809 constet
3886 1749 3968 1807 de

2417 1846 2628 1902 mente
2686 1840 3190 1902 contrahentium
3237 1861 3251 1902 z
3302 1848 3370 1903 ut
3424 1842 3476 1901 si
3530 1860 3698 1900 emas
3756 1843 3968 1901 solam

2418 1952 2593 2012 spem
2624 1938 2859 2012 partus,
2894 1952 3017 2012 quo
3048 1952 3196 1994 casu
3226 1934 3344 1995 erit
3371 1934 3603 2012 emptio
3633 1934 3963 2005 absoluta;

2418 2027 2518 2086 vel
2548 2026 2597 2086 si
2629 2026 2893 2102 dixeriS,
2941 2044 3054 2105 pro
3086 2026 3245 2085 libra
3273 2026 3538 2105 piscium
3584 2045 3743 2106 quos
3772 2045 3968 2105 ccpe-

2417 2119 2542 2193 ris,
2592 2120 2688 2178 vel
2737 2137 2851 2198 pro
2895 2120 3094 2197 prim«)
3143 2119 3394 2178 animali
3425 2119 3593 2198 quod
3623 2120 3966 2180 venatione

2417 2211 2913 2291 apprehenderis
2936 2257 2952 2288 ,
3005 2211 3169 2272 dabo
3197 2212 3309 2272 tibi
3347 2211 3605 2283 decem3
3666 2216 3761 2271 cst
3788 2214 3967 2271 enim

2417 2309 2565 2366 tunc
2596 2303 3065 2379 conditionaliS,
3114 2303 3170 2363 si
3193 2304 3433 2385 ceperis.
3494 2304 3672 2366 Unde
3700 2304 3755 2363 si
3785 2323 3967 2363 eme-

2417 2396 2502 2457 ris
2532 2396 2788 2457 missilia
2815 2413 2888 2456 co
2918 2395 3139 2471 modo,
3194 2414 3420 2474 nempe
3448 2397 3714 2457 emendo
3748 2397 3962 2457 solam

2418 2508 2615 2567 spem,
2646 2489 2792 2550 licet
2818 2495 3034 2567 postea
3064 2489 3170 2549 illa
3199 2489 3595 2565 evincantur,
3631 2490 3778 2568 quia
3804 2490 3966 2549 alie-

2417 2600 2499 2642 na
2528 2587 2738 2657 erant,
2798 2581 3088 2642 venditor
3132 2582 3217 2642 ad
3263 2582 3418 2642 nihil
3466 2587 3747 2657 tenetur,
3809 2584 3965 2662 quia

2415 2693 2593 2753 spem
2620 2674 2818 2735 solam
2846 2674 3070 2746 emisti,
3106 2679 3176 2735 ut
3200 2678 3445 2737 constat
3471 2694 3548 2735 ex
3575 2675 3742 2735 dicta
3770 2674 3814 2734 I.
3836 2674 3969 2734 Nec

2415 2767 2648 2848 empne.

2498 2863 2616 2921 Res
2656 2878 2779 2920 non
2809 2860 3104 2935 existens„
3130 2859 3183 2920 si
3211 2860 3523 2921 vendatur
3548 2864 3619 2921 ut
3648 2860 3955 2935 existen3‚

2415 2953 2605 3013 vendi
2633 2951 2838 3013 valide
2868 2970 2995 3013 non
3024 2956 3249 3030 potest.
3282 2953 3463 3015 Unde
3492 2954 3543 3012 si
3571 2952 3798 3013 domus
3811 2972 3964 3013 ven·

2417 3046 2623 3121 datur,
2658 3050 2722 3106 et
2739 3044 3054 3106 destructa
3074 3049 3224 3121 tota,
3244 3046 3679 3122 ignorantibus
3706 3052 3963 3107 contra-

2416 3138 2744 3214 hentibuS,
2789 3139 2922 3218 Jam
2952 3137 3069 3215 sit,
3119 3138 3396 3200 venditio
3430 3143 3524 3200 est
3552 3139 3720 3199 nulla
3744 3185 3761 3214 ‚
3810 3139 3962 3201 licet

2415 3235 2671 3293 maneat
2709 3250 2886 3303 aren;
2939 3231 2989 3291 si
3018 3249 3167 3291 vero
3197 3250 3344 3310 pars
3370 3231 3573 3311 major
3602 3231 3828 3293 domus
3854 3233 3962 3292 vel

2417 3324 2628 3384 oliveti
2656 3324 2947 3403 perierat,
2970 3329 3177 3401 potest
3205 3329 3450 3402 emptor
3477 3343 3600 3386 non
3618 3329 3787 3385 stare
3813 3344 3960 3385 con·

2415 3417 2674 3493 tractui,
2732 3417 2831 3476 vel
2860 3420 3026 3476 stare
3047 3464 3062 3492 ,
3113 3416 3400 3476 faciendo
3432 3423 3504 3478 ut
3528 3418 3848 3478 minuatur
3877 3419 3957 3477 de

2416 3511 2615 3589 pretio
2644 3528 2755 3588 pro
2786 3515 2923 3570 rata
2970 3528 2984 3569 :
3037 3510 3088 3569 si
3130 3528 3274 3587 pars
3303 3509 3566 3569 dimidia
3593 3510 3800 3570 adhuc
3827 3530 3957 3570 ma·

2417 3608 2592 3678 neat,
2628 3603 2795 3663 valet
2821 3606 3179 3663 contractus
3208 3607 3272 3663 et
3299 3601 3654 3663 detrahitur
3680 3622 3794 3682 pro
3823 3609 3959 3663 rata

2418 3696 2497 3756 de
2527 3695 2759 3774 pretiO,
2812 3700 2882 3755 ut
2910 3699 3155 3755 constat
3181 3713 3251 3754 ex
3283 3695 3324 3755 l.
3362 3694 3636 3771 Domum,
3670 3702 3731 3756 et
3759 3697 3800 3756 I.
3834 3698 3959 3757 Ar-

2418 3787 2671 3865 boribus,
2706 3789 2768 3848 ff.
2821 3787 2891 3847 de
2934 3786 3325 3848 contrahenda
3352 3788 3658 3870 emptione.
3719 3791 3786 3851 Si
3813 3809 3954 3849 ven-

2418 3881 2584 3942 ditor
2611 3880 2779 3940 solus
2807 3880 3091 3940 conscius
3123 3885 3278 3956 erat,
3294 3899 3429 3940 rem
3447 3886 3647 3942 totam
3674 3881 3948 3960 periisse,

2417 3972 2692 4034 venditio
2722 3977 2817 4033 est
2844 3971 3034 4048 nulla,
3069 3978 3132 4034 et
3158 3973 3450 4034 venditor
3478 3978 3727 4035 tenetur
3753 3975 3835 4035 ad
3863 3975 3954 4034 in·

2416 4071 2690 4140 teresse,
2744 4070 3050 4143 quantum
3097 4065 3362 4144 emptori
3396 4066 3660 4127 interest
3687 4067 3951 4126 validam

2415 4158 2607 4218 {uisse
2641 4177 2653 4218 ε
2688 4157 3002 4217 tenebitur
3032 4157 3242 4232 etiam,
3278 4157 3528 4235 quando
3561 4158 3801 4219 sciebat
3826 4177 3951 4218 rem

2416 4269 2541 4311 non
2583 4253 2781 4311 totam
2811 4249 3069 4329 periisse
3092 4296 3109 4325 ,
3144 4249 3252 4309 sed
3283 4255 3643 4311 contractus
3672 4258 3766 4312 est
3810 4251 3955 4312 vali-

2416 4343 2864 4406 duS.Videatur
2891 4344 3104 4405 Molin.
3139 4342 3298 4420 disp.
3333 4346 3472 4404 310.
3504 4344 3561 4420 ἓ.
3588 4343 3828 4419 Quando
3844 4363 3946 4416 res,

2417 4437 2525 4517 qui
2554 4436 2704 4496 alias
2732 4436 3163 4497 distinctiones
3191 4436 3269 4496 de
3301 4435 3420 4497 hoc
3451 4455 3604 4497 casu
3631 4437 3952 4516 prosequi-

2415 4535 2551 4605 tur,
2587 4534 2650 4590 et
2676 4529 2732 4606 ἓ.
2768 4529 3038 4606 praeced.
3072 4533 3135 4589 et
3161 4528 3443 4607 sequenti
3476 4529 3609 4606 agit
3645 4529 3724 4589 de
3752 4548 3950 4590 errore

2416 4623 2583 4684 circa
2616 4621 3034 4682 substantiam
3074 4622 3158 4681 rei
3188 4621 3496 4698 venditae,
3550 4622 3629 4682 de
3679 4642 3799 4701 quo
3844 4641 3951 4682 nos

2417 4715 2660 4794 egimus
2705 4732 2896 4793 supra
2939 4715 3099 4792 disp.
3152 4716 3340 4776 XXII.
3390 4713 3458 4774 de
3484 4715 3865 4774 contractibus
3889 4715 3947 4772 in

2416 4827 2643 4889 qenere,
2677 4813 2831 4869 sect.
2872 4824 2954 4869 vl.

2498 4901 2693 4963 Multa
2723 4905 2906 4976 sunt,
2961 4918 3102 4979 quae
3125 4902 3268 4979 jure
3303 4899 3485 4959 vendi
3517 4919 3644 4961 non
3675 4907 3942 4980 possunt,

2419 5012 2688 5074 quorum
2719 4994 2933 5071 aliqua
2979 4993 3295 5070 pertinent
3339 4992 3418 5051 ad
3448 4993 3610 5053 alias
3636 4993 3941 5062 mate-rins,

2418 5105 2477 5148 v.
2512 5105 2574 5164 g.
2610 5086 2688 5145 ad
2716 5085 3049 5146 materiam
3078 5085 3156 5146 de
3186 5085 3473 5159 simonia,
3508 5086 3614 5145 ubi
3645 5086 3839 5165 agitur
3859 5085 3944 5143 de

2418 5178 2839 5259 prohibitione
2860 5178 3172 5239 vendendi
3202 5197 3302 5239 res
3329 5179 3711 5257 spirituales,
3733 5178 3817 5236 vel
3842 5196 3945 5235 sa-

2421 5291 2581 5333 cras,
2617 5275 2770 5333 Item
2800 5271 2877 5331 de
2908 5271 3127 5332 officiis
3150 5271 3435 5349 publicis,
3458 5290 3538 5330 an
3562 5277 3626 5333 et
3645 5270 3943 5351 quomodo

2416 5365 2605 5425 vendi
2658 5365 2937 5443 possint,
3001 5364 3282 5425 dicemus
3336 5364 3500 5425 infra
3545 5365 3704 5445 disp.
3736 5365 3937 5426 XXIV.

2416 5463 2675 5538 agentes
2704 5458 2782 5519 de
2812 5457 3243 5535 acceptatione
3273 5475 3708 5536 personarum.
3756 5460 3941 5518 Homo

4040 471 4104 513 uu
4185 485 4203 513 ι

4048 538 4103 577 ῳ
4186 542 4187 555 ÷

4049 589 4104 618 'G
4188 610 4193 615 .

4029 3090 4104 3147 «τε

4015 3150 4103 3181 ‘11‘5

4004 3197 4104 3286 w.

4018 5038 4103 5194 vis
4086 4913 4102 4968 ..
