4263 6376
625 2663 702 2723 99

541 2837 811 2887 ecclesiastici

530 2899 612 2940 siut
630 2892 822 2947 exempti.

861 326 980 384 640

862 499 1087 561 cedere
1116 498 1374 579 regalia,
1398 501 1461 560 et
1488 515 1708 559 eorum
1716 497 1861 577 jura
1881 497 2166 559 minuere
2196 497 2405 577 qualia

861 593 1156 655 videntur
1200 611 1334 652 esse
1381 590 1618 653 tributa
1663 590 1796 669 regi
1844 591 2093 667 debita,
2146 596 2216 652 ut
2261 608 2404 652 cum

862 686 1058 747 Baldo
1084 732 1099 762 ,
1135 689 1196 746 et
1235 688 1419 763 Greg.
1453 686 1607 762 Lop.
1641 685 1826 745 docet
1856 684 2087 745 Sanch.
2125 684 2187 745 d.
2223 703 2278 744 c.
2313 700 2400 744 lv.

864 780 1013 840 dub.
1033 795 1152 839 131.
1192 778 1255 841 Si
1278 796 1426 839 vero
1456 796 1754 838 concessa
1783 777 2000 838 suit'ex
2030 796 2242 854 eausa,
2267 795 2406 855 quae

864 873 945 933 ad
1014 871 1585 932 remunerationem
1659 871 1849 931 talem
1930 871 2406 930 concessionem

864 966 1093 1044 exigat,
1117 964 1431 1026 servanda
1459 964 1595 1035 erit,
1620 963 1767 1043 quia
1790 964 1925 1040 jam
1954 962 2181 1023 transit
2209 963 2270 1021 in
2302 982 2407 1041 pa-

863 1063 1034 1120 ctum
1058 1104 1073 1134 ,
1134 1062 1197 1118 et
1251 1058 1446 1118 multo
1505 1057 1707 1135 magis
1759 1055 1811 1116 si
1859 1074 2160 1117 concessa
2188 1056 2303 1118 fuit
2334 1075 2408 1116 ex

864 1155 1188 1213 contractu
1216 1168 1505 1212 oneroso.

964 1244 1291 1306 Potissima
1344 1243 1524 1303 radix
1583 1242 1999 1322 exemptionis
2054 1261 2091 1301 a
2146 1240 2409 1320 gabellis

865 1337 1137 1416 pertinet
1161 1337 1244 1398 ad
1293 1354 1594 1415 personas
1622 1335 2101 1410 ecclesiasticaS,
2140 1335 2218 1394 de
2267 1334 2405 1414 qui-

864 1432 983 1492 bus
1013 1435 1074 1491 et
1103 1430 1181 1491 de
1197 1448 1414 1492 earum
1433 1428 1828 1508 exemptione
1857 1426 2258 1507 longissimus
2287 1431 2410 1488 tra-

866 1527 1073 1585 ctatus
1102 1523 1291 1584 inseri
1325 1527 1558 1601 posset,
1593 1522 1706 1582 sed
1737 1522 1884 1600 quia
1913 1521 1974 1582 id
2005 1525 2170 1582 esset
2197 1539 2235 1580 a
2267 1539 2411 1582 nos-

865 1622 962 1677 tro
992 1616 1272 1678 instituto
1302 1614 1596 1690 alienum,
1620 1619 1682 1675 et
1708 1613 2018 1673 innumeri
2051 1617 2199 1673 sunt
2230 1631 2411 1673 casus

867 1709 947 1770 de
988 1709 1215 1788 quibus
1249 1709 1313 1768 in
1341 1706 1700 1787 particulari
1732 1705 2003 1766 dubitari
2033 1709 2240 1783 potest
2261 1751 2277 1781 ,
2329 1724 2406 1765 an

868 1802 994 1863 sint
1046 1806 1265 1863 contra
1322 1800 1484 1860 hanc
1543 1798 2001 1859 immunitatem
2045 1798 2413 1858 ecclesiasti-

870 1913 1009 1955 cam
1033 1940 1049 1971 ,
1102 1895 1164 1954 in
1195 1894 1421 1973 quibus
1470 1911 1718 1971 semper
1748 1891 1809 1950 in
1840 1889 1975 1969 ejus
2004 1890 2285 1950 favorem
2315 1890 2409 1949 in-

869 1988 1232 2048 clinandum
1264 1991 1388 2061 est,
1440 1991 1723 2046 nostrum
1745 1983 1874 2044 -erit
1901 1983 2103 2043 solum
2134 1982 2413 2043 radicem

871 2080 1285 2160 exemptionis
1315 2078 1515 2157 primo
1549 2094 1899 2156 proponere
1925 2122 1940 2152 ,
1990 2075 2219 2135 deinde
2270 2094 2411 2155 quae

870 2191 1157 2255 personae
1188 2173 1307 2233 hac
1337 2170 1733 2249 exemptione
1761 2170 2052 2229 fruantur
2075 2216 2090 2245 ,
2144 2169 2412 2248 denique

870 2266 1124 2346 regulas
1171 2265 1413 2344 aliquas
1459 2263 1844 2324 universales
1898 2261 2190 2337 tradere,
2241 2260 2414 2338 iuxta

874 2378 1030 2440 quas
1051 2357 1466 2439 judicandum
1496 2356 1608 2427 sit,
1668 2375 1749 2416 an
1794 2354 2031 2433 aliquid
2077 2355 2160 2416 sit
2198 2360 2416 2417 contra

872 2453 1037 2514 hanc
1067 2451 1549 2525 immunitatem,
1575 2468 1682 2510 eas
1703 2449 1783 2508 ad
1813 2448 2055 2526 aliquos
2075 2466 2256 2508 casus
2285 2467 2415 2509 ma-

871 2546 969 2625 gis
995 2546 1352 2624 frequentes
1380 2542 1775 2623 applicando.

951 2638 1378 2701 Certissimum
1406 2639 1522 2712 est,
1557 2634 1850 2696 ecclesias
1880 2653 2097 2696 omnes
2129 2639 2191 2696 et
2221 2635 2415 2696 eccle-

874 2732 1153 2794 siasticas
1202 2748 1501 2809 personas
1551 2733 1872 2807 exemptas
1929 2747 2063 2789 esse
2113 2748 2151 2787 a
2203 2728 2414 2789 debito

872 2825 1156 2887 solvendi
1208 2823 1521 2903 gabellas‚
1573 2820 1662 2883 ita
1689 2821 1988 2882 definitur
2013 2821 2076 2881 in
2105 2839 2244 2901 cap.
2280 2820 2418 2881 Non

871 2920 1084 2994 minus,
1117 2935 1258 2996 cap.
1289 2914 1612 2988 Adversus,
1646 2913 1717 2975 de
1744 2914 2032 2975 immunit.
2065 2913 2237 2975 Eccl.
2272 2931 2410 2992 cap.

877 3014 1241 3092 Quamquam
1265 3056 1281 3086 ,
1313 3008 1384 3069 de
1410 3008 1620 3069 censib.
1652 3007 1761 3068 lib.
1796 3010 1897 3070 vl.
1958 3026 2097 3086 cap.
2131 3025 2177 3069 1.
2210 3006 2281 3066 de
2308 3006 2417 3067 im-

874 3105 1082 3167 munit.
1115 3102 1179 3164 E
1182 3102 1290 3164 ccl.
1343 3101 1485 3163 eod.
1519 3101 1625 3163 lib.
1662 3100 2069 3177 Clementina,
2099 3100 2409 3177 ‘Pr-cesena,

876 3200 947 3262 de
972 3197 1227 3260 censibus
1252 3244 1268 3273 ,
1300 3196 1363 3255 in
1394 3195 1693 3257 Authent.
1728 3194 1877 3254 Item
1904 3194 2064 3254 nulla
2094 3193 2417 3254 communi-

876 3302 987 3369 tas,
1023 3294 1090 3353 C.
1125 3290 1195 3352 de
1222 3288 1430 3370 Episc.
1463 3297 1516 3349 et
1548 3287 1761 3349 Cleri&
1790 3287 1832 3347 l.
1867 3286 2197 3364 Sancimus,
2232 3289 2308 3349 11.
2345 3289 2411 3350 C.

875 3385 947 3446 de
973 3392 1327 3446 sacrosanct.
1360 3382 1423 3442 E
1425 3381 1590 3443 ccleS.
1638 3400 1716 3441 ex
1744 3380 1971 3459 quibus
1999 3384 2244 3442 constat
2292 3399 2415 3441 non

876 3479 1079 3541 solum
1110 3475 1370 3555 intelligi
1398 3475 1560 3535 hanc
1587 3473 2047 3534 immunitatem
2069 3473 2277 3553 quoad
2308 3473 2414 3534 bo·

876 3591 958 3633 na
988 3569 1440 3645 ecclesiastica,
1493 3567 1605 3628 sed
1647 3567 1838 3628 etiam
1869 3567 2081 3645 quoad
2111 3565 2417 3645 patrimo-

875 3665 1098 3741 nialia,
1149 3681 1355 3725 sermo
1385 3665 1479 3722 est
1508 3660 1675 3720 enim
1723 3660 1801 3720 de
1829 3660 2012 3721 bonis
2040 3659 2416 3720 ecclesiasti-

875 3775 1092 3819 corum
1121 3757 1359 3834 absque
1390 3754 1516 3815 ulla
1543 3753 1933 3815 limitatione.

955 3852 1088 3925 Quo
1120 3854 1332 3911 autem
1353 3848 1496 3926 jure
1529 3846 1666 3908 haec
1695 3846 2008 3925 exemptio
2036 3844 2336 3921 ecclesiis,
2355 3850 2418 3907 et

873 3941 1308 4006 ecclesiasticis
1339 3942 1686 4018 competat,
1720 3944 1962 4001 certum
1993 3944 2088 4000 est
2115 3939 2193 3999 de
2223 3940 2412 4016 facte,

873 4040 1229 4116 competere
1258 4034 1339 4095 ad
1367 4034 1575 4094 minus
1597 4031 1739 4113 jure
1771 4033 2047 4094 humano
2080 4031 2408 4110 canonice,

873 4136 937 4193 et
964 4129 1158 4204 civili,
1195 4132 1266 4189 ut
1292 4130 1541 4188 constat
1558 4125 1808 4205 juribus
1838 4125 2145 4204 allegatiS.
2179 4129 2275 4186 An
2306 4144 2415 4185 ve-

872 4242 942 4285 ro
972 4224 1291 4300 competat
1330 4220 1519 4281 etiam
1567 4218 1811 4298 dejure
1841 4218 2053 4279 divino
2079 4264 2095 4294 ‚
2150 4236 2276 4278 non
2323 4221 2419 4279 est

873 4317 1095 4378 eadem
1125 4315 1454 4376 doctorum
1480 4311 1824 4373 sententia:
1857 4312 2038 4373 multi
2067 4311 2415 4391 praesertim

870 4409 1150 4488 theologi
1179 4408 1415 4482 dicunt,
1452 4424 1578 4466 non
1609 4423 1745 4465 esse
1773 4406 2083 4484 complete
2112 4408 2177 4465 et
2204 4405 2416 4484 proxi-

869 4521 973 4564 me
1002 4503 1081 4564 de
1102 4500 1243 4581 jure
1274 4499 1512 4574 divino,
1546 4498 1657 4559 sed
1686 4503 1926 4559 remote
1957 4503 2019 4558 et
2043 4497 2415 4558 fundamen·

870 4595 1101 4670 taliter,
1131 4596 1439 4673 quatenus
1468 4592 1791 4670 supposita
1820 4590 2212 4651 ordinatione
2244 4590 2416 4651 Chri·

871 4689 970 4765 sti,
997 4705 1123 4767 qua
1150 4688 1433 4766 pastores
1464 4689 1524 4744 et
1551 4689 1783 4746 statum
1805 4682 2298 4744 ecclesiasticum
2327 4683 2416 4743 in-

869 4782 1089 4858 stituit,
1124 4777 1784 4840 convenientissimum
1814 4781 1968 4852 erat,
2002 4782 2067 4838 et
2094 4776 2272 4856 quasi
2306 4796 2417 4837 ne-

869 4873 1212 4936 cessarium
1258 4870 1424 4949 quod
1479 4871 1616 4949 lege
1655 4870 1932 4930 humana
1961 4869 2410 4946 eximerentur,

868 4971 1056 5047 prout
1086 4963 1359 5043 exempti
1391 4963 1681 5038 fuerunt,
1715 4963 1803 5025 ita
1835 4963 1957 5023 late
1986 4962 2239 5023 Lessius
2269 4981 2409 5040 cap.

867 5061 1143 5121 XXXIII.
1179 5057 1330 5119 dub.
1366 5074 1453 5117 1v.
1489 5075 1595 5117 nu.
1629 5060 1726 5119 28.
1776 5074 1918 5116 cum
1949 5054 2271 5135 cajetam,
2308 5055 2414 5116 Vi-

867 5153 1105 5231 ctoria,
1137 5150 1391 5214 Medina
1412 5196 1428 5227 ‚
1480 5151 1627 5211 Soto
1653 5196 1668 5225 ,
1722 5152 1975 5211 Covarr.
2012 5153 2075 5210 et
2101 5151 2407 5225 Navem-0,

865 5264 1023 5327 quos
1054 5246 1234 5306 affert
1266 5263 1279 5303 z
1316 5242 1482 5304 idem
1513 5242 1698 5303 docet
1723 5241 1953 5303 Melina
1982 5247 2131 5304 tem.
2160 5245 2205 5303 Ι.
2243 5242 2405 5322 disp.

863 5356 1032 5402 xxxl.
1068 5343 1130 5399 et
1157 5342 1309 5400 tom.
1343 5336 1446 5397 111.
1483 5334 1643 5413 disp.
1667 5338 1807 5399 670.
1840 5354 1902 5395 n.
1929 5338 1987 5396 2.
2025 5334 2225 5412 Salas,
2263 5335 2413 5396 Mal-

865 5434 1092 5509 deruS,
1127 5429 1501 5504 villalohos,
1553 5428 1808 5506 Henriq.
1843 5427 2200 5505 Aragonius
2227 5474 2242 5504 ,
2296 5430 2413 5489 Le·-

865 5526 1105 5601 desma,
1140 5527 1203 5584 et
1231 5521 1334 5582 alii
1367 5520 1576 5599 plures
1605 5520 1794 5580 etiam
1824 5539 1896 5580 ex
1929 5519 2197 5601 juristis‚
2251 5540 2411 5600 quos

1971 321 2073 382 DE
2112 321 2467 383 JUS'rl'rlA
2512 322 2612 381 ΕΤ
2653 321 2852 384 JURE

2502 500 2683 560 affert
2709 498 2907 559 Diana
2936 501 3086 559 tom.
3118 500 3165 560 1.
3203 501 3383 560 tract.
3417 514 3487 560 11.
3520 496 3592 558 de
3616 496 4040 559 immun.E'ccl.

2502 592 2688 652 resol.
2728 595 2782 652 1.

2585 686 2741 758 Quia
2771 690 2980 747 tamen
3013 684 3130 746 hoc
3162 685 3241 745 ad
3271 686 3514 765 praxim
3562 704 3786 766 parum
3830 686 4041 760 refert,
4156 695 4174 752 l

2506 784 2577 841 ut
2616 779 2921 854 vidimuS,
2982 783 3044 840 et
3094 778 3242 858 quia
3290 780 3552 860 quaestio
3599 783 3693 840 est
3734 780 3938 859 magis
3966 779 4046 840 ad
4085 823 4179 861 ΑΜ

2505 871 2998 934 controversiam
3028 876 3350 951 spectans,
3384 872 3661 935 breviter
3685 873 3859 947 dico,
3896 874 4045 933 mihi
4097 877 4179 927 inm

2504 966 2706 1045 magis
2751 984 3001 1044 semper
3042 966 3351 1044 placuisse
3393 968 3770 1027 contrariam
3799 974 4049 1028 senteu-

2507 1059 2694 1135 tiam,
2747 1058 3047 1139 quicquid
3091 1059 3172 1121 sit
3218 1060 3296 1120 de
3325 1060 3720 1122 immunitate
3765 1061 4047 1122 locorum

2507 1171 2831 1214 sacrorum
2879 1153 3090 1232 quoad
3120 1153 3594 1232 delinquentes,
3647 1154 3725 1215 de
3773 1174 3899 1234 qua
3942 1173 4045 1234 po-

2506 1252 2627 1308 test
2656 1265 2790 1307 esse
2837 1247 3041 1325 major
3069 1246 3443 1322 difficultas,
3495 1247 3658 1307 hanc
3701 1248 4045 1326 exemptio-

2507 1358 2651 1399 nem
2682 1339 2759 1400 de
2789 1357 2914 1419 qua
2943 1357 3108 1399 nunc
3139 1339 3459 1419 loquimur
3502 1358 3636 1399 esse
3676 1340 3755 1400 de
3777 1338 3922 1419 jure
3954 1340 4043 1400 di·

2507 1433 2651 1493 vino
2674 1479 2689 1506 ‚
2745 1432 2914 1511 quod
2943 1432 3196 1492 videtur
3226 1450 3515 1511 expresse
3543 1432 3709 1493 tradi
3734 1452 3776 1493 a
3802 1432 4047 1493 Bonisa-

2508 1524 2603 1585 cio
2632 1525 2790 1586 vm.
2844 1524 2904 1583 in
2950 1523 3116 1585 dicto
3164 1543 3219 1585 c.
3258 1523 3621 1605 Quamquam
3649 1523 3720 1585 de
3747 1524 3963 1586 censib.
3998 1530 4049 1586 et

2508 1617 2790 1677 innuitur
2821 1616 2972 1677 satis
3002 1615 3062 1675 in
3092 1616 3374 1677 Trident.
3409 1635 3560 1678 sess,
3594 1634 3740 1680 xxv.
3775 1636 3918 1697 cap.
3953 1622 4042 1679 20.

2510 1711 2660 1771 dum
2689 1709 2917 1771 dicitur
2951 1730 2964 1770 :
3009 1730 3037 1764 «
3066 1710 3385 1784 Ecclesiae,
3419 1712 3482 1770 et
3510 1728 3932 1788 personarum
3961 1729 4044 1771 ec·

2510 1802 2999 1864 clesiasticarum
3029 1802 3490 1863 immunitatem
3518 1802 3626 1862 Dei
3659 1802 4044 1863 ordinatione

2512 1901 2574 1957 et
2600 1896 2917 1957 canonicis
2946 1895 3373 1956 sanctionibus
3403 1896 3809 1956 constitutam
3832 1915 3990 1956 esse.
4012 1919 4036 1953 n

2511 1992 2711 2062 Quam
2756 1989 3128 2050 sententiam
3177 1988 3400 2066 probat
3446 1988 3680 2066 optime
3711 1989 3952 2049 Suarez
3975 1989 4045 2048 ad

2513 2087 2748 2160 Regem
2779 2081 3021 2159 Angliae
3078 2080 3187 2142 lib.
3239 2083 3343 2142 lv.
3407 2100 3544 2159 cap.
3579 2098 3730 2142 xxn.
3793 2087 3858 2142 et
3914 2100 4040 2144 xxx.

2510 2177 2791 2253 Layman
2816 2221 2830 2245 ‚
2865 2179 3049 2250 Azor,
3085 2176 3242 2235 Sosa
3264 2221 3279 2250 ,
3314 2175 3634 2235 Benacina
3658 2222 3674 2250 ,
3707 2176 4043 2249 Finiucius‚

2513 2268 2802 2330 Duardus
2825 2314 2840 2343 ,
2883 2267 3222 2328 Comitolus
3247 2313 3263 2342 ,
3298 2267 3602 2343 AlteriuS,
3653 2270 4041 2347 Peregrinus,

2515 2360 2961 2437 HomobonuS,
2994 2360 3333 2438 UgolinuS,
3381 2364 3444 2421 et
3489 2360 3592 2420 alii
3638 2360 3955 2421 innumeri
3981 2382 4047 2422 ex

2505 2453 2768 2534 juristiS,
2803 2472 2960 2533 quos
2990 2453 3274 2532 congerit
3301 2456 3364 2514 et
3387 2453 3673 2533 sequitur
3699 2455 4044 2516 Dianaloco

2512 2548 2727 2609 citato,
2786 2548 2863 2607 Et
2890 2546 3147 2625 quidem
3190 2546 3513 2624 supposito
3537 2592 3554 2623 ,
3604 2547 3778 2626 quod
3807 2548 4048 2608 verissi-

2512 2658 2685 2701 mum
2721 2643 2894 2718 puto,
2921 2642 3064 2717 Jure
3094 2638 3305 2700 divino
3336 2645 3658 2718 exemptos
3689 2659 3827 2701 esse
3858 2642 4044 2702 eccle-

2514 2732 2797 2794 siasticos
2832 2749 2869 2790 a
2897 2729 3282 2791 correctione
3330 2735 3394 2792 et
3413 2732 3857 2810 jurisdictione
3904 2734 4047 2795 laica

2515 2825 2726 2906 quoad
2756 2842 3055 2903 personas
3085 2841 3231 2884 suas
3254 2870 3269 2900 ‚
3321 2825 3408 2885 ita
3440 2830 3509 2886 ut
3536 2844 3663 2886 non
3692 2827 3941 2904 possint
3976 2827 4046 2886 ab

2515 2939 2588 2980 ea
2610 2917 2906 2998 judicari,
2939 2917 3037 2978 vel
3068 2916 3311 2995 puniri:
3333 2916 3587 2978 difficile
3614 2923 3711 2980 est
3740 2919 4048 2999 quomodo

2514 3030 2638 3072 non
2686 3010 2917 3072 fuerint
2958 3009 3181 3070 eodem
3218 3009 3362 3088 jure
3408 3012 3682 3090 exempti
3712 3014 3923 3091 quoad
3951 3013 4051 3074 tri-

2514 3107 2665 3166 buta
2716 3125 2729 3165 ε
2792 3104 2927 3164 haec
2957 3103 3126 3163 enim
3158 3103 3396 3182 imponi
3426 3122 3551 3164 non
3584 3112 3853 3183 possunt
3880 3105 3990 3166 nisi
4018 3124 4052 3165 a

2511 3199 2837 3278 superiore
2893 3197 3166 3258 habente
3212 3196 3339 3256 vim
3395 3199 3798 3259 coercitivam
3850 3200 3931 3261 ad
3957 3219 4053 3260 co-

2513 3290 2792 3370 gendum
2813 3290 3154 3366 subditum,
3178 3294 3401 3351 etcum
3431 3292 3825 3370 puniendum
3857 3295 3909 3354 si
3938 3312 4051 3354 non

2515 3385 2791 3447 obediat.
2846 3384 2911 3444 Si
2941 3402 3090 3462 ergo
3120 3383 3411 3462 princeps
3440 3375 3763 3446 saec'ularis
3790 3405 3917 3447 non
3946 3406 4049 3465 po·

2512 3480 2635 3540 test
2655 3476 2978 3556 judicare,
3043 3494 3159 3536 neo
3205 3477 3427 3554 punire
3477 3495 3815 3555 personam
3864 3479 4051 3539 eccle-

2514 3570 2852 3645 siasticam‚
2888 3587 3010 3629 non
3043 3573 3307 3647 apparet
3335 3569 3652 3647 quomodo
3682 3559 3881 3648 possit
3912 3589 4046 3631 eum

2516 3664 2796 3740 obligare
2828 3662 2909 3721 ad
2939 3661 3243 3721 solvenda
3289 3662 3528 3723 tributa
3575 3681 3717 3742 quae
3766 3665 4049 3744 imponit.

2514 3756 2673 3816 Vide
2702 3756 2855 3815 alias
2883 3754 3158 3815 rationes
3179 3758 3775 3832 etargumentorum
3805 3758 4055 3817 solutio·

2490 3868 2625 3929 ,nes
2655 3847 2822 3928 apud
2857 3848 3087 3908 Suarez
3135 3846 3303 3907 dicto
3335 3847 3442 3908 lib.
3479 3864 3566 3909 lv.
3601 3867 3716 3928 per
3743 3850 3930 3928 plura
3958 3868 4054 3910 ca·

2512 3943 2681 4024 pita,
2729 3940 2794 4000 in
2845 3941 2965 4001 hoc
3008 3939 3173 4000 enim
3204 3957 3370 3999 nunc
3407 3941 3588 4001 nobis
3618 3942 4054 4004 immemoran-

2514 4038 2664 4098 dum
2696 4052 2820 4095 non
2850 4036 2963 4109 est,
3000 4050 3144 4094 cum
3169 4033 3248 4093 ad
3278 4033 3520 4111 praxim
3551 4052 3773 4113 parum
3805 4037 4052 4112 referat,

2514 4133 2577 4190 et
2606 4128 2862 4189 eosdem
2914 4127 3172 4186 effectus
3217 4126 3451 4188 habeat
3497 4127 3631 4189 haec
3669 4127 4053 4204 immunitas,

2512 4221 2661 4283 sive·
2670 4220 2813 4300 jure
2843 4218 3056 4279 divino
3100 4219 3231 4280 sive
3260 4219 3537 4281 humano
3564 4221 3929 4282 introducta
3958 4222 4054 4281 sit.

2595 4312 2908 4393 Quicquid
2936 4316 3150 4373 autem
3179 4313 3258 4373 de
3287 4313 3407 4374 boc
3435 4313 3535 4389 sit,
3566 4319 3813 4376 certum
3845 4316 4056 4394 impri-

2514 4408 2633 4469 mis
2665 4411 2779 4482 est,
2814 4405 3056 4466 etiamsi
3087 4406 3403 4485 principes
3432 4406 3769 4468 saeculares
3802 4427 3934 4468 non
3962 4427 4061 4468 ex·
4101 4451 4171 4500 m,

2514 4501 2815 4561 emissent
2842 4498 3140 4559 ecclesias
3170 4502 3233 4559 et
3259 4499 3719 4560 ecclesiasticos
3745 4520 3786 4561 a
3853 4502 4085 4562 tribu-·
4146 4513 4172 4546 t*

2514 4595 2616 4670 tis,
2652 4590 2929 4671 potuisse
2977 4591 3041 4650 id
3080 4591 3284 4651 facere
3335 4593 3683 4653 Ecclesiam
3737 4593 3972 4672 ipsam,
4006 4600 4061 4654 et
4143 4571 4172 4653 ἑ

2516 4703 2798 4747 summos
2829 4683 3184 4760 Pontifices,
3219 4687 3530 4763 quatenus
3558 4690 3826 4763 possunt
3860 4706 3939 4748 ea
3968 4707 4063 4747 or-

2522 4778 2743 4839 dinare
2772 4795 2913 4856 quae
2943 4776 3023 4835 ad
3055 4776 3421 4855 religionem
3455 4782 3518 4839 et
3572 4778 3808 4838 bonam
3859 4781 4077 4841 Eccle:

2520 4872 2629 4931 siae
2658 4869 3185 4948 gubernationem
3212 4874 3519 4948 spectant,
3555 4871 3757 4951 qualis
3802 4878 3907 4934 est
3936 4874 4061 4934 haec

2521 4962 2859 5042 exemptio,
2893 4979 3033 5041 quae
3065 4962 3226 5023 adeo
3256 4966 3353 5023 est
3404 4963 3636 5025 divinae
3678 4965 4063 5027 ordinationi

2516 5060 2962 5117 consentanea.
2998 5054 3176 5116 Unde
3211 5056 3402 5116 etiam
3432 5062 3911 5136 consequenter
3942 5079 4062 5121 cer·

2517 5155 2648 5212 tum
2677 5154 2790 5225 est,
2824 5168 2951 5210 non
2982 5165 3163 5226 posse
3197 5167 3234 5209 a
3260 5149 3650 5229 principibus
3677 5151 3866 5212 laicis
3913 5154 4065 5213 hanc

2516 5242 2983 5320 exemptionem
3030 5241 3339 5318 revocari,
3373 5246 3444 5303 ut
3488 5243 3770 5304 fatentur
3840 5247 4063 5309 Molina

2516 5336 2684 5397 dicta
2713 5334 2874 5414 disp.
2908 5350 3078 5397 xxxl.
3120 5334 3351 5396 Sancb.
3403 5334 3574 5396 dicto
3609 5354 3746 5414 cap.
3788 5355 3885 5398 lv.
3918 5339 4058 5399 dub.

2514 5444 2611 5489 LV.
2648 5447 2732 5488 nu
2762 5432 2819 5488 2.
2854 5427 3103 5489 Lessius
3152 5427 3258 5487 ubi
3317 5446 3533 5507 supra,
3594 5433 3654 5489 et
3706 5430 3851 5493 alii.
3909 5434 4063 5494 Tum

2512 5522 2658 5601 quia
2691 5540 2814 5582 uon
2844 5521 3046 5581 solum
3069 5519 3213 5599 jure
3244 5519 3412 5580 civili
3451 5521 3563 5581 sed
3619 5521 3823 5584 etiam
3860 5544 3976 5585 can
4000 5543 4055 5586 o·
4166 5597 4167 5600 Ἴ
