4263 6376
1140 309 1611 373 DISPUTATIO
1657 309 1930 386 xxxvl,
1981 311 2255 373 SECTIO
2298 311 2403 374 111.

225 494 504 555 fateantur
530 487 883 548 conandum
911 486 1220 566 imprimis
1248 504 1382 547 esse
1408 533 1424 563 ‚
1479 486 1532 546 si
1577 486 1714 546 fiori

226 582 395 665 possit
413 627 428 657 ‚
462 598 536 640 ne
563 579 795 641 tributa
841 579 903 640 in
950 579 1025 639 iis
1051 579 1239 641 rebus
1270 579 1349 639 ad
1378 579 1573 641 vitam
1602 598 1711 640 ne-

226 673 474 739 cessariis
500 678 561 734 et
589 671 1025 733 communibus
1053 671 1478 751 imponantur.
1511 672 1714 744 Quare

222 773 367 832 Lcss,
388 784 549 826 ηοω.
576 768 674 826 51.
701 769 939 841 monet,
973 765 1249 844 aequiora
1270 783 1427 840 esse,
1462 763 1713 844 quando

221 862 273 922 in
297 861 465 921 rebus
517 876 642 919 non
673 856 1070 918 necessariist
1120 856 1230 918 sed
1286 857 1369 917 ad
1427 856 1709 934 deliciaS,

222 950 548 1030 eligantiam
571 996 586 1025 ,
640 954 702 1011 et
729 951 943 1010 luxum
976 950 1402 1029 spectantibus
1430 950 1715 1029 impone-

219 1049 425 1118 rentur,
454 1048 520 1104 ut
546 1042 610 1102 in
641 1059 848 1118 panno
878 1042 1175 1119 pretioso,
1211 1042 1430 1115 serico,
1468 1041 1714 1103 holose-

217 1137 325 1197 rico
346 1182 361 1211 ,
407 1134 702 1195 undulato
727 1180 743 1209 ‚
778 1134 1131 1213 tapetibuS,
1175 1134 1342 1195 vasis
1374 1134 1709 1215 argenteiS,

216 1227 469 1308 pretiosis
497 1226 679 1302 viniS,
713 1232 777 1287 et
804 1225 1026 1286 eduliis
1046 1273 1062 1303 ,
1097 1231 1205 1288 aut
1233 1226 1539 1287 similibus
1569 1245 1710 1307 quae

216 1319 534 1382 communia
573 1338 697 1380 non
727 1322 872 1380 sunt
898 1320 1302 1398 pauperibus
1356 1319 1481 1381 Sed
1519 1324 1708 1397 certe,

216 1414 254 1473 si
290 1414 343 1472 in
385 1412 455 1475 iis
484 1411 685 1472 solum
731 1411 920 1473 rebus
976 1412 1451 1491 imponerentur
1499 1411 1711 1473 omnia

215 1505 440 1579 tributa,
468 1522 590 1563 non
622 1508 830 1565 essent
856 1523 1037 1584 aequa
1077 1551 1093 1580 ,
1146 1523 1290 1564 cum
1321 1504 1399 1564 ad
1430 1523 1713 1566 commu-

214 1616 333 1657 nem
361 1596 784 1658 necessitatem
813 1596 999 1675 pauci
1028 1596 1223 1676 aliqui
1244 1596 1713 1659 contribuerant

213 1691 300 1768 qui
325 1689 497 1752 rebus
527 1688 646 1749 illis
676 1692 884 1767 egent,
918 1693 988 1749 ut
1016 1689 1067 1749 si
1094 1688 1160 1749 in
1188 1708 1255 1749 re
1286 1688 1497 1769 aliqua
1518 1690 1713 1750 medi-

212 1782 366 1844 cinali
413 1801 484 1841 ex
521 1781 700 1842 India
730 1780 1088 1860 deportata,
1149 1800 1275 1860 qua
1322 1781 1506 1860 pauci
1551 1781 1713 1842 indi-

209 1880 354 1955 gent,
382 1877 578 1936 totum
609 1874 912 1934 tributum
941 1872 1391 1953 imponeretur.
1427 1875 1514 1937 De
1544 1874 1709 1936 facto

210 1975 390 2030 tamen
419 1985 542 2028 non
572 1985 733 2045 nego
758 2012 775 2043 ,
832 1984 1017 2045 posse
1063 1966 1126 2026 in
1174 1966 1250 2028 iis
1300 1966 1493 2026 etiam
1519 1967 1709 2027 rebus

208 2061 514 2122 rarioribus
534 2059 796 2138 imponi,
831 2058 977 2139 quia
1000 2059 1249 2120 aliunde
1274 2064 1713 2138 supponuntur

209 2155 408 2215 tributa
435 2153 556 2213 alia
587 2152 881 2231 imposita
928 2151 992 2211 in
1029 2151 1216 2212 rebus
1258 2152 1391 2212 aliis
1423 2170 1708 2213 commu-

208 2247 362 2307 nibus
384 2292 399 2323 ,
448 2252 508 2307 et
536 2246 603 2306 in
633 2244 979 2305 rarioribus
1009 2244 1196 2306 etiam
1227 2245 1491 2305 aliorum
1520 2264 1711 2324 gene-

205 2358 324 2399 rum
345 2385 360 2415 ,
403 2357 472 2400 ex
504 2356 773 2418 quorum
806 2338 1087 2398 omnium
1119 2337 1493 2399 tributorum
1523 2338 1710 2399 colle-

203 2432 382 2494 ctione
408 2431 693 2512 aliqualis
723 2431 1048 2511 aequalitas
1078 2431 1461 2509 geometrica
1491 2430 1706 2491 haberi

202 2529 401 2603 potest.
434 2526 523 2584 Ex
555 2524 652 2585 his
681 2529 891 2585 tamen

269 2618 531 2680 luserunt
550 2616 963 2696 probabiliter
982 2617 1196 2697 aliqui,
1223 2635 1348 2677 non
1367 2617 1547 2677 facile
1573 2635 1707 2677 esse

203 2711 416 2789 peccati
442 2709 730 2771 mortalis
760 2710 1174 2788 damnandoS,
1206 2711 1305 2771 vel
1336 2709 1707 2789 obligandos

203 2803 269 2862 acl
294 2803 740 2864 restitutionem
784 2821 1131 2882 paupereS‚
1185 2803 1289 2882 qui
1334 2802 1709 2864 defraudant

162 2898 164 2905 ’
202 2897 407 2958 tributa
452 2895 516 2955 in
570 2895 646 2955 iis
677 2894 863 2956 rebus
892 2895 1365 2973 communibuS‚
1425 2914 1580 2976 quas
1624 2895 1708 2957 ad

201 2988 496 3068 proprium
524 3007 709 3049 usum
741 2992 989 3061 emunt,
1022 2988 1121 3048 vel
1150 2993 1509 3068 asportant,
1562 3005 1705 3049 cum

201 3087 279 3143 tot
302 3082 567 3144 habeant
622 3085 912 3142 auctores
966 3099 1192 3160 graves
1239 3081 1345 3161 qui
1394 3080 1704 3160 ejusmodi

197 3175 403 3237 tributa
427 3175 600 3237 licita
630 3193 765 3236 esse
796 3177 1058 3254 negant,
1108 3173 1197 3236 ita
1224 3173 1435 3254 plures
1464 3173 1702 3253 antiqui

196 3273 247 3330 et
271 3269 541 3330 moderni
569 3316 585 3345 ,
620 3285 777 3348 quos
808 3268 1028 3344 affert,
1082 3272 1144 3329 et
1188 3268 1476 3348 sequitur
1504 3269 1702 3328 Diana

195 3361 247 3421 d.
276 3380 387 3423 reS.
420 3367 520 3424 29.
558 3359 789 3423 Sanch.
826 3361 1015 3422 etiam
1045 3360 1106 3421 d.
1141 3360 1292 3421 dub.
1328 3376 1492 3422 κων.
1540 3380 1601 3421 η.
1636 3365 1695 3422 7.

194 3458 245 3515 et
271 3455 492 3517 indicat
508 3454 759 3517 Lessius
789 3454 939 3515 dub.
968 3470 1105 3515 v111.
1139 3472 1311 3516 num.
1332 3457 1431 3516 55.
1468 3453 1700 3515 Saltem

193 3548 420 3625 quando
470 3566 598 3609 non
628 3549 874 3608 constat
914 3546 993 3607 de
1022 3546 1242 3607 tributi
1260 3546 1501 3627 justitia
1528 3594 1543 3624 ,
1593 3546 1699 3626 qui

190 3640 545 3716 generaliter
572 3640 915 3718 loquuntur
951 3638 1028 3699 de
1059 3638 1492 3700 fraudantibus
1516 3684 1532 3715 ‚
1585 3656 1700 3698 nec

191 3732 437 3795 limitant
463 3732 545 3793 ad
578 3732 744 3793 solos
773 3750 1081 3810 pauperes
1109 3731 1493 3794 fraudantes,

259 3825 518 3888 Infertur
545 3825 823 3886 secundo
847 3872 863 3901 ‚
924 3824 1074 3905 quid
1130 3824 1468 3885 dicendum
1514 3823 1595 3885 sit
1620 3823 1698 3883 de

189 3919 537 3995 gemellario,
568 3937 677 3979 seu
702 3921 990 4000 exactore
1011 3917 1224 3979 tributi
1247 3917 1425 3996 regii,
1460 3937 1540 3977 an
1564 3920 1701 3978 tuta

189 4012 550 4073 conscientia
580 4011 777 4091 possit
803 4009 955 4071 illud
987 4011 1234 4089 exigere
1259 4056 1275 4087 ,
1326 4010 1577 4089 quando
1609 4010 1698 4070 in—

181 4102 401 4182 justum
427 4105 831 4184 praesumitur
872 4106 1128 4182 propter
1174 4102 1335 4163 hanc
1365 4103 1462 4164 vel
1511 4103 1699 4162 aliam

186 4196 433 4259 similem
463 4197 888 4259 conditionem
921 4215 1044 4258 non
1076 4197 1427 4266 servatam?
1455 4197 1542 4256 De
1570 4211 1696 4274 quo

187 4290 450 4353 Sanchez
481 4290 635 4351 dub.
668 4307 807 4350 xtv.
843 4309 904 4351 n.
938 4292 998 4350 9.
1049 4288 1115 4348 in
1141 4307 1290 4350 casu
1323 4288 1508 4350 simili
1536 4261 1697 4347 bene

187 4381 374 4459 docet,
406 4402 531 4445 non
564 4401 850 4461 peccare,
885 4380 1185 4461 quamdiu
1215 4381 1273 4440 ei
1300 4380 1378 4441 de
1398 4380 1699 4461 injustitia

182 4476 379 4537 tributi
409 4495 537 4538 non
564 4478 843 4553 constat,
892 4479 1098 4558 potest
1125 4475 1291 4535 enim
1318 4491 1699 4553 praesumere

185 4585 284 4647 pro
295 4568 533 4648 justitia
551 4568 788 4646 tributi,
817 4566 1162 4645 praesertim
1183 4567 1246 4627 in
1267 4570 1441 4628 tanta
1462 4565 1698 4645 opinio·

184 4679 322 4722 num
346 4662 673 4736 varietate,
707 4665 768 4720 et
784 4659 984 4739 magis
1013 4659 1075 4718 in
1103 4658 1387 4720 terminis
1407 4658 1554 4732 dub.
1583 4674 1693 4719 vn.

185 4753 277 4813 ubi
304 4758 513 4815 tamen
560 4752 874 4828 advertit,
932 4751 1253 4813 subditum
1309 4751 1699 4820 dubitantem

183 4845 397 4907 debere
453 4845 781 4908 consulere
828 4846 953 4906 DD.
1016 4848 1354 4925 antequam
1394 4844 1697 4930 tributum

184 4939 395 5018 exigat.

254 5032 538 5094 Secundo
588 5031 759 5094 circa
805 5030 967 5091 hanc
1022 5030 1224 5109 ipsam
1270 5029 1699 5110 aequalitatem

184 5124 438 5186 dubitari
471 5125 667 5201 solet,
701 5143 782 5186 an
816 5124 1121 5186 tributum
1166 5122 1528 5203 impositum
1557 5141 1703 5202 pro-

184 5223 311 5295 pter
325 5219 654 5286 utilitatem
676 5217 866 5278 solius
887 5217 1176 5293 civitatis,
1208 5216 1305 5277 vel
1335 5216 1454 5278 loci
1483 5216 1544 5276 in
1575 5234 1699 5296 quo

184 5310 548 5390 imponitur,
599 5310 769 5391 juste
816 5310 1102 5388 exigatur
1147 5308 1226 5368 ab
1283 5308 1509 5369 exteris
1556 5308 1700 5370 illuc

183 5404 671 5482 confluentibus?
697 5404 1030 5465 Affirmant
1050 5402 1214 5465 enim
1241 5421 1374 5464 esse
1402 5402 1700 5481 injustum

183 5496 433 5578 silvest..
455 5497 675 5577 Angel.
709 5496 988 5580 Tabiena
1010 5542 1026 5574 ,
1078 5497 1270 5578 Cajet.
1305 5493 1554 5560 Medina
1577 5540 1594 5575 ,
1640 5499 1703 5558 et

3235 312 3352 371 615

1815 486 2001 566 Angl.
2037 488 2204 566 apud
2238 487 2468 552 Sanch.
2504 487 2567 549 d.
2602 486 2750 548 dub.
2784 502 2922 546 va.
2974 504 3080 546 nu.
3112 488 3172 545 6.
3208 484 3354 564 quia

1815 599 1960 641 cum
1991 599 2180 642 causa
2209 584 2430 660 tangat
2480 581 2644 642 solos
2673 579 2840 640 cives
2862 624 2878 656 ,
2941 596 3062 661 non
3119 575 3353 639 debent

1813 673 2087 751 gravari,
2122 674 2229 754 qui
2266 674 2458 734 exteri
2491 676 2654 734 sunt.
2687 670 2805 732 Alii
2839 674 3046 731 tamen
3078 688 3353 753 commu·

1813 766 1975 827 niter
2004 770 2066 827 et
2093 767 2302 827 verius
2332 766 2567 841 dicunt,
2603 782 2726 825 non
2759 782 2893 825 esse
2917 764 3350 823 damnandum

1815 878 1996 920 usum
2027 859 2202 919 illum
2231 858 2519 938 exigendi
2550 858 2629 918 ab
2659 856 2906 917 exteriS.
2944 858 3035 918 lta
3068 856 3351 917 Sanchez

1812 952 1895 1013 ibi
1930 971 2102 1013 num.
2137 957 2196 1015 9.
2231 953 2421 1031 Vasq.
2472 951 2536 1015 d.
2566 952 2623 1030 ἓ.
2663 951 2710 1011 1.
2745 948 2896 1010 dub.
2933 966 3000 1010 11.
3037 965 3209 1009 num.
3244 951 3343 1010 32.

1811 1044 2041 1106 Molina
2097 1043 2256 1123 disp.
2292 1047 2431 1106 669.
2484 1061 2655 1104 ηοω.
2689 1046 2747 1104 3.
2796 1041 3010 1102 etalii.
3076 1041 3351 1101 Probant

1812 1136 2053 1215 primo,
2102 1136 2247 1216 quia
2297 1135 2346 1196 si
2380 1134 2572 1196 exteri
2604 1153 2727 1196 non
2757 1134 3108 1206 solverent,
3168 1133 3346 1195 multi

1815 1249 1889 1289 ex
1917 1228 2139 1290 incolis
2162 1228 2457 1309 fingendo
2489 1246 2555 1288 se
2587 1231 2831 1288 exteros
2850 1273 2866 1302 ,
2909 1226 3008 1286 vel
3038 1244 3151 1304 per
3178 1229 3350 1286 exte-

1812 1341 1917 1382 ros
1945 1320 2237 1394 emendo,
2273 1341 2393 1382 non
2425 1321 2759 1382 solverent.
2821 1320 3148 1395 Secund0,
3198 1318 3347 1398 quia

1812 1414 2008 1476 exteri
2054 1414 2246 1475 etiam
2292 1415 2664 1494 plerumque
2711 1413 3004 1473 fruuntur
3045 1412 3210 1473 bono
3244 1411 3346 1472 illo

1812 1507 2129 1568 communi
2160 1506 2346 1568 fontis
2379 1552 2396 1584 ,
2429 1505 2636 1584 pontis
2660 1551 2675 1581 ,
2711 1505 2828 1564 viae
2848 1551 2863 1581 ‚
2895 1508 3152 1584 propter
3180 1504 3347 1583 quod

1809 1600 2115 1662 tributum
2145 1599 2230 1659 illi
2259 1600 2395 1661 loco
2428 1598 2792 1678 imponitur.
2826 1597 3069 1674 TertiO,
3104 1596 3250 1676 quia
3279 1596 3347 1657 li-

1810 1697 1910 1754 cet
1938 1693 2015 1753 de
2038 1692 2182 1773 jure
2210 1692 2494 1772 gentium
2524 1691 2603 1753 sit
2627 1690 2825 1750 libera
2856 1689 3221 1769 negotiandi
3255 1690 3344 1751 ta-

1810 1787 2009 1847 cultas
2036 1785 2289 1861 exteris,
2325 1785 2430 1864 qui
2462 1784 2674 1846 hostes
2704 1802 2827 1844 non
2858 1786 3035 1856 sunt;
3087 1783 3224 1843 haec
3252 1788 3348 1844 ta-

1808 1897 1954 1938 men
2003 1876 2319 1939 communi
2377 1896 2492 1937 usu
2550 1895 2672 1938 non
2730 1875 2978 1936 videtur
3023 1893 3340 1953 concessa,

1808 1971 1928 2032 nisi
1955 1990 2096 2032 cum
2130 1989 2319 2031 onere
2343 1969 2649 2030 subeundi
2670 1968 3059 2048 gravamina,
3095 1987 3233 2047 quae
3264 1966 3346 2027 ad

1808 2065 1979 2143 regis
2000 2062 2542 2139 sustentationem,
2576 2065 2638 2123 et
2667 2062 2746 2122 ad
2768 2060 3204 2121 necessitatem
3226 2060 3342 2120 loci

1807 2157 1972 2218 illius
2039 2156 2458 2218 communiter
2513 2154 2805 2234 imposita
2860 2156 3023 2213 sunt.
3084 2154 3339 2229 Ouart0,

1810 2251 1955 2331 quia
1976 2249 2194 2311 incolae
2222 2248 2410 2309 etiam
2432 2247 2618 2328 hujus
2638 2247 2781 2323 loci,
2808 2245 3058 2328 quando
3089 2245 3168 2306 ad
3190 2245 3342 2305 alias

1808 2342 2166 2423 provincias
2190 2389 2206 2419 ,
2241 2345 2302 2402 et
2330 2342 2500 2402 locos
2530 2343 2855 2401 confluunt
2881 2385 2896 2415 ,
2956 2339 3206 2400 solvunt
3233 2336 3344 2397 tri-

1806 2436 1961 2496 buta
1990 2435 2238 2495 illorum
2256 2435 2575 2495 locorum:
2611 2451 2803 2513 quare
2835 2449 2959 2491 non
2978 2432 3048 2492 fit
3067 2430 3340 2509 inaequa-

1806 2528 1948 2589 litas
1972 2574 1987 2603 ‚
2046 2527 2099 2587 si
2141 2526 2360 2587 incolae
2404 2526 2667 2586 aliorum
2697 2524 2977 2585 locorum
3008 2525 3335 2603 cogantur,

1808 2625 1870 2681 et
1893 2620 2012 2698 ipsi
2042 2619 2284 2680 solvere
2315 2617 2549 2679 tributa
2578 2617 2765 2696 hujus
2791 2615 2910 2676 loci
2943 2635 3015 2675 ex
3037 2618 3220 2694 pacto
3255 2618 3340 2675 la-

1807 2714 1927 2776 cito
1959 2713 2119 2773 inter
2156 2710 2443 2773 homines
2472 2710 2863 2771 diversorum
2890 2709 3171 2769 locorum
3194 2705 3337 2786 jure

1804 2806 2089 2887 gentium
2118 2804 2294 2867 inito.

2292 3225 2702 3320 sueno
2789 3224 2912 3312 lll.

1897 3539 1987 3600 De
2015 3538 2359 3619 obligatione
2386 3536 2556 3616 requi
2579 3535 2660 3596 ad
2683 3555 2796 3596 non
2825 3531 3238 3616 acceptandum

2262 3643 2542 3705 tributum
2577 3642 2880 3724 injustum.

1878 3913 2147 3986 Quaestio
2179 3912 2314 3972 haec
2355 3909 2625 3991 pertinet
2670 3908 2877 3968 adhuc
2917 3906 2998 3968 ad
3020 3903 3326 3985 justitiam
3474 3925 3553 3985 29

1798 4007 2010 4070 tributi
2036 4053 2051 4083 ,
2077 4009 2138 4066 et
2167 4003 2450 4085 procedit
2479 4002 2543 4062 in
2574 4002 2647 4062 iis
2676 4001 2886 4081 regnis
2916 4000 3115 4060 solum
3146 4001 3207 4058 et
3234 3997 3327 4058 lo-
3404 4051 3648 4106 Summum

1798 4102 1907 4177 ciS,
1941 4099 2002 4158 in
2033 4097 2260 4179 quibus
2288 4096 2576 4176 princeps
2624 4113 2746 4155 non
2775 4097 2980 4173 potest
3007 4092 3326 4171 imponere
3394 4105 3660 4172 haoeqnegan

1797 4193 2029 4256 tributa
2059 4210 2223 4252 nova
2240 4191 2372 4250 sine
2388 4206 2692 4249 consensu
2715 4186 3328 4262 subditorum,quem
3404 4164 3658 4261 Ξὲζῗὲξξαῗ,

1797 4304 2169 4349 consensum
2220 4288 2429 4362 petere
2474 4282 2632 4342 solet
2680 4299 2716 4340 a
2752 4275 3324 4351 communitatibus,
3377 4263 3676 4360 {¹352}ssssss

1795 4379 1894 4441 vel
1922 4377 2106 4440 abiis
2154 4377 2260 4457 qui
2309 4394 2414 4436 eas
2462 4375 2913 4453 repraesentant
2956 4370 3036 4456 5¹¹,
3065 4367 3330 4431 comitiis
3444 4370 3600 4414 tributi·

1797 4471 2083 4553 publiciS,
2117 4490 2228 4531 seu
2259 4469 2319 4528 in
2353 4468 2743 4548 parlamento
2775 4464 2962 4526 totius
2993 4462 3327 4540 regni,quo

1797 4568 2112 4625 confluere
2145 4563 2344 4624 solent
2382 4562 2489 4641 qui
2520 4560 2822 4621 electione
2845 4604 2860 4634 ,
2924 4557 3019 4616 vel
3042 4555 3184 4636 jure
3216 4572 3327 4614 suo

1799 4656 2164 4736 suffragium
2194 4656 2447 4731 liabent,
2497 4657 2558 4714 et
2585 4653 2672 4714 ibi
2703 4652 2903 4714 solent
2932 4649 3066 4710 haec
3097 4647 3329 4708 tributa

1800 4770 1836 4812 a
1865 4735 2013 4829 rege
2048 4748 2206 4829 peti,
2267 4751 2522 4827 propter
2565 4744 2961 4805 necessitates
3009 4743 3323 4819 urgente-S.

1798 4842 2154 4923 Aliquando
2188 4840 2373 4901 etiam
2387 4838 2724 4918 requiritur
2753 4852 3091 4896 consensus
3121 4833 3330 4910 singu-

1796 4937 1999 4997 larum
2033 4934 2354 4995 civitatum
2402 4931 2465 4991 in
2494 4927 2759 5009 propriis
2790 4924 3196 4988 conventibus
3226 4942 3333 4983 ex-

1798 5028 2055 5104 hibitus,
2089 5027 2174 5088 ita
2204 5030 2272 5086 ut
2289 5024 2403 5085 nisi
2435 5021 2805 5083 decuriones
2825 5019 2912 5079 ibi
2942 5015 3332 5079 consentiant

1800 5139 2139 5183 consensus
2167 5138 2207 5181 a
2234 5114 2746 5198 procuratoribus
2772 5113 2832 5172 in
2864 5110 3129 5172 comitiis
3162 5109 3331 5169 exhi—

1798 5214 1964 5276 bitus
1985 5212 2046 5273 in
2076 5211 2251 5274 curia
2279 5211 2452 5288 regia
2482 5226 2604 5269 non
2621 5204 2908 5268 sufficiat.
2942 5206 3031 5263 De
3052 5202 3330 5281 utrisque

1801 5326 1972 5386 erg0‚
2006 5310 2136 5368 tam
2168 5301 2677 5386 procuratoribus
2699 5299 2760 5358 in
2787 5297 3053 5359 comitiis
3076 5342 3091 5372 ,
3142 5315 3331 5376 quam

1800 5399 2244 5462 decurionibus
2285 5397 2346 5456 in
2377 5393 2785 5457 conventibus
2829 5390 3216 5470 singularum
3245 5389 3334 5450 ci-

1792 5494 2084 5576 ·vitatum,
2134 5489 2402 5552 dubitari
2451 5488 2640 5567 solet,
2698 5484 2948 5569 quando
3000 5487 3062 5545 et
3108 5501 3332 5568 quous-
