4263 6376
129 1587 175 1724 5⁸5²:

1206 358 1679 419 msPU‘rA‘rio
1723 359 1911 434 xxv,
1960 332 2235 422 sEc'mo
2279 362 2354 422 v.

217 529 417 609 gnatio
448 531 529 592 ad
560 531 729 593 hunc
754 534 943 594 finem
981 534 1153 611 fieri,
1206 535 1353 614 quia
1396 533 1524 614 jam
1574 552 1739 594 nunc

218 622 451 684 collatio
495 644 623 686 non
664 626 1002 703 pertinebit
1044 628 1127 688 ad
1169 628 1458 688 eumdem
1507 627 1616 688 sed
1657 626 1739 686 ad

217 716 396 776 alium
421 762 437 792 ,
471 735 599 777 non
632 717 880 778 videtur
909 719 1281 797 obligandus
1311 722 1630 781 usurarius
1660 718 1738 778 ad

215 809 661 870 restitutionem
691 810 908 884 officii3
944 813 1089 890 quia
1126 813 1429 891 acquisita
1457 831 1570 890 per
1597 831 1739 871 usu-

215 919 342 962 ram
370 902 758 962 restituenda
786 908 931 963 sunt
971 904 1028 962 ei
1067 905 1173 982 qui
1203 904 1491 984 injuriam
1521 922 1740 982 passus

216 993 356 1068 fuit,
405 998 471 1054 ut
519 999 784 1055 constat.
846 995 913 1056 Si
941 1015 1090 1074 ergo
1122 995 1175 1055 ei
1207 997 1450 1057 restitui
1478 1014 1601 1055 non
1631 1013 1739 1074 po-

215 1089 354 1160 test,
406 1105 518 1147 nec
549 1089 607 1147 ei
637 1087 893 1167 prodest
918 1089 1058 1148 talis
1088 1090 1425 1165 restituti0‚
1474 1088 1741 1148 sufficiet

214 1177 466 1239 reddere
496 1181 553 1239 ei
599 1185 905 1258 quantum
953 1181 1209 1242 arbitrio
1258 1181 1401 1241 boni
1432 1181 1552 1242 viri
1580 1180 1738 1241 aesti-

215 1270 361 1330 mari
401 1275 650 1349 poterat
688 1273 949 1333 facultas
986 1274 1090 1334 illa
1133 1275 1328 1334 libera
1377 1273 1738 1333 conferendi

218 1363 308 1423 cui
334 1363 537 1441 vellet,
572 1384 700 1444 qua
728 1365 954 1444 injuste
982 1367 1258 1446 privatus
1286 1366 1422 1427 fuit.

291 1457 758 1536 Consequenter
796 1461 1007 1519 tamen
1056 1459 1377 1520 dubitatur
1406 1458 1610 1534 terti0,
1661 1457 1738 1516 de

216 1548 505 1608 fructibus
534 1549 787 1610 interim
820 1569 895 1609 ex
925 1551 1128 1611 officio
1160 1551 1261 1611 illo
1292 1551 1623 1628 perceptis,
1658 1569 1736 1609 an

215 1641 568 1702 restituendi
617 1643 806 1702 etiam
851 1643 1022 1704 sint?
1074 1644 1406 1704 Affirmant
1432 1646 1731 1718 Navarra,

214 1734 470 1809 Medma,
504 1734 768 1796 Adrian.
802 1740 866 1797 et
894 1737 1158 1796 Graffius
1188 1737 1354 1813 apud
1385 1736 1582 1811 SalaS,
1626 1754 1732 1796 nu.

215 1829 269 1887 6.
301 1826 545 1904 quando
579 1827 894 1888 excedunt
918 1827 1311 1904 industriam,
1341 1827 1642 1903 laborem,
1676 1832 1740 1888 et

217 1938 507 1996 expensas
555 1919 862 1981 officialis
918 1921 1039 1981 Alii
1084 1926 1293 1982 tamen
1352 1920 1418 1980 id
1465 1927 1732 1997 negant,

215 2011 446 2091 quaedo
500 2012 790 2073 officialis
818 2012 1045 2092 dignus
1074 2018 1208 2074 erat
1253 2012 1457 2073 officio
1487 2013 1601 2073 sibi
1632 2013 1738 2073 da-

214 2108 272 2164 to
306 2124 319 2163 :
352 2104 498 2183 quia
532 2105 646 2183 qui
674 2104 987 2166 mutuavit
1014 2123 1158 2166 cum
1184 2110 1369 2185 pacto
1400 2110 1468 2166 ut
1494 2110 1738 2166 mutua-

214 2196 395 2257 tarius
440 2201 737 2258 teneatur
785 2216 994 2258 emere
1024 2216 1100 2258 ex
1146 2217 1261 2257 sua
1308 2197 1578 2274 officina,
1612 2217 1735 2258 non

215 2289 389 2349 debet
434 2291 491 2348 ei
552 2290 884 2351 restituere
927 2290 1230 2370 pretium,
1283 2291 1449 2368 quod
1496 2291 1740 2369 accepit

214 2400 315 2460 pro
342 2382 684 2458 mercibus,
719 2383 769 2443 si
800 2383 952 2443 illud
980 2383 1257 2461 alioquin
1289 2388 1425 2443 erat
1468 2382 1728 2459 justum,

214 2480 271 2534 et
293 2474 454 2534 idem
484 2493 612 2553 quo
640 2475 788 2535 alibi
819 2480 1142 2552 empturus
1172 2479 1324 2550 erat,
1356 2476 1465 2535 sed
1497 2476 1735 2554 aliquid

212 2584 314 2645 pro
341 2566 712 2644 gravamine
742 2568 1034 2646 imposito
1070 2585 1084 2631 ε
1116 2567 1205 2628 sic
1246 2586 1395 2646 ergo
1427 2568 1476 2628 si
1507 2587 1617 2646 pro
1651 2570 1735 2629 of-

213 2659 342 2719 ficio
368 2659 757 2737 stipendium
779 2659 1020 2738 justum
1050 2660 1309 2738 accepit,
1358 2678 1480 2738 quo
1512 2660 1737 2738 dignus

212 2750 333 2831 ipse
362 2757 516 2826 erat,
554 2771 682 2812 non
731 2752 918 2812 debet
945 2752 1099 2812 illud
1129 2751 1412 2813 reddere.
1473 2754 1564 2814 Ita
1609 2754 1737 2813 Mo-

213 2844 346 2919 lina,
380 2848 441 2905 et
469 2845 656 2906 Salas
683 2844 835 2904 locis
866 2843 1090 2920 citatiS‚
1124 2862 1267 2904 cum
1299 2844 1435 2904 aliis
1465 2863 1621 2923 quos
1650 2845 1736 2905 af-

213 2936 424 2997 ferunt.

284 3030 348 3088 In
375 3029 493 3090 hoc
524 3030 719 3089 etiam
749 3033 1203 3107 consequenter
1217 3028 1729 3107 distinguendum

214 3119 465 3182 videtur.
500 3123 568 3184 Si
599 3121 769 3181 enim
800 3122 1220 3182 emolumenta
1250 3124 1314 3180 et
1338 3120 1575 3181 fructus
1605 3121 1738 3180 offi-

216 3213 283 3273 cii
313 3214 386 3273 ad
416 3214 871 3275 mutuatarium
904 3213 1220 3274 debebant
1245 3214 1579 3292 pertinere,
1617 3213 1734 3273 nisi

214 3311 449 3367 coactus
478 3307 703 3367 suisset
745 3306 1052 3367 mutuanti
1100 3306 1373 3366 officium
1404 3306 1574 3382 dare,
1628 3307 1736 3367 de-

215 3398 350 3460 bent
394 3399 598 3460 eidem
646 3399 892 3461 restitui
920 3399 1174 3478 dempto
1216 3398 1524 3476 stipendio
1569 3399 1735 3459 sufli-

215 3493 385 3552 cienti
413 3512 525 3571 pro
555 3493 776 3553 labore
823 3492 1126 3568 officiam,
1178 3497 1241 3552 et
1268 3492 1405 3552 aliis
1448 3493 1735 3571 expensis

217 3584 413 3657 factis;
476 3587 627 3665 quia
678 3585 920 3663 justitia
961 3585 1096 3645 vult
1130 3585 1299 3664 quod
1335 3603 1459 3645 non
1509 3585 1738 3645 habeat

216 3678 426 3753 minus,
478 3696 674 3757 quam
726 3676 957 3737 habere
1011 3677 1269 3737 deberet
1296 3677 1397 3736 ille
1429 3678 1536 3755 qui
1568 3677 1731 3756 inju-

216 3768 358 3829 riam
399 3789 624 3849 passus
682 3774 777 3830 est
817 3789 829 3829 ε
865 3770 916 3827 si
965 3788 1113 3847 ergo
1159 3769 1344 3829 laesus
1388 3770 1505 3830 fuit
1550 3770 1612 3829 in
1661 3788 1733 3830 eo

217 3863 622 3923 emolumento
656 3868 718 3922 ct
746 3862 1069 3937 fructibus,
1122 3866 1321 3923 totum
1364 3862 1510 3921 illqu
1563 3863 1733 3921 dam-

216 3973 349 4014 num
381 3956 657 4033 reparari
692 3955 898 4014 debet.
935 3954 995 4015 Si
1028 3959 1241 4015 autem
1274 3974 1394 4013 non
1421 3954 1498 4014 ad
1530 3956 1732 4033 ipsum

216 4049 512 4125 pertinere
535 4048 877 4123 debebant,
895 4047 1001 4106 sed
1019 4048 1101 4108 ad
1113 4048 1305 4107 alium
1326 4047 1422 4107 cui
1445 4049 1636 4125 gratis
1653 4049 1737 4108 of-

217 4138 408 4199 ficium
433 4140 721 4200 conferre
754 4140 1054 4202 debehat:
1089 4144 1236 4200 tunc
1265 4139 1312 4198 si
1346 4139 1570 4217 dignus
1600 4145 1735 4201 erat

219 4231 427 4309 officio,
460 4251 588 4293 non
620 4233 741 4292 erit
786 4232 1080 4310 obligatio
1111 4232 1250 4292 illos
1279 4232 1515 4293 fructus
1559 4233 1733 4293 resti-

219 4325 435 4401 tuendi,
469 4344 617 4385 cum
648 4325 887 4386 restitui
938 4343 1060 4385 non
1108 4324 1380 4385 debeant
1410 4325 1463 4383 ei
1497 4326 1605 4403 qui
1634 4325 1732 4384 in-

213 4415 424 4495 juriam
454 4437 679 4496 passus
711 4423 824 4494 est,
859 4418 966 4498 qui
993 4417 1055 4476 in
1087 4417 1175 4477 eis
1213 4435 1337 4477 non
1366 4418 1481 4479 fuit
1519 4418 1728 4491 laesus,

218 4509 315 4568 sed
343 4512 541 4571 solum
571 4511 660 4574 in}
680 4514 985 4589 potestate
1018 4510 1209 4570 dandi
1237 4527 1343 4570 eos
1394 4510 1585 4571 libere
1633 4510 1731 4571 cui

218 4602 407 4664 vellet.
449 4604 634 4664 Addo
670 4606 900 4677 tamen,
935 4602 984 4663 si
1024 4603 1285 4663 collator
1311 4602 1571 4664 daturus
1596 4603 1731 4664 fue-

220 4698 306 4755 rat
331 4696 600 4757 officium
640 4696 768 4757 filio
815 4714 950 4771 su0‚
985 4714 1058 4755 ex
1090 4712 1212 4774 quo
1242 4695 1324 4755 ad
1371 4700 1612 4774 patrem
1642 4696 1730 4755 di-

219 4793 371 4849 recte
412 4790 509 4849 vel
575 4789 879 4850 indirecte
928 4788 1422 4849 emolumentum
1464 4789 1726 4866 veniret,

221 4880 421 4941 saltem
466 4887 776 4961 quatenus
831 4886 1157 4941 excusaret
1208 4900 1512 4960 expensas
1575 4882 1729 4942 alias

222 4989 349 5032 cum
375 4975 519 5048 filio,
553 4979 755 5037 totum
786 4974 903 5035 hoc
922 4974 1343 5052 reputandum
1375 4980 1537 5036 esset
1558 4976 1730 5034 dam-

222 5082 356 5125 num
382 5067 849 5128 resarciendum
878 5066 1020 5144 ipsi,
1054 5067 1177 5126 imo
1206 5067 1351 5127 licet
1380 5085 1505 5127 non
1537 5068 1731 5127 debe-

224 5162 308 5217 ret
334 5159 519 5221 ullnm
568 5160 1062 5220 emolumentum
1109 5160 1190 5219 ad
1234 5160 1596 5220 collatorem
1625 5179 1733 5220 ve-

224 5249 362 5326 nire,
393 5253 597 5313 adhuc
626 5254 763 5331 plus
794 5253 1248 5314 restituendum
1279 5271 1414 5312 esse
1444 5272 1517 5314 eo
1556 5271 1726 5328 casu,

226 5360 397 5419 quam
433 5345 480 5403 si
529 5345 791 5407 daturus
831 5345 1048 5405 fuisset
1091 5345 1363 5405 officium
1396 5349 1726 5417 extrane03

229 5435 360 5513 quia
388 5442 656 5516 potestas
678 5438 871 5498 dandi
919 5438 1192 5499 officium
1222 5437 1368 5512 filio,
1403 5438 1500 5497 vel
1531 5438 1729 5513 fratri,

228 5533 323 5588 aut
350 5530 571 5611 nepoti,
604 5536 721 5592 etc.
758 5530 951 5610 pluris
980 5531 1351 5603 aestimatum
1384 5548 1576 5610 quare
1597 5549 1736 5609 gra-

3254 369 3366 427 183

1838 552 2064 595 vamen
2096 537 2352 613 privans
2380 538 2486 599 tali
2516 540 2811 602 facultate
2840 541 3036 621 pluris
3073 543 3368 604 testimari

1835 630 1985 687 tunc
2027 627 2217 690 debet
2263 630 2516 692 arbitrio
2566 633 2911 709 prudentis.
2965 634 3031 696 Si
3076 653 3225 714 ergo
3254 654 3366 713 pro

1836 721 2204 797 gravamine
2234 722 2337 782 illo
2383 724 2665 799 privante
2711 725 2820 785 tali
2862 726 3153 787 facultate
3181 728 3367 789 resti-

1835 812 2140 873 tuendum
2172 817 2283 888 est,
2316 816 2526 893 quanti
2557 836 2895 893 gravamen
2922 818 3075 878 illud
3103 818 3372 898 pruden-

1835 903 1914 964 tis
1945 905 2204 966 arbitrio
2235 907 2614 981 {estimatum
2651 928 3042 989 consequens
3074 915 3166 972 est
3196 917 3266 973 ut
3293 931 3366 973 eo

1835 1014 1983 1057 casu
2013 998 2152 1076 plus
2198 1000 2655 1060 restituendum
2696 1003 2793 1078 sit,
2855 1022 2978 1083 quo
3025 1022 3367 1082 gravamen

1834 1088 1988 1148 illud
2015 1089 2211 1167 pluris
2236 1091 2578 1170 prudenter
2606 1095 3039 1157 aestimaretur.

1916 1181 2560 1262 Inferturtertio,quid
2582 1186 2917 1247 dicendum
2950 1188 3050 1265 sit,
3086 1190 3138 1249 si
3159 1189 3368 1251 inmu-

1835 1276 1943 1334 tuo
1975 1273 2087 1333 fiat
2114 1281 2367 1352 pactum
2399 1277 2474 1337 de
2523 1279 2902 1340 conserendo
2931 1280 3234 1342 beneficio
3271 1302 3367 1343 ec-

3513 1208 3590 1268 ⁴5

3471 1332 3575 1386 Quid
3607 1333 3660 1376 do

1835 1364 2178 1426 clesiastico
2207 1370 2696 1446 mutuatario‚an
2717 1372 3065 1434 intercedat
3094 1394 3285 1436 usura
3308 1378 3370 1435 et
3455 1387 3676 1429 cullationo

1835 1457 2121 1519 simonia.
2159 1461 2386 1521 Navar.
2434 1480 2572 1539 cap.
2608 1479 2761 1524 xvn.
2817 1483 2987 1524 num.
3022 1469 3160 1530 207.
3194 1466 3364 1544 dicit,

1835 1567 1960 1610 non
2005 1569 2140 1611 esse
2188 1553 2438 1630 proprie
2496 1574 2771 1632 usuram,
2823 1557 2968 1636 quia
3015 1577 3137 1618 non
3186 1559 3369 1619 datur

1834 1642 2092 1721 aliquod
2148 1646 2492 1722 temporale
2539 1666 2652 1726 pro
2698 1653 2942 1710 mutuo,
3008 1652 3373 1713 Communis

1831 1737 2044 1795 tamen
2064 1738 2643 1799 sententiaaliorum
2663 1742 2931 1803 affirmat
2943 1742 3075 1802 esse
3091 1762 3365 1805 usuram.

1833 1829 1925 1889 Ita
1978 1830 2292 1906 Navarra,
2339 1833 2610 1910 Aragon.
2664 1834 2919 1912 Rodriq.
2979 1836 3257 1913 Medina,
3308 1841 3371 1898 ct

1834 1921 1938 1980 alii
1968 1921 2199 1999 plures,
2223 1941 2377 2002 quos
2411 1926 2610 2002 affert,
2645 1930 2707 1986 et
2736 1927 3021 2004 sequitur
3051 1928 3226 1988 Salas
3257 1928 3363 1990 du.

1831 2029 1962 2075 xlv.
1994 2017 2222 2092 Lopez,
2258 2016 2585 2094 Reginald.
2623 2021 2686 2079 et
2715 2019 2954 2080 Rebell.
2978 2039 3134 2099 quos
3165 2022 3363 2097 affert,

1835 2108 1897 2165 et
1925 2107 2206 2185 sequitur
2232 2108 2429 2168 Diana
2466 2111 2512 2169 Ι.
2564 2114 2716 2171 tom.
2768 2128 2813 2172 Ι.
2847 2122 2924 2173 tr.
2968 2112 3037 2172 de
3081 2122 3363 2175 contr-act.

1834 2217 1956 2260 res,
1989 2202 2088 2259 61.
2135 2200 2311 2271 Quod
2361 2202 2588 2278 probat
2615 2203 2791 2263 Salas
2820 2210 2881 2265 et
2910 2205 3033 2281 alii,
3079 2205 3228 2285 quia
3253 2205 3364 2265 be-

1835 2291 2126 2351 neficium
2181 2292 2369 2353 etiam
2412 2293 2674 2356 includit
2722 2297 2959 2376 aliquid
2991 2299 3361 2377 temporale,

1834 2387 1898 2444 et
1936 2384 2082 2463 quia
2135 2384 2390 2446 libertas
2439 2387 2800 2448 conferendi
2844 2389 3219 2450 beneficium
3266 2390 3363 2451 cui

1831 2476 2118 2550 voluerit,
2155 2496 2279 2555 qua
2306 2497 2372 2538 se
2401 2480 2815 2540 mutuatarius
2846 2483 3072 2559 privat,
3106 2489 3201 2544 est
3227 2501 3367 2563 pre-

1831 2568 1917 2629 tio
1949 2569 2351 2631 aestimabiliS.
2387 2570 2509 2633 Sed
2541 2571 2842 2651 quidquid
2877 2575 3050 2634 sitde
3069 2574 3209 2650 hoc,
3230 2594 3369 2653 pro·

1832 2659 2018 2721 batur
2069 2661 2310 2722 facilius
2340 2680 2417 2722 ex
2472 2663 2674 2736 dictis,
2730 2665 2878 2742 quia
2923 2666 3003 2725 ad
3062 2666 3364 2728 malitiam

1832 2771 2037 2814 usurae
2067 2753 2294 2815 safficit
2313 2757 2479 2833 quod
2498 2758 2916 2818 mutuatarius
2932 2763 3193 2836 cogatur
3208 2758 3366 2838 inju—

1832 2851 1925 2907 ste
1956 2846 2165 2905 subire
2198 2847 2449 2925 aliquod
2468 2866 2623 2907 onus
2642 2867 2896 2924 novum,
2925 2849 3364 2929 quodcumque

1831 2939 1983 2999 illud
2013 2939 2111 3000 sit.
2138 2940 2429 3018 Alioquin
2462 2959 2583 3000 non
2617 2947 2780 3002 esset
2796 2947 3014 3002 contra
3025 2941 3358 3020 justitiam,

1832 3031 1881 3094 si
1938 3032 2181 3093 ratione
2228 3032 2427 3093 mutui
2487 3037 2890 3113 extorqueres
2929 3034 3090 3095 ultra
3132 3039 3364 3095 sortem

1833 3143 2059 3204 corpus
2089 3122 2351 3204 alicujus
2382 3124 2615 3201 Sancti,
2649 3125 2745 3184 vel
2779 3125 3107 3186 induceres
3129 3126 3362 3206 obliga-

1829 3220 2065 3287 tionem
2097 3216 2392 3278 audiendi
2445 3222 2584 3279 tuas
2632 3218 3054 3280 confessiones
3091 3238 3205 3298 per
3249 3239 3361 3279 an-

1832 3328 2005 3370 num.
2042 3310 2278 3370 Poterit
2308 3310 2575 3370 fortasse
2605 3330 2739 3370 esse
2772 3311 3031 3389 quaestio
3064 3310 3141 3370 de
3170 3312 3364 3372 nomi-

1832 3421 1934 3478 ne,
1968 3420 2048 3460 an
2078 3402 2185 3461 illa
2215 3402 2591 3481 appellanda
2622 3403 2701 3464 sit
2729 3422 2948 3475 usu1·a;
3000 3409 3241 3465 certum
3270 3409 3365 3465 ta-

1831 3513 1977 3554 men
2007 3493 2258 3554 videtur
2285 3493 2435 3553 illud
2467 3514 2601 3555 esse
2649 3501 2976 3574 peccatum
3018 3501 3236 3556 contra
3256 3498 3361 3575 ju-

1830 3587 2083 3662 stitiam,
2119 3604 2262 3646 cum
2289 3586 2422 3646 sine
2449 3587 2629 3648 titulo
2660 3592 2923 3666 cogatur
2953 3588 3163 3648 subire
3192 3588 3363 3649 invo-

1828 3680 2095 3741 luntarie
2126 3679 2315 3740 talem
2355 3679 2821 3757 obligationem.

1911 3772 2303 3833 Conveniunt
2331 3773 2517 3832 etiam
2568 3790 2805 3848 omneS,
2855 3773 3007 3832 illud
3052 3792 3188 3835 esse
3215 3792 3364 3854 pec-

1829 3870 2037 3926 catum
2063 3864 2368 3940 simonae,
2403 3865 2549 3944 quia
2569 3865 2698 3925 sive
2716 3870 3002 3925 mutuum
3031 3865 3114 3926 sit
3128 3867 3362 3946 aliquid

1830 3958 2029 4037 pretio
2062 3956 2450 4032 mstimabile,
2485 3956 2613 4017 sive
2647 3976 2790 4031 non,
2826 3962 3070 4019 certum
3101 3962 3195 4019 est
3226 3979 3361 4021 esse

1830 4049 2081 4128 aliquod
2112 4050 2348 4110 bonum
2379 4050 2743 4128 temporale,
2768 4069 2880 4128 pro
2904 4069 3024 4129 quo
3044 4050 3229 4112 datur
3255 4053 3360 4113 he-

1830 4142 2122 4203 neficium
2154 4142 2667 4215 ecclesiasticum,
2695 4143 2864 4222 quod
2893 4143 3123 4205 sufficit
3149 4144 3228 4204 ad
3260 4164 3361 4206 ve-

1825 4255 1963 4296 ram
1993 4235 2345 4296 simoniam.
2399 4238 2662 4297 Fructus
2703 4240 2913 4296 aulem
2954 4237 3240 4298 beneficii
3285 4256 3360 4299 eo

1829 4347 1977 4390 casu
2005 4327 2371 4390 restItuendi
2420 4332 2646 4404 essent,
2698 4327 2997 4408 quidquid
3044 4330 3121 4389 de
3152 4330 3362 4391 fructi-

1825 4421 1944 4481 bus
1966 4422 2154 4482 officii
2182 4421 2545 4500 temporalis
2602 4421 2749 4500 quia
2796 4439 2939 4482 cum
2987 4422 3234 4482 collatio
3279 4423 3362 4483 si-

1828 4514 2119 4573 moniaca
2166 4513 2355 4574 fuerit
2384 4513 2574 4589 nulla,
2608 4514 2886 4593 percepti
2938 4514 3191 4575 fuerunt
3227 4516 3360 4575 sine

1827 4605 2007 4667 titulo
2037 4623 2219 4677 vero;
2257 4605 2354 4666 cui
2386 4610 2593 4666 autem
2625 4606 2994 4666 restituendi
3015 4607 3361 4686 sint,perti-

1831 4702 1938 4758 net
1967 4698 2045 4757 ad
2073 4701 2411 4759 tractatum
2440 4698 2518 4757 de
2549 4697 2835 4759 simonia.

1906 4791 2173 4852 Infertur
2209 4795 2454 4870 quarm,
2499 4791 2855 4851 usurarium
2906 4810 3041 4851 esse
3078 4797 3354 4869 pactum,

1826 4889 1897 4944 ut
1937 4883 2354 4943 mutuatarius
2377 4882 2605 4944 debeat
2634 4884 2944 4944 mutuanti
2970 4884 3195 4943 iterum
3225 4903 3358 4943 mu-

1825 4979 2025 5050 tuare,
2058 4974 2309 5054 quando
2339 4980 2626 5036 mutuum
2658 4981 2845 5053 petet,
2878 4979 2941 5037 et
2968 4975 3136 5035 idem
3167 4980 3260 5035 est
3279 4975 3357 5035 de

1829 5073 2012 5148 pacto
2043 5072 2112 5128 ut
2138 5072 2426 5128 teneatur
2456 5087 2530 5127 ex
2558 5086 2700 5127 mea
2729 5068 2976 5128 officina
3005 5086 3236 5144 emere,
3259 5067 3359 5127 vel

1830 5161 1892 5220 in
1922 5178 2061 5221 meo
2104 5159 2461 5221 molendino
2491 5160 2704 5235 molat,
2740 5161 2837 5219 vel
2860 5161 3026 5239 justa
3067 5159 3358 5219 mercede

1831 5271 2043 5313 meum
2090 5271 2313 5331 agrum
2356 5253 2540 5327 colat,
2587 5255 2649 5312 et
2676 5252 2921 5313 similia.
2973 5252 3363 5313 Contrarium

1837 5346 2189 5407 docuerunt
2216 5363 2339 5405 non
2370 5345 2573 5423 pauci.
2608 5346 2829 5422 Angel.
2865 5344 3085 5424 Major,
3119 5348 3181 5405 et
3207 5342 3359 5404 Adr.

1837 5437 2004 5518 apud
2053 5437 2267 5498 Molin.
2320 5437 2480 5514 disp.
2515 5440 2652 5497 308.
2681 5436 2740 5496 id
2774 5437 3128 5498 concedunt
3152 5437 3362 5511 licere,

1836 5531 2085 5611 quando
2114 5536 2368 5609 pactum
2397 5529 2475 5590 sit
2504 5529 2581 5589 de
2600 5529 2825 5590 iterum
2853 5528 3199 5590 mutuando
3222 5547 3365 5589 cum

3464 5011 3510 5040 ro
3539 5004 3623 5040 unul

3410 5011 3635 5104 osslimtion

3409 5105 3484 5148 nbi
3498 5103 3708 5147 mutuandi

3421 1439 3608 1483 beneficii
3637 1452 3713 1495 pm

3487 1498 3645 1535 mutuo.

3504 4821 3584 4880 ⁴6

3408 4942 3526 4997 Quid,
3542 4945 3577 4986 si
3592 4948 3706 4999 pelo·

3625 5011 3704 5093 ¹¹3..
