4263 6376
993 305 1116 363 450

998 474 1519 555 prudentissimo;
1565 473 1764 535 videri
1796 477 2002 553 potest
2029 472 2262 535 Molina
2291 492 2398 534 nu.
2434 474 2532 535 12.

998 574 1061 630 et
1088 569 1241 629 alios
1269 568 1437 646 apud
1466 568 1725 630 Dianam
1745 569 1819 629 11.
1853 572 2004 629 tom.
2031 571 2149 629 tra.
2176 584 2263 629 1v.
2288 565 2528 627 miscell.

997 661 1182 722 resol.
1217 665 1313 722 17.

772 756 850 815 38
1076 752 1282 814 Tertio
1314 751 1770 813 advertendum
1800 757 1912 829 est,
1939 757 2179 815 certum
2204 771 2337 813 esse
2359 752 2410 812 si
2439 756 2536 814 at-

705 879 809 933 Quffi
858 881 893 923 ,ἰ
995 848 1165 906 tento
1187 843 1357 923 justo
1389 844 1609 905 timore
1639 844 2000 921 sterilitatiS,
2025 845 2121 905 vel
2144 845 2400 906 alterius
2428 863 2534 905 ca-

652 913 949 1042 gffssngssffig·
997 956 1099 997 sus
1128 936 1364 997 fortuiti
1397 938 1704 1012 eventuri,
1740 936 1955 1016 pensio
1985 938 2310 998 locationis
2339 938 2533 1016 petita

651 1046 826 1103 pre-mm
869 1021 946 1084 cuii
994 1033 1277 1108 tempore
1325 1034 1683 1090 contractus
1726 1030 1856 1091 initi
1908 1031 2326 1091 aestimaretur
2353 1049 2533 1091 exce-

692 1099 905 1148 ¹¹¹³¹¹⁸⁸¹¹¹¹²'
993 1120 1142 1180 dere
1164 1120 1407 1200 justum
1438 1122 1746 1199 pretium,
1808 1122 2037 1182 debere
2080 1123 2423 1184 locatorem
2465 1124 2528 1182 in

992 1213 1376 1274 conscientia
1406 1213 1724 1275 remittere
1756 1233 1955 1294 usque
2002 1215 2081 1274 ad
2111 1216 2286 1275 illum
2316 1216 2530 1276 termi-

990 1324 1163 1382 num,
1200 1324 1322 1384 quo
1344 1311 1626 1385 tempore
1648 1312 2005 1368 eontractus
2026 1307 2242 1385 pensio
2266 1307 2530 1367 aestima-

990 1398 1041 1457 ri
1073 1404 1284 1478 posset
1312 1398 1485 1477 justa
1535 1419 1550 1459 :
1598 1404 1661 1459 et
1687 1398 1808 1460 hoc
1832 1445 1847 1475 ‚
1909 1400 2040 1459 sive
2070 1404 2289 1477 postea
2336 1399 2530 1461 conti-

988 1491 1151 1569 gerit
1179 1491 1493 1567 sterilitas,
1530 1492 1628 1552 vel
1657 1492 1817 1552 alius
1845 1510 2026 1552 casus
2056 1493 2351 1553 fortuitus
2379 1511 2526 1553 con·

988 1583 1238 1661 trariuS,
1272 1584 1401 1644 sive
1432 1602 1558 1644 non
1589 1585 1956 1663 contigerit,
2006 1584 2055 1645 si
2086 1586 2432 1645 conductor
2459 1604 2525 1644 se

988 1675 1289 1753 obligavit
1315 1676 1398 1736 ad
1426 1695 1605 1737 casus
1634 1676 1919 1737 fortuitos
1949 1681 2012 1738 et
2036 1677 2398 1739 sterilitatis,
2427 1677 2524 1737 Ad

979 1768 1287 1847 justitiam
1319 1769 1484 1828 enim
1532 1769 1848 1848 pensionis
1895 1770 2280 1831 attendenda
2321 1771 2524 1831 solum

986 1864 1080 1921 est
1108 1860 1437 1921 aestimatio
1468 1861 1818 1921 communis
1842 1906 1857 1936 ‚
1911 1879 2034 1940 qua
2067 1862 2282 1939 pensio
2315 1880 2523 1940 aequa·

981 1951 1059 2012 lis
1114 1952 1543 2014 aestimabatur
1596 1957 1880 2031 tempore
1937 1959 2297 2015 contractus
2343 1953 2522 2032 juxta

985 2062 1161 2121 spem
1206 2043 1304 2104 vel
1350 2045 1641 2106 timorem
1687 2045 1794 2124 qui
1850 2063 1923 2106 eo
1979 2050 2262 2125 tempore
2318 2051 2516 2108 erant.

984 2136 1164 2197 Unde

737 2230 813 2291 39
1065 2226 1539 2288 Advertendum
1570 2231 1664 2289 est
1691 2231 1913 2306 quarto
1932 2273 1948 2305 ,
1984 2229 2146 2290 sicut
2173 2229 2236 2289 in
2265 2230 2524 2309 emptio-

986 2339 1064 2380 ne
1086 2325 1148 2382 et
1166 2320 1525 2380 venditione
1558 2320 1746 2381 datur
1786 2322 1974 2382 etiam
2005 2323 2069 2382 in
2098 2323 2231 2384 foro
2264 2329 2519 2385 externo

984 2412 1336 2472 remedium
1380 2412 1528 2473 laeso
1574 2414 1736 2473 ultra
1779 2414 2107 2474 dimidium
2131 2415 2283 2494 justi
2314 2415 2515 2494 pretii,

987 2524 1060 2565 ex
1088 2505 1128 2566 l.
1166 2521 1244 2565 11.
1292 2507 1359 2566 C.
1407 2504 1477 2565 de
1503 2503 1749 2566 reseind.
1783 2506 2136 2579 venditione;
2197 2508 2285 2567 sic
2333 2508 2521 2568 etiam

987 2617 1061 2658 ex
1090 2598 1310 2658 eadem
1356 2598 1493 2676 lege
1559 2598 1695 2658 dari
1750 2600 2099 2659 remedium
2128 2600 2516 2678 conductori,

986 2691 1176 2751 etiam
1205 2690 1267 2750 in
1298 2690 1433 2751 foro
1464 2695 1744 2767 externo,
1776 2692 2029 2771 quando
2061 2697 2343 2771 tempore
2374 2711 2525 2753 con-

983 2787 1221 2844 tractus
1249 2783 1433 2843 laesus
1462 2782 1578 2843 fuit
1606 2784 1769 2844 ultra
1798 2783 2123 2844 dimidium
2140 2784 2291 2862 justi
2312 2786 2519 2864 pretii,

986 2880 1174 2955 atque
1204 2875 1391 2936 etiam
1423 2875 1682 2936 locatori
1721 2876 1972 2954 quando
2003 2878 2187 2937 laesus
2217 2877 2333 2939 fuit
2360 2877 2524 2938 ultra

985 2966 1314 3027 dimidium
1335 2966 1616 3045 ejusdem
1631 2968 1782 3045 justi
1804 2968 2006 3045 pretii.
2027 2968 2123 3028 Ad
2147 2968 2317 3046 quod
2336 2968 2524 3029 etiam

988 3079 1110 3120 non
1143 3063 1237 3120 est
1264 3059 1756 3120 considerandus
1802 3066 2063 3121 eventus
2109 3061 2518 3139 subsequam,

988 3151 1098 3213 sed
1128 3155 1326 3213 status
1355 3156 1418 3213 et
1444 3152 1773 3213 aestimatio
1806 3152 2036 3214 valoris
2065 3156 2349 3231 tempore
2381 3172 2524 3216 con-

986 3250 1260 3317 tractus;
1295 3263 1489 3324 quare
1514 3244 1864 3305 remedium
1897 3244 2015 3306 hoc
2041 3246 2360 3306 diversum
2391 3265 2524 3306 om·

987 3337 1135 3397 nino
1184 3342 1280 3398 est
1325 3337 1404 3396 al)
1450 3355 1522 3398 eo
1570 3336 1648 3396 de
1695 3355 1817 3416 quo
1866 3337 2147 3399 dicemus
2168 3343 2523 3417 competere

988 3430 1068 3490 ob
1098 3430 1511 3505 sterilitatem,
1544 3429 1642 3488 vel
1672 3429 2080 3490 infortunium
2109 3430 2519 3511 subsequenS,

993 3526 1060 3582 ut
1085 3521 1328 3582 notavit
1357 3521 1545 3580 etiam
1574 3521 1807 3581 Molina
1834 3541 1896 3583 n.
1930 3526 1988 3582 2.

737 3632 818 3692 40
1072 3614 1180 3674 His
1210 3612 1569 3692 suppositiS,
1603 3613 1928 3674 sciendum
1959 3617 2084 3691 est,
2120 3633 2196 3675 ea
2225 3615 2521 3695 aequitate

991 3707 1055 3766 et
1079 3704 1465 3782 benignitate
1494 3706 1657 3785 juris
1710 3725 1860 3785 erga
1890 3706 2304 3768 conductores
2330 3708 2526 3769 intro-

665 2353 782 2397 Laeso
799 2355 908 2398 ultra

684 2408 895 2451 dimidium

664 2461 765 2516 junii
789 2463 909 2517 pretii

729 2516 845 2569 quale

684 2567 909 2610 remedium

683 2626 906 2675 competat.

646 3756 708 3798 Ex
722 3756 813 3812 juro
826 3756 943 3810 posi·

664 3811 749 3876 nvo
766 3810 925 3873 quando
991 3798 1249 3858 ductum
1280 3816 1413 3857 esse
1439 3844 1454 3874 ,
1508 3803 1576 3859 ut
1607 3803 1859 3876 propter
1886 3799 2276 3860 sterilitatem
2306 3820 2526 3879 super-

646 3864 946 3971 ωᾚῖῗῆἶω
990 3890 1343 3951 venientem
1372 3889 1609 3968 absque
1637 3891 2032 3952 conductor-³0
2063 3892 2239 3930 man..
2327 3893 2525 3930 ”⁰¹³⁶-

993 4001 1262 4061 cumque
1293 3982 1659 4061 proveniat,
1712 3983 1841 4043 sive
1872 4002 1947 4042 ex

993 4075 1131 4151 bus,
1165 4075 1293 4134 sive
1325 4093 1398 4134 ex
1426 4074 1783 4136 incursione
1814 4074 1964 4136 hosti

995 4167 1184 4227 custis
1212 4167 1312 4226 vel
1339 4167 1475 4227 aliis
1505 4167 1901 4243 animalibuS,
1935 4187 1963 4227 s

996 4259 1245 4338 quando
1277 4259 1428 4319 nulli
1460 4259 1714 4320 omnino
1745 4259 1964 4321 fructus

994 4352 1245 4412 beretur
1273 4352 1617 4414 conductor
1635 4352 1886 4413 omnino
1914 4371 1950 4412 a

995 4444 1098 4520 da,
1129 4445 1171 4505 1.
1207 4443 1282 4505 Si
1304 4463 1538 4521 merces,
1568 4446 1623 4523 ἓ.
1667 4444 1758 4505 Vis
1777 4444 1964 4526 major

992 4537 1050 4616 ἓ.
1085 4537 1162 4598 Si
1184 4537 1290 4614 vtis,
1325 4539 1387 4597 ff.
1423 4537 1617 4614 locati,
1652 4537 1692 4598 l.
1724 4536 1921 4614 Licet,

995 4627 1135 4706 tulo,
1168 4647 1262 4691 ca.
1293 4628 1549 4711 Propter
1571 4629 1964 4707 sterilitatem,

993 4721 1075 4781 lo.
1131 4721 1194 4782 Si
1225 4727 1432 4783 autem
1460 4722 1750 4784 sterilitas
1795 4727 1964 4784 noni

994 4817 1151 4890 ctuS,
1184 4814 1293 4874 sed
1323 4819 1532 4876 tamen
1562 4817 1642 4876 sit
1666 4833 1897 4894 magna
1925 4833 1964 4876 e¹

995 4906 1207 4968 nuitur
1234 4909 1447 4985 pensio
1478 4927 1589 4987 pro
1619 4912 1756 4969 rata
1804 4928 1817 4969 :
1869 4908 1920 4968 si
1947 4927 1964 4960 i

995 4998 1148 5058 ninil
1172 5000 1547 5078 remittitur,
1606 5002 1693 5062 ita
1742 5000 1964 5062 habetu

992 5091 1223 5171 major,
1270 5093 1364 5153 his
1411 5094 1616 5154 verbis
1667 5113 1680 5154 :
1752 5093 1916 5154 «Vis
1945 5113 1964 5151 1

993 5183 1355 5246 conductori
1384 5186 1613 5246 damno
1646 5203 1781 5245 esse
1801 5232 1816 5262 ,
1851 5185 1903 5245 si
1931 5204 1964 5263 p

992 5274 1114 5336 bile
1145 5280 1257 5353 est,
1282 5277 1411 5338 laesi
1437 5282 1583 5340 sunt
1600 5278 1871 5351 fructus;
1897 5277 1964 5337 ali

993 5367 1293 5428 damnum
1339 5388 1519 5450 aequo
1566 5370 1776 5431 animo
1806 5369 1964 5430 ferre

992 5461 1093 5520 cui
1120 5461 1527 5523 immodicum
1546 5463 1789 5524 lucrum
1819 5481 1940 5522 non

2155 298 2257 357 DE
2298 296 2654 359 JUSTITIA
2697 297 2796 358 ΕΤ
2838 297 3040 360 JURE

2634 471 2798 534 dicto
2828 489 2882 533 c.
2918 472 3174 553 Propter
3211 472 3593 551 sterz'lz‘tatevn,
3628 475 3888 554 Gregorius
3911 482 4022 561 Papa

2632 565 2736 625 lx.
2773 565 2863 626 sic
2908 566 2997 626 ait
3042 586 3055 627 :
3117 587 3146 622 «
3177 567 3436 644 Propter
3465 567 3811 630 sterilitatem
3833 573 4026 635 afficien-

2633 660 2759 717 tem
2787 676 3015 736 magno
3063 658 3459 719 incommodo
3502 660 3882 740 conductores,
3923 668 4021 727 vitio

2630 750 2743 826 rei,
2778 750 2910 810 sine
2939 751 3124 830 culpa
3152 751 3377 827 coloni,
3410 770 3519 811 seu
3550 770 3686 812 casu
3710 754 3906 817 fortuito
3927 778 4026 819 con·

2630 843 2975 920 tingentem
2996 889 3012 918 ,
3055 842 3292 903 colonis
3321 844 3610 904 Ecclesiae
3636 863 3729 922 pro
3753 853 3889 924 rata,
3924 870 4024 929 pen·

2629 934 2820 995 sionis
2851 935 3131 996 remissio
3165 941 3259 997 est
3284 935 3574 996 facienda
3605 956 3617 997 :
3647 938 3746 997 nisi
3769 958 3880 999 cum
3900 944 4026 1003 uber-

2627 1032 2754 1088 tate
2787 1027 3220 1105 p1·aecedentiS‚
3254 1028 3351 1089 vel
3381 1029 3784 1107 subsequentis
3805 1034 4026 1105 anni‚sle·

2628 1119 2822 1181 rilitas
2850 1120 3056 1181 valeat
3099 1122 3529 1199 compensari,
3564 1144 3588 1178 n
3639 1127 3694 1182 et
3730 1123 3782 1182 in
3805 1124 3837 1185 l.
3865 1124 4025 1204 Siuno,

2625 1213 2680 1291 ς.
2716 1230 2758 1272 1.
2795 1213 2856 1272 ff.
2891 1212 3082 1287 locati,
3117 1212 3205 1272 sic
3237 1211 3504 1274 habetur
3561 1231 3576 1273 ε
3639 1235 3663 1269 «
3682 1216 3810 1275 Cum
3847 1219 4027 1295 quidam

2627 1304 2704 1364 de
2733 1304 3047 1366 fructuum
3078 1304 3412 1382 exiguitate
3442 1312 3819 1385 quaereretur,
3856 1328 3946 1370 non
3967 1330 4028 1371 es-

2623 1416 2689 1457 se
2719 1396 3027 1457 rationem
3059 1396 3193 1476 ejus
3241 1397 3630 1474 habendam,
3681 1402 3923 1479 rescripto
3944 1403 4030 1463 divi

2623 1490 2920 1549 Antonini
2949 1491 3321 1551 continetur.
3372 1492 3529 1552 Item
3573 1492 3679 1553 alio
3717 1495 3952 1572 rescripto
3973 1497 4028 1557 ita

2624 1582 2995 1643 continetur.
3030 1584 3266 1643 Novam
3290 1602 3422 1642 rem
3452 1583 3761 1658 desideum,
3785 1591 3839 1645 ut
3853 1593 4032 1665 propter

2621 1678 2996 1736 vetustatem
3025 1675 3351 1735 vinearum
3399 1675 3668 1736 remissio
3709 1676 3800 1737 tibi
3834 1678 3984 1754 detur,
4004 1704 4023 1736 u

2623 1786 2761 1846 quae
2789 1767 3224 1844 intelliguntur
3251 1768 3329 1828 de
3359 1768 3671 1830 sterilitate
3697 1787 3800 1829 non
3826 1772 4027 1833 notabili.

2621 1859 2800 1920 Circa
2828 1858 2992 1919 hanc
3021 1859 3374 1921 doctrinam

2701 1951 2982 2012 Dubitari
3014 1952 3214 2031 primo
3252 1956 3495 2030 potest,
3542 1972 3613 2012 an
3641 1953 3852 2014 nomine
3876 1954 4034 2015 sterili-

2619 2044 2764 2105 tatis
2792 2043 3191 2120 omnimodoe,
3220 2064 3359 2123 quae
3380 2049 3626 2106 excusat
3639 2047 3851 2106 omnino
3869 2047 3927 2106 ab
3948 2048 4034 2106 ulla
4064 2086 4069 2097 ι

2619 2137 2916 2214 pensione
2945 2137 3265 2213 solvenda,
3297 2137 3685 2215 intelligatur,
3706 2138 3910 2217 quando
3932 2138 4037 2198 nulli
4069 2165 4071 2172 ⁴

2618 2246 2874 2306 prorsus
2902 2229 3137 2289 fructus
3165 2246 3238 2287 ex
3261 2229 3457 2289 fundo
3485 2230 3834 2307 colliguntur,
3851 2248 3911 2287 an
3933 2248 4034 2290 vero

2620 2320 2841 2396 etiam,
2893 2319 3143 2399 quando
3169 2320 3457 2382 deductis
3485 2322 3777 2399 expensiS,
3817 2322 3933 2381 nulli
3955 2323 4039 2382 tm-

2620 2418 2756 2473 ctus
2785 2416 3146 2472 remanent:
3181 2430 3327 2471 nam
3358 2413 3602 2474 nomine
3629 2412 3895 2473 fructuum
3917 2415 4038 2473 intel-

2617 2505 2726 2583 ligi
2746 2504 2993 2565 videtur
3022 2504 3104 2575 id,
3128 2505 3296 2584 quod
3326 2505 3606 2567 deductis
3633 2505 3877 2583 expensis
3897 2524 4044 2564 rema-

2621 2604 2753 2658 net:
2798 2601 2861 2656 et
2888 2598 2972 2656 ita
3003 2596 3252 2657 videtur
3280 2598 3618 2676 intelligere
3650 2598 3891 2657 Bal-tolus
3912 2599 3959 2656 iu
3982 2598 4041 2656 di·

2621 2693 2720 2750 cta
2747 2689 2919 2765 lege,
2972 2688 3048 2748 Si
3070 2707 3316 2765 merces,
3363 2690 3419 2769 ἓ.
3472 2688 3560 2750 Vis
3586 2689 3775 2769 major.
3812 2692 3950 2749 Hanc
3982 2695 4043 2749 ta-

2621 2800 2763 2841 men
2809 2781 3165 2859 opinionem
3205 2783 3430 2844 merito
3459 2782 3737 2859 reprobat
3760 2781 3946 2841 Melina
3967 2800 4038 2840 nu.

2621 2892 2692 2936 11.
2726 2891 2868 2933 cum
2895 2874 3340 2934 Panormitano
3366 2921 3381 2951 ,
3411 2877 3733 2935 Covarruv.
3763 2877 3816 2935 et
3838 2874 3946 2934 aliis
3968 2894 3978 2934 ε
4003 2883 4044 2933 el

2624 2966 2851 3026 omisso
2882 2965 3015 3044 ejus
3034 2972 3428 3044 argumento,
3452 2967 3620 3046 rejici
3645 2972 3825 3045 potest
3846 2985 3906 3025 ex
3928 2966 4043 3027 dicta

2619 3058 2780 3137 lege,
2832 3058 2939 3117 Es:
2967 3057 3265 3135 conducto,
3299 3060 3355 3137 ἓ.
3408 3058 3476 3119 St
3495 3060 3594 3120 vis.
3628 3062 3686 3119 ff.
3732 3058 3894 3134 locati,
3921 3055 4044 3137 cuju>

2620 3150 2814 3212 verba
2839 3151 2975 3212 haec
3021 3157 3166 3212 sunt
3210 3171 3224 3211 :
3296 3151 3478 3213 «Sed
3508 3152 3619 3213 etsi
3645 3151 3798 3212 labes
3824 3150 4028 3212 factasit
4140 3145 4141 3148 ’

2623 3262 2998 3322 omnemque
3027 3243 3298 3303 fructum
3327 3243 3572 3321 tulerit,
3617 3245 3879 3304 damnum
3901 3243 4030 3304 colon

2625 3355 2747 3396 non
2778 3354 2942 3412 esse,
2978 3340 3046 3397 ut
3073 3354 3261 3415 supra
3291 3336 3591 3397 damnum
3619 3337 3844 3397 seminis
3875 3335 4027 3395 amissi

2620 3429 2942 3490 mercedes
2973 3429 3108 3507 agri
3137 3435 3436 3506 praestare
3466 3435 3731 3508 cogatur.
3776 3451 3801 3486 »
3864 3427 3956 3491 Ubi
3985 3445 4026 3485 vi

2623 3522 2767 3597 des,
2817 3521 3085 3600 supponi
3132 3522 3334 3582 nullos
3363 3522 3597 3584 fructus
3625 3523 3908 3595 collectOS,
3945 3519 4024 3579 alit

2625 3615 2770 3693 quin
2803 3633 2925 3674 non
2956 3614 3190 3675 faceret
3208 3615 3525 3693 jacturam
3554 3615 3821 3689 se1nini8‚
3857 3629 3964 3693 quae
3992 3612 4029 3670 ft

2623 3713 2724 3768 eta
2750 3705 3121 3785 supponitur
3152 3723 3167 3770 :
3199 3708 3541 3786 requiritur
3568 3726 3708 3786 ergo
3734 3707 3804 3767 ad
3821 3708 4018 3784 ejusmo.

2623 3799 3049 3861 omnimodam
3081 3799 3522 3860 liberationem
3550 3819 3586 3860 a
3611 3800 3905 3880 pensione,
3931 3815 4009 3875 qu«

2624 3892 2770 3930 nnn:
2804 3892 3053 3930 nmnznn
3080 3891 3237 3930 rnna}
3242 3911 3494 3930 .......
3502 3893 3759 3930 :vd-mem·
