4263 6376
1165 348 1637 409 DISPU'PA'PIO
1682 347 2012 426 XXXVIII,
2061 348 2337 411 SEC'rlo
2383 352 2455 411 ΙΙ.
3252 357 3367 415 757

178 525 375 584 tract.
423 539 553 587 xlv.
584 541 724 602 cap.
762 539 831 584 11.
866 542 929 585 n.
963 527 1063 585 42.
1099 523 1334 602 dicunt,
1382 527 1581 587 teneri
1624 543 1733 605 po-

181 621 328 678 stea
356 635 430 677 ex
459 619 521 677 vi
551 617 739 679 edicti
773 639 786 679 :
837 636 1028 698 quam
1076 619 1450 680 sententiam
1507 620 1735 681 docent

180 710 382 770 etiam
414 713 648 772 Suarez
694 711 854 790 disp.
894 728 995 774 xx.
1043 711 1113 772 de
1140 714 1415 789 censuris,
1451 717 1598 774 sect.
1635 729 1728 773 111.

181 822 251 864 n.
295 807 388 864 14.
427 806 743 864 Navarrus
773 823 913 884 cap.
947 822 1089 866 xxv.
1129 824 1234 866 nu.
1281 810 1379 868 46.
1415 805 1730 882 Lazarius,

179 897 399 980 SotuS,
434 902 496 958 et
555 898 926 977 Rodriquez,
986 916 1143 978 quos
1187 901 1370 961 affert
1398 899 1733 978 Fagundez

178 990 358 1051 dicto
415 994 730 1069 praecepto
786 1007 926 1053 vm.
987 1009 1124 1069 cap.
1185 1009 1286 1054 ιιι.
1350 1014 1411 1054 n.
1472 996 1529 1054 5.
1579 995 1734 1055 Item

174 1085 371 1145 Joan.
408 1083 691 1159 SanciuS,
726 1086 1012 1162 Acunna,
1038 1090 1101 1146 et
1130 1086 1389 1162 FreifaS,
1440 1103 1599 1165 quos
1642 1085 1735 1145 af-

175 1177 311 1239 fert
337 1181 400 1238 et
428 1177 711 1256 sequitur
737 1177 934 1238 Diana
963 1194 1057 1239 111.
1093 1183 1252 1257 part.
1288 1186 1460 1240 tract.
1498 1196 1559 1240 v.
1595 1178 1733 1237 mis-

175 1270 395 1332 cellan.
430 1270 618 1331 resol.
655 1273 753 1331 95.
806 1271 1201 1332 Contrarium
1245 1276 1458 1333 tamen
1504 1272 1734 1333 docent

169 1363 354 1426 idem
406 1363 629 1424 Thom.
692 1363 923 1424 Sanch.
984 1364 1149 1425 dicto
1189 1364 1298 1426 lib.
1352 1367 1454 1427 vl.
1509 1363 1724 1426 Conse'l.

171 1474 325 1536 cap.
359 1474 426 1518 11.
463 1455 611 1517 dub.
647 1473 791 1518 xxv,
838 1475 1009 1519 num.
1063 1461 1120 1519 6.
1176 1461 1238 1518 et
1292 1457 1464 1518 idem
1513 1458 1726 1519 Filliu-

172 1549 320 1610 cius
349 1551 422 1610 ΙΙ.
457 1554 610 1611 tom.
647 1553 826 1610 tract.
860 1567 953 1612 xr..
1001 1569 1139 1631 cap.
1198 1568 1308 1612 vn.
1364 1570 1535 1612 num.
1586 1554 1724 1612 225.

172 1643 436 1703 Marcus
491 1642 801 1703 Antonius
854 1643 1220 1720 Genuensis,
1282 1645 1455 1722 Beja,
1525 1646 1722 1720 Vega,

177 1734 555 1811 PhiliarcuS,
593 1735 997 1812 Reginaldus,
1034 1741 1097 1797 et
1129 1736 1230 1796 alii
1264 1755 1421 1816 quos
1454 1738 1637 1797 affert
1664 1740 1726 1797 et

171 1829 470 1907 sequitur
497 1828 833 1906 anundez
866 1828 969 1888 ubi
1001 1847 1193 1907 supra
1223 1849 1329 1890 nu.
1362 1835 1421 1892 9.
1453 1829 1731 1890 Tabienu

171 1921 701 1982 excommunicatio
743 1925 802 1982 4.
842 1941 902 1983 n.
956 1926 1016 1984 5.
1069 1923 1348 1998 Armilla,
1401 1923 1726 2002 Ugolinus,

171 2019 244 2077 et
277 2015 531 2091 Naldus,
566 2034 725 2093 quos
748 2015 930 2077 affort
950 2016 1144 2076 Diana
1177 2016 1285 2076 ubi
1307 2036 1532 2095 supra;
1561 2016 1730 2096 quod

166 2108 336 2168 mihi
363 2108 684 2187 probabile
737 2108 1016 2182 videtur3
1051 2113 1113 2170 et
1161 2109 1324 2170 hanc
1368 2128 1504 2170 esse
1550 2109 1732 2170 Ordi-

167 2200 339 2261 narii
368 2200 776 2262 intentionem
806 2220 882 2262 ex
903 2202 1291 2263 confessione
1323 2204 1602 2281 ipsorum
1619 2205 1728 2263 Or-

173 2294 594 2372 dinariorum,
627 2298 891 2357 testatur
918 2296 1276 2374 Fagundez‚
1309 2296 1456 2376 quia
1475 2296 1573 2356 hae
1605 2314 1731 2356 non

171 2391 331 2448 sunt
370 2388 564 2465 legeS,
625 2388 735 2448 sed
791 2393 1109 2468 praecepta
1148 2390 1543 2469 temporalia,
1591 2408 1731 2469 quae

171 2499 309 2541 non
342 2479 576 2541 debent
618 2480 679 2540 in
723 2485 1097 2561 perpetuum
1146 2483 1396 2544 durare.
1443 2481 1732 2543 Advertit

171 2580 395 2638 tamen
429 2573 734 2650 Sanchez‚
767 2575 820 2634 si
848 2575 1071 2654 aliquis
1105 2575 1325 2636 ultimo
1371 2575 1471 2636 die
1521 2575 1731 2637 termi-

172 2669 245 2728 ni
283 2667 633 2746 praescripti
661 2666 949 2727 notitiam
979 2667 1168 2728 edicti
1195 2668 1508 2745 habuerit,
1568 2687 1733 2730 com-

173 2761 519 2840 prehendi,
553 2764 616 2821 et
639 2761 928 2840 obligari,
962 2762 1051 2822 ita
1092 2767 1301 2823 tamen
1343 2768 1412 2825 ut
1454 2783 1528 2823 ex
1584 2768 1732 2824 tunc

171 2853 490 2933 incipiant
512 2853 569 2913 ei
600 2871 850 2913 currere
867 2854 1130 2915 totidem
1151 2854 1305 2932 dies,
1332 2875 1479 2916 nam
1498 2856 1538 2915 ii
1571 2855 1733 2917 dan-

175 2953 288 3010 tur
317 2947 374 3005 ei
403 2946 480 3006 ad
511 2946 961 3007 consulendum
992 2947 1071 3008 de
1100 2966 1217 3009 sua
1244 2948 1646 3028 obligatione.

268 3038 594 3100 Dubitabis
641 3040 868 3118 primo,
923 3039 1090 3101 circa
1145 3041 1280 3103 haec
1328 3042 1532 3104 edicta
1574 3043 1731 3104 obli-

118 3196 123 3218 ,
178 3133 404 3214 gantia
433 3132 513 3193 ad
541 3133 973 3210 revelandum,
1025 3152 1104 3195 an
1154 3136 1407 3216 quando
1456 3136 1732 3199 edictum

118 3254 125 3265 ·
179 3227 491 3289 fundatur
518 3226 581 3286 in
610 3228 1123 3306 praesumptione,
1159 3233 1223 3291 et
1252 3248 1371 3309 ego
1402 3231 1531 3291 scio
1582 3248 1736 3310 prae-

118 3311 123 3318 ’
179 3320 612 3398 sumptionem
643 3320 705 3378 in
735 3321 845 3381 tali
875 3338 1025 3381 casu
1056 3321 1351 3398 deficere,
1385 3328 1601 3383 tenear
1653 3323 1736 3384 ad

177 3412 736 3473 denuntiandum?
792 3415 879 3474 De
939 3413 1057 3475 hoc
1114 3415 1245 3494 agit
1300 3415 1499 3475 Diana
1545 3434 1587 3477 1.
1645 3420 1731 3478 to.

181 3507 360 3568 dicto
391 3509 573 3567 tract.
607 3503 677 3567 de
703 3504 1023 3568 denuntiat.
1059 3507 1243 3568 resol.
1309 3512 1403 3569 10.
1452 3513 1515 3569 et
1554 3509 1738 3570 affert

183 3598 477 3661 Riccium
502 3601 565 3659 et
591 3600 624 3660 J
632 3617 924 3676 oannem,
959 3600 1256 3661 Valerum
1284 3619 1398 3679 pro
1429 3602 1738 3662 sententia

179 3697 487 3772 negante,
522 3692 628 3771 qui
658 3693 998 3771 loquuntur
1027 3693 1105 3753 de
1152 3692 1641 3770 chiromanticiS‚
1677 3699 1740 3756 et

181 3784 694 3864 nigromanticiS,
728 3788 790 3845 et
817 3784 955 3845 aliis
983 3786 1091 3865 qui
1120 3804 1194 3845 ex
1239 3785 1622 3866 inspectione
1664 3787 1740 3847 li-

182 3895 463 3940 nearum
495 3896 797 3938 manuum
827 3878 1036 3939 futura
1066 3879 1434 3959 praedicunt,
1471 3880 1577 3960 qui
1617 3898 1742 3941 non

181 3975 342 4033 sunt
370 3970 783 4032 denuntiandi
815 3970 894 4030 ab
927 3988 999 4030 eo
1048 3971 1156 4049 qui
1203 3975 1374 4033 certo
1420 3972 1557 4049 scit,
1605 3972 1744 4033 illos

176 4064 431 4127 nullum
460 4063 692 4124 habere
724 4066 977 4141 pactum
1020 4080 1166 4123 cum
1213 4063 1544 4138 daemone;
1593 4066 1744 4145 quia

181 4158 369 4219 bulla
396 4157 550 4218 Sixti
575 4159 650 4218 V.
701 4156 761 4216 in
793 4174 868 4215 ea
898 4158 1385 4237 praesumptione
1407 4159 1739 4230 fundatum

185 4252 256 4311 in
288 4249 481 4310 dubio
513 4253 726 4310 tamen
776 4249 1015 4325 dicunt,
1079 4250 1310 4312 debere
1355 4250 1737 4312 denuntiari.

183 4347 336 4423 Ipse
391 4360 542 4402 vero
589 4342 787 4403 Diana
835 4360 979 4402 cum
1025 4343 1262 4404 Freitas
1311 4344 1481 4419 dicit,
1516 4343 1745 4404 debere

183 4436 456 4499 omnino
484 4453 558 4495 eo
592 4434 781 4495 etiam
810 4452 960 4495 casu
1007 4435 1361 4498 denuntiari
1392 4456 1406 4509 ;
1437 4436 1744 4515 judicium

187 4530 371 4590 enim
401 4528 569 4588 circa
620 4526 1041 4607 suspicionem
1082 4529 1254 4589 illam
1303 4549 1428 4590 non
1478 4530 1750 4608 pertinet

186 4622 279 4685 ad
309 4619 809 4696 denuntiantem,
860 4619 970 4681 sed
1019 4620 1099 4680 ad
1134 4621 1436 4699 judicem.
1474 4623 1606 4700 Ego
1655 4621 1751 4681 di-

187 4712 651 4792 stinguendum
681 4717 831 4791 puto
869 4732 882 4773 :
915 4712 966 4773 si
998 4713 1168 4773 enim
1187 4714 1340 4773 mihi
1373 4733 1496 4775 non
1546 4714 1747 4774 solum

186 4810 446 4870 constat
473 4824 598 4867 non
628 4824 764 4866 esse
797 4809 1075 4884 pactum,
1112 4806 1287 4866 verbi
1335 4807 1560 4885 gratia,
1607 4825 1749 4868 cum

189 4903 513 4975 doemone,
544 4898 655 4959 sed
685 4916 888 4977 neque
920 4916 1055 4959 esse
1086 4917 1162 4977 pe
1177 4903 1448 4975 ccatnm,
1490 4918 1613 4961 non
1661 4904 1752 4961 te-

191 5012 359 5056 neor
388 4991 797 5063 denuntiare;
833 4991 981 5070 quia
1037 4992 1241 5052 solum
1297 4996 1389 5053 est
1445 4992 1742 5070 obligatio

190 5083 614 5149 denuntiandi
633 5083 894 5145 delicta:
928 5083 980 5144 si
1010 5102 1158 5163 ergo
1189 5083 1346 5144 mihi
1367 5089 1751 5147 constatnon

188 5198 339 5243 esse
358 5177 675 5251 delictum,
707 5179 909 5237 cessat
937 5176 1235 5255 obligatio
1253 5195 1329 5237 ex
1356 5177 1417 5236 vi
1440 5177 1648 5251 edicti,
1680 5177 1754 5237 li-

190 5278 302 5338 cet
322 5271 571 5331 aliunde
585 5272 845 5347 propter
862 5269 1165 5330 damnum
1186 5270 1521 5329 imminens
1545 5273 1755 5347 posset

194 5380 462 5429 manere
495 5362 794 5439 obligatio
827 5360 907 5421 ad
939 5362 1311 5423 remedium.
1348 5362 1409 5423 Si
1463 5382 1610 5423 vcro
1661 5365 1757 5421 cst

195 5458 530 5532 delictum,
566 5472 692 5515 non
723 5472 988 5515 excusor
1015 5473 1092 5514 ex
1120 5454 1367 5515 defectu
1398 5455 1564 5534 pacti
1611 5472 1754 5513 cum

198 5553 496 5613 ‹laemone
529 5568 543 5610 :
578 5546 907 5627 quiaillud
965 5546 1261 5609 delictum
1319 5567 1442 5608 non
1503 5546 1758 5626 punitur

1833 526 2034 587 solum
2065 529 2318 607 quando
2349 529 2528 591 adest
2553 529 2675 590 tale
2721 533 2999 610 pactum,
3046 531 3155 592 sed
3212 550 3370 592 sem-

1833 638 1945 699 per
1972 621 2117 700 quia
2149 641 2398 702 semper
2427 623 2505 683 de
2535 642 2600 683 se
2631 627 2724 684 est
2764 625 2910 701 tale,
2947 628 3017 687 ut
3045 624 3124 686 sit
3152 628 3366 704 aptum

1834 713 1913 772 ad
1946 714 2063 774 tale
2095 720 2370 793 pactum,
2406 720 2468 777 et
2498 735 2571 776 ex
2602 736 2668 777 se
2699 717 2851 777 illud
2883 717 3095 794 habet,
3140 718 3285 780 licet
3333 738 3370 779 a

1833 807 2235 888 delinquente
2266 809 2608 887 ignoretur.
2646 811 2820 872 Sicut
2855 811 3043 871 etiam
3083 815 3177 872 est
3213 812 3370 873 obli-

1831 901 1999 977 gatio
2018 901 2429 962 denuntiandi
2445 904 2892 964 confessarium
2906 904 3364 983 sollicitantem,

1829 993 1975 1054 licet
2001 994 2154 1054 mihi
2185 1000 2427 1057 constet
2456 997 2628 1057 illum
2660 1017 2782 1058 non
2829 1016 2965 1060 esse
3008 1003 3366 1078 suspectum

1832 1087 1893 1147 in
1923 1088 2047 1148 fide
2085 1110 2097 1150 ε
2135 1091 2280 1170 quia
2310 1091 2606 1153 delictum
2643 1097 2737 1154 est
2766 1093 2924 1154 adeo
2954 1113 3171 1172 grave,
3203 1098 3272 1154 ut
3292 1113 3368 1154 ex

1830 1199 1896 1240 se
1925 1183 2121 1260 possit
2161 1184 2388 1244 inferre
2426 1185 2597 1245 illam
2643 1186 3082 1266 suspicionem,
3130 1191 3192 1248 et
3232 1186 3368 1248 haec

1832 1275 2041 1337 delicti
2069 1279 2347 1355 gravitas
2378 1297 2566 1359 quam
2596 1299 2670 1340 ex
2701 1281 2943 1361 objecto
2974 1280 3184 1355 habet,
3209 1300 3367 1342 sem-

1831 1388 1943 1449 per
1969 1373 2299 1449 reperitur.

1908 1465 2244 1527 Dubitatur
2270 1469 2568 1542 secundo,
2602 1488 2683 1529 an
2702 1470 2944 1548 praelati
2964 1470 3027 1529 in
3057 1469 3363 1550 ejusmodi
3509 1465 3588 1523 43

1831 1556 2050 1619 edictis
2079 1558 2351 1621 debeant
2381 1581 2453 1621 ea
2482 1561 2772 1639 limitare,
2814 1566 2883 1624 ut
2921 1563 3367 1624 denuntientur
3414 1591 3479 1633 An
3543 1592 3708 1633 relatus

1829 1649 1869 1708 ii
1901 1651 2008 1729 qui
2039 1658 2317 1729 possunt,
2350 1674 2409 1715 v.
2430 1675 2492 1732 g.
2516 1660 2577 1717 et
2605 1655 2854 1730 debent,
2903 1657 3122 1717 nolunt
3154 1661 3367 1718 tamen
3413 1603 3709 1741 odssffissg,

1830 1746 2201 1807 restituere?
2252 1748 2542 1811 Affirmat
2598 1753 2781 1811 Sotus
2849 1750 3016 1829 apud
3084 1750 3364 1811 Sanchez
3430 1753 3691 1858 2⁸33ngss

1829 1837 1992 1899 dicto
2048 1839 2159 1901 lib.
2218 1858 2302 1903 vr.
2368 1841 2540 1904 Cons,
2602 1862 2657 1905 c.
2710 1860 2778 1904 11.
2815 1843 2963 1905 dub.
2997 1861 3166 1906 xxvt.
3204 1863 3263 1904 n.
3303 1848 3360 1906 1.
3425 1859 3695 1903 denuntiatio.

1830 1933 1978 2011 quia
2006 1933 2285 2013 alioquin
2315 1935 2502 1997 datur
2530 1937 2963 2016 ignorantibus
2990 1937 3235 1998 occasio
3275 1956 3369 1997 er-

1828 2025 2008 2086 randi
2040 2030 2101 2087 et
2130 2027 2542 2091 denuntiandi
2573 2051 2679 2092 eos
2710 2049 2866 2112 quos
2898 2050 3023 2092 non
3067 2031 3368 2092 deberent

1830 2120 2222 2184 denuntiare.
2258 2125 2326 2184 In
2356 2124 2736 2186 contrarium
2750 2131 2963 2187 tamen
2993 2129 3087 2186 est
3105 2143 3369 2186 consue-

1827 2213 1979 2275 tudo
2010 2215 2289 2276 omnium
2313 2218 2712 2296 praelatorum
2735 2237 2925 2299 quam
2942 2218 3176 2281 licitam
3206 2236 3363 2295 esse,

1830 2307 2058 2369 docent
2086 2309 2363 2389 Cajetan.
2394 2313 2663 2389 Bannes,
2699 2316 3036 2388 NavarruS‚
3086 2332 3241 2392 quos
3281 2311 3376 2374 af-

1829 2401 1949 2462 fert
1995 2406 2054 2464 et
2099 2404 2383 2484 sequitur
2424 2405 2593 2466 idem
2652 2406 2935 2467 Sanchez
2982 2406 3064 2466 ibi
3098 2425 3269 2468 num.
3304 2409 3362 2467 2.

1829 2496 2130 2556 Praelatus
2161 2497 2325 2558 enim
2347 2499 2491 2577 jure
2521 2518 2632 2561 suo
2665 2500 2880 2575 utitur,
2906 2518 3050 2561 cum
3070 2499 3204 2579 ojus
3232 2518 3367 2560 ver-

1828 2589 1910 2648 ba
1938 2588 2210 2651 debeant
2235 2595 2420 2670 prout
2448 2591 2523 2651 de
2546 2593 2690 2671 jure
2718 2592 3000 2670 intelligi.
3038 2594 3103 2653 Si
3155 2596 3367 2654 tamen

1830 2701 1904 2741 ex
1935 2682 2287 2760 ignorantia
2342 2684 2627 2746 subditus
2683 2703 2806 2745 non
2864 2684 3190 2763 intelliget,
3251 2683 3370 2743 sibi

1830 2776 2117 2854 imputet,
2179 2794 2320 2836 cum
2377 2778 2682 2855 potuisset
2735 2778 3059 2839 consulere
3114 2777 3369 2837 doctum

1831 2868 2151 2928 hominem
2181 2869 2258 2929 de
2290 2889 2475 2930 sensu
2504 2871 2923 2950 obligationis,

1912 2961 2245 3023 Dubitatur
2270 2965 2477 3041 tertio,
2512 2983 2588 3023 an
2628 2964 2890 3045 quisine
2930 2963 3143 3024 debita
3184 2981 3371 3023 excu-

1833 3055 2069 3115 satione
2101 3074 2224 3115 non
2255 3057 2492 3118 revelat
2513 3059 2694 3137 juxta
2714 3061 3097 3136 praeceptum
3129 3057 3369 3136 praelati

1834 3149 1894 3209 in
1951 3148 2154 3211 edicto
2229 3149 2624 3228 intimatum,
2684 3154 2974 3213 teneatur
3042 3151 3369 3212 restituere

1835 3243 2066 3304 damna
2093 3243 2239 3303 inde
2268 3245 2527 3306 secuta?
2553 3246 2889 3306 Affirmant
2943 3244 3176 3323 plume,
3213 3262 3370 3324 quos

1835 3336 2016 3398 affert
2042 3336 2243 3397 Diana
2269 3341 2429 3416 part.
2465 3355 2525 3399 v.
2559 3346 2638 3402 tr.
2673 3355 2809 3399 xm.
2840 3337 3079 3398 miscell.
3112 3356 3232 3398 res,
3265 3340 3365 3398 68.

1835 3429 1913 3488 de
1943 3429 2062 3490 hoc
2087 3434 2301 3490 tamen
2332 3431 2612 3491 dicemus
2667 3431 2828 3510 disp.
2881 3431 3167 3511 sequenti
3205 3431 3370 3491 circa

1835 3522 2281 3601 obligationem
2305 3524 2580 3586 testium.
