4263 6376
1185 208 1657 270 DISPUTATIO
1700 208 1918 282 XXXI,
1968 208 2241 270 SECTIO
2287 209 2361 268 ΙΙ.

220 387 345 467 quia
369 403 533 446 error
560 385 668 445 (lat
695 402 949 445 causam
980 384 1328 445 contractui
1387 404 1399 444 :
1463 383 1512 443 si
1543 384 1711 442 enim

219 482 353 541 alter
376 476 648 558 peritiam
678 480 737 537 et
761 494 1082 537 excessum
1113 474 1451 536 adversarii
1479 479 1708 549 nosset,

222 572 385 633 nollet
414 570 620 648 utique
651 568 887 629 ludere.
940 572 1070 628 Hoc
1099 574 1310 630 tamen
1340 568 1713 627 fundamen-

220 672 330 727 tum
357 683 467 723 non
497 662 738 722 videtur
779 661 1082 732 solidum3
1140 660 1287 741 quia
1333 661 1393 721 in
1424 678 1573 721 casu
1603 677 1714 720 no-

220 767 331 820 steo
359 775 468 816 non
497 756 828 816 intervenit
855 754 1034 815 dolus
1059 801 1074 831 ,
1108 755 1207 813 vel
1235 754 1405 814 fraus
1434 772 1509 813 ex
1537 758 1713 831 parte

220 850 391 928 magis
412 848 605 927 periti,
639 852 707 908 ut
734 847 1141 925 supponimus
1166 894 1182 922 ,
1241 847 1350 907 sed
1378 847 1511 907 sola
1538 846 1717 922 igno-

220 943 392 1003 rantia
418 948 475 1002 et
501 939 782 1018 deceptio
814 958 888 999 ex
918 944 1095 1018 parte
1126 939 1410 1000 alterius:
1445 938 1580 998 haec
1608 956 1715 997 au-

223 1043 327 1099 tem
354 1053 465 1095 non
494 1033 692 1094 irritat
719 1037 1112 1094 contractum
1138 1079 1153 1109 ,
1217 1050 1331 1092 nec
1361 1031 1469 1093 dat
1491 1030 1595 1111 jus
1622 1049 1716 1090 re-

222 1125 932 1206 scindendi,quandonon
962 1131 1055 1186 est
1083 1125 1249 1185 circa
1276 1124 1711 1199 substantiam,

224 1226 276 1283 ut
302 1221 545 1281 vidimus
570 1223 831 1297 agentes
875 1219 953 1277 de
985 1218 1405 1278 contractibus
1450 1217 1514 1276 in
1545 1234 1717 1277 com-

221 1314 367 1375 muni
417 1333 430 1373 :
478 1312 590 1372 sibi
630 1311 800 1371 enim
830 1311 1019 1371 debet
1047 1311 1357 1388 imputare
1389 1309 1712 1388 deceptuS,

223 1406 363 1487 quod
392 1424 504 1466 non
524 1404 732 1465 debite
748 1404 1199 1465 examinaverit
1217 1402 1718 1465 circumstantias

225 1508 275 1561 et
297 1498 615 1577 periculum
644 1498 745 1558 cui
776 1515 840 1557 se
873 1496 1245 1575 exponebat.

294 1595 394 1653 Pro
422 1590 792 1651 resolutione
817 1589 1079 1652 adverto
1102 1636 1116 1664 ,
1179 1587 1508 1667 dupliciter
1535 1605 1718 1667 posse

173 1750 190 1759 ,
226 1685 512 1764 praemium
567 1683 833 1761 proponi
888 1682 1107 1743 victori
1164 1682 1224 1742 in
1274 1681 1443 1741 lud0.
1509 1681 1717 1742 Primo

227 1796 369 1839 mere
396 1777 453 1836 in
480 1776 808 1854 praemium
835 1794 910 1835 eo
940 1774 1126 1835 modo
1147 1793 1272 1853 quo
1301 1774 1365 1834 in
1384 1792 1716 1849 concursu,

229 1873 307 1931 vel
334 1873 386 1930 in
414 1869 591 1945 ludis,
612 1869 707 1928 vel
738 1867 1188 1928 certaminibus
1216 1867 1479 1946 publicis
1496 1885 1720 1946 propo-

231 1968 427 2023 nuntur
451 1961 709 2041 praemia
735 1960 1077 2021 victoribus
1103 1981 1116 2020 ε
1151 1979 1273 2040 quo
1305 1978 1452 2020 casu
1481 1979 1605 2019 non
1636 1959 1723 2018 vi—

228 2058 383 2117 detur
406 2055 680 2130 dubium,
703 2053 871 2132 quod
901 2053 1097 2131 possit
1124 2072 1201 2113 ea
1225 2052 1454 2113 lucrari
1486 2057 1548 2114 et
1575 2052 1723 2113 reti-

230 2167 370 2223 nere,
392 2148 491 2226 qui
517 2151 705 2209 antea
731 2151 904 2207 certo
936 2145 1173 2206 sciebat
1187 2164 1370 2206 suum
1400 2163 1722 2205 excessum

230 2242 524 2303 notabilem
550 2258 742 2319 supra
759 2242 1038 2299 caeteros,
1062 2241 1218 2298 Nam
1235 2238 1494 2316 praemia
1509 2237 1615 2297 illa
1644 2237 1722 2297 ad

228 2336 523 2414 hocipsum
546 2336 1003 2412 proponuntur,
1019 2335 1088 2391 ut
1104 2330 1331 2391 dentur
1346 2330 1421 2390 iis
1450 2330 1559 2409 qui
1575 2330 1726 2390 dex-

229 2429 457 2505 teritate,
490 2427 741 2506 ingenio
773 2428 836 2486 et
864 2429 997 2485 arte
1027 2429 1290 2485 oaeteros
1313 2424 1645 2499 excedunt,
1665 2427 1729 2485 et

229 2528 505 2583 certamen
544 2520 754 2599 ipsum
791 2523 886 2579 est
911 2517 1089 2597 quasi
1138 2536 1397 2579 examen
1448 2515 1527 2576 ad
1557 2516 1727 2575 inve·

230 2615 488 2675 niendum
514 2613 898 2691 digniorem3
958 2629 1151 2689 quare
1198 2609 1347 2670 nulli
1376 2610 1446 2670 fit
1472 2608 1724 2689 injuria,

229 2727 347 2768 culn
373 2727 442 2768 ex
469 2707 810 2768 intentione
832 2703 1236 2783 proponentis
1264 2702 1591 2781 preemlum
1620 2702 1729 2761 de-

232 2801 418 2862 beatur
443 2797 741 2878 digniori,
794 2803 856 2858 et
892 2797 1239 2857 excellenti.
1301 2795 1518 2868 Unde,
1578 2794 1724 2855 siin

229 2894 352 2954 ludo
404 2893 636 2971 privato
695 2890 956 2970 praemia
1006 2889 1229 2950 eodem
1277 2889 1466 2949 etiam
1515 2888 1722 2947 animo

232 2989 710 3065 proponerentur,
745 2983 910 3043 idem
941 2982 1276 3042 dicendum
1308 2986 1491 3043 esset.
1553 2981 1725 3042 Sicut

231 3080 371 3139 enim
392 3078 739 3157 respublica
767 3079 971 3154 potest
997 3094 1070 3134 ex
1096 3092 1206 3134 suo
1230 3073 1537 3153 ejusmodi
1567 3092 1728 3152 prae-

232 3173 334 3234 mia
357 3191 731 3253 propone1·e;
782 3170 870 3232 ita
914 3171 1169 3247 possent
1210 3167 1436 3247 singuli
1464 3167 1728 3228 luctato-

233 3286 329 3338 reS,
360 3286 487 3343 v.g.
518 3267 614 3326 vel
646 3281 934 3324 cursores
964 3263 1360 3323 contribuere
1390 3280 1462 3321 ex
1493 3278 1626 3335 sue,
1662 3262 1731 3320 ut

233 3364 551 3420 emerentur
577 3357 843 3438 praemia
858 3356 919 3415 in
934 3354 1272 3415 certamine
1294 3351 1723 3433 proponenda,

233 3453 355 3531 quia
380 3450 786 3513 communitas
834 3468 905 3507 ex
953 3448 1081 3507 suis
1122 3465 1196 3507 ea
1243 3464 1367 3506 non
1398 3446 1596 3506 daret.
1653 3446 1731 3505 Et

234 3551 355 3605 tunc
397 3545 556 3605 idem
602 3542 795 3604 etiam
843 3540 1180 3601 dicendum
1211 3545 1375 3599 esset
1434 3560 1447 3600 :
1505 3538 1729 3599 eodem

234 3640 374 3698 enim
401 3638 600 3698 animo
632 3635 927 3695 videntur
954 3652 1029 3694 ea
1056 3634 1340 3693 conferre
1365 3678 1380 3708 ,
1424 3633 1583 3693 sicut
1613 3631 1661 3690 si
1692 3649 1731 3691 a

234 3730 535 3809 republica,
579 3729 682 3789 vel
710 3727 831 3787 alio
861 3726 1045 3788 tertio
1066 3729 1583 3804 proponerentur.
1620 3726 1730 3784 Se-

235 3824 409 3884 cundo
436 3829 642 3885 tamen
670 3824 934 3901 possunt
968 3820 1151 3880 aliter
1199 3837 1274 3879 ea
1301 3818 1560 3897 praemia
1587 3835 1732 3897 pro-

235 3917 358 3993 poni
404 3935 511 3995 per
548 3918 940 3978 contractum
967 3912 1341 3972 lucrativam
1372 3928 1728 3985 onerosam,

236 4028 339 4087 quo
364 4008 577 4088 singuli
605 4010 847 4068 lusores
877 4005 1095 4065 volunt
1143 4004 1298 4064 inire
1343 4008 1735 4065 contractum

234 4101 574 4163 lucrativum
600 4148 615 4177 ,
675 4118 800 4160 non
832 4097 1233 4159 donationem
1261 4145 1274 4166 ,
1327 4102 1396 4158 ut
1438 4095 1500 4155 in
1533 4095 1732 4174 primo

236 4211 380 4271 casu,
411 4214 518 4255 nec
547 4194 626 4254 ad
658 4190 1189 4252 remunerandum
1219 4189 1591 4267 digniorem,
1626 4185 1737 4246 sed

235 4286 303 4345 ad
354 4287 516 4367 quasi
564 4283 1058 4363 comparandam
1114 4286 1177 4343 et
1231 4280 1564 4342 emendam
1619 4279 1735 4340 sibi

238 4397 387 4456 spem
412 4380 561 4441 lucri
596 4377 876 4458 periculo
907 4374 1175 4454 jacturae
1220 4373 1388 4454 quod
1416 4373 1688 4435 subeunt
1720 4393 1733 4433 :

238 4470 403 4532 ethic
428 4472 669 4533 videtur
714 4469 962 4549 proprie
1006 4486 1140 4527 esse
1180 4471 1538 4527 contractus
1582 4465 1736 4541 ludi,

240 4562 291 4622 in
313 4583 423 4643 quo
450 4565 734 4626 ludentes
773 4581 895 4623 non
928 4565 1149 4621 curant
1178 4561 1256 4620 de
1284 4559 1737 4619 remuneratio-

241 4673 303 4713 ne
330 4656 638 4735 dignioriS,
676 4672 791 4715 nec
821 4654 899 4713 de
931 4653 1302 4731 spectaculis
1333 4651 1613 4727 edendis,
1631 4651 1741 4711 sed

238 4748 412 4808 solum
462 4749 538 4809 de
587 4750 759 4810 lucro
816 4745 1126 4824 captando
1187 4750 1250 4807 et
1303 4744 1438 4824 ejus
1487 4763 1596 4822 spe
1625 4743 1740 4804 sihi

241 4844 499 4905 emenda.

308 4937 424 4996 Hoc
453 4935 769 5016 supposito
795 4980 811 5010 ,
858 4932 1194 4994 dicendum
1227 4930 1474 4991 videtur
1497 4976 1513 5004 ,
1574 4949 1747 4991 com-

186 5102 203 5112 ·
244 5030 485 5091 muniter
509 5027 843 5110 loquendO,
870 5025 1276 5086 intentionem
1306 5025 1585 5084 lusorum
1614 5042 1747 5084 esse

188 5155 206 5168 ·
246 5118 348 5180 hoc
372 5123 637 5183 secundo
661 5170 677 5199 ,
738 5124 800 5181 et
829 5138 952 5180 non
985 5118 1186 5196 primo
1219 5117 1405 5177 modo
1440 5116 1751 5195 interpre-

188 5209 204 5221 “
248 5214 474 5274 tandem
497 5262 511 5291 ‚
563 5219 748 5293 atque
777 5212 919 5272 ideo
950 5229 1268 5271 excessum
1298 5210 1472 5269 illum
1508 5208 1750 5269 notabi-

248 5305 353 5366 lem
382 5326 595 5370 vocere
626 5304 967 5386 aequalitati
994 5308 1385 5375 contractus;
1413 5321 1606 5382 quare
1623 5319 1749 5362 me-

538 5404 694 5463 Tou.
732 5400 860 5461 VII.

3229 212 3346 272 513

1810 381 1927 443 rito
1958 383 2086 447 DD.
2118 384 2533 445 communiter
2584 384 2925 444 secundam
2971 387 3348 447 sententiam

1813 475 2084 554 probant
2112 494 2188 535 ex
2218 495 2291 536 eo
2322 522 2338 553 ,
2397 477 2566 555 quod
2612 477 2677 536 in
2719 477 2866 538 ludo
2898 479 2979 538 ad
3010 477 3145 556 ejus
3166 480 3348 556 justi-

1814 568 1965 629 tiam
1993 568 2354 648 requiratur
2382 569 2728 647 aequalitaS,
2765 587 2904 649 quae
2955 570 3015 629 in
3047 572 3348 648 proedicto

1813 678 1961 721 casu
2004 660 2271 721 deesset.
2332 664 2530 734 Quam
2585 681 2984 722 communem
3038 664 3351 724 rationem

1814 752 2107 832 rejiciunt
2140 755 2419 830 LessiuS,
2455 759 2517 815 et
2547 755 2724 816 Salas
2750 755 2904 815 locis
2934 756 3037 816 cit.
3072 741 3356 817 dicentes

1814 846 2236 907 conditionem
2283 848 2607 926 utriusque
2649 848 2919 909 ludentis
2958 850 3187 909 debere
3217 849 3349 929 qui-

1815 938 1958 999 dem
1988 958 2124 999 esse
2156 958 2394 1017 parem,
2428 940 2743 1018 loquendo
2775 941 2852 1000 de
2882 943 3148 1018 paritate
3178 942 3240 1001 in
3269 942 3353 1001 le-

1813 1033 1996 1110 gibus
2024 1033 2158 1092 ludi
2184 1033 2531 1108 servandis,
2562 1037 2622 1093 et
2651 1034 2714 1093 in
2728 1032 2869 1113 jure
2887 1034 3201 1108 lucrandi;
3224 1052 3349 1095 non

1816 1129 2024 1185 tamen
2056 1124 2135 1185 de
2167 1124 2433 1202 paritate
2466 1125 2924 1201 industriae,vel
2953 1127 3349 1205 peritiae.Coe-

1814 1221 2021 1279 terum
2050 1218 2209 1278 ratio
2239 1218 2346 1278 illa
2376 1218 2614 1297 optima
2642 1218 2925 1295 videtur,
2978 1220 3025 1278 si
3056 1220 3215 1280 bene
3246 1238 3353 1280 ex-

1817 1311 2078 1391 plicetur
2100 1309 2280 1388 juxta
2311 1311 2691 1389 supradicta.
2753 1314 2911 1370 Nam
2941 1312 3102 1372 sicut
3129 1312 3191 1371 in
3222 1331 3355 1371 em-

1818 1404 2027 1483 ptione
2059 1403 2397 1482 requiritur
2419 1405 2744 1483 aequalitas
2771 1403 2935 1466 inter
2960 1423 3095 1464 rem
3124 1411 3187 1466 et
3215 1424 3357 1483 pre-

1818 1496 1998 1570 tium,
2034 1499 2096 1556 et
2126 1495 2188 1554 in
2222 1499 2546 1556 contractu
2587 1496 2774 1557 etiam
2807 1497 3122 1559 societatis
3152 1497 3356 1574 requi·

1818 1588 1976 1649 ritur
2029 1587 2356 1666 aequalitas
2409 1588 2574 1649 inter
2619 1607 2794 1667 spem
2837 1590 2995 1650 lucri
3025 1595 3086 1651 et
3112 1596 3359 1668 partem

1821 1699 2010 1760 quam
2040 1680 2245 1741 socius
2275 1681 2537 1757 confert,
2573 1686 2636 1743 et
2662 1682 2725 1741 in
2756 1682 2927 1742 omni
2953 1683 3359 1761 permutatio·

1820 1793 1897 1834 ne
1944 1772 2284 1851 requiritur
2327 1774 2648 1852 aequalitas
2695 1775 2858 1834 inter
2897 1794 3087 1835 unam
3134 1794 3268 1836 rem
3299 1778 3363 1836 et

1821 1867 2007 1927 aliam
2036 1883 2180 1926 cum
2210 1884 2330 1944 qua
2362 1872 2758 1944 permutatur
2781 1914 2796 1943 ,
2856 1874 2920 1928 et
2975 1868 3063 1928 sic
3110 1868 3189 1927 de
3218 1868 3360 1928 aliis

1822 1959 2250 2020 contractibus
2281 1960 2596 2032 onerosi53
2630 1960 2718 2020 sic
2748 1961 2938 2021 etiam
2971 1962 3031 2021 in
3061 1961 3210 2022 ludo
3231 2007 3247 2037 ,
3295 1961 3359 2020 in

1823 2072 1946 2132 quo
1977 2052 2207 2130 singuli
2236 2053 2452 2114 volunt
2501 2053 2677 2132 quasi
2727 2072 2935 2114 emere
2983 2072 3156 2133 spem
3203 2053 3361 2114 lucri

1822 2146 2099 2223 periculo
2124 2144 2389 2225 jacturae
2413 2191 2428 2220 ,
2480 2146 2820 2224 requiritur
2849 2147 3172 2226 aequalitas
3200 2147 3363 2208 inter

1823 2257 1999 2317 spem
2018 2242 2080 2299 et
2095 2238 2467 2317 periculum,
2505 2244 2572 2300 ut
2599 2239 2679 2301 sit
2706 2241 3032 2318 aequalitas
3060 2239 3223 2300 inter
3250 2240 3364 2300 da—

1825 2336 1956 2393 tum
1987 2335 2049 2391 et
2075 2335 2426 2409 acceptum.
2462 2332 2639 2393 Unde
2668 2332 2829 2393 sicut
2854 2332 2919 2392 in
2956 2332 3362 2394 assecuratio-

1823 2424 1991 2484 tione
2023 2442 2151 2483 non
2165 2423 2556 2501 acciperetur
2561 2423 2730 2502 juste
2757 2443 3058 2503 magnum
3089 2426 3361 2504 pretium

1826 2517 1905 2575 ab
1935 2521 2334 2576 assecurante
2358 2562 2373 2592 ,
2407 2517 2658 2595 quando
2690 2518 3035 2595 periculum
3064 2518 3154 2578 rei
3184 2537 3359 2579 asse-

1826 2613 2058 2669 curatae
2107 2608 2346 2669 nullum
2375 2609 2474 2669 vel
2520 2610 2903 2671 levissimum
2951 2615 3113 2671 esset
3138 2657 3152 2687 ,
3212 2610 3360 2689 quia

1828 2702 2076 2762 deesset
2102 2701 2426 2780 aequalitas
2455 2701 2619 2762 inter
2647 2703 2862 2764 datum
2893 2707 2956 2764 et
2986 2708 3313 2782 acceptum
3339 2722 3354 2777 ;

1826 2795 1914 2854 sic
1945 2795 2007 2853 in
2037 2793 2184 2854 ludo
2217 2813 2341 2854 non
2369 2799 2657 2857 servatur
2679 2795 2938 2875 justitia,
2973 2798 3223 2876 quando
3246 2816 3357 2874 pro

1824 2887 2100 2965 periculo
2133 2892 2302 2947 certo
2333 2887 2638 2964 perdendi
2670 2887 2858 2949 datur
2886 2908 3028 2967 spes
3059 2890 3229 2949 nulla
3263 2889 3355 2948 vel

1823 2979 2138 3039 levissima
2167 2979 2448 3039 lucrandi
2474 3026 2489 3055 ,
2541 2999 2744 3060 neque
2774 2981 2941 3042 enim
2971 2987 3233 3060 apparet
3259 3000 3361 3041 ra-

1824 3072 1909 3134 tio
1942 3072 2068 3132 ulla
2096 3072 2412 3132 sufficiens
2443 3073 2810 3134 differentia}
2839 3074 3002 3135 inter
3033 3075 3198 3135 hunc
3214 3093 3357 3135 con-

1828 3169 2115 3242 tractum,
2154 3171 2215 3226 et
2241 3165 2396 3226 alios
2427 3183 2643 3227 omnes
2674 3185 2991 3230 onerosos

1902 3258 2105 3332 DiceS,
2141 3258 2264 3319 imo
2296 3258 2358 3317 in
2389 3259 2745 3320 venditione
2776 3280 2900 3321 non
2931 3265 3181 3322 tenetur
3208 3280 3360 3321 ven-

1827 3351 1993 3411 ditor
2049 3350 2268 3411 saltem
2321 3369 2446 3411 non
2488 3351 2911 3430 interrogatus
2957 3354 3358 3415 manifestare

1828 3443 2096 3522 emptori
2124 3443 2407 3520 proxime
2423 3444 2699 3504 futuram
2720 3445 3170 3507 abundantiam
3198 3465 3361 3506 mer-

1827 3538 1995 3597 cium
2040 3541 2102 3597 et
2147 3536 2330 3613 pretii
2377 3536 2853 3598 diminutionem
2884 3585 2901 3611 ,
2957 3558 3080 3618 qua
3110 3540 3362 3617 cognita

1830 3630 2020 3690 nollet
2046 3628 2203 3690 tanti
2234 3647 2368 3688 rem
2398 3648 2639 3702 emere;
2665 3630 2774 3690 sed
2793 3636 2997 3709 potest
3015 3633 3172 3692 tanti
3196 3650 3360 3692 nunc

1828 3721 2101 3782 vendere
2133 3722 2346 3799 quanti
2380 3723 2796 3783 communiter
2823 3724 3189 3800 aestimatur,
3218 3724 3365 3785 licet

1829 3814 2159 3875 aestimatio
2189 3813 2293 3873 illa
2323 3814 2621 3875 fundetur
2650 3815 2710 3874 in
2762 3816 3115 3891 ignorantia
3165 3817 3366 3877 abun-

1830 3907 2059 3968 dantiae
2090 3906 2369 3984 proxime
2398 3907 2644 3983 futurae,
2671 3928 2860 3988 quam
2887 3910 3178 3971 venditor
3202 3910 3363 3971 bene

1832 4001 2006 4063 novit
2038 4020 2050 4060 z
2087 4000 2236 4078 quia
2257 3999 2552 4060 nimirum
2580 4002 2757 4062 valor
2778 4000 2986 4080 justus
3016 4003 3367 4064 desumitur

1833 4114 1907 4154 ex
1953 4093 2250 4171 praesenti
2302 4093 2711 4154 {estimatione
2756 4098 3075 4157 communi
3096 4143 3112 4172 ,
3175 4098 3366 4158 unde·

1833 4204 2102 4265 cumque
2131 4185 2480 4264 proveniat.
2516 4186 2811 4248 Similiter
2839 4207 2989 4267 ergo
3022 4190 3249 4267 poterit
3273 4191 3368 4251 lu-

1835 4298 1939 4349 sor
1967 4278 2276 4339 excedens
2299 4325 2314 4355 ,
2374 4279 2595 4340 saltem
2644 4281 2896 4359 quando
2952 4283 3369 4344 communiter

1836 4372 1971 4452 ejus
2000 4390 2290 4432 excessus
2320 4372 2667 4449 ignoratur,
2698 4374 2915 4435 ludere
2945 4394 3089 4436 cum
3118 4376 3370 4437 inferio-

1836 4466 1889 4526 ri
1951 4480 1964 4526 :
2026 4465 2175 4544 quia
2218 4466 2637 4526 communiter
2680 4486 2822 4545 spes
2865 4468 3020 4529 lucri
3062 4487 3252 4548 quam
3282 4470 3368 4529 illi

1838 4558 2160 4632 concedit,
2244 4558 2590 4618 aestimatur
2660 4560 3041 4638 requivalens
3095 4562 3369 4640 periculo

1840 4650 2007 4729 quod
2039 4649 2243 4724 subit,
2276 4649 2423 4709 licet
2458 4650 2593 4711 haec
2624 4652 2953 4713 aestimatio
2984 4654 3282 4715 fundetur
3309 4655 3370 4714 in

1837 4742 2192 4821 ignorantia
2221 4742 2538 4804 communi
2569 4763 2697 4803 suae
2721 4745 2955 4821 peritiae
2970 4751 3030 4806 et
3058 4765 3368 4809 excessus.

1844 4839 2027 4913 Resp.
2064 4853 2206 4912 neg.
2242 4853 2494 4913 conseq.
2532 4836 2679 4913 quia
2711 4837 2771 4896 in
2819 4856 2965 4898 casu
2999 4840 3376 4899 anteceden-

1841 4930 1920 4991 tis
1952 4947 2154 5007 neque
2203 4929 2528 5006 ignoratur
2574 4928 2821 4990 bonitas
2877 4930 3214 4992 intrinseca
3261 4934 3371 5010 rei,

1846 5041 1961 5082 nec
1990 5020 2309 5081 exceditur
2340 5021 2516 5080 valor
2535 5020 2741 5099 justus
2771 5042 3046 5100 pxaesens
3104 5044 3117 5084 z
3177 5025 3238 5083 in
3272 5044 3378 5086 no-

1846 5120 1973 5175 stro
2004 5120 2216 5175 autem
2264 5132 2413 5173 casu
2461 5114 2812 5175 occultatur
2840 5116 3059 5177 vitium
3092 5117 3378 5179 intrinse-

1848 5227 1989 5269 cum
2017 5208 2130 5283 rei,
2167 5207 2313 5286 quia
2341 5226 2483 5285 spes
2516 5207 2616 5267 illa
2648 5209 2802 5269 lucri
2835 5228 2974 5288 quae
3005 5210 3190 5271 datur
3211 5257 3226 5287 ,
3288 5231 3380 5273 re-

1847 5321 1998 5361 vera
2053 5301 2224 5361 nulla
2268 5303 2400 5374 est,
2460 5300 2606 5362 licet
2651 5307 2908 5380 propter
2965 5304 3382 5380 ignorantiam

2984 5399 3061 5457 33

3504 3286 3579 3342 47

3446 3410 3668 3473 Solvuntur

3444 3470 3662 3508 contram.
