4263 6376
579 853 658 911 :5ss

483 977 654 1028 oasa
674 976 780 1018 121³-

524 1033 652 1093 ,νώ
676 1032 752 1093 1⁰.

553 1140 725 1187 wizan.

583 4839 660 4897 40

459 4964 524 5005 Au
556 4962 758 5005 consistat

460 5015 503 5058 in
523 5016 759 5059 indivisibili

460 5068 577 5112 nobis
597 5071 759 5114 occidte

825 297 942 354 271

829 476 1076 549 emptor
1102 472 1308 532 minus
1337 471 1511 547 dare,
1549 475 1616 531 ut
1645 472 1715 531 fit
1762 470 1824 529 in
1881 472 2196 548 emptione
2227 489 2371 529 cen·

828 583 1045 635 suum;
1071 570 1132 623 et
1149 572 1296 624 tunc
1327 569 1532 642 potest
1563 564 1856 623 venditor
1895 564 2133 641 absque
2182 564 2370 640 injus⁶

830 657 965 717 titia
997 658 1132 734 plus
1170 658 1441 733 exigere,
1477 656 1626 715 dum
1658 662 1870 716 tamen
1929 675 2050 715 non
2105 656 2371 715 excedat

829 749 1100 827 pretium
1129 749 1410 809 naturale
1441 768 1783 808 summum.

913 843 1186 901 Pretium
1217 842 1496 919 vulgare,
1531 862 1643 901 seu
1673 840 1960 901 naturale
2016 841 2367 901 secundum

831 938 946 1008 cst,
978 934 1231 1012 quando
1262 953 1388 992 non
1418 940 1514 994 cst
1541 934 1811 1011 pretium
1864 934 2003 1011 lege
2035 940 2312 993 taxatum
2348 951 2363 991 ε

831 1033 892 1086 et
919 1026 1036 1085 boc
1068 1045 1189 1085 non
1237 1026 1521 1086 consistit
1552 1027 1614 1084 in
1645 1026 2029 1101 indivisibili,
2063 1025 2172 1085 sed
2229 1026 2370 1085 lati-

833 1119 1112 1178 tudinem
1144 1118 1336 1178 babet
1364 1120 1530 1179 intra
1559 1137 1751 1197 quam
1779 1118 1981 1178 solent
2010 1118 2126 1177 tria
2166 1118 2369 1196 pretia

830 1211 1158 1288 assignari,
1195 1229 1418 1289 nempe
1477 1212 1783 1287 intimum,
1844 1230 1953 1271 seu
1993 1212 2209 1289 pium:
2240 1230 2367 1270 me·

829 1302 1027 1377 dium,
1059 1321 1170 1361 seu
1203 1303 1635 1362 moderatum:
1689 1321 2030 1377 summum,
2062 1323 2172 1363 seu
2201 1303 2368 1380 rigo-

827 1414 1063 1455 rosum.
1099 1397 1345 1466 Quanta
1376 1402 1584 1454 autem
1615 1397 1694 1455 sit
1722 1396 2016 1456 distantia
2049 1397 2210 1455 inter
2229 1414 2365 1473 pre-

830 1489 985 1548 tium
1013 1488 1298 1547 infimum
1329 1493 1391 1547 et
1417 1507 1736 1547 summum
1768 1489 2055 1548 doctores
2081 1507 2368 1549 commu-

831 1582 1252 1655 niter-dicunt,
1288 1600 1412 1640 non
1448 1600 1630 1659 posse
1661 1601 1845 1640 unam
1904 1582 2187 1659 regulam
2216 1581 2364 1641 assi·

826 1674 1030 1750 gnari,
1065 1675 1212 1753 quia
1243 1674 1302 1731 id
1358 1694 1431 1733 ex
1488 1675 1674 1733 variis
1722 1674 2203 1734 circumstantiis
2260 1674 2364 1733 de·

827 1766 1078 1844 pendet.
1117 1766 1326 1826 Molin.
1362 1767 1591 1845 disput.
1625 1769 1953 1828 347.afscrt
1981 1767 2359 1845 exemplum,

829 1858 1044 1918 dicens
1074 1859 1344 1937 pretium
1370 1859 1648 1918 medium
1685 1862 1779 1919 10.
1818 1859 2100 1919 intimum
2141 1864 2199 1921 9.
2235 1860 2355 1920 vel.

827 1954 887 2012 8.
925 1970 1066 2010 cum
1096 1951 1353 2011 dimidio
1384 1970 1700 2010 summum
1749 1955 1844 2011 11.
1901 1953 2021 2011 vel.
2058 1955 2156 2012 11.
2219 1971 2362 2012 cum

827 2043 1086 2101 dimidio
1120 2063 1135 2114 ;
1163 2044 1312 2103 item
1341 2044 1610 2121 pretium
1628 2044 1904 2103 medium
1936 2064 2070 2104 esse
2097 2048 2234 2105 100.
2274 2046 2362 2103 in·

827 2136 1042 2194 timum
1073 2140 1172 2196 95.
1207 2154 1524 2195 summum
1556 2139 1691 2196 105.
1718 2136 1813 2196 cui
1834 2138 2145 2198 consentit
2173 2138 2361 2197 etiam

831 2229 1076 2288 Lessius
1107 2228 1257 2289 dub.
1292 2246 1359 2289 n.
1396 2247 1501 2288 nu.
1539 2232 1638 2289 11.
1673 2249 1814 2289 cum
1848 2232 2105 2291 Covarr.
2143 2231 2252 2291 lib.
2286 2247 2356 2291 11.

848 2321 1152 2380 mnarum
1183 2340 1323 2399 cap.
1358 2338 1451 2381 111.
1489 2340 1592 2381 nu.
1629 2327 1685 2382 1.
1722 2325 1852 2382 Hoc
1881 2329 2089 2383 tamen
2145 2324 2365 2401 aliqui-

827 2415 944 2473 bus
991 2415 1298 2493 displicet,
1359 2433 1503 2473 nam
1580 2415 1855 2475 Thomas
1939 2416 2361 2494 Boninsignus

827 2511 1006 2568 tract.
1040 2506 1110 2566 de
1139 2506 1462 2567 venditione
1488 2506 1569 2566 ad
1594 2517 1816 2587 tempus
1870 2526 2009 2586 cap.
2046 2526 2133 2570 M.
2197 2529 2258 2569 n.
2292 2515 2351 2570 2.

825 2607 887 2660 et
912 2618 1051 2679 cap.
1084 2617 1185 2659 xv.
1222 2620 1284 2659 n.
1348 2604 1403 2660 1.
1438 2599 1610 2674 dicit,
1671 2600 2138 2660 distinctionem
2198 2600 2360 2661 hanc

823 2693 1008 2753 trium
1041 2692 1382 2770 pretiorum
1438 2691 1498 2750 in
1559 2692 1871 2752 abstracto
1916 2694 2121 2770 potius
2169 2712 2357 2772 quam

823 2786 882 2845 in
917 2805 1030 2845 usu
1062 2786 1299 2858 baberi,
1335 2786 1469 2845 etin
1499 2784 1716 2862 paucis
1732 2786 2118 2862 contingere,
2155 2793 2209 2846 et
2241 2789 2356 2846 Ro-

823 2879 1113 2938 mualdus
1141 2878 1350 2937 Colius
1380 2883 1560 2937 tract.
1594 2876 1663 2936 cle
1693 2877 1907 2937 vendit.
1943 2896 2081 2955 cap.
2115 2896 2253 2939 v111.
2290 2899 2351 2939 n.

821 2976 881 3031 5.
925 2977 986 3032 et
1035 2976 1095 3031 6.
1132 2989 1318 3049 quem
1350 2972 1552 3043 affert,
1597 2975 1660 3030 et
1701 2972 2051 3048 approbare
2111 2972 2359 3033 videtur

818 3064 1014 3124 Diana
1050 3079 1116 3123 11.
1152 3068 1301 3123 tom.
1337 3063 1758 3123 tract.miscell.
1795 3065 2047 3124 resolut.
2089 3068 2222 3124 112.
2269 3065 2357 3124 di-

821 3157 924 3232 cit,
955 3157 1212 3216 nimiam
1270 3174 1404 3216 esse
1459 3157 1852 3218 latitudinem
1913 3157 2083 3216 illam
2125 3158 2204 3217 de
2245 3158 2355 3217 de-

821 3269 956 3309 cem
1006 3267 1118 3328 pro
1175 3255 1424 3309 centum
1482 3250 1642 3309 inter
1698 3251 1990 3328 pretimm
2037 3251 2354 3310 infirmum

822 3349 885 3403 et
977 3361 1289 3402 summum
1323 3388 1338 3416 ,
1425 3348 1489 3403 et
1594 3342 1713 3402 hoc
1820 3363 1953 3402 esse
2044 3343 2351 3421 judicium

821 3440 1261 3495 mercatorum.
1333 3436 1456 3495 Sed
1522 3441 1693 3495 certe
1774 3436 1836 3494 in
1933 3437 2112 3514 praxi
2188 3455 2355 3496 mer-

819 3535 1060 3590 catores
1090 3528 1268 3588 aliter
1310 3532 1669 3605 operantur,
1733 3534 1800 3588 ut
1843 3533 2089 3589 constat
2131 3548 2349 3590 eorum

818 3621 1097 3681 officinas
1126 3620 1912 3699 frequentantibuS.Neque
1942 3621 2109 3680 enim
2137 3639 2352 3682 omnes

818 3715 1038 3774 eodem
1069 3713 1265 3792 pretio
1297 3713 1551 3772 easdem
1580 3732 1679 3772 res
1702 3714 2002 3789 vendunt,
2039 3713 2151 3774 sed
2203 3715 2351 3774 inae-

817 3808 1007 3888 quali,
1042 3807 1229 3867 etiam
1260 3825 1501 3865 merces
1531 3824 1917 3880 communeS,
1955 3812 2017 3867 et
2037 3825 2177 3885 quae
2206 3826 2351 3886 pas-

817 3903 934 3961 sim
962 3900 1340 3960 venduntur.
1375 3901 1441 3958 ln
1499 3899 1637 3958 aliis
1693 3905 1901 3959 autem
1961 3899 2173 3975 rebuS‚
2209 3919 2350 3979 quae

823 3995 1024 4054 rarius
1070 3993 1448 4067 venduntur,
1495 3992 1689 4051 multo
1721 3990 2028 4069 majorem
2077 3992 2353 4070 inaequa-

818 4088 1056 4147 litatem
1077 4085 1435 4162 experimur
1460 4101 1474 4147 ε
1499 4103 1644 4142 nam
1664 4085 1883 4144 eadem
1899 4085 2146 4160 domuS,
2164 4086 2260 4145 vel
2286 4087 2350 4146 il·

815 4180 897 4254 la,
942 4197 1080 4256 quae
1112 4197 1278 4236 nunc
1331 4177 1560 4237 emitur
1607 4177 1828 4254 viginti
1884 4178 2053 4238 mille
2112 4179 2343 4250 aureiS,

818 4278 956 4350 post
986 4272 1259 4350 quinque
1282 4276 1391 4330 aut
1419 4289 1525 4329 sex
1557 4289 1751 4329 annos
1784 4271 2077 4332 venditur
2105 4271 2348 4330 duode-

815 4365 958 4439 cim,
994 4365 1089 4423 vel
1132 4363 1608 4441 quatuordecim
1646 4364 1852 4422 mille:
1891 4368 1952 4424 et
2007 4382 2039 4423 e
2094 4370 2341 4437 contra;

816 4474 1150 4536 quarenon
1182 4455 1359 4515 facile
1391 4455 1813 4515 recedendum
1846 4462 1939 4516 est
1965 4456 2349 4520 abillacom-

816 4549 986 4609 muni
1019 4548 1324 4623 doctrina,
1360 4567 1552 4625 quam
1584 4549 1771 4607 etiam
1802 4550 2109 4627 approbat
2127 4549 2349 4610 Rebel-

816 4644 910 4703 lus
940 4643 1046 4703 lib.
1080 4643 1182 4703 lx.
1218 4660 1322 4719 qu.
1368 4657 1409 4701 ῐ.
1457 4645 1606 4702 sect.
1659 4645 1718 4702 6.
1781 4660 1952 4702 num.
1987 4644 2085 4703 33.
2140 4647 2201 4702 et
2244 4641 2345 4701 alii

816 4734 1017 4796 multi.

893 4830 1050 4890 ilinc
1097 4831 1307 4888 tamen
1372 4827 1571 4886 oritur
1615 4827 1735 4885 alia
1766 4827 2100 4888 difficultas
2129 4834 2347 4888 contra

809 4923 1176 5004 praedictam
1235 4920 1612 4995 doctrinam,
1667 4939 1856 4998 quam
1905 4921 2111 4998 attigit
2169 4922 2345 4982 Salas

808 5016 957 5077 dub.
994 5032 1078 5075 ιν.
1115 5017 1364 5073 num.6.
1391 5016 1460 5071 et
1490 5010 1916 5090 sequentibus
1945 5012 2344 5090 Aliquienim

807 5110 1021 5170 dicunt
1051 5108 1211 5167 hanc
1241 5104 1644 5165 latitudinem
1674 5107 1737 5163 et
1764 5103 2140 5164 divisionem
2164 5105 2345 5183 pretii

804 5202 1103 5263 naturalis
1136 5199 1199 5258 in
1235 5199 1355 5259 tria
1383 5197 1584 5275 pretia
1613 5196 1929 5273 assignata
1961 5216 2084 5257 non
2116 5217 2343 5277 prove-

800 5296 932 5355 nire
950 5313 1024 5354 ex
1041 5312 1141 5366 eo,
1171 5291 1500 5370 quodlicet
1516 5308 1737 5349 revera
1767 5290 2032 5366 pretium
2059 5291 2342 5351 naturale

800 5389 1108 5448 consistat
1130 5385 1340 5463 aliquo
1373 5384 1431 5443 in
1455 5382 1813 5443 indivisibili
1838 5385 1964 5442 Deo
1987 5384 2228 5459 noto,id
2257 5390 2346 5444 ta-

803 5501 946 5541 men
969 5481 1300 5554 ignoretur
1321 5477 1398 5536 ab
1433 5476 1810 5552 hominibus,
1845 5481 1907 5536 et
1936 5476 2074 5537 ideo
2107 5477 2207 5536 alii
2237 5476 2342 5536 ali-

1991 295 2091 351 DF.
2131 292 2485 353 JUsTtTIA
2535 292 2637 351 ET
2677 292 2879 352 JURE

2470 474 2564 528 ter
2583 468 2661 526 de
2703 468 2901 544 pretio
2924 467 3096 544 justo
3127 467 3507 546 opinentur;
3542 466 3655 526 sed
3709 465 3858 545 quia
3906 484 3993 524 re-

2471 579 2615 619 vera
2642 560 2846 638 ipsum
2876 559 3143 638 pretium
3166 559 3416 637 justum
3446 560 3513 619 in
3537 578 3604 619 se
3646 559 3834 619 habet
3861 559 3991 618 lati·

2470 653 2776 727 tudinem,
2811 654 2999 712 etiam
3056 659 3244 730 prout
3286 671 3323 711 a
3377 655 3505 713 Deo
3561 652 3989 729 cognoscitur;

2468 745 2615 823 quia
2658 744 2891 822 pendet
2945 764 3019 803 ex
3064 746 3253 804 variis
3300 745 3783 806 circumstantiis
3827 751 3993 805 etex

2467 840 2691 897 affectu
2727 838 3073 912 bominum,
3110 838 3215 916 qui
3247 838 3395 917 quia
3427 857 3548 898 non
3584 844 3683 897 est
3737 837 3905 896 idem
3934 838 3991 895 in

2467 930 2781 1005 omnibus,
2829 930 2938 988 sed
2993 930 3299 1005 diversu3‚
3334 931 3474 989 aliis
3526 930 3833 1007 majorem
3865 929 3994 988 aliis

2464 1023 2773 1081 minorem
2803 1025 3095 1082 affectum
3128 1023 3527 1098 habentibuS,
3564 1024 3706 1083 ideo
3728 1023 3994 1083 aestima-

2468 1116 2552 1174 tio
2577 1116 2764 1175 etiam
2796 1117 2906 1189 rei,
2933 1116 2994 1173 in
3026 1135 3150 1194 qua
3175 1117 3351 1175 valor
3378 1117 3658 1194 vulgaris
3695 1116 3989 1189 consistit,

2466 1227 2591 1266 non
2633 1212 2725 1268 est
2775 1208 3019 1281 eadem,
3077 1208 3189 1267 sed
3245 1209 3518 1268 diversa.
3584 1210 3689 1269 Sic
3731 1208 3993 1285 explicat

2463 1301 2691 1360 Melina
2726 1301 2831 1360 ubi
2862 1318 3052 1379 supra
3105 1302 3162 1378 ἓ.
3201 1298 3504 1374 Quoddam
3532 1299 3717 1377 aliud,
3768 1306 3831 1361 et
3888 1302 3992 1359 Re-

2464 1393 2662 1453 bellus
2693 1393 2859 1453 dicta
2889 1411 2949 1471 q.
2985 1412 3027 1452 ι.
3308 1407 3317 1415 ·

2544 1487 2743 1557 Quam
2799 1485 3151 1546 doctrinam
3208 1485 3528 1546 difficilem
3583 1505 3737 1560 esse,
3771 1485 3993 1563 probat

2464 1580 2661 1653 Salas,
2688 1579 2912 1655 prim0,
2949 1579 3099 1656 quia
3124 1578 3365 1657 justitia
3393 1578 3677 1639 consistit
3700 1578 3761 1637 in
3784 1596 3991 1656 tequa-

2461 1671 2657 1746 litate,
2688 1677 2757 1731 ut
2785 1677 3031 1731 constat
3047 1690 3119 1729 ex
3153 1672 3341 1731 Arist.
3374 1672 3520 1733 libr.
3557 1689 3598 1732 1.
3651 1691 3989 1750 moyam-um

2462 1763 2793 1838 moralium,
2826 1782 2964 1841 cap.
3023 1780 3235 1823 xxxw.
3282 1764 3399 1823 tria
3454 1771 3664 1823 autem
3719 1764 3891 1824 inter
3929 1784 3989 1824 se

2460 1855 2797 1935 inaequalia
2837 1873 2981 1915 cum
3010 1874 3136 1916 uno
3154 1856 3274 1916 alio
3306 1857 3726 1935 aequalitatem
3762 1856 3990 1916 habere

2463 1968 2583 2009 non
2616 1955 2911 2026 possunt:
2946 1967 3101 2026 ergo
3146 1950 3270 2009 duo
3301 1969 3378 2008 ex
3428 1949 3547 2009 illis
3598 1950 3819 2028 pretiis
3875 1968 3989 2008 non

2463 2042 2699 2102 hahent
2727 2042 3150 2120 aequalitatem
3191 2060 3335 2101 cum
3359 2061 3424 2100 re
3452 2042 3722 2102 vendita.
3761 2044 3990 2103 Secun-

2461 2134 2563 2209 do,
2599 2134 2746 2212 quia
2774 2135 2836 2192 in
2893 2133 3011 2193 boc
3041 2134 3249 2194 differt
3271 2134 3517 2213 justitia
3546 2136 3990 2195 commutativa

2461 2247 2497 2285 a
2513 2227 2929 2302 distributiva,
2962 2228 3132 2306 quod
3155 2228 3288 2287 haec
3299 2229 3555 2305 respicit
3573 2228 3988 2307 aequalitatem

2458 2322 2928 2399 geometricam,
2988 2322 3094 2380 illa
3148 2340 3296 2381 vero
3341 2322 3804 2383 arithmeticam
3886 2340 3988 2380 seu

2458 2413 2995 2488 mathematicam,
3031 2433 3169 2492 quae
3201 2414 3484 2474 consistit
3506 2415 3570 2473 in
3600 2414 3985 2473 indivisibili.

2458 2507 2536 2565 Et
2563 2506 2841 2584 quidem,
2878 2506 3196 2584 loquendo
3240 2506 3318 2565 de
3365 2525 3432 2565 re
3491 2507 3644 2584 ipsa,
3676 2507 3839 2566 mibi
3870 2525 3984 2566 non

2458 2598 2705 2659 videtur
2719 2618 2900 2677 posse
2926 2598 3141 2675 negari
3171 2598 3340 2676 quod
3361 2601 3487 2658 Deo
3507 2604 3720 2659 notum
3749 2600 3839 2658 sit
3866 2617 3989 2676 pre·

2458 2691 2611 2750 tium
2639 2691 2919 2770 aliquod,
2953 2691 3124 2769 quod
3152 2692 3232 2751 sit
3260 2691 3461 2769 magis
3491 2690 3728 2769 {equale
3751 2696 3821 2751 et
3861 2692 3985 2769 jus-

2459 2789 2587 2844 tum
2620 2785 2756 2843 aliis
2787 2784 3099 2845 omnibuS.
3150 2786 3183 2845 J
3193 2784 3403 2844 ustitia
3450 2785 3616 2843 enim
3644 2784 3834 2863 pretii
3866 2803 3980 2844 non

2456 2877 2721 2936 sumitur
2747 2895 2821 2935 ex
2852 2878 3077 2936 affectu
3128 2877 3352 2936 horum
3413 2877 3507 2936 vel
3563 2878 3837 2953 illorum,
3878 2877 3980 2936 sed

2457 2989 2526 3028 ex
2560 2970 2841 3029 omnium
2872 2972 3134 3029 affectu:
3168 2988 3363 3047 quare
3394 2969 3442 3029 si
3473 2969 3579 3028 alii
3620 2971 3827 3047 magis
3858 2970 3984 3029 affi-

2454 3062 2719 3136 ciantur,
2751 3062 2856 3121 alii
2903 3062 3129 3137 minus,
3164 3080 3238 3120 ex
3281 3061 3385 3121 illa
3407 3062 3767 3122 diversitate
3800 3063 3986 3121 affec-

2452 3160 2629 3215 tuum
2660 3154 3009 3216 desumitur
3039 3156 3214 3218 valor
3234 3154 3463 3234 justus,
3499 3155 3604 3234 qui
3633 3155 3845 3216 minor
3874 3155 3985 3217 erit

2454 3268 2643 3327 quam
2673 3249 2723 3308 si
2754 3249 2954 3327 magis
2984 3267 3202 3309 omnes
3233 3249 3651 3324 afficerentur,
3684 3254 3745 3309 et
3788 3248 3985 3327 major

2454 3360 2641 3420 quam
2672 3341 2723 3401 si
2754 3361 2971 3401 omnes
3001 3341 3207 3401 minus
3236 3342 3674 3413 asticerentur;
3732 3341 3983 3401 incerti-

2454 3435 2602 3494 tudo
2633 3452 2781 3513 ergo
2813 3442 3023 3494 nostra
3068 3435 3232 3493 circa
3263 3434 3532 3512 pretium
3566 3433 3809 3512 justum
3852 3454 3979 3494 ma·

2452 3527 2855 3587 thematicnm
2889 3545 3009 3587 non
3040 3528 3329 3606 provenit
3374 3546 3451 3587 ex
3505 3527 3869 3589 diversitate
3897 3529 3982 3586 af·

2454 3621 2730 3679 sectuum
2762 3638 2907 3698 erga
2957 3638 3237 3691 merces;
3289 3638 3434 3680 nam
3463 3620 3609 3679 licet
3632 3638 3851 3681 omnes
3878 3640 3981 3700 pa-

2450 3731 2590 3771 rum
2618 3713 2715 3771 vel
2746 3714 3011 3773 multum
3040 3713 3463 3789 afficerentur,
3509 3713 3716 3773 adhuc
3771 3722 3977 3775 essent

2450 3806 2569 3864 tria
2601 3804 2700 3863 illa
2733 3805 2930 3883 pretia
2986 3806 3267 3866 diversa:
3309 3806 3419 3864 sed
3471 3807 3759 3884 provenit
3806 3826 3879 3867 ex
3909 3827 3976 3866 eo

2450 3898 2617 3975 quod
2652 3917 2776 3957 non
2807 3899 3077 3958 sciamus
3107 3898 3541 3973 determinate,
3587 3905 3823 3960 attento
3878 3901 3976 3959 illo

2447 3990 2647 4066 gradu
2707 3993 3044 4051 affectuum
3118 3991 3533 4067 diversorum,
3595 3993 3693 4051 vel
3749 3993 3976 4053 unitor·

2448 4083 2666 4156 mium,
2704 4089 2974 4161 quantus
3005 4083 3085 4144 sit
3111 4084 3290 4143 valor
3328 4083 3535 4163 justus
3589 4086 3975 4146 mathemati·

2448 4194 2558 4234 cus
2614 4175 2726 4248 rei,
2765 4180 2827 4234 et
2870 4174 3061 4253 aliqui
3111 4176 3521 4253 probabiliter
3566 4177 3803 4253 dicunt,
3848 4197 3973 4238 esse

2446 4271 2543 4328 90.
2580 4266 2682 4326 alii
2711 4270 2809 4327 95.
2846 4267 2949 4325 alii
2980 4271 3113 4328 100.
3150 4276 3379 4329 etcum
3411 4269 3739 4347 quodlibet
3783 4289 3858 4330 ex
3887 4271 3976 4329 his

2447 4359 2525 4419 sit
2544 4360 2853 4438 judicium
2884 4360 3225 4438 prudenter
3278 4361 3626 4440 probabile,
3662 4363 3976 4441 quodlibet

2447 4471 2522 4511 ex
2560 4452 2652 4511 bis
2676 4453 2792 4512 erit
2820 4454 3087 4531 pretium
3118 4455 3392 4531 practice
3406 4453 3671 4533 justum.
3707 4456 3879 4516 Sicut
3905 4457 3971 4515 li·

2447 4552 2546 4606 cet
2572 4548 2698 4606 Deo
2730 4551 2875 4607 nota
2907 4546 2983 4606 sit
3006 4546 3268 4606 materia
3285 4547 3601 4608 sufficiens
3628 4549 3970 4610 mathema·

2448 4639 2566 4698 tice
2595 4656 2671 4698 ac
2718 4638 2952 4700 furtum
3009 4658 3225 4718 grave,
3292 4640 3392 4699 vel
3438 4641 3518 4700 ad
3582 4641 3972 4702 violationem

2445 4750 2703 4808 gravem
2729 4730 2953 4810 jejunii
2979 4752 2994 4803 3
3021 4732 3168 4811 quia
3198 4736 3407 4792 tamen
3421 4733 3602 4793 nobis
3623 4733 3836 4812 ignota
3863 4741 3968 4810 est,

2446 4824 2820 4904 quibusdam
2863 4824 3273 4902 probabiliter
3303 4824 3464 4885 hanc
3494 4826 3967 4901 aestimantibus,

2446 4917 2821 4995 quibusdam
2871 4917 3062 4992 illam,
3097 4917 3274 4996 sequi
3333 4936 3661 4995 possumus
3706 4921 3969 4998 practice

2446 5010 2790 5088 quamlibet
2818 5010 3174 5088 opinionem
3205 5010 3624 5088 probabilem,
3660 5019 3722 5072 et
3760 5014 3972 5092 quaeli·

2444 5103 2552 5164 bet
2581 5121 2653 5162 ex
2682 5103 2800 5162 illis
2823 5103 2939 5163 erit
2970 5104 3233 5163 materia
3262 5103 3469 5181 gravis
3491 5103 3673 5182 juxta
3701 5105 3969 5165 diversas

2447 5196 2769 5274 opiniones
2800 5196 3157 5274 probabiles
3187 5196 3587 5273 prudentum.

2527 5290 2704 5351 Unde
2735 5296 2945 5350 autem
2978 5289 3219 5367 justitia
3277 5289 3459 5367 pretii
3516 5292 3809 5370 vulgaris,
3865 5315 3967 5354 seu

2443 5382 2762 5457 naturaliS‚
2797 5383 3003 5461 quoad
3026 5383 3120 5443 sui
3150 5381 3556 5442 variationem
3591 5384 3967 5447 desumenda

2444 5476 2551 5537 sit:
2590 5477 2811 5537 Scotus
2841 5476 2901 5533 in
2934 5478 3035 5536 lV.
3073 5476 3217 5536 dist.
3252 5480 3599 5552 xv.quaest.
3632 5479 3692 5539 Ξ.
3727 5478 3802 5538 ad
3860 5483 3962 5542 fin.

4080 5299 4127 5355 ll
