4263 6376
730 326 732 328 q
816 228 935 291 318

816 400 1020 481 pretio
1039 399 1209 480 justo
1237 411 1524 475 summo,
1581 410 1707 459 non
1756 395 1876 458 erit
1921 401 2143 459 contra
2164 395 2355 476 justi-

819 495 1008 557 tiam:
1044 493 1213 573 quod
1242 492 1411 553 enim
1439 491 1544 553 ille
1563 491 1735 571 juste
1753 492 1965 570 potest
1985 490 2220 567 facere,
2247 508 2358 550 cur

819 605 947 650 non
975 605 1231 666 possum
1261 603 1380 665 ego
1419 585 1591 665 juste
1638 584 1696 646 ei
1724 584 2147 664 persuadere,
2207 582 2358 643 dum

819 682 1006 742 minae
1033 680 1135 743 vel
1161 679 1414 741 fraudes
1442 696 1566 741 non
1595 677 2036 742 interveniant.

557 782 672 842 173
902 775 1081 837 Circa
1108 773 1230 835 hoc
1275 777 1489 836 tamen
1517 772 1766 835 videtur
1811 791 1948 834 esse
1995 772 2352 847 difficultas,

475 909 606 962 Qu,
623 908 649 952 d
651 907 773 952 be„
821 867 1135 948 quomodo
1166 866 1394 930 debeat
1419 866 1680 945 intelligi
1708 865 1863 927 illud
1890 867 2162 945 pretium
2191 885 2361 927 sum-

476 976 570 1007 0280
623 963 771 1006 rollum

485 975 757 1115 asiae
819 960 1411 1133 affulta-’QZ
1439 978 1694 1118 {02:3³5
1701 959 2361 1132 ἱῖξῧὶἰῗέῗῖῖίἰῖἷίἓέ

820 1163 1137 1209 summum
1158 1145 1401 1226 justum
1428 1145 1598 1207 idem
1628 1145 1796 1225 quod
1822 1149 2023 1221 esset,
2059 1145 2111 1205 si
2140 1164 2361 1207 mono-

820 1240 1061 1321 polium
1089 1258 1215 1301 non
1243 1241 1442 1317 fieret,
1477 1258 1558 1302 an
1585 1257 1735 1300 vero
1758 1238 1912 1299 illud
1933 1238 2102 1318 quod
2131 1256 2359 1318 suppo-

821 1334 943 1396 sita
967 1333 1075 1394 illa
1102 1333 1468 1395 difficultate
1492 1377 1508 1410 ‚
1563 1337 1627 1395 et
1654 1330 2118 1410 conspiratione
2147 1332 2361 1393 vendi-

821 1430 1069 1503 torum,
1122 1426 1538 1487 aestimaretur
1575 1424 1859 1504 justum?
1904 1424 2167 1486 Videtur
2193 1427 2357 1486 enim

820 1539 950 1582 non
975 1532 1158 1599 posse
1177 1518 1314 1580 fieri
1342 1518 1865 1597 conspirationem
1888 1517 2081 1590 illam,
2108 1519 2257 1597 quia
2285 1536 2358 1580 eo

822 1611 958 1692 ipso
987 1612 1264 1674 varietur
1288 1611 1561 1690 pretium
1596 1610 1838 1690 justum
1861 1655 1877 1687 ,
1929 1629 2072 1672 cum
2114 1610 2362 1689 justitia

823 1705 1007 1785 pretii
1038 1705 1404 1766 desumatur
1441 1723 1517 1765 ex
1545 1703 1842 1766 facilitate
1890 1707 1953 1765 et
1994 1705 2177 1783 copia
2200 1751 2217 1782 ,
2261 1705 2361 1766 vel

823 1798 1189 1860 difficultate
1220 1802 1285 1860 et
1308 1797 1568 1859 raritate
1595 1796 2018 1858 venditorum.
2080 1800 2363 1879 Respon-

825 1891 1010 1953 detur
1035 1895 1270 1967 tamen,
1303 1890 1521 1970 procul
1551 1889 1743 1950 dubio
1774 1889 2035 1969 intelligi
2064 1890 2127 1952 in
2158 1892 2359 1971 primo

827 2002 1013 2045 sensu
1040 1984 1120 2044 de
1149 1984 1349 2061 pretio
1372 1984 1544 2063 justo
1574 2001 1819 2045 summo
1844 2028 1861 2060 ,
1921 2002 2044 2063 quo
2069 2030 2085 2061 ,
2118 1985 2359 2046 secluso

829 2095 902 2137 eo
931 2076 1314 2155 monopolio,
1346 2093 1588 2137 merces
1629 2076 1750 2137 illae
1779 2076 2207 2139 venderentur
2233 2121 2249 2154 ,
2302 2080 2363 2138 et

827 2169 918 2232 ita
969 2173 1335 2248 supponunt
1375 2169 1663 2248 praedicti
1709 2171 1834 2230 DD.
1879 2170 2152 2248 pretium
2196 2170 2363 2230 enim

823 2263 1064 2342 justum
1108 2280 1234 2323 non
1282 2261 1470 2322 debet
1515 2262 1760 2323 desumi
1810 2282 1886 2322 ex
1927 2268 2091 2324 statu
2119 2263 2362 2342 abipso

825 2355 1189 2435 monopolio
1216 2354 1595 2432 introducto,
1627 2355 1738 2417 sed
1760 2373 1835 2415 ex
1853 2359 2018 2418 statu
2045 2375 2256 2436 quem,
2289 2375 2363 2418 eo

830 2449 1096 2525 secluso,
1146 2464 1388 2510 merces
1434 2447 1742 2511 haberent
1761 2493 1778 2526 ‚
1837 2448 2016 2529 cujus
2056 2450 2365 2513 rationem

833 2542 1045 2605 statim
1072 2541 1435 2603 reddemus.

593 2644 710 2708 17⁴
915 2633 1117 2715 Major
1161 2635 1495 2698 difficultas
1536 2638 1632 2697 est
1674 2654 1755 2697 an
1799 2635 1947 2698 licet
1991 2636 2078 2699 ibi
2123 2655 2250 2699 non
2288 2637 2370 2700 sit

493 2774 560 2818 Α
579 2772 790 2830 mm
836 2731 1165 2811 peccatum
1208 2728 1524 2808 injustitiae
1571 2729 1856 2808 obligans
1901 2730 1981 2791 ad
2028 2731 2370 2795 restitutio-

511 2832 597 2927 ttssm
612 2832 772 2928 1⁰3⁰?
838 2841 1006 2900 nem,
1049 2821 1128 2886 sit
1154 2826 1367 2884 tamen
1394 2827 1726 2927 peccatum
1752 2842 1945 2902 grave
1975 2830 2195 2887 contra
2220 2826 2370 2886 cba-

565 2895 623 2926 ”¹
837 2915 1125 2978 ritatem?
1154 2918 1383 2977 Omnes
1411 2914 1578 2976 enim
1605 2916 1668 2977 id
1697 2915 1990 2979 videntur
2015 2937 2369 2998 supponere

838 3010 1028 3073 etiam
1055 3009 1165 3089 qui
1192 3013 1426 3088 negant
1441 3013 1768 3088 peccatum
1797 3014 2015 3073 contra
2038 3010 2364 3091 justitiam,

837 3104 1069 3167 Molina
1109 3103 1173 3164 d.
1208 3103 1409 3165 concl.
1439 3119 1509 3164 11.
1561 3103 1807 3164 Lessius
1854 3123 2026 3166 num.
2064 3108 2198 3170 145.
2246 3107 2370 3168 Sed

838 3197 960 3261 hoc
987 3215 1113 3260 non
1139 3201 1311 3258 caret
1339 3196 1703 3259 difficultate
1727 3217 1742 3271 ;
1777 3198 1923 3277 quia
1944 3198 2217 3261 charitas
2245 3220 2368 3262 uon

838 3292 1077 3371 obligat
1099 3290 1378 3370 graviter
1423 3289 1503 3349 ad
1549 3290 1988 3352 abstinendum
2033 3311 2074 3354 a
2116 3294 2368 3374 proprio

834 3387 1009 3448 lucro
1038 3403 1294 3464 magno,
1320 3402 1397 3445 ne
1417 3383 1736 3462 proximus
1763 3385 2037 3463 patiatur
2057 3385 2369 3466 jacturam

839 3481 1115 3560 aliquam
1164 3498 1180 3539 ε
1233 3493 1346 3539 cur
1391 3494 1542 3555 ergo
1592 3481 1974 3541 mercatores
2018 3481 2371 3560 peccabunt

835 3573 1116 3655 graviter
1153 3575 1564 3651 procurantes
1590 3571 1865 3633 vendere
1892 3573 2095 3652 pretio
2121 3593 2366 3636 summo

835 3668 969 3730 sine
996 3666 1060 3728 vi
1098 3670 1162 3728 et
1177 3664 1421 3742 fraude,
1462 3665 1981 3742 propterlucrum
2017 3667 2362 3747 proprium,

833 3761 980 3823 licet
1006 3760 1152 3823 inde
1190 3759 1506 3838 jacturam
1540 3756 1713 3818 illam
1741 3758 2066 3821 incurrant
2089 3766 2367 3823 ementes

833 3855 943 3918 tali
971 3852 1209 3934 pretio!
1260 3849 1553 3930 Alioquin
1610 3851 1799 3913 etiam
1845 3852 1978 3913 sine
2005 3855 2365 3933 monopolio

832 3967 960 4010 non
976 3947 1193 4009 liceret
1209 3944 1483 4005 vendere
1502 3945 1701 4022 pretio
1716 3963 1963 4007 summo
1982 3965 1998 4020 ;
2026 3947 2174 4026 quia
2190 3967 2361 4008 num·

832 4060 1024 4123 quam
1049 4040 1115 4100 id
1140 4040 1213 4100 fit
1240 4036 1372 4097 sine
1394 4036 1767 4100 detrimento
1789 4041 2109 4117 emptoris,
2136 4042 2240 4120 qui
2260 4059 2368 4121 po-

830 4135 1052 4197 tuisset
1076 4129 1279 4193 viliori
1307 4129 1507 4208 pretio
1529 4131 1699 4209 juste
1724 4150 1954 4194 emere.
2005 4135 2082 4195 Et
2109 4133 2365 4212 quidem

830 4227 1084 4302 Molina‚
1118 4228 1190 4287 ut
1214 4228 1672 4303 consequenter
1697 4225 2081 4304 loqueretur,
2116 4227 2365 4289 videtur

830 4320 1074 4402 quodin
1086 4319 1248 4380 hanc
1273 4320 1518 4397 partem
1533 4316 1853 4380 debuisset
1870 4317 2172 4380 inclinare
2198 4340 2212 4382 ε
2230 4320 2363 4399 ipse

827 4415 894 4476 in
918 4413 1141 4476 eadem
1191 4411 1352 4489 disp.
1385 4412 1526 4472 345.
1575 4409 1638 4469 in
1681 4411 1807 4471 fine
1833 4410 2150 4491 loquendo
2180 4414 2259 4474 de
2288 4414 2363 4475 iis

829 4508 936 4588 qui
967 4508 1184 4568 emunt
1227 4520 1411 4565 omne
1447 4503 1832 4565 frumentum
1858 4504 1957 4566 vel
1987 4505 2243 4583 vinum,
2293 4512 2363 4570 ut

827 4604 1048 4681 postea
1078 4617 1295 4661 omnes
1323 4596 1402 4657 ab
1431 4595 1552 4656 illis
1589 4614 1798 4658 emere
1826 4603 2134 4677 cogantur
2160 4601 2359 4680 pretio

827 4712 1097 4770 summo,
1129 4692 1358 4753 fatetur
1386 4707 1493 4752 eos
1520 4707 1637 4751 nec
1654 4709 1919 4770 peccare
1941 4696 2158 4753 contra
2179 4692 2360 4773 justi-

823 4789 998 4866 tiam,
1029 4804 1232 4867 neque
1261 4784 1454 4848 etiam
1474 4828 1492 4860 ,
1538 4785 1782 4846 seclusa
1816 4785 2237 4864 prohibitione
2265 4789 2356 4849 le-

823 4883 920 4962 gis
977 4879 1261 4961 positivae
1284 4924 1300 4955 ,
1360 4877 1871 4940 condemnandos
1936 4898 2072 4940 esse
2116 4881 2358 4960 peccati

822 4975 1127 5052 mortaliS‚
1160 4971 1413 5054 qnando
1442 4971 1744 5032 damnum
1790 4972 2150 5052 reipublicae
2180 4993 2361 5037 sccu-

820 5073 958 5134 tum
1006 5088 1132 5131 non
1174 5069 1340 5128 esset
1389 5064 1732 5127 admodum
1761 5066 2057 5129 notabile.
2117 5066 2355 5129 Eadem

820 5169 1031 5227 autem
1060 5161 1312 5223 videtur
1356 5177 1491 5219 esse
1539 5160 1702 5221 ratio
1731 5160 1796 5220 in
1826 5160 1930 5221 illo
1962 5179 2108 5221 casu
2133 5207 2148 5237 ,
2203 5166 2266 5222 et
2292 5162 2355 5222 in

816 5256 959 5335 isto,
975 5274 1118 5318 cum
1138 5271 1317 5333 aeque
1345 5251 1426 5312 sit
1438 5253 1901 5314 contrabonum
1918 5253 2258 5332 publicum,
2295 5259 2357 5318 et

817 5368 997 5431 aeque
1009 5351 1250 5415 crescat
1266 5344 1538 5426 pretium
1559 5347 1865 5410 mei-eisin
1881 5351 2148 5429 utroque
2176 5367 2344 5412 casu.

1973 220 2076 283 DE
2116 216 2473 284 JUSTITIA
2516 218 2618 282 ΕΤ
2658 218 2860 283 JURE

2458 396 2952 476 Confirmat-ique
2980 397 3205 476 potest,
3231 396 3379 476 quia
3407 397 3456 458 si
3485 417 3611 460 non
3640 401 3987 479 praeceden-

2456 493 2519 553 te
2546 489 2928 569 monopoli0‚
2963 508 3079 551 nec
3110 491 3545 568 conventione,
3572 492 3800 571 singuli
3827 512 3898 555 cx
3928 513 3987 555 se

2458 585 2695 647 nollent
2724 584 2841 644 nisi
2871 601 3115 645 summo
3145 584 3346 664 pretio
3367 584 3638 646 vendere
3667 605 3812 647 suas
3839 605 3989 647 mer-

2458 697 2563 740 ces
2584 724 2600 755 ,
2661 677 2867 738 nullus
2896 681 3188 756 peccaret
3217 681 3437 739 contra
3464 677 3836 740 charitatem
3859 726 3875 756 ,
3935 683 3989 741 et

2456 775 2669 834 tamen
2713 771 2886 832 idem
2934 771 3238 831 damnum
3278 774 3647 851 paterentur
3684 775 3835 833 tunc
3863 790 3986 832 em-

2456 869 2697 945 ptores;
2744 883 2857 925 cur
2898 883 3046 944 ergo
3094 868 3427 944 peccatum
3474 865 3740 927 mortale
3769 866 3890 927 erit
3918 885 3985 926 ex

2458 977 2531 1019 eo
2563 957 2731 1037 quod
2760 956 3220 1020 communicato
3251 958 3508 1020 consilio
3539 958 3603 1018 id
3631 959 3882 1022 faciant.

2537 1051 2761 1114 Adhuc
2788 1054 3001 1113 tamen
3047 1070 3173 1113 non
3204 1051 3454 1113 videtur
3480 1052 3947 1113 recedendum'
3933 1072 3986 1113 ιιι
4098 1070 4177 1131 475

2458 1144 2579 1207 hoc
2608 1163 2757 1205 casu
2786 1163 2826 1204 a
2877 1145 3195 1206 communi
3227 1144 3559 1207 sententia.
3619 1146 3698 1207 Et
3739 1146 3985 1226 quidem
4078 1195 4179 1238 vm
4138 1196 4145 1206 .

2456 1238 2701 1318 legibus
2743 1237 3035 1299 humanis
3080 1239 3450 1318 gravissime
3493 1238 3905 1317 prohibetur,
3943 1240 3981 1301 l.
4070 1251 4196 1294 scutati

2458 1350 2566 1393 un.
2600 1334 2667 1394 C.
2700 1330 2769 1393 de
2796 1331 3169 1413 monopoleis,
3206 1332 3321 1392 sub
3352 1350 3540 1410 poena
3569 1331 3756 1393 etiam
3785 1333 3985 1412 priva·
4054 1304 4196 1358 ψω

2457 1425 2645 1486 tionis
2693 1425 2974 1486 omnium
3014 1425 3325 1486 bonorum
3369 1429 3431 1486 et
3476 1424 3642 1485 exilii
3683 1427 3986 1505 perpetui,

2459 1536 2538 1579 ne
2569 1517 2794 1598 aliquis
2820 1522 2931 1579 aut
2955 1517 3150 1597 aliqui
3180 1516 3547 1596 obtineant,
3600 1522 3670 1581 ut
3694 1538 3809 1599 per
3828 1520 3987 1598 ipsos

2458 1611 2626 1672 solos
2653 1629 2896 1672 merces
2923 1610 3151 1690 aliquae
3180 1610 3535 1673 vendantur
3556 1656 3573 1691 ,
3607 1616 3670 1673 et
3697 1613 3813 1673 sub
3843 1631 3990 1691 pen-

2458 1722 2540 1765 na
2567 1709 2666 1766 ⁴0.
2697 1704 3002 1765 librarum
3032 1704 3166 1765 auri
3196 1704 3601 1784 prohibetur,
3648 1725 3727 1766 ne
3756 1724 3991 1767 merca-

2458 1802 2625 1861 tores
2653 1797 2817 1859 inter
2861 1817 2927 1858 se
2975 1798 3354 1860 conveniant
3397 1799 3473 1859 de
3515 1816 3638 1860 non
3665 1799 3993 1859 vendenda

2459 1909 2667 1952 merce
2712 1891 2873 1951 infra
2929 1895 3170 1952 certum
3227 1891 3533 1970 pretium;
3595 1893 3694 1951 vel
3742 1892 3824 1951 de
3874 1911 3990 1953 non

2460 1984 2729 2045 emenda
2774 1985 2937 2045 ultra
2974 1984 3099 2045 tale
3137 1984 3449 2063 pretium,
3499 1989 3563 2045 et
3606 2003 3684 2044 ne
3728 1987 3993 2046 artifices

2460 2077 2873 2153 conveniant,
2934 2096 3012 2137 ne
3058 2095 3221 2138 unus
3268 2095 3425 2155 opus
3455 2076 3534 2137 ab
3569 2077 3691 2138 alio
3721 2082 3995 2156 coeptum

2459 2173 2876 2251 prosequatur
2902 2174 2967 2232 et
2994 2169 3114 2230 alia
3142 2169 3389 2230 similia.
3430 2169 3669 2230 Deinde
3691 2217 3707 2247 ‚
3759 2170 3997 2231 seclusa

2460 2264 2617 2342 legis
2645 2263 3087 2342 prohibitione,
3118 2262 3369 2324 videtur
3387 2263 3577 2325 etiam
3590 2263 3875 2342 graviter
3900 2281 3999 2342 op-

2461 2357 2608 2437 poni
2639 2356 2928 2418 charitati
2957 2356 3266 2436 ejusmodi
3292 2356 3621 2419 conventio
3647 2376 3661 2417 :
3686 2375 3835 2417 nam
3858 2356 4000 2417 licet

2464 2450 2738 2512 charitas
2767 2468 2891 2511 non
2919 2453 2980 2511 te
3020 2449 3256 2529 obliget
3300 2450 3381 2510 ad
3410 2449 3814 2510 vendendum
3842 2450 4001 2510 infra

2465 2561 2779 2605 summum
2808 2543 3078 2623 pretium
3097 2562 3113 2617 ;
3134 2543 3382 2604 videtur
3397 2546 3610 2604 tamen
3627 2548 3688 2605 te
3718 2543 4000 2621 obligare

2467 2638 2549 2699 ad
2576 2656 2701 2698 non
2721 2636 3212 2697 dissuadendum
3242 2635 3399 2712 aliia,
3432 2654 3513 2696 ne
3540 2635 3770 2697 mitiori
3801 2636 4001 2714 pretio

2465 2730 2764 2795 vendant.
2815 2730 2992 2792 Sicut
3032 2729 3178 2789 licet
3222 2747 3347 2790 non
3388 2732 3450 2790 te
3480 2729 3713 2808 obliget
3740 2729 3821 2789 ad
3855 2728 4003 2789 dan·

2470 2828 2618 2889 dam
2645 2826 3150 2902 eleemosynam,
3200 2821 3315 2883 nisi
3365 2822 3428 2882 in
3472 2822 3585 2883 tali
3630 2822 4003 2883 necessitate

2469 2918 2775 3000 proximi,
2826 2917 3075 2979 videtur
3118 2920 3330 2977 tamen
3359 2919 3419 2977 te
3447 2915 3727 2994 obligare
3758 2933 3841 2975 ne
3870 2914 4005 2975 aliis

2468 3013 2822 3076 volentibus
2841 3012 2993 3071 dare
3008 3011 3459 3088 eleemosynas,
3474 3009 3825 3087 praesertim
3839 3025 4007 3070 com—

2469 3125 2711 3183 muneS,
2746 3106 2809 3166 id
2839 3104 3204 3165 dissuadeas
3227 3149 3244 3181 ,
3276 3122 3339 3165 v.
3371 3121 3435 3181 g.
3461 3102 3513 3162 si
3539 3106 3610 3164 ut
3634 3102 3882 3163 vendas
3910 3120 4009 3163 ca-

2469 3203 2600 3263 rius
2627 3205 2805 3262 tuum
2830 3198 3139 3272 triticum,
3172 3197 3537 3258 dissuadeas
3567 3196 3874 3258 divitibus
3901 3215 4011 3257 vo-

2467 3295 2738 3357 lentibus
2764 3309 3020 3372 pascere
3049 3308 3357 3369 pauperes
3403 3308 3479 3349 ex
3528 3308 3642 3351 suo
3671 3309 3840 3368 pane
3865 3336 3883 3367 ,
3931 3308 4009 3349 ne

2468 3388 2534 3449 id
2561 3388 2813 3449 faciant.
2868 3384 2937 3445 Id
2989 3390 3157 3445 certe
3186 3383 3435 3444 videtur
3461 3383 3740 3463 graviter
3769 3382 4010 3463 opponi

2467 3481 2680 3546 virtuti
2722 3478 3045 3541 charitatis
3085 3481 3148 3539 et
3190 3477 3639 3539 misericordioe
3664 3523 3683 3554 ,
3731 3478 3891 3539 licet
3948 3476 4010 3536 id

2467 3576 2705 3654 absque
2744 3573 2809 3634 vi
2837 3576 2900 3634 et
2925 3570 3270 3632 mendaciis
3299 3588 3616 3649 procures.
3652 3571 3838 3633 Sicut
3865 3571 4017 3631 licet

2467 3669 2720 3731 castitas
2745 3684 2868 3728 non
2897 3664 3133 3744 obliget
3159 3655 3241 3724 ad
3268 3664 3689 3744 virginitatem
3738 3683 4014 3726 servan-

2466 3763 2635 3838 dam,
2668 3760 2769 3821 vel
2797 3759 3184 3835 caelibatum,
3216 3757 3455 3836 obligat
3480 3762 3689 3819 tamen
3717 3804 3735 3836 ,
3786 3778 3877 3820 ne
3902 3777 4021 3840 pu-

2464 3856 2626 3916 blice
2655 3854 3062 3916 concionator
3088 3850 3445 3912 caelibatum
3474 3851 3868 3929 dissuadeat,
3914 3853 4017 3915 vel

2463 3949 2884 4028 virginitatem
2913 3945 3267 4008 volentibus
3308 3945 3479 4005 illam
3521 3962 3777 4006 servare
3838 3966 3856 4008 ε
3924 3951 4025 4010 est

2465 4042 2632 4103 enim
2684 4057 2985 4119 magnum
3041 4036 3407 4099 scandalum
3462 4042 3526 4099 et
3582 4045 3645 4098 ln
3693 4057 4023 4118 magnum

2461 4135 2888 4215 proximorum
2919 4132 3385 4208 detrimentum,
3412 4131 3579 4211 quod
3601 4131 3850 4196 directe
3873 4151 4023 4213 pro-

2462 4229 2670 4290 curari
2698 4245 2823 4289 non
2868 4229 3072 4306 potest
3115 4226 3304 4287 etiam
3332 4225 3466 4286 sine
3495 4224 3558 4285 vi
3584 4229 3647 4286 et
3673 4225 3854 4288 dolo.
3923 4227 4026 4290 Si·

2460 4322 2692 4383 militer
2717 4337 2867 4400 ergo
2897 4320 3043 4381 licet
3070 4319 3343 4381 charitas
3372 4335 3498 4380 non
3526 4319 3768 4399 obliget
3799 4322 3894 4383 ad
3924 4334 4026 4385 re-

2460 4415 2835 4477 mittendum
2891 4415 2970 4475 de
2999 4415 3197 4493 pretio
3245 4429 3522 4488 summm
3578 4413 3879 4493 obligare
3923 4421 4029 4478 ta-

2459 4527 2604 4570 men
2654 4509 2903 4570 videtur
2954 4525 3032 4567 ne
3079 4507 3215 4567 aliis
3270 4506 3586 4570 remittere
3641 4508 4029 4572 volentibus

2458 4602 2525 4664 id
2570 4602 2972 4678 dissuadeas,
3024 4604 3089 4662 et
3128 4617 3426 4680 procures
3480 4615 3559 4660 ne
3612 4600 3678 4661 id
3734 4602 4024 4680 faciant,

2460 4695 2571 4757 sed
2623 4713 2871 4757 summo
2915 4694 3123 4773 rigore
3193 4696 3450 4756 utantur
3515 4707 3531 4757 ε
3599 4699 3663 4756 et
3705 4713 3838 4773 per
3900 4697 4031 4759 hoc

2459 4788 2824 4868 responderi
2891 4791 3098 4868 potest
3153 4787 3235 4848 ad
3290 4786 3595 4848 rationem
3662 4787 4034 4851 dubitandi

2459 4887 2523 4944 et
2575 4883 2653 4942 ad
2709 4881 2845 4962 ejus
2909 4877 3468 4942 confirmationem.
3547 4880 3727 4953 Quod
3795 4889 4034 4947 autem

2457 4974 2695 5038 dictum
2723 4979 2818 5038 est
2844 4977 2922 5037 de
2951 4975 3386 5051 conventione,
3418 4992 3495 5035 ne
3524 4974 3686 5036 infra
3715 4977 3867 5040 tale
3882 4998 4037 5060 pre·

2456 5068 2613 5131 tium
2649 5070 2963 5146 vendant,
3012 5069 3135 5129 dici
3181 5067 3372 5128 debet
3397 5085 3540 5128 cum
3587 5075 4036 5149 proportione

2456 5161 2534 5223 de
2582 5162 2994 5225 conventione
3024 5180 3151 5242 qua
3193 5164 3576 5223 mercatores
3604 5167 4037 5246 conspirant,

2456 5273 2533 5316 ne
2562 5256 2727 5317 ultra
2754 5255 3025 5336 pretium
3070 5255 3357 5316 infimum
3403 5258 3616 5317 emant
3653 5271 3693 5316 a
3722 5257 4040 5324 dominis

2452 5350 2780 5428 mercium,
2815 5350 2984 5431 quod
3004 5348 3274 5412 maxime
3303 5349 3512 5412 locum
3530 5348 3783 5413 habere
3805 5363 4043 5435 potest
