4263 6376
1115 315 1587 377 DISPUTATIO
1632 315 1904 391 XXXIII,
1954 317 2228 380 sEc'rlo
2273 320 2346 380 11.

173 494 476 576 quisivisse
520 491 943 564 venditorem3
979 491 1125 571 quia
1162 512 1236 552 ex
1290 496 1676 572 ‘praesumpta

173 595 227 650 et
250 585 584 648 rationabili
615 585 1017 646 dominorum
1046 586 1367 647 voluntate
1398 603 1679 646 commu-

175 682 312 743 tavit
345 680 453 740 has
480 697 590 757 pro
621 677 760 754 illis,
796 696 939 739 cum
996 678 1277 757 ejusdem
1334 682 1540 738 essent
1567 678 1681 738 bo·-

174 775 384 849 nitatis,
419 777 481 833 et
505 789 616 851 per
654 789 1046 849 consequens
1073 770 1240 832 licite
1274 775 1336 832 et
1362 771 1569 830 valide
1616 770 1679 829 in

174 884 337 927 suum
366 883 543 924 usum
573 881 678 923 eas
733 863 1114 923 convertisse
1166 867 1228 923 et
1268 883 1379 923 suo
1428 862 1680 923 nomine

174 958 527 1032 vendidisse,
587 955 755 1035 quod
806 974 881 1015 ex
935 956 1155 1034 regula
1206 956 1437 1016 tradita
1518 955 1677 1016 bene

177 1052 483 1130 colligitur.

246 1142 595 1221 Depositarii
627 1160 762 1202 esse
785 1146 1049 1221 possunt
1077 1142 1460 1221 quicumque
1490 1140 1677 1201 ratio-

180 1237 262 1296 nis
288 1255 397 1296 usu
426 1235 679 1314 pollent,
731 1241 922 1314 atque
971 1234 1160 1295 etiam
1190 1234 1446 1309 femina,
1478 1233 1520 1293 l.
1553 1232 1675 1292 Pu-

177 1329 325 1402 blica,
374 1331 436 1389 ff.
487 1326 749 1408 depositi.
783 1328 1133 1406 Religiosus
1182 1330 1393 1388 autem
1428 1325 1561 1386 sine
1602 1325 1676 1385 li-

176 1422 359 1483 centia
398 1420 635 1501 praelati
693 1420 1048 1500 depositum
1099 1419 1372 1479 alienum
1420 1435 1677 1478 servans

178 1515 320 1575 male
346 1514 548 1588 saciet,
580 1517 651 1574 ut
669 1513 875 1592 inquit
888 1513 1121 1574 Molina
1140 1511 1301 1590 disp.
1323 1513 1463 1571 525.
1489 1527 1679 1589 quem

178 1608 434 1686 sequitur
477 1609 756 1684 Layman
803 1605 912 1667 lib.
945 1621 1040 1666 111.
1076 1607 1258 1665 tract.
1292 1619 1380 1664 1v.
1415 1621 1469 1663 c.
1503 1619 1676 1663 xxlv.

178 1721 230 1761 n.
258 1704 312 1762 6.
343 1702 474 1761 Non
504 1705 714 1761 tamen
745 1698 935 1760 credo
957 1697 1021 1757 id
1052 1716 1187 1757 esse
1219 1700 1437 1757 contra
1464 1699 1681 1757 votum

178 1792 557 1872 paupertatiS,
612 1791 664 1852 si
712 1791 891 1852 sistat
935 1790 999 1849 in
1044 1807 1220 1850 mero
1270 1788 1576 1867 depositO,
1621 1790 1684 1848 et

180 1885 313 1945 nihil
333 1884 485 1964 juris
514 1883 613 1944 vel
644 1882 1049 1943 emolumenti
1078 1885 1357 1942 transeat
1402 1880 1464 1939 in
1496 1880 1682 1960 depo·

179 1977 455 2052 sitm-ium,
489 1980 558 2036 ut
587 1995 730 2037 cum
761 1976 1064 2051 Sanchez,
1101 1979 1164 2036 et
1191 1973 1328 2033 aliis
1360 1973 1487 2033 dixi
1518 1972 1678 2050 disp.

182 2071 273 2130 lll.
300 2075 444 2131 sect.
479 2086 617 2130 vm.
653 2069 930 2130 illatione
960 2071 1019 2128 4.

248 2163 598 2242 Depositum
627 2161 806 2221 reddi
849 2161 1037 2221 debet
1080 2159 1288 2220 statim
1328 2176 1402 2219 ac
1430 2158 1682 2236 petitur,

131 2310 142 2320 .
182 2263 235 2316 et
272 2255 383 2316 hoc
418 2255 567 2315 licet
611 2254 934 2332 deponens
980 2252 1237 2312 dixisset
1264 2270 1328 2312 se
1369 2250 1686 2328 deponere

131 2364 142 2373 ·
187 2349 239 2408 in
266 2366 560 2424 mensem,
594 2353 659 2408 et
686 2351 904 2425 postea
931 2350 1174 2406 mutato
1204 2344 1413 2404 animo
1444 2346 1691 2421 repetat

183 2443 233 2501 in
259 2443 372 2501 fine
402 2439 841 2515 hebdomades,
878 2439 930 2498 si
957 2443 1169 2499 tamen
1198 2437 1316 2498 fuit
1330 2453 1548 2497 verum
1578 2435 1689 2494 de-

182 2535 451 2614 positum,
502 2536 566 2594 et
594 2551 716 2592 non
747 2531 954 2610 potius
983 2531 1208 2591 locatio
1238 2529 1327 2589 rei
1360 2527 1684 2606 depositas,

183 2633 235 2687 et
261 2629 495 2687 constat
541 2645 617 2685 ex
663 2643 778 2702 cap
806 2624 980 2684 Bona
1002 2621 1169 2704 fides,
1205 2620 1275 2681 de
1302 2620 1495 2701 depos.
1545 2621 1589 2680 l.
1640 2636 1684 2680 1.

182 2721 230 2798 ἓ.
276 2719 384 2779 Est
406 2727 619 2790 autem,
657 2721 720 2778 et
743 2718 799 2797 ἓ.
834 2717 1070 2796 penult.
1107 2717 1171 2775 ff.
1218 2713 1480 2795 depositi.
1534 2715 1692 2775 Sunt

185 2817 372 2872 autem
392 2812 582 2872 variae
612 2829 816 2889 poenae
836 2809 1079 2888 legibus
1108 2807 1415 2886 impositae
1439 2804 1692 2884 neganti

183 2906 267 2964 vel
308 2922 425 2965 non
468 2903 760 2964 reddenti
836 2902 1214 2980 depositum,
1271 2917 1410 2979 quae
1467 2898 1694 2958 videri-

182 3002 415 3075 possunt
438 2996 609 3076 apud
638 2995 936 3057 Molinam
965 2994 1124 3072 disp.
1160 2994 1300 3054 526.
1335 2990 1688 3070 Aliquando

181 3098 369 3150 tamen
394 3091 488 3151 fas
518 3093 612 3150 est
639 3108 763 3149 non
794 3087 1061 3149 reddere
1112 3086 1469 3165 depositum
1498 3084 1693 3163 depo-

185 3184 356 3245 nenti.
410 3184 639 3259 Prima,
692 3181 944 3261 quando
976 3181 1037 3241 iu
1067 3199 1250 3242 suum
1298 3178 1397 3239 vel
1427 3178 1692 3239 aliorum

184 3277 461 3337 damnum
490 3278 554 3337 id
602 3276 849 3355 repetit,
883 3274 1185 3353 gladium,
1222 3292 1281 3333 v.
1315 3291 1377 3350 g.
1414 3272 1493 3331 ad
1527 3270 1692 3332 occi-

185 3370 435 3430 dendum
480 3369 708 3449 injuste
754 3368 855 3429 vel
900 3368 964 3427 in
1011 3367 1242 3428 furore.
1280 3365 1591 3440 Secundo,
1641 3363 1693 3423 si

186 3461 329 3521 bona
373 3461 743 3541 deponentis
790 3460 1109 3539 publicata
1138 3463 1284 3519 sunt
1313 3464 1375 3520 et
1400 3459 1551 3518 fisco
1583 3456 1695 3517 ad-

186 3552 355 3614 dicta.
400 3554 631 3629 Tertio,
681 3552 932 3631 quando
977 3552 1291 3627 dominus,
1325 3551 1509 3611 simul
1549 3567 1693 3609 cum

188 3645 301 3706 iure
343 3647 443 3726 qui
482 3665 617 3707 rem
654 3646 948 3707 furtivam
976 3645 1286 3723 deposuit,
1321 3644 1477 3723 petit
1509 3663 1522 3705 :
1558 3643 1695 3703 red-

187 3736 374 3798 denda
390 3743 484 3800 est
511 3738 679 3799 enim
709 3738 963 3799 domino
992 3737 1044 3797 si
1058 3740 1300 3797 constet
1326 3754 1459 3796 esse
1489 3753 1690 3797 suam.

187 3831 420 3908 Quarto,
466 3832 520 3891 si
565 3851 667 3892 res
710 3831 875 3892 furto
906 3829 1115 3890 ablata
1146 3829 1498 3909 deponatur
1526 3826 1694 3906 apud

187 3925 488 4002 proprium
535 3923 884 3998 dominum,
930 3921 1035 4001 qui
1085 3925 1232 3982 tunc
1260 3921 1529 3981 reddere
1572 3937 1697 3979 non

186 4020 432 4094 tenetur,
485 4036 561 4077 ex
609 4016 776 4077 dicta
822 4017 961 4093 lege
987 4015 1160 4075 Bona
1184 4012 1350 4094 fides.
1399 4016 1495 4074 An
1547 4030 1696 4073 vero

192 4110 369 4185 possit
407 4109 823 4188 depositarius
852 4127 928 4168 ex
972 4127 1041 4167 re
1072 4106 1357 4184 deposita
1401 4123 1698 4182 compen-

188 4219 311 4262 sare
339 4203 454 4263 sibi
486 4203 546 4262 in
598 4203 732 4263 foro
763 4200 1159 4261 conscientia}
1188 4198 1698 4278 compensatione

192 4295 414 4355 occulta
446 4314 558 4374 pro
593 4296 827 4370 debito,
861 4292 1030 4373 quod
1073 4292 1393 4371 deponens
1424 4290 1481 4350 ei
1513 4290 1702 4351 debet

191 4391 244 4446 et
268 4405 633 4467 recuperare
677 4406 799 4448 non
831 4389 1065 4464 potest:
1102 4386 1229 4445 dixi
1276 4385 1436 4463 disp.
1470 4400 1598 4444 Χνι.
1631 4381 1701 4443 de

192 4478 405 4556 insumis
434 4482 836 4561 fortunarum,
869 4483 1020 4540 sect.
1056 4481 1115 4540 5.
1141 4478 1389 4555 agendo
1422 4476 1497 4536 de
1529 4495 1701 4536 com-

190 4574 534 4647 pensatione
602 4574 845 4635 occulta
897 4573 1088 4632 licita.
1162 4573 1250 4631 De
1312 4569 1454 4648 jure
1512 4569 1700 4630 etiam

190 4667 485 4726 communi
526 4649 731 4745 potest
758 4663 1173 4744 depositarius
1221 4662 1574 4740 depositum
1602 4679 1703 4720 re-

191 4755 389 4834 tinere,
449 4759 650 4819 donec
691 4759 1012 4819 solvantur
1066 4756 1121 4815 ei
1178 4773 1465 4833 expensa}
1520 4754 1700 4814 factae

191 4848 340 4910 circa
368 4870 499 4912 rem
529 4852 902 4930 depositam,
930 4849 1110 4929 juxta
1133 4849 1434 4923 messam,
1470 4851 1532 4907 et
1551 4846 1703 4905 alios

194 4959 333 5018 quos
378 4946 560 5006 aflert
612 4944 845 5006 Melina
890 4943 1058 5003 dicta
1105 4942 1266 5020 disp.
1302 4943 1440 5001 526.
1475 4941 1531 5018 ἓ.
1580 4939 1704 4999 Pro

194 5037 458 5114 expensis.
493 5037 775 5116 Denique
821 5055 903 5096 an
933 5036 1255 5114 deponens
1302 5034 1529 5093 debeat
1552 5050 1706 5110 prae-

195 5125 324 5188 ferri
363 5131 497 5190 aliis
543 5129 955 5190 creditoribus
1003 5126 1386 5205 depositarii,
1437 5125 1706 5185 diximus

200 5219 344 5300 disp.
377 5240 476 5284 xx.
511 5222 581 5284 de
610 5221 813 5282 ordine
839 5221 1215 5281 restitutionis
1239 5224 1388 5280 sect.
1422 5222 1482 5280 5.
1508 5238 1568 5279 n.
1602 5222 1700 5278 84.

267 5316 535 5378 Tractari
569 5316 670 5376 hic
704 5317 882 5391 solet,
916 5333 991 5374 ex
1030 5332 1155 5392 qua
1194 5312 1377 5390 culpa
1424 5315 1709 5373 tencatur

197 5404 614 5485 depositarius,
650 5408 699 5468 si
729 5427 830 5468 res
860 5406 1143 5486 deposita
1184 5404 1444 5484 pereat?
1470 5406 1558 5465 De
1585 5403 1706 5465 hoc

497 5506 654 5565 Tou.
688 5503 819 5564 Vll.

3195 327 3310 384 5⁴5

1780 496 1990 553 tamen
2023 495 2294 556 diximus
2327 496 2491 575 disp.
2526 513 2663 558 vm.
2698 497 2768 557 de
2802 498 3037 578 injuriis
3064 505 3215 563 sect.
3248 505 3307 563 8.

1786 589 2021 648 Rursus
2068 590 2326 651 tractari
2355 591 2534 667 solet,
2569 610 2648 650 an
2681 591 3096 670 depositarius
3124 595 3320 673 possit

1783 699 1884 740 res
1923 701 2070 742 suas
2113 683 2407 761 praeferre
2456 684 2779 763 depositiS,
2816 685 3070 762 quando
3119 691 3319 748 utras-

1780 793 1902 853 que
1931 775 2176 836 salvare
2223 776 2460 854 nequit,
2493 776 2570 836 de
2602 794 2725 855 quo
2758 776 2887 837 dixi
2907 777 3032 839 late
3079 779 3315 840 ibidem

1777 871 1941 929 sectn
1966 870 2063 929 10.

2252 1305 2669 1389 ssscho
2741 1308 2828 1390 ll.

1897 1605 1986 1666 De
2020 1607 2379 1668 commodato
2411 1627 2434 1668 .·
2463 1609 2568 1670 ubi
2591 1609 2776 1672 obiter
2805 1611 2874 1672 de
2895 1614 3192 1694 precario,

1859 1878 2340 1940 Commodatum
2385 1878 2709 1957 accipitur,
2763 1885 2826 1940 et
2872 1898 2986 1958 pro
3044 1899 3113 1940 re
3154 1898 3318 1941 com·
3503 1901 3542 1959 g

1779 1969 2057 2045 mndata,
2109 1974 2173 2032 et
2240 1990 2353 2050 pro
2425 1971 2559 2049 ipso
2630 1975 2998 2048 contractu,
3061 1973 3170 2051 qui
3225 1977 3319 2034 est
3420 2025 3524 2078 Quid
3557 2025 3612 2067 ὼ

1640 2107 1665 2125 .
1780 2062 1869 2123 rei
1894 2062 2141 2143 alictcjzis
2168 2062 2366 2144 quoad
2389 2064 2574 2124 solum
2605 2084 2770 2124 usum
2802 2065 3066 2145 qratuita
3096 2085 3319 2127 conces-
3398 2079 3637 2122 commia-

3367 2138 3468 2186 lum,
3503 2137 3544 2174 et
3574 2144 3663 2195 qua

1780 2156 1884 2227 sio,
1918 2157 1973 2234 ἓ.
2008 2156 2154 2216 Item
2182 2156 2250 2229 z's,
2280 2157 2480 2218 Instit.
2515 2157 2722 2238 quibus
2757 2158 2942 2218 modis
2991 2178 3054 2219 re
3083 2168 3318 2219 contra·
3367 2187 3460 2242 ejus
3477 2189 3664 2230 materna.

1782 2247 1943 2308 kz‘tur
1988 2248 2286 2329 obliqatiO.
2340 2252 2422 2312 Ut
2450 2256 2660 2311 tamen
2710 2269 2746 2310 a
2776 2252 3061 2330 precario
3093 2252 3314 2313 distin-

1782 2347 2034 2420 guatur,
2068 2342 2328 2405 deberet
2356 2343 2504 2403 addi
2535 2344 2818 2404 concessio
2847 2364 2963 2404 non
3011 2345 3094 2406 ad
3115 2355 3321 2406 nutum

1783 2434 2142 2495 revocabilis.
2177 2437 2245 2495 In
2276 2435 2396 2495 hoc
2451 2436 2618 2496 enim
2674 2436 2884 2498 differt
2924 2457 2963 2499 a
3010 2440 3316 2517 precario,

1788 2527 1955 2606 quod
1986 2527 2395 2588 commodans
2415 2547 2539 2588 non
2552 2534 2759 2608 potest
2777 2530 2988 2591 statim
3009 2537 3318 2610 repetere,

1785 2638 1965 2681 secus
1996 2619 2057 2678 in
2089 2620 2395 2698 precario.
2431 2622 2642 2683 Manet
2670 2641 2817 2699 ergo
2848 2622 3200 2683 dominium
3229 2624 3323 2685 rei

1784 2731 1977 2793 penes
2023 2712 2555 2788 commodantem,
2586 2715 2633 2774 si
2668 2714 2958 2776 dominus
2989 2721 3157 2788 erat;
3207 2735 3320 2794 po-

1784 2810 1905 2868 test
1961 2805 2127 2864 enim
2176 2805 2365 2867 etiam
2415 2806 2838 2883 commodare,
2883 2809 2986 2887 qui
3027 2809 3320 2869 dominus

1787 2917 1910 2959 non
1933 2901 2047 2975 est,
2080 2901 2151 2959 ut
2169 2897 2535 2974 conductor,
2557 2899 3053 2962 usufructuarius
3074 2906 3134 2962 et
3151 2901 3320 2961 simi-

1785 2991 1897 3052 leS.
1942 2993 2072 3052 Imo
2122 2997 2184 3052 et
2231 2992 2538 3070 possessio
2586 2997 2800 3054 manet
2827 2994 2997 3073 apud
3047 3013 3323 3055 commo-

1786 3085 2065 3161 dantem,
2126 3085 2234 3163 qui
2302 3103 2416 3163 per
2468 3086 3039 3148 commodatarium
3109 3088 3322 3149 adhuc

1786 3178 1993 3259 pergit
2047 3177 2367 3257 possidere
2425 3178 2616 3240 etiam
2674 3180 3062 3258 naturaliter,
3114 3182 3154 3243 l.
3217 3181 3329 3243 Rei

1786 3271 2182 3344 commodatae,
2245 3276 2307 3332 et
2357 3272 2400 3333 l.
2462 3273 2773 3351 sequenti,
2825 3276 2888 3335 ff.
2942 3275 3318 3336 commodari.

1787 3365 1966 3427 Unde
1996 3364 2045 3423 si
2088 3364 2327 3442 absque
2357 3365 2540 3444 culpa
2571 3366 3048 3429 commodatarii
3083 3387 3184 3429 res
3215 3387 3325 3447 pe-

1786 3461 1946 3534 reat,
1980 3457 2145 3535 perit
2172 3457 2451 3532 domino,
2488 3459 2589 3518 cui
2619 3477 2718 3519 res
2749 3459 2972 3520 eadem
3003 3462 3064 3520 in
3098 3461 3320 3521 indivi-

1788 3551 1912 3611 duo
1960 3549 2287 3609 reddenda
2336 3553 2489 3611 erat.
2545 3550 2784 3613 Dicitur
2830 3553 3020 3614 etiam
3062 3554 3326 3633 qratuita

1788 3643 2090 3716 concessiO,
2129 3643 2274 3721 quia
2304 3643 2353 3702 si
2387 3648 2551 3704 esset
2569 3662 2678 3722 pro
2709 3645 2933 3724 preti0‚
2968 3650 3133 3708 esset
3160 3648 3324 3708 loca-

1790 3737 1907 3809 tio;
1943 3736 1991 3795 si
2022 3754 2135 3815 pro
2159 3737 2280 3797 alio
2304 3735 2627 3813 interesse,
2661 3745 2825 3801 esset
2853 3743 3214 3800 contractus
3234 3741 3324 3800 in·-

1791 3829 2169 3891 nominatuS.
2204 3829 2463 3890 Materia
2492 3831 2872 3893 commodati
2895 3838 3040 3894 sunt
3062 3850 3161 3893 res
3190 3852 3327 3894 mo-

1788 3921 1945 3983 biles
1971 3925 2160 4000 atque
2191 3922 2381 3982 etiam
2410 3921 2762 3982 immobiles
2797 3943 2809 3984 :
2845 3930 3109 4003 possunt
3137 3927 3325 3986 etiam

1791 4014 2203 4089 commodari,
2267 4032 2407 4092 quae
2464 4033 2578 4074 usu
2629 4021 3107 4093 consumuntur,
3159 4023 3228 4078 ut
3274 4019 3324 4079 si

1793 4108 2103 4169 concedas
2133 4107 2464 4185 pecuniam
2497 4107 2593 4167 vel
2625 4108 2820 4184 cibos,
2856 4128 2978 4169 non
3012 4114 3080 4170 ut
3109 4129 3328 4171 consu-

1792 4203 2064 4275 mantur,
2124 4199 2234 4259 sed
2284 4199 2364 4258 ad
2393 4218 2690 4278 pompam
2720 4204 2781 4261 et
2811 4205 2878 4261 ut
2919 4201 3030 4262 tibi
3062 4203 3329 4263 reddan-

1793 4296 1914 4354 tur.
1971 4292 2301 4353 Perficitur
2357 4296 2568 4352 autem
2627 4292 2728 4353 hic
2774 4298 3155 4371 contractus,
3204 4315 3328 4356 non

1796 4385 1926 4445 solo
1957 4403 2288 4460 consensu,
2321 4386 2431 4446 sed
2463 4386 2819 4460 traditione,
2854 4387 3014 4449 sicut
3040 4393 3329 4450 mutuum

1798 4483 1865 4539 ut
1894 4478 2022 4537 dixi
2051 4478 2211 4557 disp.
2240 4495 2390 4539 xx11.
2424 4477 2494 4538 de
2522 4479 2911 4541 contractibus
2943 4487 3094 4542 sect.
3127 4486 3186 4547 3.

1879 4571 2036 4631 Hinc
2110 4571 2375 4631 infertur
2429 4573 2897 4633 commodatum
2953 4576 3150 4653 repeti
3205 4595 3329 4636 non
3517 4590 3555 4647 9

1799 4682 1982 4743 posse
2014 4665 2416 4724 autefiuitum
2447 4668 2714 4743 tempus,
2739 4666 2819 4725 ad
2842 4667 3005 4744 quod
3040 4686 3329 4745 expresse
3395 4710 3563 4764 Quando
3583 4723 3664 4752 nou

1800 4757 1900 4817 vel
1928 4757 2114 4816 tacite
2156 4774 2524 4820 concessum
2555 4758 2690 4829 fuit,
2740 4763 2808 4819 ut
2840 4758 2891 4818 si
2920 4761 3332 4821 commodasti
3382 4766 3512 4821 1³0³·ss
3531 4764 3679 4819 repen.

1802 4849 1880 4909 ad
1922 4867 2226 4923 mensem,
2279 4850 2376 4908 vel
2423 4850 2674 4925 librum,
2724 4856 2793 4910 ut
2837 4850 2958 4929 legi
3001 4853 3098 4911 vel
3146 4854 3333 4913 ctiam

1802 4941 2134 5002 transcribi
2184 4948 2412 5019 posset.
2470 4943 2649 5004 Unde
2683 4944 2788 5021 qui
2819 4949 3152 5021 repeteret,
3187 4964 3331 5024 pee-

1806 5039 1981 5095 caret
2026 5038 2245 5094 contra
2285 5034 2596 5113 justitiam
2627 5034 2912 5095 laedendo
2951 5036 3054 5115 jus
3085 5056 3157 5095 ex
3187 5056 3329 5097 con·

1807 5131 2010 5187 tractu
2039 5127 2437 5205 acquisitum,
2472 5145 2586 5186 nec
2630 5128 3157 5188 commodatarius
3184 5130 3336 5190 dare

1807 5223 2149 5296 teneretur,
2186 5225 2248 5280 et
2275 5220 2382 5297 qui
2411 5218 2685 5279 auferret
2712 5219 2968 5281 deberet
3012 5222 3337 5282 restituere

1809 5312 2136 5385 damnum,
2171 5316 2233 5372 et
2259 5312 2558 5372 iuteresse
2591 5330 2729 5390 cap.
2766 5313 2947 5374 unico
2995 5312 3064 5374 dc
3090 5334 3342 5374 commo-

1813 5413 1891 5479 to,
1926 5404 2058 5465 etl.
2094 5405 2166 5465 ln
2198 5403 2576 5477 commodate,
2629 5405 2686 5482 ἓ.
2718 5405 2883 5479 sicut,
2926 5408 2988 5467 ff.
3024 5406 3216 5469 codem
3249 5408 3336 5468 tit.

2945 5503 3021 5561 35
