4263 6376
584 675 660 734 22

534 800 599 841 An
618 799 648 841 li
651 804 740 842 teat

530 859 758 907 permutare

490 907 698 972 aqualiter
662 919 785 1002 pro

513 972 684 1014 pecunia

489 1013 582 1056 loco
587 1013 678 1062 ‚iub
694 1013 785 1067 plus

562 1046 712 1110 v'aleat.

825 303 942 363 396

828 476 929 536 vel
957 494 1080 537 uon
1111 478 1230 554 sit,
1279 497 1481 559 neque
1512 498 1666 559 opus
1696 484 1791 541 est
1836 500 2000 541 nunc
2047 482 2150 541 illa
2179 500 2361 560 repe-

830 572 982 631 tere.

912 662 1138 733 Quinto
1168 663 1442 725 dubitari
1468 668 1677 745 potest
1698 712 1713 742 ,
1755 683 1833 725 an
1864 666 2046 729 liceat
2074 685 2357 727 commu-

831 757 965 815 tare
996 754 1326 832 pecuniam
1349 802 1365 833 ,
1415 759 1780 836 accipiendo
1811 764 2062 820 centum
2110 778 2356 835 aureOS,

834 863 892 906 v.
924 865 987 924 g.
1015 864 1172 925 quos
1188 847 1382 909 habes
1405 852 1639 926 Romae,
1662 851 1946 912 etdando
1966 852 2080 913 tibi
2103 852 2362 913 totidem

834 957 992 1017 quos
1022 938 1223 1000 habeo
1252 940 1317 1000 in
1365 943 1664 1021 Hispania
1688 990 1703 1020 ,
1756 944 1855 1005 ubi
1899 945 2124 1023 singuli
2154 946 2365 1006 valent

833 1030 1131 1092 tredecim
1158 1033 1356 1096 Julios
1379 1081 1394 1110 ,
1426 1053 1570 1096 cum
1620 1040 1832 1098 Ro'moe
1861 1043 2075 1098 vatent
2100 1038 2363 1117 quinde-

834 1123 956 1182 cim
985 1125 1082 1184 vel
1113 1144 1147 1184 e
1178 1132 1394 1189 centia
1437 1130 1499 1188 in
1531 1130 1832 1209 Hispania
1876 1131 2021 1190 dem
2067 1130 2177 1192 tibi
2227 1130 2365 1191 illos

833 1220 1084 1277 centum
1120 1237 1347 1280 aureos
1391 1240 1504 1301 pro
1548 1223 1685 1283 aliis
1731 1225 1983 1284 centum
2025 1223 2364 1283 reddendis

832 1309 986 1369 mihi
1017 1313 1253 1388 Romae,
1288 1314 1393 1374 ubi
1423 1315 1563 1393 plus
1591 1316 1821 1376 valent.
1858 1318 2105 1395 Negant
2134 1316 2197 1376 id
2229 1334 2363 1376 esse

833 1401 1073 1464 licitum
1101 1406 1370 1483 Bannes,
1405 1411 1467 1468 et
1492 1408 1713 1469 Ledes,
1744 1427 1900 1488 quos
1930 1410 2143 1485 refert,
2176 1414 2239 1470 et
2266 1427 2364 1469 se·-

836 1494 1048 1573 quitur
1103 1497 1282 1558 Salas
1336 1499 1487 1560 dub.
1545 1516 1766 1562 xxvm.
1802 1501 1949 1580 quia
1994 1502 2056 1561 in
2097 1504 2364 1579 utroque

835 1605 982 1648 casu
1012 1589 1150 1666 plus
1180 1590 1439 1671 accipio,
1473 1594 1781 1672 quamde,
1808 1612 1950 1654 cum
1973 1594 2117 1654 dem
2140 1611 2367 1654 aureos

834 1680 1114 1741 valentes
1143 1684 1444 1744 tredecim
1472 1686 1692 1761 Julius,
1728 1693 1789 1746 et
1818 1687 2121 1766 accipiam
2151 1687 2366 1746 valen-

834 1775 928 1833 tes
958 1774 1315 1852 quindecim
1363 1778 1467 1837 ubi
1514 1797 1621 1839 eos
1667 1779 1927 1857 accipie.
1963 1782 2272 1841 Caeterum
2301 1779 2364 1838 in

836 1865 1010 1943 praxi
1039 1886 1179 1929 raro
1209 1870 1396 1930 credo
1427 1870 1785 1932 defuturum
1832 1872 2081 1932 titulum
2112 1873 2192 1932 ad
2221 1890 2366 1932 eum

835 1963 1224 2021 contractum
1264 1961 1431 2023 licite
1478 1963 1872 2036 faciendum;
1928 1965 2079 2044 quiu
2124 1965 2227 2025 ille
2258 1966 2366 2045 qui

838 2050 947 2111 dat
974 2070 1195 2113 aureos
1224 2054 1330 2114 ubi
1358 2054 1498 2133 plus
1526 2057 1757 2133 valent,
1792 2075 1904 2135 pro
1926 2057 2190 2118 totidem
2218 2058 2368 2119 alibi

837 2143 1212 2223 recipiendis
1241 2165 1385 2208 cum
1413 2149 1640 2209 minori
1670 2150 1916 2227 valore,
1958 2151 2099 2210 ideo
2128 2151 2191 2210 id
2222 2152 2372 2213 facit

839 2237 986 2315 quia
1013 2236 1252 2317 indiget
1278 2241 1485 2301 aureis
1514 2242 1575 2301 in
1604 2242 1728 2303 alio
1773 2243 1876 2303 illo
1919 2243 2056 2304 loco
2081 2290 2096 2319 ,
2140 2248 2203 2304 et
2243 2262 2368 2304 non

839 2332 1042 2407 potest
1070 2330 1248 2392 facile
1276 2333 1421 2394 illuc
1449 2353 1593 2396 suos
1624 2336 1900 2407 deferre:
1936 2355 2129 2416 quare
2151 2355 2267 2416 ego
2297 2337 2370 2397 ti-

837 2421 969 2483 tulo
1017 2426 1456 2502 asportationis
1507 2427 1788 2489 virtualis
1834 2432 2049 2506 potero
2099 2429 2370 2508 pretium

838 2514 1092 2594 aliquod
1119 2518 1425 2597 accipere,
1460 2524 1529 2580 ut
1551 2521 1713 2580 infra
1735 2520 2085 2581 videbimus
2116 2523 2178 2581 in
2209 2541 2374 2583 cam-

838 2608 941 2670 bio
967 2610 1169 2671 locali.
1206 2612 1594 2690 Regulariter
1623 2617 1833 2674 autem
1856 2616 2096 2694 aequale
2118 2617 2371 2678 autfere

841 2704 960 2765 erit
984 2704 1254 2782 pretium
1292 2705 1535 2785 justum
1571 2706 1996 2768 translationis
2026 2714 2088 2769 et
2120 2710 2372 2770 locatio·

841 2796 937 2856 nis
965 2815 1122 2857 meae
1152 2815 1393 2875 operae,
1427 2817 1569 2859 cum
1619 2817 1876 2860 excessu
1908 2801 2139 2861 valoris
2184 2820 2372 2881 quem

840 2888 1032 2949 habet
1060 2891 1325 2967 pecunia
1354 2891 1417 2950 in
1439 2891 1734 2956 hocloco.
1761 2894 1980 2954 Posset
1998 2899 2210 2955 tamen
2232 2913 2374 2956 con·

841 2982 1081 3059 tingere
1111 2983 1278 3060 quod
1309 2989 1565 3063 propter
1591 2984 2008 3063 ignorantiam
2038 2988 2374 3066 campsarii

840 3074 1176 3153 aliquando
1205 3073 1473 3153 injustus
1500 3076 1580 3137 sit
1604 3082 1981 3154 contractus,
2003 3083 2067 3140 et
2084 3098 2209 3140 non
2240 3099 2376 3159 pos-

841 3167 921 3229 sit
948 3185 1239 3246 campsor
1284 3168 1450 3230 licite
1498 3170 1783 3249 accipere
1833 3175 2031 3234 totum
2060 3173 2235 3234 illum
2268 3193 2376 3235 ex-

843 3279 1135 3322 cessum:
1169 3261 1317 3341 quia
1364 3264 1615 3342 quando
1670 3265 1939 3344 pecunia
1983 3267 2180 3328 multo
2235 3268 2374 3345 plus

843 3354 1012 3416 valet
1040 3358 1274 3433 Romae,
1310 3376 1369 3418 v.
1402 3376 1465 3435 g.
1505 3376 1695 3437 quam
1742 3359 1803 3419 in
1852 3359 2150 3439 Hispania
2176 3407 2190 3436 ,
2236 3380 2375 3439 pro-

845 3453 984 3528 pter
1009 3448 1317 3510 minorem
1361 3450 1609 3529 copiam
1636 3470 1775 3531 quae
1820 3455 2032 3513 Romae
2064 3454 2172 3529 sit,
2205 3453 2375 3513 inve·

847 3541 1096 3602 nientur
1123 3542 1304 3602 facile
1334 3543 1551 3619 multi,
1599 3545 1745 3624 quia
1794 3546 2034 3625 absque
2061 3546 2233 3608 lucro
2264 3546 2377 3606 da-

845 3636 1005 3697 bunt
1027 3635 1195 3694 mille
1223 3636 1421 3697 Julios
1447 3637 1679 3698 Matriti
1701 3682 1716 3713 ,
1771 3643 1840 3699 ut
1867 3638 2128 3700 totidem
2160 3643 2374 3700 Romae

845 3727 1173 3806 recipiant,
1205 3728 1330 3789 imo
1361 3728 1478 3808 ipsi
1521 3729 1762 3791 dabunt
1808 3748 1921 3808 pro
1970 3732 2088 3792 hoc
2121 3731 2376 3812 aliquod

844 3821 1111 3881 lucrum.
1147 3821 1350 3893 Quare
1379 3826 1590 3899 posset
1614 3823 1795 3882 facile
1826 3824 2213 3903 campsarius
2238 3828 2382 3900 100.-

849 3932 1074 3974 aureos
1093 3931 1259 3989 SUOS,
1281 3932 1437 3993 quos
1455 3915 1892 3990 Romzehabet,
1915 3921 2274 3993 permutare
2294 3918 2377 3977 ibi

851 4007 1719 4087 pr01500..1u1iis‚eta0cipere
1733 4008 2375 4086 Matritiffioojulios,

853 4099 959 4178 qui
985 4098 1071 4158 ihi
1088 4098 1298 4158 valent
1315 4103 1336 4158 1
1356 4102 1449 4160 15.
1472 4117 1694 4159 aureos
1710 4104 1771 4160 et
1786 4099 1937 4159 dare
1959 4103 2171 4161 ltomae
2203 4105 2374 4164 1500.

849 4194 882 4254 J
894 4192 1047 4252 ulios
1074 4210 1188 4269 pro
1219 4190 1336 4250 illis
1368 4194 1504 4253 115.
1548 4191 1754 4251 aureis
1802 4193 2033 4253 Matriti
2081 4195 2376 4273 acceptis.

852 4288 988 4347 Non
1018 4302 1164 4362 ergo
1195 4287 1358 4346 esset.
1375 4283 1614 4363 justum
1645 4285 1955 4344 cambium
1982 4285 2130 4345 dare
2152 4285 2382 4348 Matriti

853 4382 1104 4440 centum
1160 4395 1382 4437 aureos
1451 4396 1565 4455 pro
1636 4377 1897 4438 totidem
1968 4381 2180 4439 Romae
2244 4380 2387 4439 red-

856 4471 1099 4547 dendiS‚
1133 4488 1275 4531 cum
1304 4470 1625 4531 translatio
1656 4470 1760 4529 illa
1789 4489 1862 4530 ex
1914 4473 2108 4532 Roma
2140 4472 2219 4532 ad
2249 4473 2384 4533 Ma-

855 4565 1073 4626 tritum
1102 4581 1223 4624 non
1268 4563 1474 4623 valeat
1518 4564 1580 4622 in
1628 4564 1761 4624 foro
1810 4563 1985 4624 illum
2032 4584 2381 4644 excessum,

855 4657 1164 4738 siquidem
1192 4656 1296 4717 alii
1325 4656 1741 4718 communiter
1783 4657 1991 4736 plures
2028 4676 2252 4719 aureos
2282 4660 2388 4719 da-

854 4757 995 4814 rent
1020 4751 1255 4814 Matriti
1289 4768 1402 4829 pro
1433 4754 1684 4811 centum
1714 4751 1919 4811 aureis
1967 4754 2182 4812 Romae
2225 4753 2390 4812 acci-

857 4846 1123 4926 piendiS.

937 4942 1124 5001 Sexto
1154 4937 1426 4999 dubitari
1455 4941 1695 5017 potest,
1750 4937 1900 5017 quid
1931 4936 2271 4997 dicendum
2312 4936 2392 4998 sit

858 5034 920 5094 in
951 5052 1132 5108 casu,
1184 5033 1262 5092 de
1310 5050 1434 5111 quo
1467 5050 1629 5090 anno
1658 5030 2041 5109 praecedenti
2069 5031 2390 5092 consultus

667 5086 786 5222 :⁰⁰¹2
780 5150 805 5160 ·
858 5127 993 5187 fui?
1018 5128 1314 5205 Princeps
1343 5125 1566 5204 aliquis
1594 5124 1882 5185 concedit
1908 5124 2257 5184 monetario
2287 5143 2391 5202 pe-

580 5191 809 5435 usa}
856 5220 1011 5282 tenti
1040 5221 1399 5281 facultatem
1430 5217 1699 5279 cudendi
1730 5222 2049 5278 monetam
2093 5217 2390 5296 inscripto

856 5314 918 5374 in
950 5331 1023 5373 ea
1053 5331 1223 5389 vero,
1285 5317 1348 5373 et
1401 5311 1678 5390 legitimo
1725 5310 1974 5386 valore,
2025 5311 2136 5371 sed
2176 5311 2387 5387 talem,

755 5407 788 5438 ·
856 5424 997 5486 quae
1026 5425 1151 5466 non
1182 5404 1668 5483 intelligentibus
1696 5404 1874 5482 signa
1906 5407 1967 5464 et
1994 5403 2391 5465 characteres

856 5500 1016 5577 moa,
1048 5503 1310 5579 apparet
1325 5498 1514 5576 duplo
1536 5497 1795 5575 maj0ris
1822 5496 2071 5571 valoriS,
2108 5501 2170 5558 et
2190 5496 2331 5556 ideo
2355 5514 2390 5555 a

1979 306 2082 366 DE
2124 304 2479 366 JUSTITIA
2522 305 2622 365 ΕΤ
2663 306 2862 367 JURE

2455 482 2911 543 mercatoribus
2937 482 3203 543 libenter
3228 486 3291 543 et
3317 499 3505 560 supra
3527 482 3658 561 ejus
3675 500 3893 544 verum
3921 486 3982 541 et

2456 574 2803 653 legitImum
2832 576 3110 636 valorem
3142 575 3448 654 accipitur
3469 621 3484 650 ,
3515 592 3589 634 eo
3618 575 3772 654 quod
3807 574 3983 654 apud

2456 668 2691 728 Turcas
2720 667 2971 745 ignaros
2998 668 3130 727 veri
3157 667 3386 727 valoris
3423 668 3699 746 inscripti
3724 686 3838 747 pro
3873 666 3987 725 du·

2457 759 2559 838 plo
2589 760 2797 819 valore
2828 759 3129 839 accipitur
3158 764 3220 820 et
3248 759 3641 838 expenditur.
3685 760 3988 835 Princeps

2458 856 2669 912 autem
2701 871 2812 930 pro
2844 852 2963 912 hac
2989 853 3286 914 facultate
3313 853 3544 931 accipit
3571 871 3609 912 a
3635 852 3988 913 monetario

2462 947 2535 1006 15
2567 962 2678 1022 pro
2709 945 2969 1023 singulis
3015 948 3170 1017 10ος
3218 945 3511 1024 prohibet
3559 950 3755 1005 tamen
3805 964 3892 1004 ne
3929 946 3992 1003 in

2461 1055 2573 1098 suo
2620 1042 2786 1099 statu
2823 1038 3092 1117 expendi
3138 1038 3354 1118 possit.
3402 1039 3517 1110 Qui
3574 1043 3774 1098 tamen
3819 1037 3996 1117 prin-

2461 1148 2609 1208 ceps
2638 1130 2979 1191 admodum
3009 1130 3147 1209 pius
3177 1135 3239 1192 et
3258 1131 3568 1191 timoratae
3598 1130 3996 1190 conscientiae

2462 1228 2617 1298 erat,
2650 1222 2919 1300 rogabat
2944 1242 3024 1283 an
3054 1224 3220 1284 licite
3249 1224 3420 1284 illam
3465 1223 3818 1283 facultatem
3847 1241 3997 1282 con·

2462 1316 2685 1376 cedere
2732 1316 2987 1394 posset?
3036 1316 3384 1395 Respondi,
3443 1315 3809 1395 regulariter
3867 1334 3998 1374 nen

2461 1426 2643 1487 posse
2691 1428 2704 1469 :
2756 1409 2902 1487 quia
2948 1409 3355 1469 concedendo
3403 1408 3595 1470 talem
3633 1407 4000 1469 facultatem

2462 1505 2836 1580 cooperatur
2885 1506 3141 1580 peccato
3190 1500 3511 1580 injustitiae
3559 1501 3888 1562 monetarii
3941 1506 4000 1560 et

2462 1599 2918 1670 mercatorum,
2966 1594 3073 1673 qui
3118 1598 3400 1654 monetas
3444 1594 3583 1654 illas
3625 1613 3732 1672 pro
3768 1593 3998 1672 majori

2461 1686 2675 1747 valore
2704 1705 2897 1765 supra
2927 1686 3158 1764 justum
3188 1686 3543 1766 expendere
3575 1687 3807 1749 volunt.

2544 1782 2671 1839 Nec
2700 1780 2906 1840 obstat
2934 1779 3100 1858 quod
3126 1778 3418 1858 princeps
3450 1778 3615 1839 hanc
3635 1779 4002 1858 injustitiam

2464 1891 2588 1933 non
2618 1871 2922 1947 intendat,
2957 1871 3066 1932 sed
3095 1875 3324 1950 praeter
3353 1872 3489 1951 ejus
3510 1871 3925 1933 intent-ionem
3945 1874 4002 1930 et

2463 1984 2578 2044 per
2597 1964 2887 2025 accidens
2916 1970 3233 2043 sequatur.

2546 2056 2776 2130 Prim0,
2812 2056 2960 2136 quia
2988 2076 3112 2118 non
3156 2057 3303 2118 licet
3348 2056 3677 2136 cooperari
3719 2056 4004 2136 proxime

2467 2154 2799 2230 operaturo
2830 2149 3080 2228 injuste,
3105 2151 3293 2210 etiam
3315 2169 3427 2229 per
3448 2150 3759 2210 actionem
3776 2154 3839 2210 et
3858 2168 4006 2209 coe-

2466 2243 2854 2322 perationem
2881 2243 3157 2321 aliquam
3187 2261 3263 2301 ex
3290 2262 3355 2303 se
3376 2242 3862 2315 indifferentem,
3893 2241 4004 2301 nisi

2470 2335 2550 2396 ob
2577 2335 3018 2413 gravissimum
3047 2336 3347 2395 damnum
3378 2335 3774 2414 cooperantis
3803 2335 4008 2396 vitan·

2470 2427 2642 2504 dum,
2675 2427 2843 2507 quod
2874 2427 2923 2486 si
2966 2427 3512 2506 proportionatum
3559 2428 3791 2487 damno
3840 2427 4008 2506 quod

2469 2521 2742 2600 patietur
2794 2520 3114 2595 innocenS,
3175 2524 3246 2581 ut
3291 2538 3432 2580 cum
3468 2520 3603 2580 aliis
3632 2521 3862 2598 probat
3891 2520 4008 2580 Tb.

2472 2614 2704 2676 Sanch.
2739 2614 2848 2674 lib.
2882 2615 2928 2675 Ι.
2964 2612 3022 2672 in
3051 2612 3331 2693 Decoloq.
3367 2632 3420 2673 c.
3466 2629 3578 2675 vn.
3613 2633 3674 2673 n.
3708 2616 3804 2674 28.
3846 2613 4011 2673 Prin·

2470 2726 2615 2787 ceps
2643 2711 2854 2769 autem
2883 2707 2946 2765 in
2994 2709 3205 2766 nostro
3254 2724 3400 2765 casu
3451 2706 3693 2764 nullum
3747 2705 4008 2765 incurrit

2470 2801 2793 2876 damnum,
2829 2799 2938 2858 sed
2968 2798 3168 2859 solum
3194 2797 3426 2859 amittit
3469 2798 3715 2858 lucrum
3746 2818 3824 2857 ex
3855 2817 4006 2858 con-

2471 2894 2748 2954 cessione
2791 2892 3060 2952 licentiae
3107 2890 3468 2952 habendum
3505 2910 3518 2951 ε
3563 2909 3706 2970 quae
3753 2891 4006 2950 amissio

2468 2987 2625 3048 lucri
2655 3005 2779 3047 non
2810 2989 2903 3046 est
2927 3003 3116 3045 causa
3144 2984 3609 3063 proportionata
3635 2984 3717 3043 ad
3739 2985 4012 3044 redden·

2472 3080 2617 3139 dam
2640 3078 2875 3139 licitam
2905 3077 3413 3156 cooperationem
3443 3077 3602 3137 adeo
3654 3077 4007 3157 proximam

2473 3172 2551 3233 ad
2580 3171 2947 3252 injustitiam
2976 3171 3268 3232 alienam.

2552 3266 2863 3341 Secundo,
2924 3265 3070 3343 quia
3124 3265 3413 3343 princeps
3461 3281 3533 3323 eo
3582 3282 3736 3325 casu
3784 3265 4010 3344 accipit

2471 3359 2742 3440 pretium
2771 3376 3069 3437 magnum
3113 3357 3423 3417 excedens
3451 3357 3732 3417 valorem
3768 3357 4009 3438 justum

2470 3452 2738 3514 licentias
2784 3468 2973 3530 quam
3015 3451 3170 3511 dat:
3207 3468 3352 3509 nam
3383 3450 3559 3510 valor
3597 3449 3808 3528 justus
3856 3452 4010 3510 illius

2472 3545 2783 3607 facultatis
2840 3543 3081 3603 desumi
3140 3543 3328 3603 debet
3374 3543 3574 3602 solum
3625 3561 3702 3601 ex
3749 3544 4013 3604 utilitate

2475 3657 2663 3719 quam
2692 3637 2925 3697 habere
2955 3639 3157 3714 potest
3184 3635 3246 3693 in
3276 3635 3496 3695 ordine
3527 3635 3607 3693 ad
3628 3653 3781 3694 usus
3808 3635 3836 3714 j
3848 3643 4013 3696 ustos

2474 3730 2614 3793 talis
2639 3730 2905 3790 licentiae
2929 3774 2943 3803 ,
2991 3745 3115 3787 non
3144 3746 3221 3786 ex
3248 3727 3513 3788 utilitate
3545 3746 3739 3806 quam
3782 3728 4012 3789 habere

2475 3826 2679 3903 potest
2706 3822 2765 3881 in
2797 3821 3015 3882 ordine
3044 3820 3126 3880 ad
3149 3839 3293 3879 usus
3314 3819 3576 3898 injustos
3610 3840 3623 3879 ε
3657 3829 3910 3881 certum
3935 3825 4015 3881 est

2478 3921 2682 3976 antem
2717 3913 2881 3992 quod
2914 3913 3177 3974 facultas
3219 3912 3324 3973 illa
3373 3912 3433 3971 in
3483 3913 3701 3972 ordine
3743 3913 3823 3973 ad
3878 3934 4017 3974 usus

2472 4010 2672 4086 justos
2701 4025 2823 4064 non
2857 4006 3046 4066 babet
3071 4011 3331 4080 tantam,
3358 4005 3467 4065 sed
3491 4006 3683 4066 multo
3707 4008 4015 4067 minorem

2478 4101 2807 4161 utilitatem
2838 4119 2852 4171 ;
2888 4116 3083 4178 quare
3102 4098 3253 4158 illud
3277 4098 3546 4176 pretium
3567 4099 4019 4177 daturpropter

2480 4193 2678 4254 solam
2707 4192 3038 4253 utilitatem
3069 4209 3260 4269 quam
3303 4190 3492 4251 habet
3530 4190 3610 4249 ad
3656 4209 3810 4250 usus
3861 4190 4021 4270 inju-

2481 4291 2630 4362 st03‚
2664 4289 2851 4365 atque
2880 4284 3037 4345 adeo
3068 4284 3336 4363 pretium
3386 4283 3648 4343 excedet
3689 4284 3828 4343 sine
3880 4304 4020 4365 prn-

2483 4380 2765 4460 portione
2799 4377 3074 4438 valorem
3095 4377 3335 4455 justum
3365 4376 3506 4436 talis
3534 4376 3879 4437 facultatis,

2562 4472 2791 4547 TertiO,
2826 4472 2974 4550 quia
2997 4470 3060 4528 in
3088 4468 3387 4547 praedicto
3419 4487 3569 4528 casu
3601 4469 3769 4528 mala
3792 4470 4022 4548 princi·

2485 4565 2580 4646 pis
2608 4564 2763 4625 fides
2793 4561 3104 4638 colligitur
3131 4561 3297 4621 clare
3328 4579 3404 4621 ex
3432 4561 3642 4636 modo,
3669 4581 3798 4640 quo
3831 4563 4022 4622 iacul-

2485 4664 2678 4721 tatem
2709 4656 3016 4732 concedit,
3051 4673 3276 4732 nempe
3307 4654 3700 4732 prohibendo
3745 4674 3940 4715 usum
3972 4657 4026 4716 il·

2484 4752 2603 4811 lius
2628 4753 2895 4810 moneta)
2928 4748 2989 4807 in
3020 4765 3133 4807 suo
3166 4751 3352 4808 statu.
3389 4747 3508 4806 Vix
3557 4747 3719 4806 enim
3767 4747 4025 4826 intemgi

2487 4846 2693 4924 potest
2722 4858 2861 4921 quae
2888 4841 3077 4901 modo
3109 4841 3187 4901 sit
3215 4844 3467 4899 moneta
3488 4840 3792 4916 legitima,
3825 4847 3894 4901 et
3929 4843 4032 4900 ha·

2488 4939 2635 4997 beat
2660 4934 2934 4995 valorem
2967 4933 3153 4993 talem
3185 4949 3377 5009 penes
3399 4930 3681 4990 subditos
3702 4931 4026 5011 principis.

2490 5029 2669 5108 cujus
2700 5026 3069 5087 auctoritate
3097 5025 3367 5085 cuditur.
3420 5025 3579 5082 Nam
3615 5029 3891 5102 potestas
3925 5046 4029 5085 cu-

2490 5122 2679 5184 dendi
2709 5123 3047 5194 monetam,
3083 5122 3145 5179 et
3171 5116 3361 5177 dandi
3383 5116 3438 5175 ei
3461 5116 3745 5176 valorem
3764 5116 4029 5194 legalem

2491 5213 2788 5294 competit
2816 5211 3078 5290 principi
3113 5215 3179 5271 ut
3205 5209 3496 5289 principi,
3532 5213 3723 5288 atque
3757 5210 3903 5269 ideo
3937 5231 4030 5270 or·

2492 5309 2744 5370 dinatur
2770 5305 2850 5365 ad
2878 5304 3183 5379 subditos,
3217 5321 3373 5382 quos
3395 5303 3565 5362 solos
3585 5303 3855 5382 sualege
3881 5305 4032 5363 obli-

2491 5417 2640 5480 gare
2670 5402 2892 5477 potest.
2930 5396 2993 5458 Si
3024 5415 3173 5474 ergo
3223 5394 3461 5454 nullum
3505 5395 3833 5454 subditum
3881 5397 4034 5455 ohli-

2490 5500 2601 5574 gat
2640 5492 2720 5553 ad
2762 5490 3211 5570 accept-andam
3258 5488 3448 5548 talem
3499 5493 3825 5552 monetam
3851 5536 3866 5564 ,
3914 5489 4030 5548 imo
