<?xml version="1.0" encoding="UTF-8"?>
<!DOCTYPE html PUBLIC "-//W3C//DTD XHTML 1.0 Transitional//EN"
    "http://www.w3.org/TR/xhtml1/DTD/xhtml1-transitional.dtd">
<html xmlns="http://www.w3.org/1999/xhtml" xml:lang="en" lang="en">
 <head>
  <title>
</title>
<meta http-equiv="Content-Type" content="text/html;charset=utf-8" />
  <meta name='ocr-system' content='tesseract 3.04.00' />
  <meta name='ocr-capabilities' content='ocr_page ocr_carea ocr_par ocr_line ocrx_word'/>
</head>
<body>
  <div class='ocr_page' id='page_1' title='image "./joannisdelugodi00lugogoog_0394.png"; bbox 0 0 4263 6376; ppageno 0'>
   <div class='ocr_carea' id='block_1_1' title="bbox 774 347 892 408">
    <p class='ocr_par' dir='ltr' id='par_1_1' title="bbox 774 347 892 408">
     <span class='ocr_line' id='line_1_1' title="bbox 774 347 892 408; baseline -0.017 0"><span class='ocrx_word' id='word_1_1' title='bbox 774 347 892 408; x_wconf 72' lang='lat'><em>3¹14</em></span> 
     </span>
    </p>
   </div>
   <div class='ocr_carea' id='block_1_2' title="bbox 766 522 2306 2467">
    <p class='ocr_par' dir='ltr' id='par_1_2' title="bbox 766 522 2306 1331">
     <span class='ocr_line' id='line_1_2' title="bbox 775 522 2306 605; baseline -0.001 -21"><span class='ocrx_word' id='word_1_2' title='bbox 775 532 886 586; x_wconf 79' lang='lat' dir='ltr'><em>tus.</em></span> <span class='ocrx_word' id='word_1_3' title='bbox 920 533 1144 605; x_wconf 81' lang='lat' dir='ltr'><em>emptor</em></span> <span class='ocrx_word' id='word_1_4' title='bbox 1180 522 1488 605; x_wconf 80' lang='lat' dir='ltr'><em>possidebit</em></span> <span class='ocrx_word' id='word_1_5' title='bbox 1515 541 1639 584; x_wconf 82' lang='lat' dir='ltr'><em>com</em></span> <span class='ocrx_word' id='word_1_6' title='bbox 1663 570 1679 601; x_wconf 94' lang='lat'><em>,</em></span> <span class='ocrx_word' id='word_1_7' title='bbox 1725 532 1780 584; x_wconf 82' lang='lat' dir='ltr'><em>et</em></span> <span class='ocrx_word' id='word_1_8' title='bbox 1826 523 2052 605; x_wconf 81' lang='lat' dir='ltr'><em>posteri</em></span> <span class='ocrx_word' id='word_1_9' title='bbox 2085 522 2208 604; x_wconf 67' lang='lat' dir='ltr'><em>ejus</em></span> <span class='ocrx_word' id='word_1_10' title='bbox 2244 522 2306 582; x_wconf 86' lang='lat' dir='ltr'><em>in</em></span> 
     </span>
     <span class='ocr_line' id='line_1_3' title="bbox 766 616 2305 699; baseline -0.001 -21"><span class='ocrx_word' id='word_1_11' title='bbox 766 628 1112 699; x_wconf 70' lang='lat' dir='ltr'><em>perpetuum</em></span> <span class='ocrx_word' id='word_1_12' title='bbox 1135 665 1150 695; x_wconf 89' lang='lat'>‚</span> <span class='ocrx_word' id='word_1_13' title='bbox 1182 627 1239 678; x_wconf 84' lang='lat' dir='ltr'><em>et</em></span> <span class='ocrx_word' id='word_1_14' title='bbox 1263 617 1476 678; x_wconf 85' lang='lat' dir='ltr'><em>redimi</em></span> <span class='ocrx_word' id='word_1_15' title='bbox 1497 638 1611 677; x_wconf 78' lang='lat' dir='ltr'><em>non</em></span> <span class='ocrx_word' id='word_1_16' title='bbox 1648 617 1868 699; x_wconf 82' lang='lat' dir='ltr'><em>poterit</em></span> <span class='ocrx_word' id='word_1_17' title='bbox 1898 618 2071 678; x_wconf 81' lang='lat' dir='ltr'><em>etiam</em></span> <span class='ocrx_word' id='word_1_18' title='bbox 2109 617 2170 676; x_wconf 84' lang='lat' dir='ltr'><em>in</em></span> <span class='ocrx_word' id='word_1_19' title='bbox 2199 616 2305 677; x_wconf 83' lang='lat' dir='ltr'><em>Ju-</em></span> 
     </span>
     <span class='ocr_line' id='line_1_4' title="bbox 773 710 2306 790; baseline -0.001 -20"><span class='ocrx_word' id='word_1_20' title='bbox 773 710 960 772; x_wconf 85' lang='lat' dir='ltr'><em>biloeo.</em></span> <span class='ocrx_word' id='word_1_21' title='bbox 997 711 1291 773; x_wconf 84' lang='lat' dir='ltr'><em>Similiter</em></span> <span class='ocrx_word' id='word_1_22' title='bbox 1321 729 1469 790; x_wconf 87' lang='lat' dir='ltr'><em>ergo</em></span> <span class='ocrx_word' id='word_1_23' title='bbox 1519 730 1741 771; x_wconf 89' lang='lat' dir='ltr'><em>census</em></span> <span class='ocrx_word' id='word_1_24' title='bbox 1771 711 1894 771; x_wconf 89' lang='lat' dir='ltr'><em>emi</em></span> <span class='ocrx_word' id='word_1_25' title='bbox 1923 714 1986 772; x_wconf 90' lang='lat' dir='ltr'><em>et</em></span> <span class='ocrx_word' id='word_1_26' title='bbox 2015 710 2306 772; x_wconf 90' lang='lat' dir='ltr'><em>constitui</em></span> 
     </span>
     <span class='ocr_line' id='line_1_5' title="bbox 771 804 2300 884; baseline -0.001 -19"><span class='ocrx_word' id='word_1_27' title='bbox 771 809 982 884; x_wconf 88' lang='lat' dir='ltr'><em>posset</em></span> <span class='ocrx_word' id='word_1_28' title='bbox 1028 823 1217 884; x_wconf 90' lang='lat' dir='ltr'><em>super</em></span> <span class='ocrx_word' id='word_1_29' title='bbox 1269 804 1461 865; x_wconf 90' lang='lat' dir='ltr'><em>fundo</em></span> <span class='ocrx_word' id='word_1_30' title='bbox 1523 823 1664 865; x_wconf 89' lang='lat' dir='ltr'><em>cum</em></span> <span class='ocrx_word' id='word_1_31' title='bbox 1708 804 2016 883; x_wconf 89' lang='lat' dir='ltr'><em>ejusmodi</em></span> <span class='ocrx_word' id='word_1_32' title='bbox 2068 807 2300 883; x_wconf 87' lang='lat' dir='ltr'><em>pacto:</em></span> 
     </span>
     <span class='ocr_line' id='line_1_6' title="bbox 772 896 2301 977; baseline -0.001 -19"><span class='ocrx_word' id='word_1_33' title='bbox 772 897 941 977; x_wconf 89' lang='lat' dir='ltr'><em>quod</em></span> <span class='ocrx_word' id='word_1_34' title='bbox 972 897 1222 976; x_wconf 88' lang='lat' dir='ltr'><em>quidem</em></span> <span class='ocrx_word' id='word_1_35' title='bbox 1255 896 1591 977; x_wconf 87' lang='lat' dir='ltr'><em>aliquando</em></span> <span class='ocrx_word' id='word_1_36' title='bbox 1624 896 1772 958; x_wconf 91' lang='lat' dir='ltr'><em>utile</em></span> <span class='ocrx_word' id='word_1_37' title='bbox 1804 901 1967 959; x_wconf 88' lang='lat' dir='ltr'><em>esset</em></span> <span class='ocrx_word' id='word_1_38' title='bbox 2013 896 2301 976; x_wconf 78' lang='lat' dir='ltr'><em>emptori,</em></span> 
     </span>
     <span class='ocr_line' id='line_1_7' title="bbox 772 990 2303 1070; baseline 0 -20"><span class='ocrx_word' id='word_1_39' title='bbox 772 990 874 1070; x_wconf 91' lang='lat' dir='ltr'><em>qui</em></span> <span class='ocrx_word' id='word_1_40' title='bbox 903 990 1007 1050; x_wconf 88' lang='lat' dir='ltr'><em>illo</em></span> <span class='ocrx_word' id='word_1_41' title='bbox 1040 990 1343 1051; x_wconf 91' lang='lat' dir='ltr'><em>decennio</em></span> <span class='ocrx_word' id='word_1_42' title='bbox 1374 994 1587 1069; x_wconf 91' lang='lat' dir='ltr'><em>posset</em></span> <span class='ocrx_word' id='word_1_43' title='bbox 1634 990 1816 1050; x_wconf 91' lang='lat' dir='ltr'><em>facile</em></span> <span class='ocrx_word' id='word_1_44' title='bbox 1862 991 1985 1051; x_wconf 88' lang='lat' dir='ltr'><em>alia</em></span> <span class='ocrx_word' id='word_1_45' title='bbox 2015 990 2184 1051; x_wconf 88' lang='lat' dir='ltr'><em>bona</em></span> <span class='ocrx_word' id='word_1_46' title='bbox 2218 1008 2303 1050; x_wconf 82' lang='lat' dir='ltr'><em>ae-</em></span> 
     </span>
     <span class='ocr_line' id='line_1_8' title="bbox 771 1083 2300 1164; baseline 0 -20"><span class='ocrx_word' id='word_1_47' title='bbox 771 1102 893 1164; x_wconf 88' lang='lat' dir='ltr'><em>que</em></span> <span class='ocrx_word' id='word_1_48' title='bbox 950 1083 1126 1143; x_wconf 90' lang='lat' dir='ltr'><em>utilia</em></span> <span class='ocrx_word' id='word_1_49' title='bbox 1183 1100 1390 1143; x_wconf 89' lang='lat' dir='ltr'><em>emere</em></span> <span class='ocrx_word' id='word_1_50' title='bbox 1452 1102 1526 1144; x_wconf 83' lang='lat' dir='ltr'><em>ex</em></span> <span class='ocrx_word' id='word_1_51' title='bbox 1587 1083 1788 1163; x_wconf 89' lang='lat' dir='ltr'><em>pretio</em></span> <span class='ocrx_word' id='word_1_52' title='bbox 1850 1083 1968 1144; x_wconf 90' lang='lat' dir='ltr'><em>sibi</em></span> <span class='ocrx_word' id='word_1_53' title='bbox 2029 1083 2300 1159; x_wconf 83' lang='lat' dir='ltr'><em>reddite,</em></span> 
     </span>
     <span class='ocr_line' id='line_1_9' title="bbox 770 1174 2304 1257; baseline -0.001 -20"><span class='ocrx_word' id='word_1_54' title='bbox 770 1194 960 1257; x_wconf 87' lang='lat' dir='ltr'><em>quam</em></span> <span class='ocrx_word' id='word_1_55' title='bbox 1003 1174 1535 1255; x_wconf 78' lang='lat' dir='ltr'><em>opportunitatem</em></span> <span class='ocrx_word' id='word_1_56' title='bbox 1585 1176 1795 1255; x_wconf 89' lang='lat' dir='ltr'><em>elapso</em></span> <span class='ocrx_word' id='word_1_57' title='bbox 1844 1176 2149 1238; x_wconf 89' lang='lat' dir='ltr'><em>decennio</em></span> <span class='ocrx_word' id='word_1_58' title='bbox 2180 1195 2304 1237; x_wconf 90' lang='lat' dir='ltr'><em>non</em></span> 
     </span>
     <span class='ocr_line' id='line_1_10' title="bbox 769 1269 1049 1331; baseline 0.007 -2"><span class='ocrx_word' id='word_1_59' title='bbox 769 1269 1049 1331; x_wconf 89' lang='lat' dir='ltr'><em>habebit.</em></span> 
     </span>
    </p>

    <p class='ocr_par' dir='ltr' id='par_1_3' title="bbox 766 1361 2306 2261">
     <span class='ocr_line' id='line_1_11' title="bbox 846 1361 2302 1443; baseline -0.001 -20"><span class='ocrx_word' id='word_1_60' title='bbox 846 1363 1057 1423; x_wconf 81' lang='lat' dir='ltr'><em>Tertio</em></span> <span class='ocrx_word' id='word_1_61' title='bbox 1090 1362 1360 1442; x_wconf 86' lang='lat' dir='ltr'><em>denique</em></span> <span class='ocrx_word' id='word_1_62' title='bbox 1391 1381 1427 1421; x_wconf 90' lang='lat' dir='ltr'><em>a</em></span> <span class='ocrx_word' id='word_1_63' title='bbox 1456 1361 1688 1442; x_wconf 90' lang='lat' dir='ltr'><em>priori,</em></span> <span class='ocrx_word' id='word_1_64' title='bbox 1735 1362 1881 1443; x_wconf 89' lang='lat' dir='ltr'><em>quia</em></span> <span class='ocrx_word' id='word_1_65' title='bbox 1910 1380 2068 1423; x_wconf 90' lang='lat' dir='ltr'><em>onus</em></span> <span class='ocrx_word' id='word_1_66' title='bbox 2099 1367 2161 1424; x_wconf 85' lang='lat' dir='ltr'><em>et</em></span> <span class='ocrx_word' id='word_1_67' title='bbox 2190 1381 2302 1441; x_wconf 91' lang='lat' dir='ltr'><em>pa-</em></span> 
     </span>
     <span class='ocr_line' id='line_1_12' title="bbox 769 1455 2305 1535; baseline -0.001 -18"><span class='ocrx_word' id='word_1_68' title='bbox 769 1458 938 1517; x_wconf 86' lang='lat' dir='ltr'><em>ctum</em></span> <span class='ocrx_word' id='word_1_69' title='bbox 966 1455 1142 1532; x_wconf 88' lang='lat' dir='ltr'><em>illud,</em></span> <span class='ocrx_word' id='word_1_70' title='bbox 1173 1455 1320 1517; x_wconf 91' lang='lat' dir='ltr'><em>licet</em></span> <span class='ocrx_word' id='word_1_71' title='bbox 1349 1474 1680 1517; x_wconf 90' lang='lat' dir='ltr'><em>onerosum</em></span> <span class='ocrx_word' id='word_1_72' title='bbox 1706 1456 1785 1517; x_wconf 91' lang='lat' dir='ltr'><em>sit</em></span> <span class='ocrx_word' id='word_1_73' title='bbox 1811 1456 2124 1517; x_wconf 86' lang='lat' dir='ltr'><em>venditori</em></span> <span class='ocrx_word' id='word_1_74' title='bbox 2150 1503 2165 1533; x_wconf 94' lang='lat'><em>,</em></span> <span class='ocrx_word' id='word_1_75' title='bbox 2197 1473 2305 1535; x_wconf 91' lang='lat' dir='ltr'><em>po·</em></span> 
     </span>
     <span class='ocr_line' id='line_1_13' title="bbox 766 1547 2302 1627; baseline 0.001 -18"><span class='ocrx_word' id='word_1_76' title='bbox 766 1551 1119 1609; x_wconf 87' lang='lat' dir='ltr'><em>testtamen</em></span> <span class='ocrx_word' id='word_1_77' title='bbox 1153 1547 1364 1609; x_wconf 84' lang='lat' dir='ltr'><em>addito</em></span> <span class='ocrx_word' id='word_1_78' title='bbox 1391 1549 1591 1626; x_wconf 89' lang='lat' dir='ltr'><em>pretio</em></span> <span class='ocrx_word' id='word_1_79' title='bbox 1615 1548 2008 1627; x_wconf 88' lang='lat' dir='ltr'><em>compensari</em></span> <span class='ocrx_word' id='word_1_80' title='bbox 2039 1567 2053 1612; x_wconf 88' lang='lat'>:</span> <span class='ocrx_word' id='word_1_81' title='bbox 2084 1549 2136 1608; x_wconf 90' lang='lat' dir='ltr'><em>si</em></span> <span class='ocrx_word' id='word_1_82' title='bbox 2154 1566 2302 1627; x_wconf 86' lang='lat' dir='ltr'><em>ergo</em></span> 
     </span>
     <span class='ocr_line' id='line_1_14' title="bbox 770 1640 2298 1722; baseline 0.001 -21"><span class='ocrx_word' id='word_1_83' title='bbox 770 1641 1010 1720; x_wconf 84' lang='lat' dir='ltr'><em>aequale</em></span> <span class='ocrx_word' id='word_1_84' title='bbox 1040 1641 1309 1719; x_wconf 87' lang='lat' dir='ltr'><em>pretium</em></span> <span class='ocrx_word' id='word_1_85' title='bbox 1339 1640 1522 1702; x_wconf 87' lang='lat' dir='ltr'><em>detur</em></span> <span class='ocrx_word' id='word_1_86' title='bbox 1544 1688 1559 1717; x_wconf 96' lang='lat'><em>,</em></span> <span class='ocrx_word' id='word_1_87' title='bbox 1593 1641 1760 1701; x_wconf 91' lang='lat' dir='ltr'><em>nulla</em></span> <span class='ocrx_word' id='word_1_88' title='bbox 1812 1642 1928 1702; x_wconf 85' lang='lat' dir='ltr'><em>erit</em></span> <span class='ocrx_word' id='word_1_89' title='bbox 1971 1641 2298 1722; x_wconf 83' lang='lat' dir='ltr'><em>injustitia.</em></span> 
     </span>
     <span class='ocr_line' id='line_1_15' title="bbox 767 1734 2306 1814; baseline -0.001 -18"><span class='ocrx_word' id='word_1_90' title='bbox 767 1734 888 1796; x_wconf 88' lang='lat' dir='ltr'><em>Ubi</em></span> <span class='ocrx_word' id='word_1_91' title='bbox 925 1734 1178 1795; x_wconf 84' lang='lat' dir='ltr'><em>adverte</em></span> <span class='ocrx_word' id='word_1_92' title='bbox 1200 1781 1214 1810; x_wconf 93' lang='lat'><em>,</em></span> <span class='ocrx_word' id='word_1_93' title='bbox 1267 1753 1450 1814; x_wconf 91' lang='lat' dir='ltr'><em>posse</em></span> <span class='ocrx_word' id='word_1_94' title='bbox 1480 1735 1667 1796; x_wconf 86' lang='lat' dir='ltr'><em>etiam</em></span> <span class='ocrx_word' id='word_1_95' title='bbox 1700 1754 1834 1795; x_wconf 91' lang='lat' dir='ltr'><em>esse</em></span> <span class='ocrx_word' id='word_1_96' title='bbox 1876 1735 2115 1795; x_wconf 90' lang='lat' dir='ltr'><em>licitum</em></span> <span class='ocrx_word' id='word_1_97' title='bbox 2164 1735 2306 1795; x_wconf 85' lang='lat' dir='ltr'><em>abs-</em></span> 
     </span>
     <span class='ocr_line' id='line_1_16' title="bbox 769 1828 2305 1907; baseline 0.001 -20"><span class='ocrx_word' id='word_1_98' title='bbox 769 1845 889 1907; x_wconf 93' lang='lat' dir='ltr'><em>que</em></span> <span class='ocrx_word' id='word_1_99' title='bbox 932 1831 1269 1907; x_wconf 84' lang='lat' dir='ltr'><em>augmento</em></span> <span class='ocrx_word' id='word_1_100' title='bbox 1313 1828 1534 1906; x_wconf 87' lang='lat' dir='ltr'><em>pretii,</em></span> <span class='ocrx_word' id='word_1_101' title='bbox 1583 1829 1835 1907; x_wconf 89' lang='lat' dir='ltr'><em>quando</em></span> <span class='ocrx_word' id='word_1_102' title='bbox 1882 1828 2127 1888; x_wconf 89' lang='lat' dir='ltr'><em>lucrum</em></span> <span class='ocrx_word' id='word_1_103' title='bbox 2172 1846 2305 1889; x_wconf 89' lang='lat' dir='ltr'><em>ces-</em></span> 
     </span>
     <span class='ocr_line' id='line_1_17' title="bbox 767 1921 2305 2000; baseline 0.001 -19"><span class='ocrx_word' id='word_1_104' title='bbox 767 1939 911 1981; x_wconf 89' lang='lat' dir='ltr'><em>sans</em></span> <span class='ocrx_word' id='word_1_105' title='bbox 935 1921 1036 1981; x_wconf 87' lang='lat' dir='ltr'><em>vel</em></span> <span class='ocrx_word' id='word_1_106' title='bbox 1069 1921 1369 1980; x_wconf 85' lang='lat' dir='ltr'><em>damnum</em></span> <span class='ocrx_word' id='word_1_107' title='bbox 1400 1939 1730 2000; x_wconf 83' lang='lat' dir='ltr'><em>emergens</em></span> <span class='ocrx_word' id='word_1_108' title='bbox 1778 1921 2077 2000; x_wconf 86' lang='lat' dir='ltr'><em>emptoris</em></span> <span class='ocrx_word' id='word_1_109' title='bbox 2118 1922 2305 1982; x_wconf 87' lang='lat' dir='ltr'><em>inter-</em></span> 
     </span>
     <span class='ocr_line' id='line_1_18' title="bbox 767 2013 2304 2093; baseline 0 -19"><span class='ocrx_word' id='word_1_110' title='bbox 767 2014 1027 2075; x_wconf 86' lang='lat' dir='ltr'><em>veniret.</em></span> <span class='ocrx_word' id='word_1_111' title='bbox 1060 2016 1325 2091; x_wconf 82' lang='lat' dir='ltr'><em>Propter</em></span> <span class='ocrx_word' id='word_1_112' title='bbox 1371 2013 1719 2093; x_wconf 90' lang='lat' dir='ltr'><em>periculum</em></span> <span class='ocrx_word' id='word_1_113' title='bbox 1747 2017 1958 2076; x_wconf 84' lang='lat' dir='ltr'><em>tamen</em></span> <span class='ocrx_word' id='word_1_114' title='bbox 2002 2015 2304 2093; x_wconf 84' lang='lat' dir='ltr'><em>palliandi</em></span> 
     </span>
     <span class='ocr_line' id='line_1_19' title="bbox 767 2107 2303 2187; baseline 0.002 -20"><span class='ocrx_word' id='word_1_115' title='bbox 767 2126 990 2167; x_wconf 89' lang='lat' dir='ltr'><em>usuras</em></span> <span class='ocrx_word' id='word_1_116' title='bbox 1037 2108 1259 2169; x_wconf 91' lang='lat' dir='ltr'><em>merito</em></span> <span class='ocrx_word' id='word_1_117' title='bbox 1291 2107 1438 2169; x_wconf 89' lang='lat' dir='ltr'><em>Pius</em></span> <span class='ocrx_word' id='word_1_118' title='bbox 1468 2110 1543 2171; x_wconf 88' lang='lat' dir='ltr'><em>V.</em></span> <span class='ocrx_word' id='word_1_119' title='bbox 1578 2108 1889 2187; x_wconf 87' lang='lat' dir='ltr'><em>ejusmodi</em></span> <span class='ocrx_word' id='word_1_120' title='bbox 1930 2114 2116 2187; x_wconf 87' lang='lat' dir='ltr'><em>pacta</em></span> <span class='ocrx_word' id='word_1_121' title='bbox 2162 2126 2303 2186; x_wconf 89' lang='lat' dir='ltr'><em>pro-</em></span> 
     </span>
     <span class='ocr_line' id='line_1_20' title="bbox 768 2199 993 2261; baseline 0.009 -2"><span class='ocrx_word' id='word_1_122' title='bbox 768 2199 993 2261; x_wconf 89' lang='lat' dir='ltr'><em>hibuit.</em></span> 
     </span>
    </p>

    <p class='ocr_par' dir='ltr' id='par_1_4' title="bbox 769 2292 2303 2467">
     <span class='ocr_line' id='line_1_21' title="bbox 850 2292 2303 2375; baseline 0.001 -20"><span class='ocrx_word' id='word_1_123' title='bbox 850 2293 1139 2355; x_wconf 89' lang='lat' dir='ltr'><em>Secundo</em></span> <span class='ocrx_word' id='word_1_124' title='bbox 1171 2296 1233 2355; x_wconf 86' lang='lat' dir='ltr'><em>et</em></span> <span class='ocrx_word' id='word_1_125' title='bbox 1263 2292 1575 2354; x_wconf 88' lang='lat' dir='ltr'><em>difficilius</em></span> <span class='ocrx_word' id='word_1_126' title='bbox 1605 2293 1947 2372; x_wconf 82' lang='lat' dir='ltr'><em>dubitatur,</em></span> <span class='ocrx_word' id='word_1_127' title='bbox 1974 2314 2052 2354; x_wconf 92' lang='lat' dir='ltr'><em>an</em></span> <span class='ocrx_word' id='word_1_128' title='bbox 2080 2296 2303 2375; x_wconf 83' lang='lat' dir='ltr'><em>praedi-</em></span> 
     </span>
     <span class='ocr_line' id='line_1_22' title="bbox 769 2385 2303 2467; baseline 0.001 -20"><span class='ocrx_word' id='word_1_129' title='bbox 769 2386 884 2447; x_wconf 90' lang='lat' dir='ltr'><em>ctis</em></span> <span class='ocrx_word' id='word_1_130' title='bbox 914 2386 1121 2446; x_wconf 78' lang='lat' dir='ltr'><em>verbis</em></span> <span class='ocrx_word' id='word_1_131' title='bbox 1150 2385 1335 2447; x_wconf 85' lang='lat' dir='ltr'><em>bullae</em></span> <span class='ocrx_word' id='word_1_132' title='bbox 1366 2386 1665 2465; x_wconf 89' lang='lat' dir='ltr'><em>prohibiti</em></span> <span class='ocrx_word' id='word_1_133' title='bbox 1712 2387 1835 2449; x_wconf 91' lang='lat' dir='ltr'><em>sint</em></span> <span class='ocrx_word' id='word_1_134' title='bbox 1873 2388 1935 2447; x_wconf 90' lang='lat' dir='ltr'><em>in</em></span> <span class='ocrx_word' id='word_1_135' title='bbox 1980 2391 2303 2467; x_wconf 89' lang='lat' dir='ltr'><em>posterum</em></span> 
     </span>
    </p>
   </div>
   <div class='ocr_carea' id='block_1_3' title="bbox 606 2479 2305 2646">
    <p class='ocr_par' dir='ltr' id='par_1_5' title="bbox 606 2479 2305 2646">
     <span class='ocr_line' id='line_1_23' title="bbox 606 2479 2304 2560; baseline 0.002 -21"><span class='ocrx_word' id='word_1_136' title='bbox 606 2501 626 2530; x_wconf 78' lang='lat'>⁵</span> <span class='ocrx_word' id='word_1_137' title='bbox 675 2542 685 2552; x_wconf 68' lang='grc'><em>,</em></span> <span class='ocrx_word' id='word_1_138' title='bbox 769 2498 991 2540; x_wconf 90' lang='lat' dir='ltr'><em>census</em></span> <span class='ocrx_word' id='word_1_139' title='bbox 1018 2498 1234 2540; x_wconf 90' lang='lat' dir='ltr'><em>omnes</em></span> <span class='ocrx_word' id='word_1_140' title='bbox 1263 2479 1342 2539; x_wconf 92' lang='lat' dir='ltr'><em>de</em></span> <span class='ocrx_word' id='word_1_141' title='bbox 1370 2497 1532 2541; x_wconf 88' lang='lat' dir='ltr'><em>novo</em></span> <span class='ocrx_word' id='word_1_142' title='bbox 1564 2480 1842 2557; x_wconf 89' lang='lat' dir='ltr'><em>creandi,</em></span> <span class='ocrx_word' id='word_1_143' title='bbox 1879 2481 1984 2560; x_wconf 87' lang='lat' dir='ltr'><em>qui</em></span> <span class='ocrx_word' id='word_1_144' title='bbox 2016 2481 2139 2542; x_wconf 89' lang='lat' dir='ltr'><em>sint</em></span> <span class='ocrx_word' id='word_1_145' title='bbox 2169 2500 2304 2542; x_wconf 90' lang='lat' dir='ltr'><em>om-</em></span> 
     </span>
     <span class='ocr_line' id='line_1_24' title="bbox 655 2554 2305 2646; baseline 0.001 -14"><span class='ocrx_word' id='word_1_146' title='bbox 655 2554 721 2639; x_wconf 79' lang='lat'><em>‚¹&#39;</em></span> <span class='ocrx_word' id='word_1_147' title='bbox 770 2572 915 2633; x_wconf 91' lang='lat' dir='ltr'><em>nino</em></span> <span class='ocrx_word' id='word_1_148' title='bbox 946 2572 1418 2646; x_wconf 88' lang='lat' dir='ltr'><em>irredimibiles;</em></span> <span class='ocrx_word' id='word_1_149' title='bbox 1452 2572 1515 2632; x_wconf 90' lang='lat' dir='ltr'><em>id</em></span> <span class='ocrx_word' id='word_1_150' title='bbox 1546 2573 1713 2633; x_wconf 89' lang='lat' dir='ltr'><em>enim</em></span> <span class='ocrx_word' id='word_1_151' title='bbox 1742 2573 1937 2633; x_wconf 86' lang='lat' dir='ltr'><em>verba</em></span> <span class='ocrx_word' id='word_1_152' title='bbox 1965 2592 2189 2635; x_wconf 90' lang='lat' dir='ltr'><em>sonare</em></span> <span class='ocrx_word' id='word_1_153' title='bbox 2212 2575 2305 2636; x_wconf 87' lang='lat' dir='ltr'><em>vi-</em></span> 
     </span>
    </p>
   </div>
   <div class='ocr_carea' id='block_1_4' title="bbox 741 2665 2304 5450">
    <p class='ocr_par' dir='ltr' id='par_1_6' title="bbox 759 2665 2304 3937">
     <span class='ocr_line' id='line_1_25' title="bbox 768 2665 2304 2744; baseline 0.002 -18"><span class='ocrx_word' id='word_1_154' title='bbox 768 2667 1016 2727; x_wconf 90' lang='lat' dir='ltr'><em>dentur.</em></span> <span class='ocrx_word' id='word_1_155' title='bbox 1049 2665 1225 2727; x_wconf 88' lang='lat' dir='ltr'><em>Multi</em></span> <span class='ocrx_word' id='word_1_156' title='bbox 1253 2671 1466 2727; x_wconf 86' lang='lat' dir='ltr'><em>tamen</em></span> <span class='ocrx_word' id='word_1_157' title='bbox 1495 2666 1558 2725; x_wconf 92' lang='lat' dir='ltr'><em>id</em></span> <span class='ocrx_word' id='word_1_158' title='bbox 1589 2670 1853 2744; x_wconf 87' lang='lat' dir='ltr'><em>negant,</em></span> <span class='ocrx_word' id='word_1_159' title='bbox 1890 2669 2206 2728; x_wconf 88' lang='lat' dir='ltr'><em>Navarrus</em></span> <span class='ocrx_word' id='word_1_160' title='bbox 2235 2667 2304 2729; x_wconf 84' lang='lat' dir='ltr'><em>de</em></span> 
     </span>
     <span class='ocr_line' id='line_1_26' title="bbox 765 2759 2304 2840; baseline 0.001 -21"><span class='ocrx_word' id='word_1_161' title='bbox 765 2760 956 2819; x_wconf 83' lang='lat' dir='ltr'><em>usuris</em></span> <span class='ocrx_word' id='word_1_162' title='bbox 996 2778 1057 2819; x_wconf 93' lang='lat' dir='ltr'><em>n.</em></span> <span class='ocrx_word' id='word_1_163' title='bbox 1091 2762 1189 2820; x_wconf 87' lang='grc'><em>98.</em></span> <span class='ocrx_word' id='word_1_164' title='bbox 1226 2777 1413 2840; x_wconf 90' lang='lat' dir='ltr'><em>quem</em></span> <span class='ocrx_word' id='word_1_165' title='bbox 1444 2759 1627 2820; x_wconf 86' lang='lat' dir='ltr'><em>affert</em></span> <span class='ocrx_word' id='word_1_166' title='bbox 1655 2763 1717 2820; x_wconf 92' lang='lat' dir='ltr'><em>et</em></span> <span class='ocrx_word' id='word_1_167' title='bbox 1746 2759 2029 2839; x_wconf 86' lang='lat' dir='ltr'><em>sequitur</em></span> <span class='ocrx_word' id='word_1_168' title='bbox 2070 2761 2304 2822; x_wconf 88' lang='lat' dir='ltr'><em>Molina</em></span> 
     </span>
     <span class='ocr_line' id='line_1_27' title="bbox 765 2852 2295 2931; baseline 0.002 -18"><span class='ocrx_word' id='word_1_169' title='bbox 765 2853 874 2913; x_wconf 93' lang='lat' dir='ltr'><em>ubi</em></span> <span class='ocrx_word' id='word_1_170' title='bbox 897 2870 1087 2931; x_wconf 84' lang='lat' dir='ltr'><em>supra</em></span> <span class='ocrx_word' id='word_1_171' title='bbox 1111 2871 1216 2913; x_wconf 91' lang='lat' dir='ltr'><em>nu.</em></span> <span class='ocrx_word' id='word_1_172' title='bbox 1251 2856 1310 2914; x_wconf 88' lang='grc'><em>9.</em></span> <span class='ocrx_word' id='word_1_173' title='bbox 1357 2852 1604 2913; x_wconf 90' lang='lat' dir='ltr'><em>Lessius</em></span> <span class='ocrx_word' id='word_1_174' title='bbox 1634 2852 1783 2913; x_wconf 91' lang='lat' dir='ltr'><em>dub.</em></span> <span class='ocrx_word' id='word_1_175' title='bbox 1826 2869 1937 2913; x_wconf 79' lang='grc' dir='ltr'><strong>ΧΠ.</strong></span> <span class='ocrx_word' id='word_1_176' title='bbox 1975 2872 2147 2914; x_wconf 90' lang='lat' dir='ltr'><em>num.</em></span> <span class='ocrx_word' id='word_1_177' title='bbox 2197 2858 2295 2916; x_wconf 80' lang='grc'><strong>92.</strong></span> 
     </span>
     <span class='ocr_line' id='line_1_28' title="bbox 768 2945 2302 3025; baseline 0 -17"><span class='ocrx_word' id='word_1_178' title='bbox 768 2945 948 3008; x_wconf 91' lang='lat' dir='ltr'><em>Salus</em></span> <span class='ocrx_word' id='word_1_179' title='bbox 984 2945 1045 3006; x_wconf 92' lang='lat' dir='ltr'><em>d.</em></span> <span class='ocrx_word' id='word_1_180' title='bbox 1082 2945 1232 3005; x_wconf 93' lang='lat' dir='ltr'><em>dub.</em></span> <span class='ocrx_word' id='word_1_181' title='bbox 1283 2960 1393 3005; x_wconf 78' lang='grc' dir='ltr'><strong>ΧΠ.</strong></span> <span class='ocrx_word' id='word_1_182' title='bbox 1437 2963 1610 3006; x_wconf 89' lang='lat' dir='ltr'><em>num.</em></span> <span class='ocrx_word' id='word_1_183' title='bbox 1643 2950 1702 3006; x_wconf 75' lang='lat'><em>4.</em></span> <span class='ocrx_word' id='word_1_184' title='bbox 1739 2946 1887 3025; x_wconf 90' lang='lat' dir='ltr'><em>quia</em></span> <span class='ocrx_word' id='word_1_185' title='bbox 1915 2947 2060 3009; x_wconf 90' lang='lat' dir='ltr'><em>Pius</em></span> <span class='ocrx_word' id='word_1_186' title='bbox 2090 2949 2165 3010; x_wconf 88' lang='lat' dir='ltr'><em>V.</em></span> <span class='ocrx_word' id='word_1_187' title='bbox 2202 2965 2302 3008; x_wconf 90' lang='lat' dir='ltr'><em>so-</em></span> 
     </span>
     <span class='ocr_line' id='line_1_29' title="bbox 764 3037 2303 3120; baseline 0.002 -21"><span class='ocrx_word' id='word_1_188' title='bbox 764 3039 894 3099; x_wconf 88' lang='lat' dir='ltr'><em>lum</em></span> <span class='ocrx_word' id='word_1_189' title='bbox 942 3037 1073 3117; x_wconf 85' lang='lat' dir='ltr'><em>agit</em></span> <span class='ocrx_word' id='word_1_190' title='bbox 1118 3037 1194 3097; x_wconf 91' lang='lat' dir='ltr'><em>de</em></span> <span class='ocrx_word' id='word_1_191' title='bbox 1238 3056 1430 3097; x_wconf 89' lang='lat' dir='ltr'><em>censu</em></span> <span class='ocrx_word' id='word_1_192' title='bbox 1484 3038 1840 3115; x_wconf 89' lang='lat' dir='ltr'><em>redimibili,</em></span> <span class='ocrx_word' id='word_1_193' title='bbox 1892 3038 1955 3099; x_wconf 83' lang='lat' dir='ltr'><em>in</em></span> <span class='ocrx_word' id='word_1_194' title='bbox 1998 3057 2122 3120; x_wconf 89' lang='lat' dir='ltr'><em>quo</em></span> <span class='ocrx_word' id='word_1_195' title='bbox 2167 3044 2303 3103; x_wconf 86' lang='lat' dir='ltr'><em>erat</em></span> 
     </span>
     <span class='ocr_line' id='line_1_30' title="bbox 764 3130 2295 3212; baseline 0.001 -19"><span class='ocrx_word' id='word_1_196' title='bbox 764 3130 969 3211; x_wconf 88' lang='lat' dir='ltr'><em>majus</em></span> <span class='ocrx_word' id='word_1_197' title='bbox 1022 3130 1369 3211; x_wconf 88' lang='lat' dir='ltr'><em>periculum</em></span> <span class='ocrx_word' id='word_1_198' title='bbox 1411 3134 1473 3192; x_wconf 85' lang='lat' dir='ltr'><em>et</em></span> <span class='ocrx_word' id='word_1_199' title='bbox 1519 3132 1722 3211; x_wconf 89' lang='lat' dir='ltr'><em>major</em></span> <span class='ocrx_word' id='word_1_200' title='bbox 1773 3132 2014 3211; x_wconf 89' lang='lat' dir='ltr'><em>species</em></span> <span class='ocrx_word' id='word_1_201' title='bbox 2069 3152 2295 3212; x_wconf 68' lang='lat' dir='ltr'><em>usuras,</em></span> 
     </span>
     <span class='ocr_line' id='line_1_31' title="bbox 764 3224 2301 3303; baseline 0.001 -17"><span class='ocrx_word' id='word_1_202' title='bbox 764 3244 909 3286; x_wconf 91' lang='lat' dir='ltr'><em>cum</em></span> <span class='ocrx_word' id='word_1_203' title='bbox 938 3229 1079 3303; x_wconf 89' lang='lat' dir='ltr'><em>post</em></span> <span class='ocrx_word' id='word_1_204' title='bbox 1108 3224 1342 3286; x_wconf 86' lang='lat' dir='ltr'><em>solutas</em></span> <span class='ocrx_word' id='word_1_205' title='bbox 1376 3225 1710 3303; x_wconf 89' lang='lat' dir='ltr'><em>pensiones</em></span> <span class='ocrx_word' id='word_1_206' title='bbox 1737 3225 2113 3288; x_wconf 84' lang='lat' dir='ltr'><em>redderetur</em></span> <span class='ocrx_word' id='word_1_207' title='bbox 2142 3228 2301 3290; x_wconf 91' lang='lat' dir='ltr'><em>inte-</em></span> 
     </span>
     <span class='ocr_line' id='line_1_32' title="bbox 762 3318 2301 3398; baseline 0.002 -19"><span class='ocrx_word' id='word_1_208' title='bbox 762 3337 948 3398; x_wconf 84' lang='lat' dir='ltr'><em>grum</em></span> <span class='ocrx_word' id='word_1_209' title='bbox 988 3318 1295 3398; x_wconf 92' lang='lat' dir='ltr'><em>pretium,</em></span> <span class='ocrx_word' id='word_1_210' title='bbox 1330 3318 1736 3397; x_wconf 89' lang='lat' dir='ltr'><em>pensionibus</em></span> <span class='ocrx_word' id='word_1_211' title='bbox 1766 3338 1891 3380; x_wconf 93' lang='lat' dir='ltr'><em>non</em></span> <span class='ocrx_word' id='word_1_212' title='bbox 1923 3322 2301 3398; x_wconf 89' lang='lat' dir='ltr'><em>computatis</em></span> 
     </span>
     <span class='ocr_line' id='line_1_33' title="bbox 762 3412 2300 3475; baseline 0.003 -4"><span class='ocrx_word' id='word_1_213' title='bbox 762 3413 828 3472; x_wconf 90' lang='lat' dir='ltr'><em>in</em></span> <span class='ocrx_word' id='word_1_214' title='bbox 856 3416 1109 3473; x_wconf 84' lang='lat' dir='ltr'><em>sortem.</em></span> <span class='ocrx_word' id='word_1_215' title='bbox 1144 3412 1212 3473; x_wconf 92' lang='lat' dir='ltr'><em>In</em></span> <span class='ocrx_word' id='word_1_216' title='bbox 1257 3430 1446 3473; x_wconf 92' lang='lat' dir='ltr'><em>censu</em></span> <span class='ocrx_word' id='word_1_217' title='bbox 1477 3417 1688 3475; x_wconf 88' lang='lat' dir='ltr'><em>autem</em></span> <span class='ocrx_word' id='word_1_218' title='bbox 1734 3412 2128 3473; x_wconf 89' lang='lat' dir='ltr'><em>irredimibili</em></span> <span class='ocrx_word' id='word_1_219' title='bbox 2162 3415 2300 3475; x_wconf 93' lang='lat' dir='ltr'><em>nul-</em></span> 
     </span>
     <span class='ocr_line' id='line_1_34' title="bbox 760 3504 2298 3586; baseline 0.003 -22"><span class='ocrx_word' id='word_1_220' title='bbox 760 3505 893 3565; x_wconf 91' lang='lat' dir='ltr'><em>lum</em></span> <span class='ocrx_word' id='word_1_221' title='bbox 921 3509 1056 3565; x_wconf 90' lang='lat' dir='ltr'><em>erat</em></span> <span class='ocrx_word' id='word_1_222' title='bbox 1080 3506 1203 3566; x_wconf 88' lang='lat' dir='ltr'><em>tale</em></span> <span class='ocrx_word' id='word_1_223' title='bbox 1233 3504 1602 3585; x_wconf 85' lang='lat' dir='ltr'><em>periculum,</em></span> <span class='ocrx_word' id='word_1_224' title='bbox 1629 3522 1745 3566; x_wconf 90' lang='lat' dir='ltr'><em>nec</em></span> <span class='ocrx_word' id='word_1_225' title='bbox 1772 3505 1849 3565; x_wconf 90' lang='lat' dir='ltr'><em>de</em></span> <span class='ocrx_word' id='word_1_226' title='bbox 1870 3505 2033 3566; x_wconf 89' lang='lat' dir='ltr'><em>illius</em></span> <span class='ocrx_word' id='word_1_227' title='bbox 2055 3505 2298 3586; x_wconf 87' lang='lat' dir='ltr'><em>justitia</em></span> 
     </span>
     <span class='ocr_line' id='line_1_35' title="bbox 761 3597 2299 3678; baseline 0.002 -20"><span class='ocrx_word' id='word_1_228' title='bbox 761 3616 1040 3678; x_wconf 88' lang='lat' dir='ltr'><em>unquam</em></span> <span class='ocrx_word' id='word_1_229' title='bbox 1071 3598 1422 3659; x_wconf 84' lang='lat' dir='ltr'><em>dubitatum</em></span> <span class='ocrx_word' id='word_1_230' title='bbox 1447 3597 1670 3674; x_wconf 89' lang='lat' dir='ltr'><em>fuerat,</em></span> <span class='ocrx_word' id='word_1_231' title='bbox 1711 3615 1826 3658; x_wconf 90' lang='lat' dir='ltr'><em>nec</em></span> <span class='ocrx_word' id='word_1_232' title='bbox 1850 3598 2135 3658; x_wconf 84' lang='lat' dir='ltr'><em>Pontifex</em></span> <span class='ocrx_word' id='word_1_233' title='bbox 2154 3617 2299 3677; x_wconf 91' lang='lat' dir='ltr'><em>pos-</em></span> 
     </span>
     <span class='ocr_line' id='line_1_36' title="bbox 760 3690 2296 3768; baseline 0.002 -17"><span class='ocrx_word' id='word_1_234' title='bbox 760 3694 857 3751; x_wconf 87' lang='lat' dir='ltr'><em>set</em></span> <span class='ocrx_word' id='word_1_235' title='bbox 883 3694 1187 3768; x_wconf 83' lang='lat' dir='ltr'><em>potestate</em></span> <span class='ocrx_word' id='word_1_236' title='bbox 1218 3690 1525 3768; x_wconf 89' lang='lat' dir='ltr'><em>spirituali</em></span> <span class='ocrx_word' id='word_1_237' title='bbox 1552 3690 1729 3750; x_wconf 91' lang='lat' dir='ltr'><em>illum</em></span> <span class='ocrx_word' id='word_1_238' title='bbox 1761 3694 2155 3753; x_wconf 89' lang='lat' dir='ltr'><em>contractum</em></span> <span class='ocrx_word' id='word_1_239' title='bbox 2183 3693 2296 3754; x_wconf 86' lang='lat' dir='ltr'><em>toti</em></span> 
     </span>
     <span class='ocr_line' id='line_1_37' title="bbox 760 3781 2295 3863; baseline 0.001 -19"><span class='ocrx_word' id='word_1_240' title='bbox 760 3782 895 3844; x_wconf 89' lang='lat' dir='ltr'><em>orbi</em></span> <span class='ocrx_word' id='word_1_241' title='bbox 925 3782 1279 3862; x_wconf 89' lang='lat' dir='ltr'><em>prohibere,</em></span> <span class='ocrx_word' id='word_1_242' title='bbox 1313 3781 1377 3843; x_wconf 92' lang='lat' dir='ltr'><em>in</em></span> <span class='ocrx_word' id='word_1_243' title='bbox 1398 3801 1521 3863; x_wconf 87' lang='lat' dir='ltr'><em>quo</em></span> <span class='ocrx_word' id='word_1_244' title='bbox 1543 3783 1783 3843; x_wconf 91' lang='lat' dir='ltr'><em>nullum</em></span> <span class='ocrx_word' id='word_1_245' title='bbox 1801 3783 2149 3862; x_wconf 89' lang='lat' dir='ltr'><em>periculum</em></span> <span class='ocrx_word' id='word_1_246' title='bbox 2165 3784 2295 3845; x_wconf 92' lang='lat' dir='ltr'><em>ani-</em></span> 
     </span>
     <span class='ocr_line' id='line_1_38' title="bbox 759 3875 1368 3937; baseline 0 -1"><span class='ocrx_word' id='word_1_247' title='bbox 759 3894 1006 3936; x_wconf 89' lang='lat' dir='ltr'><em>marum</em></span> <span class='ocrx_word' id='word_1_248' title='bbox 1031 3875 1368 3937; x_wconf 91' lang='lat' dir='ltr'><em>invenitur.</em></span> 
     </span>
    </p>

    <p class='ocr_par' dir='ltr' id='par_1_7' title="bbox 741 3968 2293 5450">
     <span class='ocr_line' id='line_1_39' title="bbox 838 3968 2288 4034; baseline 0.002 -3"><span class='ocrx_word' id='word_1_249' title='bbox 838 3970 1227 4031; x_wconf 86' lang='lat' dir='ltr'><em>Contrariam</em></span> <span class='ocrx_word' id='word_1_250' title='bbox 1271 3969 1649 4031; x_wconf 89' lang='lat' dir='ltr'><em>sententiam</em></span> <span class='ocrx_word' id='word_1_251' title='bbox 1679 3968 1864 4032; x_wconf 88' lang='lat' dir='ltr'><em>docet</em></span> <span class='ocrx_word' id='word_1_252' title='bbox 1905 3970 2196 4031; x_wconf 89' lang='lat' dir='ltr'><em>Rebellus</em></span> <span class='ocrx_word' id='word_1_253' title='bbox 2226 3971 2288 4034; x_wconf 92' lang='lat' dir='ltr'><em>d.</em></span> 
     </span>
     <span class='ocr_line' id='line_1_40' title="bbox 757 4062 2287 4144; baseline 0.003 -20"><span class='ocrx_word' id='word_1_254' title='bbox 757 4062 866 4124; x_wconf 92' lang='lat' dir='ltr'><em>lib.</em></span> <span class='ocrx_word' id='word_1_255' title='bbox 900 4064 976 4124; x_wconf 88' lang='lat' dir='ltr'><em>X.</em></span> <span class='ocrx_word' id='word_1_256' title='bbox 1010 4081 1071 4142; x_wconf 89' lang='lat' dir='ltr'><em>q.</em></span> <span class='ocrx_word' id='word_1_257' title='bbox 1106 4079 1218 4123; x_wconf 87' lang='lat' dir='ltr'><em>vn.</em></span> <span class='ocrx_word' id='word_1_258' title='bbox 1269 4062 1331 4122; x_wconf 90' lang='lat' dir='ltr'><em>in</em></span> <span class='ocrx_word' id='word_1_259' title='bbox 1362 4065 1469 4123; x_wconf 85' lang='lat' dir='ltr'><em>fin.</em></span> <span class='ocrx_word' id='word_1_260' title='bbox 1504 4067 1566 4125; x_wconf 89' lang='lat' dir='ltr'><em>et</em></span> <span class='ocrx_word' id='word_1_261' title='bbox 1595 4081 1706 4141; x_wconf 91' lang='lat' dir='ltr'><em>pro</em></span> <span class='ocrx_word' id='word_1_262' title='bbox 1739 4081 1813 4123; x_wconf 88' lang='lat' dir='ltr'><em>ea</em></span> <span class='ocrx_word' id='word_1_263' title='bbox 1859 4064 2092 4127; x_wconf 88' lang='lat' dir='ltr'><em>Bonac.</em></span> <span class='ocrx_word' id='word_1_264' title='bbox 2127 4064 2287 4144; x_wconf 90' lang='lat' dir='ltr'><em>disp.</em></span> 
     </span>
     <span class='ocr_line' id='line_1_41' title="bbox 757 4154 2286 4235; baseline 0.002 -18"><span class='ocrx_word' id='word_1_265' title='bbox 757 4156 859 4217; x_wconf 88' lang='lat'><em>111.</em></span> <span class='ocrx_word' id='word_1_266' title='bbox 895 4154 964 4214; x_wconf 85' lang='lat' dir='ltr'><em>de</em></span> <span class='ocrx_word' id='word_1_267' title='bbox 991 4155 1376 4216; x_wconf 78' lang='lat' dir='ltr'><em>contractibus</em></span> <span class='ocrx_word' id='word_1_268' title='bbox 1406 4175 1467 4235; x_wconf 90' lang='lat' dir='ltr'><em>q.</em></span> <span class='ocrx_word' id='word_1_269' title='bbox 1500 4171 1587 4218; x_wconf 83' lang='lat' dir='ltr'><em>lv.</em></span> <span class='ocrx_word' id='word_1_270' title='bbox 1634 4159 1847 4235; x_wconf 91' lang='lat' dir='ltr'><em>punct.</em></span> <span class='ocrx_word' id='word_1_271' title='bbox 1892 4176 1997 4217; x_wconf 93' lang='lat' dir='ltr'><em>un.</em></span> <span class='ocrx_word' id='word_1_272' title='bbox 2048 4176 2153 4218; x_wconf 93' lang='lat' dir='ltr'><em>nu.</em></span> <span class='ocrx_word' id='word_1_273' title='bbox 2187 4162 2286 4220; x_wconf 81' lang='lat'><em>40.</em></span> 
     </span>
     <span class='ocr_line' id='line_1_42' title="bbox 758 4248 2285 4329; baseline 0.002 -19"><span class='ocrx_word' id='word_1_274' title='bbox 758 4249 909 4310; x_wconf 89' lang='lat' dir='ltr'><em>citat</em></span> <span class='ocrx_word' id='word_1_275' title='bbox 932 4248 1227 4309; x_wconf 89' lang='lat' dir='ltr'><em>Azorium</em></span> <span class='ocrx_word' id='word_1_276' title='bbox 1256 4250 1358 4310; x_wconf 88' lang='lat'><em>111.</em></span> <span class='ocrx_word' id='word_1_277' title='bbox 1393 4249 1499 4309; x_wconf 86' lang='lat' dir='ltr'><em>lib.</em></span> <span class='ocrx_word' id='word_1_278' title='bbox 1534 4265 1595 4310; x_wconf 83' lang='lat' dir='ltr'><em>x.</em></span> <span class='ocrx_word' id='word_1_279' title='bbox 1632 4268 1769 4329; x_wconf 89' lang='lat' dir='ltr'><em>cap.</em></span> <span class='ocrx_word' id='word_1_280' title='bbox 1814 4265 1968 4310; x_wconf 84' lang='lat' dir='ltr'><em>xvn.</em></span> <span class='ocrx_word' id='word_1_281' title='bbox 2004 4269 2198 4329; x_wconf 82' lang='lat' dir='ltr'><em>quaes.</em></span> <span class='ocrx_word' id='word_1_282' title='bbox 2230 4253 2285 4313; x_wconf 85' lang='lat'><em>1.</em></span> 
     </span>
     <span class='ocr_line' id='line_1_43' title="bbox 757 4341 2288 4405; baseline 0.003 -4"><span class='ocrx_word' id='word_1_283' title='bbox 757 4346 820 4403; x_wconf 89' lang='lat' dir='ltr'><em>et</em></span> <span class='ocrx_word' id='word_1_284' title='bbox 858 4344 927 4403; x_wconf 90' lang='lat' dir='ltr'><em>P.</em></span> <span class='ocrx_word' id='word_1_285' title='bbox 981 4342 1156 4403; x_wconf 86' lang='lat' dir='ltr'><em>Salas</em></span> <span class='ocrx_word' id='word_1_286' title='bbox 1186 4342 1249 4403; x_wconf 93' lang='lat' dir='ltr'><em>d.</em></span> <span class='ocrx_word' id='word_1_287' title='bbox 1282 4341 1431 4402; x_wconf 91' lang='lat' dir='ltr'><em>dub.</em></span> <span class='ocrx_word' id='word_1_288' title='bbox 1464 4359 1578 4404; x_wconf 83' lang='lat' dir='ltr'><em>xn.</em></span> <span class='ocrx_word' id='word_1_289' title='bbox 1631 4361 1803 4402; x_wconf 91' lang='lat' dir='ltr'><em>num.</em></span> <span class='ocrx_word' id='word_1_290' title='bbox 1837 4346 1895 4404; x_wconf 88' lang='lat'><em>3.</em></span> <span class='ocrx_word' id='word_1_291' title='bbox 1932 4345 2166 4405; x_wconf 85' lang='lat' dir='ltr'><em>Neuter</em></span> <span class='ocrx_word' id='word_1_292' title='bbox 2195 4349 2288 4405; x_wconf 89' lang='lat' dir='ltr'><em>ta—</em></span> 
     </span>
     <span class='ocr_line' id='line_1_44' title="bbox 754 4433 2293 4516; baseline 0.003 -22"><span class='ocrx_word' id='word_1_293' title='bbox 754 4452 901 4494; x_wconf 89' lang='lat' dir='ltr'><em>men</em></span> <span class='ocrx_word' id='word_1_294' title='bbox 930 4433 1093 4494; x_wconf 90' lang='lat' dir='ltr'><em>hanc</em></span> <span class='ocrx_word' id='word_1_295' title='bbox 1126 4435 1499 4496; x_wconf 86' lang='lat' dir='ltr'><em>sententiam</em></span> <span class='ocrx_word' id='word_1_296' title='bbox 1530 4433 1713 4496; x_wconf 90' lang='lat' dir='ltr'><em>docet</em></span> <span class='ocrx_word' id='word_1_297' title='bbox 1735 4482 1750 4511; x_wconf 94' lang='lat'>‚</span> <span class='ocrx_word' id='word_1_298' title='bbox 1800 4453 1944 4495; x_wconf 88' lang='lat' dir='ltr'><em>nam</em></span> <span class='ocrx_word' id='word_1_299' title='bbox 1977 4437 2153 4497; x_wconf 87' lang='lat' dir='ltr'><em>Salas</em></span> <span class='ocrx_word' id='word_1_300' title='bbox 2178 4456 2293 4516; x_wconf 91' lang='lat' dir='ltr'><em>po-</em></span> 
     </span>
     <span class='ocr_line' id='line_1_45' title="bbox 752 4525 2284 4607; baseline 0.003 -19"><span class='ocrx_word' id='word_1_301' title='bbox 752 4525 875 4588; x_wconf 84' lang='lat' dir='ltr'><em>tius</em></span> <span class='ocrx_word' id='word_1_302' title='bbox 902 4532 1075 4589; x_wconf 88' lang='lat' dir='ltr'><em>tenet</em></span> <span class='ocrx_word' id='word_1_303' title='bbox 1100 4528 1476 4589; x_wconf 88' lang='lat' dir='ltr'><em>contrariam</em></span> <span class='ocrx_word' id='word_1_304' title='bbox 1494 4544 1638 4588; x_wconf 91' lang='lat' dir='ltr'><em>cum</em></span> <span class='ocrx_word' id='word_1_305' title='bbox 1656 4528 1888 4590; x_wconf 89' lang='lat' dir='ltr'><em>Molina</em></span> <span class='ocrx_word' id='word_1_306' title='bbox 1903 4533 1963 4589; x_wconf 93' lang='lat' dir='ltr'><em>et</em></span> <span class='ocrx_word' id='word_1_307' title='bbox 1984 4530 2033 4588; x_wconf 91' lang='lat' dir='ltr'><strong>N</strong></span> <span class='ocrx_word' id='word_1_308' title='bbox 2041 4547 2284 4607; x_wconf 87' lang='lat' dir='ltr'><em>avarr0‚</em></span> 
     </span>
     <span class='ocr_line' id='line_1_46' title="bbox 754 4620 2290 4703; baseline 0.003 -23"><span class='ocrx_word' id='word_1_309' title='bbox 754 4623 825 4681; x_wconf 91' lang='lat' dir='ltr'><em>ut</em></span> <span class='ocrx_word' id='word_1_310' title='bbox 852 4620 1142 4682; x_wconf 79' lang='lat' dir='ltr'><em>diximuS.</em></span> <span class='ocrx_word' id='word_1_311' title='bbox 1175 4624 1336 4682; x_wconf 90' lang='lat' dir='ltr'><em>Azor</em></span> <span class='ocrx_word' id='word_1_312' title='bbox 1363 4639 1511 4682; x_wconf 89' lang='lat' dir='ltr'><em>vero</em></span> <span class='ocrx_word' id='word_1_313' title='bbox 1538 4621 1737 4682; x_wconf 87' lang='lat' dir='ltr'><em>relata</em></span> <span class='ocrx_word' id='word_1_314' title='bbox 1756 4626 2021 4703; x_wconf 88' lang='lat' dir='ltr'><em>utraque</em></span> <span class='ocrx_word' id='word_1_315' title='bbox 2044 4627 2290 4685; x_wconf 90' lang='lat' dir='ltr'><em>senten-</em></span> 
     </span>
     <span class='ocr_line' id='line_1_47' title="bbox 751 4711 2289 4790; baseline 0.003 -16"><span class='ocrx_word' id='word_1_316' title='bbox 751 4711 861 4790; x_wconf 81' lang='lat' dir='ltr'><em>tia,</em></span> <span class='ocrx_word' id='word_1_317' title='bbox 895 4712 1121 4774; x_wconf 90' lang='lat' dir='ltr'><em>dubius</em></span> <span class='ocrx_word' id='word_1_318' title='bbox 1144 4717 1358 4775; x_wconf 89' lang='lat' dir='ltr'><em>manet</em></span> <span class='ocrx_word' id='word_1_319' title='bbox 1387 4718 1448 4776; x_wconf 90' lang='lat' dir='ltr'><em>et</em></span> <span class='ocrx_word' id='word_1_320' title='bbox 1492 4714 1648 4775; x_wconf 91' lang='lat' dir='ltr'><em>nihil</em></span> <span class='ocrx_word' id='word_1_321' title='bbox 1678 4715 1953 4776; x_wconf 89' lang='lat' dir='ltr'><em>resolvit.</em></span> <span class='ocrx_word' id='word_1_322' title='bbox 1989 4717 2166 4777; x_wconf 89' lang='lat' dir='ltr'><em>Hanc</em></span> <span class='ocrx_word' id='word_1_323' title='bbox 2194 4720 2289 4778; x_wconf 88' lang='lat' dir='ltr'><em>ta-</em></span> 
     </span>
     <span class='ocr_line' id='line_1_48' title="bbox 750 4806 2289 4889; baseline 0.004 -25"><span class='ocrx_word' id='word_1_324' title='bbox 750 4823 895 4865; x_wconf 88' lang='lat' dir='ltr'><em>men</em></span> <span class='ocrx_word' id='word_1_325' title='bbox 926 4806 1176 4867; x_wconf 86' lang='lat' dir='ltr'><em>videtur</em></span> <span class='ocrx_word' id='word_1_326' title='bbox 1202 4810 1415 4869; x_wconf 87' lang='lat' dir='ltr'><em>tenere</em></span> <span class='ocrx_word' id='word_1_327' title='bbox 1462 4807 1595 4885; x_wconf 89' lang='lat' dir='ltr'><em>ipse</em></span> <span class='ocrx_word' id='word_1_328' title='bbox 1637 4806 1956 4869; x_wconf 83' lang='lat' dir='ltr'><em>Benacina</em></span> <span class='ocrx_word' id='word_1_329' title='bbox 2006 4809 2092 4869; x_wconf 90' lang='lat' dir='ltr'><em>ibi</em></span> <span class='ocrx_word' id='word_1_330' title='bbox 2120 4855 2136 4885; x_wconf 90' lang='lat'><em>,</em></span> <span class='ocrx_word' id='word_1_331' title='bbox 2182 4810 2289 4889; x_wconf 91' lang='lat' dir='ltr'><em>qui</em></span> 
     </span>
     <span class='ocr_line' id='line_1_49' title="bbox 750 4898 2288 4977; baseline 0.003 -18"><span class='ocrx_word' id='word_1_332' title='bbox 750 4898 903 4960; x_wconf 90' lang='lat' dir='ltr'><em>dicit</em></span> <span class='ocrx_word' id='word_1_333' title='bbox 929 4918 1064 4960; x_wconf 88' lang='lat' dir='ltr'><em>esse</em></span> <span class='ocrx_word' id='word_1_334' title='bbox 1095 4917 1494 4960; x_wconf 88' lang='lat' dir='ltr'><em>communem</em></span> <span class='ocrx_word' id='word_1_335' title='bbox 1513 4945 1529 4977; x_wconf 86' lang='lat'><em>,</em></span> <span class='ocrx_word' id='word_1_336' title='bbox 1565 4904 1626 4963; x_wconf 87' lang='lat' dir='ltr'><em>et</em></span> <span class='ocrx_word' id='word_1_337' title='bbox 1654 4901 1944 4962; x_wconf 88' lang='lat' dir='ltr'><em>eamdem</em></span> <span class='ocrx_word' id='word_1_338' title='bbox 1986 4901 2288 4964; x_wconf 79' lang='lat' dir='ltr'><em>docuerat</em></span> 
     </span>
     <span class='ocr_line' id='line_1_50' title="bbox 750 4991 2279 5071; baseline 0.002 -17"><span class='ocrx_word' id='word_1_339' title='bbox 750 4991 1045 5071; x_wconf 76' lang='lat' dir='ltr'><em>virginus</em></span> <span class='ocrx_word' id='word_1_340' title='bbox 1073 4991 1144 5053; x_wconf 85' lang='lat' dir='ltr'><em>de</em></span> <span class='ocrx_word' id='word_1_341' title='bbox 1169 4991 1426 5052; x_wconf 81' lang='lat' dir='ltr'><em>censibus</em></span> <span class='ocrx_word' id='word_1_342' title='bbox 1473 5010 1609 5070; x_wconf 90' lang='lat' dir='ltr'><em>par.</em></span> <span class='ocrx_word' id='word_1_343' title='bbox 1645 5010 1713 5055; x_wconf 92' lang='lat'><em>11.</em></span> <span class='ocrx_word' id='word_1_344' title='bbox 1748 5012 1921 5056; x_wconf 90' lang='lat' dir='ltr'><em>num.</em></span> <span class='ocrx_word' id='word_1_345' title='bbox 1953 4995 2053 5055; x_wconf 86' lang='lat'><em>37.</em></span> <span class='ocrx_word' id='word_1_346' title='bbox 2091 4997 2153 5056; x_wconf 92' lang='lat' dir='ltr'><em>et</em></span> <span class='ocrx_word' id='word_1_347' title='bbox 2180 4999 2279 5057; x_wconf 82' lang='lat'><em>55.</em></span> 
     </span>
     <span class='ocr_line' id='line_1_51' title="bbox 749 5084 2286 5167; baseline 0.002 -20"><span class='ocrx_word' id='word_1_348' title='bbox 749 5089 812 5148; x_wconf 86' lang='lat' dir='ltr'><em>et</em></span> <span class='ocrx_word' id='word_1_349' title='bbox 839 5087 975 5147; x_wconf 84' lang='lat'><strong>153.</strong></span> <span class='ocrx_word' id='word_1_350' title='bbox 1009 5090 1072 5147; x_wconf 88' lang='lat' dir='ltr'><em>et</em></span> <span class='ocrx_word' id='word_1_351' title='bbox 1097 5084 1378 5163; x_wconf 88' lang='lat' dir='ltr'><em>miratur,</em></span> <span class='ocrx_word' id='word_1_352' title='bbox 1413 5087 1761 5146; x_wconf 86' lang='lat' dir='ltr'><em>Navarrum</em></span> <span class='ocrx_word' id='word_1_353' title='bbox 1791 5087 2150 5167; x_wconf 87' lang='lat' dir='ltr'><em>oppositum</em></span> <span class='ocrx_word' id='word_1_354' title='bbox 2178 5089 2286 5150; x_wconf 90' lang='lat' dir='ltr'><em>do-</em></span> 
     </span>
     <span class='ocr_line' id='line_1_52' title="bbox 745 5177 2285 5259; baseline 0.003 -20"><span class='ocrx_word' id='word_1_355' title='bbox 745 5177 947 5239; x_wconf 88' lang='lat' dir='ltr'><em>cuisse</em></span> <span class='ocrx_word' id='word_1_356' title='bbox 995 5181 1212 5240; x_wconf 88' lang='lat' dir='ltr'><em>contra</em></span> <span class='ocrx_word' id='word_1_357' title='bbox 1261 5198 1554 5259; x_wconf 84' lang='lat' dir='ltr'><em>expressa</em></span> <span class='ocrx_word' id='word_1_358' title='bbox 1606 5178 1919 5241; x_wconf 88' lang='lat' dir='ltr'><em>Pontificis</em></span> <span class='ocrx_word' id='word_1_359' title='bbox 1958 5181 2176 5243; x_wconf 87' lang='lat' dir='ltr'><em>verba.</em></span> <span class='ocrx_word' id='word_1_360' title='bbox 2209 5183 2285 5244; x_wconf 90' lang='lat' dir='ltr'><em>Et</em></span> 
     </span>
     <span class='ocr_line' id='line_1_53' title="bbox 744 5271 2285 5353; baseline 0.003 -22"><span class='ocrx_word' id='word_1_361' title='bbox 744 5271 1000 5353; x_wconf 87' lang='lat' dir='ltr'><em>quidem</em></span> <span class='ocrx_word' id='word_1_362' title='bbox 1027 5271 1175 5333; x_wconf 85' lang='lat' dir='ltr'><em>licet</em></span> <span class='ocrx_word' id='word_1_363' title='bbox 1202 5278 1460 5352; x_wconf 87' lang='lat' dir='ltr'><em>propter</em></span> <span class='ocrx_word' id='word_1_364' title='bbox 1483 5274 1922 5335; x_wconf 89' lang='lat' dir='ltr'><em>auctoritatem</em></span> <span class='ocrx_word' id='word_1_365' title='bbox 1950 5277 2045 5335; x_wconf 90' lang='lat' dir='ltr'><em>tot</em></span> <span class='ocrx_word' id='word_1_366' title='bbox 2073 5275 2285 5336; x_wconf 90' lang='lat' dir='ltr'><em>docto-</em></span> 
     </span>
     <span class='ocr_line' id='line_1_54' title="bbox 741 5365 2281 5450; baseline 0.001 -23"><span class='ocrx_word' id='word_1_367' title='bbox 741 5384 884 5427; x_wconf 89' lang='lat' dir='ltr'><em>rum</em></span> <span class='ocrx_word' id='word_1_368' title='bbox 914 5384 1029 5445; x_wconf 86' lang='lat' dir='ltr'><em>ego</em></span> <span class='ocrx_word' id='word_1_369' title='bbox 1062 5384 1186 5427; x_wconf 90' lang='lat' dir='ltr'><em>non</em></span> <span class='ocrx_word' id='word_1_370' title='bbox 1234 5365 1533 5427; x_wconf 87' lang='lat' dir='ltr'><em>auderem</em></span> <span class='ocrx_word' id='word_1_371' title='bbox 1582 5367 1884 5428; x_wconf 86' lang='lat' dir='ltr'><em>damnare</em></span> <span class='ocrx_word' id='word_1_372' title='bbox 1933 5386 2118 5445; x_wconf 89' lang='lat' dir='ltr'><em>eum,</em></span> <span class='ocrx_word' id='word_1_373' title='bbox 2173 5369 2281 5450; x_wconf 90' lang='lat' dir='ltr'><em>qui</em></span> 
     </span>
    </p>
   </div>
   <div class='ocr_carea' id='block_1_5' title="bbox 1932 332 2821 406">
    <p class='ocr_par' dir='ltr' id='par_1_8' title="bbox 1932 332 2821 406">
     <span class='ocr_line' id='line_1_55' title="bbox 1932 332 2821 406; baseline -0.001 -2"><span class='ocrx_word' id='word_1_374' title='bbox 1932 344 2035 405; x_wconf 80' lang='lat' dir='ltr'><em>DE</em></span> <span class='ocrx_word' id='word_1_375' title='bbox 2077 340 2435 406; x_wconf 82' lang='lat' dir='ltr'><strong>JUSTITIA</strong></span> <span class='ocrx_word' id='word_1_376' title='bbox 2477 332 2579 404; x_wconf 78' lang='grc' dir='ltr'><em>ΕΤ</em></span> <span class='ocrx_word' id='word_1_377' title='bbox 2621 340 2821 405; x_wconf 75' lang='lat' dir='ltr'><strong>JURE</strong></span> 
     </span>
    </p>
   </div>
   <div class='ocr_carea' id='block_1_6' title="bbox 2402 520 3940 1611">
    <p class='ocr_par' dir='ltr' id='par_1_9' title="bbox 2402 520 3940 1611">
     <span class='ocr_line' id='line_1_56' title="bbox 2412 520 3935 602; baseline -0.001 -18"><span class='ocrx_word' id='word_1_378' title='bbox 2412 523 2508 584; x_wconf 90' lang='lat' dir='ltr'><em>bis</em></span> <span class='ocrx_word' id='word_1_379' title='bbox 2534 522 2721 584; x_wconf 82' lang='lat' dir='ltr'><em>bullae</em></span> <span class='ocrx_word' id='word_1_380' title='bbox 2741 569 2756 599; x_wconf 89' lang='lat'>‚</span> <span class='ocrx_word' id='word_1_381' title='bbox 2788 540 2913 583; x_wconf 92' lang='lat' dir='ltr'><em>non</em></span> <span class='ocrx_word' id='word_1_382' title='bbox 2941 521 3188 585; x_wconf 85' lang='lat' dir='ltr'><em>videtur</em></span> <span class='ocrx_word' id='word_1_383' title='bbox 3231 523 3366 583; x_wconf 89' lang='lat' dir='ltr'><em>sine</em></span> <span class='ocrx_word' id='word_1_384' title='bbox 3399 520 3696 584; x_wconf 89' lang='lat' dir='ltr'><em>violentia</em></span> <span class='ocrx_word' id='word_1_385' title='bbox 3725 524 3935 602; x_wconf 84' lang='lat' dir='ltr'><em>negari</em></span> 
     </span>
     <span class='ocr_line' id='line_1_57' title="bbox 2405 614 3929 696; baseline 0 -19"><span class='ocrx_word' id='word_1_386' title='bbox 2405 635 2609 696; x_wconf 87' lang='lat' dir='ltr'><em>posse,</em></span> <span class='ocrx_word' id='word_1_387' title='bbox 2635 617 2802 695; x_wconf 89' lang='lat' dir='ltr'><em>quod</em></span> <span class='ocrx_word' id='word_1_388' title='bbox 2822 616 3129 695; x_wconf 89' lang='lat' dir='ltr'><em>ejusmodi</em></span> <span class='ocrx_word' id='word_1_389' title='bbox 3143 635 3363 677; x_wconf 90' lang='lat' dir='ltr'><em>census</em></span> <span class='ocrx_word' id='word_1_390' title='bbox 3380 616 3466 677; x_wconf 90' lang='lat' dir='ltr'><em>ibi</em></span> <span class='ocrx_word' id='word_1_391' title='bbox 3481 616 3773 696; x_wconf 88' lang='lat' dir='ltr'><em>prohibiti</em></span> <span class='ocrx_word' id='word_1_392' title='bbox 3792 614 3929 677; x_wconf 88' lang='lat' dir='ltr'><em>sint.</em></span> 
     </span>
     <span class='ocr_line' id='line_1_58' title="bbox 2405 708 3934 787; baseline -0.001 -17"><span class='ocrx_word' id='word_1_393' title='bbox 2405 709 2550 787; x_wconf 90' lang='lat' dir='ltr'><em>Agit</em></span> <span class='ocrx_word' id='word_1_394' title='bbox 2580 710 2746 769; x_wconf 89' lang='lat' dir='ltr'><em>enim</em></span> <span class='ocrx_word' id='word_1_395' title='bbox 2777 710 3208 771; x_wconf 87' lang='lat' dir='ltr'><em>universaliter</em></span> <span class='ocrx_word' id='word_1_396' title='bbox 3235 710 3313 769; x_wconf 91' lang='lat' dir='ltr'><em>de</em></span> <span class='ocrx_word' id='word_1_397' title='bbox 3333 710 3620 770; x_wconf 90' lang='lat' dir='ltr'><em>omnibus</em></span> <span class='ocrx_word' id='word_1_398' title='bbox 3650 708 3934 769; x_wconf 79' lang='lat' dir='ltr'><em>censibus</em></span> 
     </span>
     <span class='ocr_line' id='line_1_59' title="bbox 2404 800 3937 881; baseline 0 -20"><span class='ocrx_word' id='word_1_399' title='bbox 2404 802 2465 861; x_wconf 90' lang='lat' dir='ltr'><em>in</em></span> <span class='ocrx_word' id='word_1_400' title='bbox 2498 806 2818 881; x_wconf 89' lang='lat' dir='ltr'><em>posterum</em></span> <span class='ocrx_word' id='word_1_401' title='bbox 2873 803 3186 879; x_wconf 89' lang='lat' dir='ltr'><em>creandis,</em></span> <span class='ocrx_word' id='word_1_402' title='bbox 3247 806 3310 865; x_wconf 90' lang='lat' dir='ltr'><em>et</em></span> <span class='ocrx_word' id='word_1_403' title='bbox 3369 802 3484 863; x_wconf 90' lang='lat' dir='ltr'><em>hos</em></span> <span class='ocrx_word' id='word_1_404' title='bbox 3533 819 3747 862; x_wconf 87' lang='lat' dir='ltr'><em>omnes</em></span> <span class='ocrx_word' id='word_1_405' title='bbox 3791 800 3937 861; x_wconf 84' lang='lat' dir='ltr'><em>dicit</em></span> 
     </span>
     <span class='ocr_line' id='line_1_60' title="bbox 2405 896 3938 976; baseline -0.003 -18"><span class='ocrx_word' id='word_1_406' title='bbox 2405 896 2560 960; x_wconf 89' lang='lat' dir='ltr'><em>tales</em></span> <span class='ocrx_word' id='word_1_407' title='bbox 2597 896 2826 956; x_wconf 89' lang='lat' dir='ltr'><em>debere</em></span> <span class='ocrx_word' id='word_1_408' title='bbox 2857 915 2992 956; x_wconf 91' lang='lat' dir='ltr'><em>esse</em></span> <span class='ocrx_word' id='word_1_409' title='bbox 3022 945 3036 972; x_wconf 92' lang='lat'>‚</span> <span class='ocrx_word' id='word_1_410' title='bbox 3087 900 3154 958; x_wconf 91' lang='lat' dir='ltr'><em>ut</em></span> <span class='ocrx_word' id='word_1_411' title='bbox 3182 896 3425 976; x_wconf 86' lang='lat' dir='ltr'><em>possint</em></span> <span class='ocrx_word' id='word_1_412' title='bbox 3451 913 3700 974; x_wconf 88' lang='lat' dir='ltr'><em>semper</em></span> <span class='ocrx_word' id='word_1_413' title='bbox 3729 914 3766 954; x_wconf 88' lang='lat' dir='ltr'><em>a</em></span> <span class='ocrx_word' id='word_1_414' title='bbox 3795 913 3938 954; x_wconf 83' lang='lat' dir='ltr'><em>ven-</em></span> 
     </span>
     <span class='ocr_line' id='line_1_61' title="bbox 2404 988 3938 1069; baseline -0.002 -20"><span class='ocrx_word' id='word_1_415' title='bbox 2404 989 2605 1051; x_wconf 90' lang='lat' dir='ltr'><em>ditore</em></span> <span class='ocrx_word' id='word_1_416' title='bbox 2651 990 2874 1050; x_wconf 90' lang='lat' dir='ltr'><em>eodem</em></span> <span class='ocrx_word' id='word_1_417' title='bbox 2921 988 3120 1069; x_wconf 91' lang='lat' dir='ltr'><em>pretio</em></span> <span class='ocrx_word' id='word_1_418' title='bbox 3168 988 3392 1049; x_wconf 88' lang='lat' dir='ltr'><em>redimi</em></span> <span class='ocrx_word' id='word_1_419' title='bbox 3419 1035 3434 1064; x_wconf 96' lang='lat'><em>,</em></span> <span class='ocrx_word' id='word_1_420' title='bbox 3483 1007 3610 1049; x_wconf 92' lang='lat' dir='ltr'><em>non</em></span> <span class='ocrx_word' id='word_1_421' title='bbox 3655 988 3938 1048; x_wconf 77' lang='lat' dir='ltr'><em>obstante</em></span> 
     </span>
     <span class='ocr_line' id='line_1_62' title="bbox 2405 1079 3937 1163; baseline -0.003 -20"><span class='ocrx_word' id='word_1_422' title='bbox 2405 1082 2684 1163; x_wconf 87' lang='lat' dir='ltr'><em>quolibet</em></span> <span class='ocrx_word' id='word_1_423' title='bbox 2715 1087 2897 1162; x_wconf 89' lang='lat' dir='ltr'><em>pacto</em></span> <span class='ocrx_word' id='word_1_424' title='bbox 2928 1100 3051 1162; x_wconf 90' lang='lat' dir='ltr'><em>quo</em></span> <span class='ocrx_word' id='word_1_425' title='bbox 3082 1080 3198 1143; x_wconf 90' lang='lat' dir='ltr'><em>sibi</em></span> <span class='ocrx_word' id='word_1_426' title='bbox 3242 1081 3554 1161; x_wconf 88' lang='lat' dir='ltr'><em>ejusmodi</em></span> <span class='ocrx_word' id='word_1_427' title='bbox 3579 1079 3937 1142; x_wconf 81' lang='lat' dir='ltr'><em>facultatem</em></span> 
     </span>
     <span class='ocr_line' id='line_1_63' title="bbox 2404 1172 3940 1254; baseline -0.001 -17"><span class='ocrx_word' id='word_1_428' title='bbox 2404 1176 2667 1237; x_wconf 86' lang='lat' dir='ltr'><em>auferat.</em></span> <span class='ocrx_word' id='word_1_429' title='bbox 2702 1178 2856 1237; x_wconf 90' lang='lat' dir='ltr'><em>Cum</em></span> <span class='ocrx_word' id='word_1_430' title='bbox 2887 1192 3037 1254; x_wconf 85' lang='lat' dir='ltr'><em>ergo</em></span> <span class='ocrx_word' id='word_1_431' title='bbox 3060 1175 3121 1234; x_wconf 90' lang='lat' dir='ltr'><em>in</em></span> <span class='ocrx_word' id='word_1_432' title='bbox 3153 1192 3344 1235; x_wconf 89' lang='lat' dir='ltr'><em>censu</em></span> <span class='ocrx_word' id='word_1_433' title='bbox 3366 1173 3759 1235; x_wconf 88' lang='lat' dir='ltr'><em>irredimibili</em></span> <span class='ocrx_word' id='word_1_434' title='bbox 3779 1172 3940 1235; x_wconf 85' lang='lat' dir='ltr'><em>adsit</em></span> 
     </span>
     <span class='ocr_line' id='line_1_64' title="bbox 2404 1266 3936 1348; baseline -0.003 -17"><span class='ocrx_word' id='word_1_435' title='bbox 2404 1273 2659 1348; x_wconf 88' lang='lat' dir='ltr'><em>pactum</em></span> <span class='ocrx_word' id='word_1_436' title='bbox 2713 1286 3076 1348; x_wconf 78' lang='lat' dir='ltr'><em>expressum</em></span> <span class='ocrx_word' id='word_1_437' title='bbox 3096 1316 3111 1345; x_wconf 94' lang='lat'>‚</span> <span class='ocrx_word' id='word_1_438' title='bbox 3146 1286 3268 1347; x_wconf 90' lang='lat' dir='ltr'><em>quo</em></span> <span class='ocrx_word' id='word_1_439' title='bbox 3318 1266 3629 1347; x_wconf 89' lang='lat' dir='ltr'><em>ejusmodi</em></span> <span class='ocrx_word' id='word_1_440' title='bbox 3680 1266 3936 1327; x_wconf 83' lang='lat' dir='ltr'><em>facultas</em></span> 
     </span>
     <span class='ocr_line' id='line_1_65' title="bbox 2402 1361 3938 1442; baseline -0.003 -18"><span class='ocrx_word' id='word_1_441' title='bbox 2402 1362 2754 1424; x_wconf 90' lang='lat' dir='ltr'><em>redimendi</em></span> <span class='ocrx_word' id='word_1_442' title='bbox 2801 1362 3038 1423; x_wconf 87' lang='lat' dir='ltr'><em>directe</em></span> <span class='ocrx_word' id='word_1_443' title='bbox 3087 1361 3386 1437; x_wconf 89' lang='lat' dir='ltr'><em>aufertur,</em></span> <span class='ocrx_word' id='word_1_444' title='bbox 3425 1379 3821 1442; x_wconf 88' lang='lat' dir='ltr'><em>consequens</em></span> <span class='ocrx_word' id='word_1_445' title='bbox 3851 1363 3938 1420; x_wconf 83' lang='lat' dir='ltr'><em>est</em></span> 
     </span>
     <span class='ocr_line' id='line_1_66' title="bbox 2404 1453 3936 1535; baseline -0.003 -18"><span class='ocrx_word' id='word_1_446' title='bbox 2404 1459 2473 1517; x_wconf 91' lang='lat' dir='ltr'><em>ut</em></span> <span class='ocrx_word' id='word_1_447' title='bbox 2497 1456 2621 1517; x_wconf 85' lang='lat' dir='ltr'><em>tale</em></span> <span class='ocrx_word' id='word_1_448' title='bbox 2641 1458 2896 1535; x_wconf 88' lang='lat' dir='ltr'><em>pactum</em></span> <span class='ocrx_word' id='word_1_449' title='bbox 2915 1453 3214 1534; x_wconf 67' lang='lat' dir='ltr'><em>praedicta</em></span> <span class='ocrx_word' id='word_1_450' title='bbox 3229 1453 3503 1515; x_wconf 86' lang='lat' dir='ltr'><em>clausala</em></span> <span class='ocrx_word' id='word_1_451' title='bbox 3525 1454 3782 1515; x_wconf 88' lang='lat' dir='ltr'><em>omnino</em></span> <span class='ocrx_word' id='word_1_452' title='bbox 3800 1471 3936 1533; x_wconf 88' lang='lat' dir='ltr'><em>pro-</em></span> 
     </span>
     <span class='ocr_line' id='line_1_67' title="bbox 2404 1549 2801 1611; baseline 0.003 -2"><span class='ocrx_word' id='word_1_453' title='bbox 2404 1549 2671 1611; x_wconf 87' lang='lat' dir='ltr'><em>hibitum</em></span> <span class='ocrx_word' id='word_1_454' title='bbox 2702 1549 2801 1610; x_wconf 88' lang='lat' dir='ltr'><em>sit.</em></span> 
     </span>
    </p>
   </div>
   <div class='ocr_carea' id='block_1_7' title="bbox 2401 1641 4172 1815">
    <p class='ocr_par' dir='ltr' id='par_1_10' title="bbox 2401 1641 4172 1815">
     <span class='ocr_line' id='line_1_68' title="bbox 2485 1641 4069 1720; baseline 0.001 -17"><span class='ocrx_word' id='word_1_455' title='bbox 2485 1645 2675 1703; x_wconf 90' lang='lat' dir='ltr'><em>Porro</em></span> <span class='ocrx_word' id='word_1_456' title='bbox 2708 1641 2870 1703; x_wconf 90' lang='lat' dir='ltr'><em>hanc</em></span> <span class='ocrx_word' id='word_1_457' title='bbox 2898 1642 3089 1703; x_wconf 89' lang='lat' dir='ltr'><em>fuisse</em></span> <span class='ocrx_word' id='word_1_458' title='bbox 3130 1642 3449 1704; x_wconf 86' lang='lat' dir='ltr'><em>Pontificis</em></span> <span class='ocrx_word' id='word_1_459' title='bbox 3478 1645 3795 1717; x_wconf 89' lang='lat' dir='ltr'><em>mentem,</em></span> <span class='ocrx_word' id='word_1_460' title='bbox 3829 1660 3938 1720; x_wconf 86' lang='lat' dir='ltr'><em>po·</em></span> <span class='ocrx_word' id='word_1_461' title='bbox 4053 1648 4069 1705; x_wconf 78' lang='lat' dir='ltr'><em>l</em></span> 
     </span>
     <span class='ocr_line' id='line_1_69' title="bbox 2401 1734 4172 1815; baseline -0.003 -18"><span class='ocrx_word' id='word_1_462' title='bbox 2401 1739 2522 1797; x_wconf 89' lang='lat' dir='ltr'><em>test</em></span> <span class='ocrx_word' id='word_1_463' title='bbox 2549 1736 2822 1796; x_wconf 91' lang='lat' dir='ltr'><em>secundo</em></span> <span class='ocrx_word' id='word_1_464' title='bbox 2855 1734 3103 1814; x_wconf 89' lang='lat' dir='ltr'><em>probari</em></span> <span class='ocrx_word' id='word_1_465' title='bbox 3121 1735 3201 1796; x_wconf 89' lang='lat' dir='ltr'><em>ad</em></span> <span class='ocrx_word' id='word_1_466' title='bbox 3233 1735 3558 1795; x_wconf 90' lang='lat' dir='ltr'><em>hominem</em></span> <span class='ocrx_word' id='word_1_467' title='bbox 3592 1756 3605 1796; x_wconf 92' lang='lat'>:</span> <span class='ocrx_word' id='word_1_468' title='bbox 3642 1735 3934 1815; x_wconf 86' lang='lat' dir='ltr'><em>quiaipse</em></span> <span class='ocrx_word' id='word_1_469' title='bbox 3977 1772 4067 1813; x_wconf 57' lang='grc' dir='ltr'><em>Η,</em></span> <span class='ocrx_word' id='word_1_470' title='bbox 4145 1788 4172 1814; x_wconf 54' lang='grc' dir='ltr'>ι</span> 
     </span>
    </p>
   </div>
   <div class='ocr_carea' id='block_1_8' title="bbox 2401 1827 4154 1934">
    <p class='ocr_par' dir='ltr' id='par_1_11' title="bbox 2401 1827 4154 1934">
     <span class='ocr_line' id='line_1_70' title="bbox 2401 1827 4154 1934; baseline -0.005 -43"><span class='ocrx_word' id='word_1_471' title='bbox 2401 1829 2653 1905; x_wconf 83' lang='lat' dir='ltr'><em>Melina,</em></span> <span class='ocrx_word' id='word_1_472' title='bbox 2693 1833 2754 1889; x_wconf 91' lang='lat' dir='ltr'><em>et</em></span> <span class='ocrx_word' id='word_1_473' title='bbox 2783 1830 2958 1891; x_wconf 89' lang='lat' dir='ltr'><em>Salas</em></span> <span class='ocrx_word' id='word_1_474' title='bbox 2985 1829 3137 1890; x_wconf 91' lang='lat' dir='ltr'><em>locis</em></span> <span class='ocrx_word' id='word_1_475' title='bbox 3165 1827 3269 1890; x_wconf 89' lang='lat' dir='ltr'><em>cit.</em></span> <span class='ocrx_word' id='word_1_476' title='bbox 3297 1846 3422 1889; x_wconf 90' lang='lat' dir='ltr'><em>non</em></span> <span class='ocrx_word' id='word_1_477' title='bbox 3441 1829 3678 1889; x_wconf 89' lang='lat' dir='ltr'><em>audent</em></span> <span class='ocrx_word' id='word_1_478' title='bbox 3705 1846 3933 1907; x_wconf 86' lang='lat' dir='ltr'><em>negare</em></span> <span class='ocrx_word' id='word_1_479' title='bbox 4007 1840 4066 1934; x_wconf 54' lang='grc' dir='ltr'><em>μζ</em></span> <span class='ocrx_word' id='word_1_480' title='bbox 4145 1914 4154 1921; x_wconf 37' lang='lat'>.</span> 
     </span>
    </p>
   </div>
   <div class='ocr_carea' id='block_1_9' title="bbox 2381 1921 3940 5446">
    <p class='ocr_par' dir='ltr' id='par_1_12' title="bbox 2393 1921 3940 3567">
     <span class='ocr_line' id='line_1_71' title="bbox 2403 1921 3937 2001; baseline -0.001 -19"><span class='ocrx_word' id='word_1_481' title='bbox 2403 1921 2642 2001; x_wconf 89' lang='lat' dir='ltr'><em>aliquas</em></span> <span class='ocrx_word' id='word_1_482' title='bbox 2686 1922 3075 1983; x_wconf 89' lang='lat' dir='ltr'><em>conditiones</em></span> <span class='ocrx_word' id='word_1_483' title='bbox 3122 1922 3471 2000; x_wconf 89' lang='lat' dir='ltr'><em>assignatas</em></span> <span class='ocrx_word' id='word_1_484' title='bbox 3513 1923 3574 1982; x_wconf 92' lang='lat' dir='ltr'><em>in</em></span> <span class='ocrx_word' id='word_1_485' title='bbox 3623 1922 3796 1981; x_wconf 90' lang='lat' dir='ltr'><em>bulla</em></span> <span class='ocrx_word' id='word_1_486' title='bbox 3824 1940 3937 1981; x_wconf 84' lang='lat' dir='ltr'><em>vo-</em></span> 
     </span>
     <span class='ocr_line' id='line_1_72' title="bbox 2400 2014 3936 2076; baseline -0.002 0"><span class='ocrx_word' id='word_1_487' title='bbox 2400 2015 2587 2076; x_wconf 90' lang='lat' dir='ltr'><em>luisse</em></span> <span class='ocrx_word' id='word_1_488' title='bbox 2642 2016 3007 2076; x_wconf 87' lang='lat' dir='ltr'><em>Pontificem</em></span> <span class='ocrx_word' id='word_1_489' title='bbox 3065 2014 3316 2076; x_wconf 85' lang='lat' dir='ltr'><em>extendi</em></span> <span class='ocrx_word' id='word_1_490' title='bbox 3362 2015 3444 2076; x_wconf 92' lang='lat' dir='ltr'><em>ad</em></span> <span class='ocrx_word' id='word_1_491' title='bbox 3493 2033 3719 2075; x_wconf 84' lang='lat' dir='ltr'><em>census</em></span> <span class='ocrx_word' id='word_1_492' title='bbox 3749 2015 3936 2075; x_wconf 89' lang='lat' dir='ltr'><em>etiam</em></span> 
     </span>
     <span class='ocr_line' id='line_1_73' title="bbox 2402 2106 3939 2188; baseline -0.003 -19"><span class='ocrx_word' id='word_1_493' title='bbox 2402 2114 2736 2188; x_wconf 88' lang='lat' dir='ltr'><em>perpetuos</em></span> <span class='ocrx_word' id='word_1_494' title='bbox 2754 2112 2815 2169; x_wconf 88' lang='lat' dir='ltr'><em>et</em></span> <span class='ocrx_word' id='word_1_495' title='bbox 2832 2107 3271 2168; x_wconf 90' lang='lat' dir='ltr'><em>irredimibiles</em></span> <span class='ocrx_word' id='word_1_496' title='bbox 3296 2127 3309 2168; x_wconf 94' lang='lat'><strong>:</strong></span> <span class='ocrx_word' id='word_1_497' title='bbox 3336 2111 3400 2168; x_wconf 89' lang='lat' dir='ltr'><em>et</em></span> <span class='ocrx_word' id='word_1_498' title='bbox 3427 2107 3547 2168; x_wconf 91' lang='lat' dir='ltr'><em>hoc</em></span> <span class='ocrx_word' id='word_1_499' title='bbox 3565 2108 3826 2187; x_wconf 88' lang='lat' dir='ltr'><em>quidem</em></span> <span class='ocrx_word' id='word_1_500' title='bbox 3855 2106 3939 2165; x_wconf 90' lang='lat' dir='ltr'><em>in·</em></span> 
     </span>
     <span class='ocr_line' id='line_1_74' title="bbox 2402 2199 3935 2280; baseline -0.003 -18"><span class='ocrx_word' id='word_1_501' title='bbox 2402 2202 2691 2280; x_wconf 90' lang='lat' dir='ltr'><em>telligunt</em></span> <span class='ocrx_word' id='word_1_502' title='bbox 2717 2220 2841 2262; x_wconf 91' lang='lat' dir='ltr'><em>non</em></span> <span class='ocrx_word' id='word_1_503' title='bbox 2889 2200 3091 2261; x_wconf 87' lang='lat' dir='ltr'><em>solum</em></span> <span class='ocrx_word' id='word_1_504' title='bbox 3123 2200 3201 2260; x_wconf 93' lang='lat' dir='ltr'><em>de</em></span> <span class='ocrx_word' id='word_1_505' title='bbox 3227 2199 3692 2261; x_wconf 83' lang='lat' dir='ltr'><em>conditionibus</em></span> <span class='ocrx_word' id='word_1_506' title='bbox 3724 2200 3935 2279; x_wconf 88' lang='lat' dir='ltr'><em>requi-</em></span> 
     </span>
     <span class='ocr_line' id='line_1_75' title="bbox 2401 2292 3936 2373; baseline -0.002 -19"><span class='ocrx_word' id='word_1_507' title='bbox 2401 2294 2534 2355; x_wconf 88' lang='lat' dir='ltr'><em>sitis</em></span> <span class='ocrx_word' id='word_1_508' title='bbox 2563 2313 2638 2353; x_wconf 86' lang='lat' dir='ltr'><em>ex</em></span> <span class='ocrx_word' id='word_1_509' title='bbox 2656 2293 2798 2373; x_wconf 89' lang='lat' dir='ltr'><em>jure</em></span> <span class='ocrx_word' id='word_1_510' title='bbox 2829 2296 3068 2354; x_wconf 83' lang='lat' dir='ltr'><em>naturae</em></span> <span class='ocrx_word' id='word_1_511' title='bbox 3094 2343 3111 2370; x_wconf 91' lang='lat'>‚</span> <span class='ocrx_word' id='word_1_512' title='bbox 3163 2292 3272 2353; x_wconf 89' lang='lat' dir='ltr'><em>sed</em></span> <span class='ocrx_word' id='word_1_513' title='bbox 3313 2294 3502 2353; x_wconf 88' lang='lat' dir='ltr'><em>etiam</em></span> <span class='ocrx_word' id='word_1_514' title='bbox 3532 2293 3608 2353; x_wconf 93' lang='lat' dir='ltr'><em>de</em></span> <span class='ocrx_word' id='word_1_515' title='bbox 3652 2292 3794 2352; x_wconf 87' lang='lat' dir='ltr'><em>aliis</em></span> <span class='ocrx_word' id='word_1_516' title='bbox 3824 2293 3936 2351; x_wconf 84' lang='lat' dir='ltr'><em>hac</em></span> 
     </span>
     <span class='ocr_line' id='line_1_76' title="bbox 2402 2386 3937 2449; baseline -0.002 -2"><span class='ocrx_word' id='word_1_517' title='bbox 2402 2388 2605 2449; x_wconf 88' lang='lat' dir='ltr'><em>solum</em></span> <span class='ocrx_word' id='word_1_518' title='bbox 2648 2387 2820 2447; x_wconf 89' lang='lat' dir='ltr'><em>bulla</em></span> <span class='ocrx_word' id='word_1_519' title='bbox 2859 2387 3149 2447; x_wconf 79' lang='lat' dir='ltr'><em>inductis,</em></span> <span class='ocrx_word' id='word_1_520' title='bbox 3185 2386 3474 2447; x_wconf 83' lang='lat' dir='ltr'><em>Afferunt</em></span> <span class='ocrx_word' id='word_1_521' title='bbox 3510 2387 3677 2446; x_wconf 91' lang='lat' dir='ltr'><em>enim</em></span> <span class='ocrx_word' id='word_1_522' title='bbox 3726 2404 3937 2445; x_wconf 81' lang='lat' dir='ltr'><em>exem·</em></span> 
     </span>
     <span class='ocr_line' id='line_1_77' title="bbox 2401 2478 3936 2561; baseline -0.002 -20"><span class='ocrx_word' id='word_1_523' title='bbox 2401 2482 2596 2559; x_wconf 89' lang='lat' dir='ltr'><em>plum,</em></span> <span class='ocrx_word' id='word_1_524' title='bbox 2626 2481 2795 2561; x_wconf 90' lang='lat' dir='ltr'><em>quod</em></span> <span class='ocrx_word' id='word_1_525' title='bbox 2826 2499 2949 2542; x_wconf 90' lang='lat' dir='ltr'><em>non</em></span> <span class='ocrx_word' id='word_1_526' title='bbox 2981 2480 3312 2558; x_wconf 85' lang='lat' dir='ltr'><em>exigantur</em></span> <span class='ocrx_word' id='word_1_527' title='bbox 3340 2479 3681 2541; x_wconf 87' lang='lat' dir='ltr'><em>solutiones</em></span> <span class='ocrx_word' id='word_1_528' title='bbox 3711 2478 3936 2539; x_wconf 83' lang='lat' dir='ltr'><em>antici-</em></span> 
     </span>
     <span class='ocr_line' id='line_1_78' title="bbox 2402 2572 3935 2653; baseline -0.001 -19"><span class='ocrx_word' id='word_1_529' title='bbox 2402 2577 2585 2653; x_wconf 79' lang='lat' dir='ltr'><em>patae,</em></span> <span class='ocrx_word' id='word_1_530' title='bbox 2616 2574 2783 2653; x_wconf 90' lang='lat' dir='ltr'><em>quod</em></span> <span class='ocrx_word' id='word_1_531' title='bbox 2814 2573 3061 2635; x_wconf 89' lang='lat' dir='ltr'><em>debitor</em></span> <span class='ocrx_word' id='word_1_532' title='bbox 3090 2572 3362 2633; x_wconf 89' lang='lat' dir='ltr'><em>alienare</em></span> <span class='ocrx_word' id='word_1_533' title='bbox 3396 2573 3592 2651; x_wconf 88' lang='lat' dir='ltr'><em>possit</em></span> <span class='ocrx_word' id='word_1_534' title='bbox 3619 2591 3736 2652; x_wconf 88' lang='lat' dir='ltr'><em>pro</em></span> <span class='ocrx_word' id='word_1_535' title='bbox 3762 2572 3935 2632; x_wconf 88' lang='lat' dir='ltr'><em>libito</em></span> 
     </span>
     <span class='ocr_line' id='line_1_79' title="bbox 2400 2666 3936 2747; baseline -0.001 -20"><span class='ocrx_word' id='word_1_536' title='bbox 2400 2686 2536 2727; x_wconf 88' lang='lat' dir='ltr'><em>rem</em></span> <span class='ocrx_word' id='word_1_537' title='bbox 2583 2667 2795 2728; x_wconf 87' lang='lat' dir='ltr'><em>censui</em></span> <span class='ocrx_word' id='word_1_538' title='bbox 2843 2666 3191 2747; x_wconf 85' lang='lat' dir='ltr'><em>subjectam</em></span> <span class='ocrx_word' id='word_1_539' title='bbox 3230 2667 3362 2728; x_wconf 89' lang='lat' dir='ltr'><em>sine</em></span> <span class='ocrx_word' id='word_1_540' title='bbox 3406 2666 3715 2728; x_wconf 88' lang='lat' dir='ltr'><em>solutione</em></span> <span class='ocrx_word' id='word_1_541' title='bbox 3748 2668 3936 2726; x_wconf 86' lang='lat' dir='ltr'><em>etiam</em></span> 
     </span>
     <span class='ocr_line' id='line_1_80' title="bbox 2399 2752 3934 2840; baseline -0.001 -20"><span class='ocrx_word' id='word_1_542' title='bbox 2399 2760 2733 2836; x_wconf 88' lang='lat' dir='ltr'><em>laudemii,</em></span> <span class='ocrx_word' id='word_1_543' title='bbox 2776 2752 2945 2840; x_wconf 85' lang='lat' dir='ltr'><em>quod</em></span> <span class='ocrx_word' id='word_1_544' title='bbox 2992 2779 3117 2820; x_wconf 90' lang='lat' dir='ltr'><em>non</em></span> <span class='ocrx_word' id='word_1_545' title='bbox 3160 2759 3475 2838; x_wconf 85' lang='lat' dir='ltr'><em>obligetur</em></span> <span class='ocrx_word' id='word_1_546' title='bbox 3521 2759 3600 2819; x_wconf 92' lang='lat' dir='ltr'><em>ad</em></span> <span class='ocrx_word' id='word_1_547' title='bbox 3649 2778 3934 2838; x_wconf 79' lang='lat' dir='ltr'><em>poenam,</em></span> 
     </span>
     <span class='ocr_line' id='line_1_81' title="bbox 2400 2853 3940 2933; baseline -0.001 -19"><span class='ocrx_word' id='word_1_548' title='bbox 2400 2853 2570 2933; x_wconf 86' lang='lat' dir='ltr'><em>quod</em></span> <span class='ocrx_word' id='word_1_549' title='bbox 2599 2872 2723 2915; x_wconf 93' lang='lat' dir='ltr'><em>non</em></span> <span class='ocrx_word' id='word_1_550' title='bbox 2752 2854 2948 2933; x_wconf 87' lang='lat' dir='ltr'><em>possit</em></span> <span class='ocrx_word' id='word_1_551' title='bbox 2993 2853 3211 2932; x_wconf 85' lang='lat' dir='ltr'><em>augeri</em></span> <span class='ocrx_word' id='word_1_552' title='bbox 3252 2871 3473 2913; x_wconf 89' lang='lat' dir='ltr'><em>census</em></span> <span class='ocrx_word' id='word_1_553' title='bbox 3505 2872 3581 2912; x_wconf 86' lang='lat' dir='ltr'><em>ex</em></span> <span class='ocrx_word' id='word_1_554' title='bbox 3621 2853 3940 2930; x_wconf 87' lang='lat' dir='ltr'><em>pensioni-</em></span> 
     </span>
     <span class='ocr_line' id='line_1_82' title="bbox 2400 2945 3940 3024; baseline -0.001 -17"><span class='ocrx_word' id='word_1_555' title='bbox 2400 2948 2515 3007; x_wconf 90' lang='lat' dir='ltr'><em>bus</em></span> <span class='ocrx_word' id='word_1_556' title='bbox 2546 2964 2670 3006; x_wconf 89' lang='lat' dir='ltr'><em>non</em></span> <span class='ocrx_word' id='word_1_557' title='bbox 2699 2945 2916 3006; x_wconf 91' lang='lat' dir='ltr'><em>solutis</em></span> <span class='ocrx_word' id='word_1_558' title='bbox 2940 2991 2956 3022; x_wconf 89' lang='lat'>‚</span> <span class='ocrx_word' id='word_1_559' title='bbox 3008 2949 3069 3007; x_wconf 93' lang='lat' dir='ltr'><em>et</em></span> <span class='ocrx_word' id='word_1_560' title='bbox 3095 2946 3217 3006; x_wconf 87' lang='lat' dir='ltr'><em>alia</em></span> <span class='ocrx_word' id='word_1_561' title='bbox 3256 2945 3482 3005; x_wconf 88' lang='lat' dir='ltr'><em>similia</em></span> <span class='ocrx_word' id='word_1_562' title='bbox 3515 2965 3528 3004; x_wconf 93' lang='lat'>:</span> <span class='ocrx_word' id='word_1_563' title='bbox 3564 2945 3735 3024; x_wconf 89' lang='lat' dir='ltr'><em>quod</em></span> <span class='ocrx_word' id='word_1_564' title='bbox 3764 2945 3940 3006; x_wconf 87' lang='lat' dir='ltr'><em>colli-</em></span> 
     </span>
     <span class='ocr_line' id='line_1_83' title="bbox 2398 3037 3932 3118; baseline 0.001 -20"><span class='ocrx_word' id='word_1_565' title='bbox 2398 3043 2555 3118; x_wconf 84' lang='lat' dir='ltr'><em>gunt</em></span> <span class='ocrx_word' id='word_1_566' title='bbox 2583 3057 2658 3099; x_wconf 84' lang='lat' dir='ltr'><em>ex</em></span> <span class='ocrx_word' id='word_1_567' title='bbox 2687 3038 3154 3100; x_wconf 84' lang='lat' dir='ltr'><em>universalitate</em></span> <span class='ocrx_word' id='word_1_568' title='bbox 3178 3057 3300 3118; x_wconf 90' lang='lat' dir='ltr'><em>qua</em></span> <span class='ocrx_word' id='word_1_569' title='bbox 3318 3037 3604 3100; x_wconf 82' lang='lat' dir='ltr'><em>Pontifex</em></span> <span class='ocrx_word' id='word_1_570' title='bbox 3631 3038 3932 3118; x_wconf 86' lang='lat' dir='ltr'><em>loquitur.</em></span> 
     </span>
     <span class='ocr_line' id='line_1_84' title="bbox 2399 3130 3938 3212; baseline -0.001 -16"><span class='ocrx_word' id='word_1_571' title='bbox 2399 3135 2555 3196; x_wconf 88' lang='lat' dir='ltr'><em>Cum</em></span> <span class='ocrx_word' id='word_1_572' title='bbox 2612 3150 2760 3212; x_wconf 88' lang='lat' dir='ltr'><em>ergo</em></span> <span class='ocrx_word' id='word_1_573' title='bbox 2817 3130 3040 3194; x_wconf 88' lang='lat' dir='ltr'><em>eadem</em></span> <span class='ocrx_word' id='word_1_574' title='bbox 3085 3132 3554 3194; x_wconf 85' lang='lat' dir='ltr'><em>universalitate</em></span> <span class='ocrx_word' id='word_1_575' title='bbox 3601 3131 3938 3210; x_wconf 87' lang='lat' dir='ltr'><em>probibeat</em></span> 
     </span>
     <span class='ocr_line' id='line_1_85' title="bbox 2398 3224 3935 3304; baseline 0.001 -18"><span class='ocrx_word' id='word_1_576' title='bbox 2398 3230 2582 3304; x_wconf 89' lang='lat' dir='ltr'><em>pacta</em></span> <span class='ocrx_word' id='word_1_577' title='bbox 2610 3245 2735 3286; x_wconf 91' lang='lat' dir='ltr'><em>non</em></span> <span class='ocrx_word' id='word_1_578' title='bbox 2778 3225 3161 3302; x_wconf 90' lang='lat' dir='ltr'><em>redimendi,</em></span> <span class='ocrx_word' id='word_1_579' title='bbox 3197 3224 3332 3286; x_wconf 74' lang='lat' dir='ltr'><em>haec</em></span> <span class='ocrx_word' id='word_1_580' title='bbox 3361 3226 3550 3286; x_wconf 88' lang='lat' dir='ltr'><em>etiam</em></span> <span class='ocrx_word' id='word_1_581' title='bbox 3596 3225 3935 3304; x_wconf 87' lang='lat' dir='ltr'><em>prohibitio</em></span> 
     </span>
     <span class='ocr_line' id='line_1_86' title="bbox 2398 3319 3935 3395; baseline 0 -14"><span class='ocrx_word' id='word_1_582' title='bbox 2398 3320 2753 3381; x_wconf 83' lang='lat' dir='ltr'><em>extenditur</em></span> <span class='ocrx_word' id='word_1_583' title='bbox 2797 3319 2878 3379; x_wconf 89' lang='lat' dir='ltr'><em>ad</em></span> <span class='ocrx_word' id='word_1_584' title='bbox 2925 3337 3142 3380; x_wconf 91' lang='lat' dir='ltr'><em>omnes</em></span> <span class='ocrx_word' id='word_1_585' title='bbox 3171 3338 3395 3380; x_wconf 84' lang='lat' dir='ltr'><em>census</em></span> <span class='ocrx_word' id='word_1_586' title='bbox 3426 3319 3733 3380; x_wconf 88' lang='lat' dir='ltr'><em>creandos</em></span> <span class='ocrx_word' id='word_1_587' title='bbox 3759 3366 3776 3395; x_wconf 92' lang='lat'><em>,</em></span> <span class='ocrx_word' id='word_1_588' title='bbox 3809 3319 3935 3381; x_wconf 90' lang='lat' dir='ltr'><em>imo</em></span> 
     </span>
     <span class='ocr_line' id='line_1_87' title="bbox 2395 3411 3936 3492; baseline 0.003 -21"><span class='ocrx_word' id='word_1_589' title='bbox 2395 3413 2597 3492; x_wconf 85' lang='lat' dir='ltr'><em>magis</em></span> <span class='ocrx_word' id='word_1_590' title='bbox 2614 3412 2691 3471; x_wconf 89' lang='lat' dir='ltr'><em>ad</em></span> <span class='ocrx_word' id='word_1_591' title='bbox 2708 3411 3168 3489; x_wconf 88' lang='lat' dir='ltr'><em>irredimibiles,</em></span> <span class='ocrx_word' id='word_1_592' title='bbox 3193 3412 3297 3491; x_wconf 89' lang='lat' dir='ltr'><em>qui</em></span> <span class='ocrx_word' id='word_1_593' title='bbox 3314 3411 3518 3492; x_wconf 89' lang='lat' dir='ltr'><em>magis</em></span> <span class='ocrx_word' id='word_1_594' title='bbox 3533 3412 3769 3474; x_wconf 85' lang='lat' dir='ltr'><em>directe</em></span> <span class='ocrx_word' id='word_1_595' title='bbox 3791 3411 3936 3475; x_wconf 81' lang='lat' dir='ltr'><em>huic</em></span> 
     </span>
     <span class='ocr_line' id='line_1_88' title="bbox 2393 3505 3148 3567; baseline 0.001 -1"><span class='ocrx_word' id='word_1_596' title='bbox 2393 3506 2686 3566; x_wconf 64' lang='lat' dir='ltr'><em>clausulas</em></span> <span class='ocrx_word' id='word_1_597' title='bbox 2715 3505 3148 3567; x_wconf 85' lang='lat' dir='ltr'><em>adversantur.</em></span> 
     </span>
    </p>

    <p class='ocr_par' dir='ltr' id='par_1_13' title="bbox 2381 3597 3935 5446">
     <span class='ocr_line' id='line_1_89' title="bbox 2477 3597 3934 3671; baseline 0.001 -13"><span class='ocrx_word' id='word_1_598' title='bbox 2477 3597 2655 3671; x_wconf 90' lang='lat' dir='ltr'><em>Quod</em></span> <span class='ocrx_word' id='word_1_599' title='bbox 2681 3617 2832 3658; x_wconf 85' lang='lat' dir='ltr'><em>vero</em></span> <span class='ocrx_word' id='word_1_600' title='bbox 2864 3597 2926 3657; x_wconf 92' lang='lat' dir='ltr'><em>in</em></span> <span class='ocrx_word' id='word_1_601' title='bbox 2954 3597 3074 3659; x_wconf 92' lang='lat' dir='ltr'><em>hoc</em></span> <span class='ocrx_word' id='word_1_602' title='bbox 3105 3617 3228 3659; x_wconf 91' lang='lat' dir='ltr'><em>non</em></span> <span class='ocrx_word' id='word_1_603' title='bbox 3260 3600 3597 3662; x_wconf 85' lang='lat' dir='ltr'><em>excesserit</em></span> <span class='ocrx_word' id='word_1_604' title='bbox 3645 3602 3934 3663; x_wconf 84' lang='lat' dir='ltr'><em>Pontifex</em></span> 
     </span>
     <span class='ocr_line' id='line_1_90' title="bbox 2391 3691 3935 3770; baseline 0.001 -17"><span class='ocrx_word' id='word_1_605' title='bbox 2391 3691 2619 3754; x_wconf 88' lang='lat' dir='ltr'><em>limites</em></span> <span class='ocrx_word' id='word_1_606' title='bbox 2647 3711 2774 3753; x_wconf 85' lang='lat' dir='ltr'><em>suae</em></span> <span class='ocrx_word' id='word_1_607' title='bbox 2805 3691 3148 3770; x_wconf 80' lang='lat' dir='ltr'><em>potestatiS,</em></span> <span class='ocrx_word' id='word_1_608' title='bbox 3182 3693 3293 3753; x_wconf 88' lang='lat' dir='ltr'><em>sed</em></span> <span class='ocrx_word' id='word_1_609' title='bbox 3323 3693 3386 3752; x_wconf 90' lang='lat' dir='ltr'><em>in</em></span> <span class='ocrx_word' id='word_1_610' title='bbox 3421 3693 3639 3754; x_wconf 89' lang='lat' dir='ltr'><em>ordine</em></span> <span class='ocrx_word' id='word_1_611' title='bbox 3668 3694 3748 3754; x_wconf 89' lang='lat' dir='ltr'><em>ad</em></span> <span class='ocrx_word' id='word_1_612' title='bbox 3771 3695 3935 3755; x_wconf 85' lang='lat' dir='ltr'><em>salu-</em></span> 
     </span>
     <span class='ocr_line' id='line_1_91' title="bbox 2393 3784 3932 3866; baseline -0.001 -18"><span class='ocrx_word' id='word_1_613' title='bbox 2393 3790 2520 3849; x_wconf 88' lang='lat' dir='ltr'><em>tem</em></span> <span class='ocrx_word' id='word_1_614' title='bbox 2566 3784 2953 3866; x_wconf 89' lang='lat' dir='ltr'><em>spiritualem</em></span> <span class='ocrx_word' id='word_1_615' title='bbox 3000 3784 3279 3846; x_wconf 87' lang='lat' dir='ltr'><em>fidelium</em></span> <span class='ocrx_word' id='word_1_616' title='bbox 3326 3784 3496 3846; x_wconf 91' lang='lat' dir='ltr'><em>hunc</em></span> <span class='ocrx_word' id='word_1_617' title='bbox 3541 3792 3932 3849; x_wconf 81' lang='lat' dir='ltr'><em>contractum</em></span> 
     </span>
     <span class='ocr_line' id='line_1_92' title="bbox 2393 3878 3928 3960; baseline 0.002 -21"><span class='ocrx_word' id='word_1_618' title='bbox 2393 3879 2726 3959; x_wconf 90' lang='lat' dir='ltr'><em>prohibere</em></span> <span class='ocrx_word' id='word_1_619' title='bbox 2788 3878 3092 3958; x_wconf 89' lang='lat' dir='ltr'><em>potuerit,</em></span> <span class='ocrx_word' id='word_1_620' title='bbox 3152 3878 3407 3957; x_wconf 90' lang='lat' dir='ltr'><em>probari</em></span> <span class='ocrx_word' id='word_1_621' title='bbox 3459 3884 3668 3960; x_wconf 87' lang='lat' dir='ltr'><em>potest</em></span> <span class='ocrx_word' id='word_1_622' title='bbox 3717 3882 3928 3958; x_wconf 88' lang='lat' dir='ltr'><em>tertio,</em></span> 
     </span>
     <span class='ocr_line' id='line_1_93' title="bbox 2392 3971 3934 4054; baseline 0.002 -22"><span class='ocrx_word' id='word_1_623' title='bbox 2392 3972 2540 4052; x_wconf 87' lang='lat' dir='ltr'><em>quia</em></span> <span class='ocrx_word' id='word_1_624' title='bbox 2567 3972 2714 4032; x_wconf 91' lang='lat' dir='ltr'><em>licet</em></span> <span class='ocrx_word' id='word_1_625' title='bbox 2743 3972 2806 4032; x_wconf 93' lang='lat' dir='ltr'><em>in</em></span> <span class='ocrx_word' id='word_1_626' title='bbox 2836 3989 3025 4031; x_wconf 90' lang='lat' dir='ltr'><em>censu</em></span> <span class='ocrx_word' id='word_1_627' title='bbox 3047 3971 3384 4032; x_wconf 90' lang='lat' dir='ltr'><em>redimibili</em></span> <span class='ocrx_word' id='word_1_628' title='bbox 3406 3972 3613 4052; x_wconf 88' lang='lat' dir='ltr'><em>major</em></span> <span class='ocrx_word' id='word_1_629' title='bbox 3631 3979 3934 4054; x_wconf 83' lang='lat' dir='ltr'><em>appareat</em></span> 
     </span>
     <span class='ocr_line' id='line_1_94' title="bbox 2391 4065 3929 4146; baseline 0.001 -20"><span class='ocrx_word' id='word_1_630' title='bbox 2391 4066 2634 4145; x_wconf 89' lang='lat' dir='ltr'><em>species</em></span> <span class='ocrx_word' id='word_1_631' title='bbox 2691 4083 2896 4124; x_wconf 81' lang='lat' dir='ltr'><em>usurae</em></span> <span class='ocrx_word' id='word_1_632' title='bbox 2917 4110 2932 4139; x_wconf 91' lang='lat'><em>,</em></span> <span class='ocrx_word' id='word_1_633' title='bbox 2995 4081 3068 4124; x_wconf 91' lang='lat' dir='ltr'><em>eo</em></span> <span class='ocrx_word' id='word_1_634' title='bbox 3145 4065 3315 4143; x_wconf 87' lang='lat' dir='ltr'><em>quod</em></span> <span class='ocrx_word' id='word_1_635' title='bbox 3369 4066 3657 4127; x_wconf 89' lang='lat' dir='ltr'><em>restituto</em></span> <span class='ocrx_word' id='word_1_636' title='bbox 3709 4073 3929 4146; x_wconf 81' lang='lat' dir='ltr'><em>postea</em></span> 
     </span>
     <span class='ocr_line' id='line_1_95' title="bbox 2391 4157 3928 4238; baseline 0.001 -20"><span class='ocrx_word' id='word_1_637' title='bbox 2391 4157 2614 4237; x_wconf 89' lang='lat' dir='ltr'><em>pretio,</em></span> <span class='ocrx_word' id='word_1_638' title='bbox 2647 4157 2979 4237; x_wconf 88' lang='lat' dir='ltr'><em>pensiones</em></span> <span class='ocrx_word' id='word_1_639' title='bbox 3010 4157 3226 4218; x_wconf 84' lang='lat' dir='ltr'><em>solutae</em></span> <span class='ocrx_word' id='word_1_640' title='bbox 3256 4175 3380 4218; x_wconf 91' lang='lat' dir='ltr'><em>non</em></span> <span class='ocrx_word' id='word_1_641' title='bbox 3403 4163 3843 4238; x_wconf 88' lang='lat' dir='ltr'><em>computantur</em></span> <span class='ocrx_word' id='word_1_642' title='bbox 3861 4161 3928 4220; x_wconf 89' lang='lat' dir='ltr'><em>in</em></span> 
     </span>
     <span class='ocr_line' id='line_1_96' title="bbox 2391 4250 3926 4331; baseline 0.003 -21"><span class='ocrx_word' id='word_1_643' title='bbox 2391 4250 2525 4331; x_wconf 90' lang='lat' dir='ltr'><em>ejus</em></span> <span class='ocrx_word' id='word_1_644' title='bbox 2569 4256 2812 4328; x_wconf 87' lang='lat' dir='ltr'><em>partem</em></span> <span class='ocrx_word' id='word_1_645' title='bbox 2847 4270 2859 4311; x_wconf 91' lang='lat'><strong>:</strong></span> <span class='ocrx_word' id='word_1_646' title='bbox 2895 4268 2969 4309; x_wconf 89' lang='lat' dir='ltr'><em>ex</em></span> <span class='ocrx_word' id='word_1_647' title='bbox 3024 4250 3144 4310; x_wconf 91' lang='lat' dir='ltr'><em>alio</em></span> <span class='ocrx_word' id='word_1_648' title='bbox 3199 4253 3414 4312; x_wconf 86' lang='lat' dir='ltr'><em>tamen</em></span> <span class='ocrx_word' id='word_1_649' title='bbox 3471 4252 3675 4331; x_wconf 85' lang='lat' dir='ltr'><em>capite</em></span> <span class='ocrx_word' id='word_1_650' title='bbox 3716 4258 3926 4331; x_wconf 84' lang='lat' dir='ltr'><em>posset</em></span> 
     </span>
     <span class='ocr_line' id='line_1_97' title="bbox 2391 4339 3925 4422; baseline 0.001 -18"><span class='ocrx_word' id='word_1_651' title='bbox 2391 4342 2811 4404; x_wconf 89' lang='lat' dir='ltr'><em>irredimibilis</em></span> <span class='ocrx_word' id='word_1_652' title='bbox 2842 4339 3074 4402; x_wconf 86' lang='lat' dir='ltr'><em>habere</em></span> <span class='ocrx_word' id='word_1_653' title='bbox 3105 4343 3307 4422; x_wconf 89' lang='lat' dir='ltr'><em>majus</em></span> <span class='ocrx_word' id='word_1_654' title='bbox 3337 4344 3688 4421; x_wconf 89' lang='lat' dir='ltr'><em>periculum</em></span> <span class='ocrx_word' id='word_1_655' title='bbox 3722 4364 3925 4406; x_wconf 79' lang='lat' dir='ltr'><em>usurae</em></span> 
     </span>
     <span class='ocr_line' id='line_1_98' title="bbox 2390 4436 3928 4516; baseline 0.001 -20"><span class='ocrx_word' id='word_1_656' title='bbox 2390 4438 2452 4496; x_wconf 90' lang='lat' dir='ltr'><em>et</em></span> <span class='ocrx_word' id='word_1_657' title='bbox 2480 4436 2796 4514; x_wconf 66' lang='lat' dir='ltr'><em>injustitiae</em></span> <span class='ocrx_word' id='word_1_658' title='bbox 2826 4482 2840 4512; x_wconf 92' lang='lat'>‚</span> <span class='ocrx_word' id='word_1_659' title='bbox 2883 4454 3026 4495; x_wconf 89' lang='lat' dir='ltr'><em>cum</em></span> <span class='ocrx_word' id='word_1_660' title='bbox 3055 4436 3388 4515; x_wconf 88' lang='lat' dir='ltr'><em>pensiones</em></span> <span class='ocrx_word' id='word_1_661' title='bbox 3421 4438 3802 4516; x_wconf 65' lang='lat' dir='ltr'><em>accipiendae</em></span> <span class='ocrx_word' id='word_1_662' title='bbox 3829 4439 3928 4498; x_wconf 87' lang='lat' dir='ltr'><em>fu-</em></span> 
     </span>
     <span class='ocr_line' id='line_1_99' title="bbox 2387 4527 3918 4609; baseline 0.001 -19"><span class='ocrx_word' id='word_1_663' title='bbox 2387 4533 2544 4590; x_wconf 78' lang='lat' dir='ltr'><em>turae</em></span> <span class='ocrx_word' id='word_1_664' title='bbox 2575 4528 2696 4589; x_wconf 85' lang='lat' dir='ltr'><em>sint</em></span> <span class='ocrx_word' id='word_1_665' title='bbox 2724 4527 2935 4608; x_wconf 89' lang='lat' dir='ltr'><em>plures</em></span> <span class='ocrx_word' id='word_1_666' title='bbox 2960 4575 2975 4604; x_wconf 85' lang='lat'><em>,</em></span> <span class='ocrx_word' id='word_1_667' title='bbox 3010 4533 3072 4589; x_wconf 91' lang='lat' dir='ltr'><em>et</em></span> <span class='ocrx_word' id='word_1_668' title='bbox 3099 4534 3487 4606; x_wconf 81' lang='lat' dir='ltr'><em>superaturae</em></span> <span class='ocrx_word' id='word_1_669' title='bbox 3514 4532 3786 4609; x_wconf 86' lang='lat' dir='ltr'><em>pretium</em></span> <span class='ocrx_word' id='word_1_670' title='bbox 3812 4551 3918 4592; x_wconf 87' lang='lat' dir='ltr'><em>ac·</em></span> 
     </span>
     <span class='ocr_line' id='line_1_100' title="bbox 2388 4622 3928 4703; baseline 0 -19"><span class='ocrx_word' id='word_1_671' title='bbox 2388 4626 2638 4702; x_wconf 89' lang='lat' dir='ltr'><em>ceptum</em></span> <span class='ocrx_word' id='word_1_672' title='bbox 2673 4642 2686 4683; x_wconf 90' lang='lat'>:</span> <span class='ocrx_word' id='word_1_673' title='bbox 2723 4640 2916 4701; x_wconf 89' lang='lat' dir='ltr'><em>quare</em></span> <span class='ocrx_word' id='word_1_674' title='bbox 2946 4622 3215 4681; x_wconf 87' lang='lat' dir='ltr'><em>decursu</em></span> <span class='ocrx_word' id='word_1_675' title='bbox 3245 4622 3550 4703; x_wconf 89' lang='lat' dir='ltr'><em>temporis</em></span> <span class='ocrx_word' id='word_1_676' title='bbox 3593 4624 3734 4702; x_wconf 89' lang='lat' dir='ltr'><em>plus</em></span> <span class='ocrx_word' id='word_1_677' title='bbox 3760 4625 3928 4686; x_wconf 86' lang='lat' dir='ltr'><em>aeci-</em></span> 
     </span>
     <span class='ocr_line' id='line_1_101' title="bbox 2387 4716 3926 4794; baseline 0.001 -19"><span class='ocrx_word' id='word_1_678' title='bbox 2387 4716 2594 4794; x_wconf 89' lang='lat' dir='ltr'><em>pietur</em></span> <span class='ocrx_word' id='word_1_679' title='bbox 2624 4734 2812 4793; x_wconf 87' lang='lat' dir='ltr'><em>supra</em></span> <span class='ocrx_word' id='word_1_680' title='bbox 2852 4716 3162 4794; x_wconf 90' lang='lat' dir='ltr'><em>pretium,</em></span> <span class='ocrx_word' id='word_1_681' title='bbox 3198 4733 3389 4794; x_wconf 90' lang='lat' dir='ltr'><em>quam</em></span> <span class='ocrx_word' id='word_1_682' title='bbox 3421 4734 3494 4775; x_wconf 87' lang='lat' dir='ltr'><em>ex</em></span> <span class='ocrx_word' id='word_1_683' title='bbox 3527 4735 3716 4778; x_wconf 89' lang='lat' dir='ltr'><em>censu</em></span> <span class='ocrx_word' id='word_1_684' title='bbox 3760 4717 3926 4777; x_wconf 76' lang='lat' dir='ltr'><em>redi-</em></span> 
     </span>
     <span class='ocr_line' id='line_1_102' title="bbox 2385 4807 3922 4887; baseline 0.002 -20"><span class='ocrx_word' id='word_1_685' title='bbox 2385 4807 2605 4869; x_wconf 89' lang='lat' dir='ltr'><em>mibili.</em></span> <span class='ocrx_word' id='word_1_686' title='bbox 2637 4808 2816 4870; x_wconf 89' lang='lat' dir='ltr'><em>Unde</em></span> <span class='ocrx_word' id='word_1_687' title='bbox 2847 4825 3068 4868; x_wconf 79' lang='lat' dir='ltr'><em>census</em></span> <span class='ocrx_word' id='word_1_688' title='bbox 3119 4808 3463 4887; x_wconf 88' lang='lat' dir='ltr'><em>personalis</em></span> <span class='ocrx_word' id='word_1_689' title='bbox 3503 4809 3922 4871; x_wconf 89' lang='lat' dir='ltr'><em>irredimibilis</em></span> 
     </span>
     <span class='ocr_line' id='line_1_103' title="bbox 2385 4900 3921 4984; baseline 0.003 -25"><span class='ocrx_word' id='word_1_690' title='bbox 2385 4901 2585 4980; x_wconf 85' lang='lat' dir='ltr'><em>magis</em></span> <span class='ocrx_word' id='word_1_691' title='bbox 2615 4900 2882 4980; x_wconf 81' lang='lat' dir='ltr'><em>injustus</em></span> <span class='ocrx_word' id='word_1_692' title='bbox 2909 4903 3073 4962; x_wconf 86' lang='lat' dir='ltr'><em>esset</em></span> <span class='ocrx_word' id='word_1_693' title='bbox 3105 4919 3295 4979; x_wconf 89' lang='lat' dir='ltr'><em>quam</em></span> <span class='ocrx_word' id='word_1_694' title='bbox 3326 4900 3698 4963; x_wconf 89' lang='lat' dir='ltr'><em>redimibilis</em></span> <span class='ocrx_word' id='word_1_695' title='bbox 3724 4950 3740 4978; x_wconf 90' lang='lat'><em>,</em></span> <span class='ocrx_word' id='word_1_696' title='bbox 3776 4905 3921 4984; x_wconf 86' lang='lat' dir='ltr'><em>quia</em></span> 
     </span>
     <span class='ocr_line' id='line_1_104' title="bbox 2383 4992 3921 5075; baseline 0.002 -22"><span class='ocrx_word' id='word_1_697' title='bbox 2383 4993 2592 5073; x_wconf 89' lang='lat' dir='ltr'><em>plures</em></span> <span class='ocrx_word' id='word_1_698' title='bbox 2621 4992 2952 5072; x_wconf 91' lang='lat' dir='ltr'><em>pensiones</em></span> <span class='ocrx_word' id='word_1_699' title='bbox 2996 4994 3515 5073; x_wconf 88' lang='lat' dir='ltr'><em>promitterentur</em></span> <span class='ocrx_word' id='word_1_700' title='bbox 3544 5014 3620 5054; x_wconf 80' lang='lat' dir='ltr'><em>ex</em></span> <span class='ocrx_word' id='word_1_701' title='bbox 3649 4995 3783 5075; x_wconf 88' lang='lat' dir='ltr'><em>ipso</em></span> <span class='ocrx_word' id='word_1_702' title='bbox 3815 5016 3921 5056; x_wconf 91' lang='lat' dir='ltr'><em>ne-</em></span> 
     </span>
     <span class='ocr_line' id='line_1_105' title="bbox 2384 5085 3918 5166; baseline 0.001 -19"><span class='ocrx_word' id='word_1_703' title='bbox 2384 5087 2652 5147; x_wconf 89' lang='lat' dir='ltr'><em>cessario</em></span> <span class='ocrx_word' id='word_1_704' title='bbox 2696 5085 3036 5148; x_wconf 80' lang='lat' dir='ltr'><em>solvendae.</em></span> <span class='ocrx_word' id='word_1_705' title='bbox 3089 5088 3221 5148; x_wconf 86' lang='lat' dir='ltr'><em>Hoc</em></span> <span class='ocrx_word' id='word_1_706' title='bbox 3270 5105 3421 5165; x_wconf 88' lang='lat' dir='ltr'><em>ergo</em></span> <span class='ocrx_word' id='word_1_707' title='bbox 3478 5088 3918 5166; x_wconf 84' lang='lat' dir='ltr'><em>gravissimum</em></span> 
     </span>
     <span class='ocr_line' id='line_1_106' title="bbox 2382 5180 3918 5261; baseline 0 -19"><span class='ocrx_word' id='word_1_708' title='bbox 2382 5200 2560 5257; x_wconf 79' lang='lat' dir='ltr'><em>onuS,</em></span> <span class='ocrx_word' id='word_1_709' title='bbox 2593 5183 2654 5241; x_wconf 87' lang='lat' dir='ltr'><em>et</em></span> <span class='ocrx_word' id='word_1_710' title='bbox 2682 5180 3120 5241; x_wconf 88' lang='lat' dir='ltr'><em>necessitatem</em></span> <span class='ocrx_word' id='word_1_711' title='bbox 3143 5186 3449 5259; x_wconf 90' lang='lat' dir='ltr'><em>perpetuo</em></span> <span class='ocrx_word' id='word_1_712' title='bbox 3466 5181 3753 5242; x_wconf 88' lang='lat' dir='ltr'><em>solvendi</em></span> <span class='ocrx_word' id='word_1_713' title='bbox 3776 5202 3918 5261; x_wconf 88' lang='lat' dir='ltr'><em>pen-</em></span> 
     </span>
     <span class='ocr_line' id='line_1_107' title="bbox 2383 5271 3911 5353; baseline 0 -19"><span class='ocrx_word' id='word_1_714' title='bbox 2383 5271 2588 5335; x_wconf 87' lang='lat' dir='ltr'><em>siones</em></span> <span class='ocrx_word' id='word_1_715' title='bbox 2618 5273 2815 5334; x_wconf 81' lang='lat' dir='ltr'><em>voluit</em></span> <span class='ocrx_word' id='word_1_716' title='bbox 2846 5272 3128 5334; x_wconf 79' lang='lat' dir='ltr'><em>Pontifex</em></span> <span class='ocrx_word' id='word_1_717' title='bbox 3157 5272 3465 5352; x_wconf 89' lang='lat' dir='ltr'><em>impedire</em></span> <span class='ocrx_word' id='word_1_718' title='bbox 3490 5320 3507 5350; x_wconf 90' lang='lat'>‚</span> <span class='ocrx_word' id='word_1_719' title='bbox 3556 5275 3703 5353; x_wconf 89' lang='lat' dir='ltr'><em>quia</em></span> <span class='ocrx_word' id='word_1_720' title='bbox 3731 5275 3911 5334; x_wconf 89' lang='lat' dir='ltr'><em>nimi-</em></span> 
     </span>
     <span class='ocr_line' id='line_1_108' title="bbox 2381 5365 3913 5446; baseline 0 -18"><span class='ocrx_word' id='word_1_721' title='bbox 2381 5386 2522 5428; x_wconf 88' lang='lat' dir='ltr'><em>rum</em></span> <span class='ocrx_word' id='word_1_722' title='bbox 2551 5368 2857 5446; x_wconf 71' lang='lat' dir='ltr'><em>gravabat</em></span> <span class='ocrx_word' id='word_1_723' title='bbox 2886 5366 3198 5427; x_wconf 89' lang='lat' dir='ltr'><em>debitores</em></span> <span class='ocrx_word' id='word_1_724' title='bbox 3243 5366 3453 5428; x_wconf 87' lang='lat' dir='ltr'><em>ablata</em></span> <span class='ocrx_word' id='word_1_725' title='bbox 3497 5365 3588 5427; x_wconf 88' lang='lat' dir='ltr'><em>eis</em></span> <span class='ocrx_word' id='word_1_726' title='bbox 3624 5366 3913 5428; x_wconf 82' lang='lat' dir='ltr'><em>radicitus</em></span> 
     </span>
    </p>
   </div>
   <div class='ocr_carea' id='block_1_10' title="bbox 738 5457 3907 5633">
    <p class='ocr_par' dir='ltr' id='par_1_14' title="bbox 738 5457 3907 5633">
     <span class='ocr_line' id='line_1_109' title="bbox 738 5457 3907 5541; baseline -0 -22"><span class='ocrx_word' id='word_1_727' title='bbox 738 5458 1015 5538; x_wconf 89' lang='lat' dir='ltr'><em>priorem</em></span> <span class='ocrx_word' id='word_1_728' title='bbox 1045 5460 1511 5521; x_wconf 89' lang='lat' dir='ltr'><em>sententiamin</em></span> <span class='ocrx_word' id='word_1_729' title='bbox 1559 5458 1735 5540; x_wconf 77' lang='lat' dir='ltr'><em>praxi</em></span> <span class='ocrx_word' id='word_1_730' title='bbox 1767 5461 2271 5541; x_wconf 85' lang='lat' dir='ltr'><em>amplecteretur.</em></span> <span class='ocrx_word' id='word_1_731' title='bbox 2376 5464 2682 5540; x_wconf 86' lang='lat' dir='ltr'><em>potestate</em></span> <span class='ocrx_word' id='word_1_732' title='bbox 2731 5479 2796 5520; x_wconf 90' lang='lat' dir='ltr'><em>se</em></span> <span class='ocrx_word' id='word_1_733' title='bbox 2841 5457 3200 5520; x_wconf 88' lang='lat' dir='ltr'><em>liberandi:</em></span> <span class='ocrx_word' id='word_1_734' title='bbox 3236 5477 3440 5538; x_wconf 87' lang='lat' dir='ltr'><em>neque</em></span> <span class='ocrx_word' id='word_1_735' title='bbox 3489 5458 3659 5520; x_wconf 90' lang='lat' dir='ltr'><em>enim</em></span> <span class='ocrx_word' id='word_1_736' title='bbox 3712 5461 3907 5520; x_wconf 89' lang='lat' dir='ltr'><em>solum</em></span> 
     </span>
     <span class='ocr_line' id='line_1_110' title="bbox 739 5551 3906 5633; baseline -0 -20"><span class='ocrx_word' id='word_1_737' title='bbox 739 5552 903 5614; x_wconf 79' lang='lat' dir='ltr'><em>elcut</em></span> <span class='ocrx_word' id='word_1_738' title='bbox 917 5569 1033 5614; x_wconf 90' lang='lat' dir='ltr'><em>nec</em></span> <span class='ocrx_word' id='word_1_739' title='bbox 1046 5552 1336 5614; x_wconf 84' lang='lat' dir='ltr'><em>Rebellu&#39;s</em></span> <span class='ocrx_word' id='word_1_740' title='bbox 1353 5551 1635 5616; x_wconf 89' lang='lat' dir='ltr'><em>auderet:</em></span> <span class='ocrx_word' id='word_1_741' title='bbox 1653 5554 1904 5617; x_wconf 81' lang='lat' dir='ltr'><em>attentis</em></span> <span class='ocrx_word' id='word_1_742' title='bbox 1920 5558 2133 5617; x_wconf 90' lang='lat' dir='ltr'><em>tamen</em></span> <span class='ocrx_word' id='word_1_743' title='bbox 2147 5574 2278 5616; x_wconf 87' lang='lat' dir='ltr'><em>ver-</em></span> <span class='ocrx_word' id='word_1_744' title='bbox 2374 5553 2571 5616; x_wconf 86' lang='lat' dir='ltr'><em>voluit</em></span> <span class='ocrx_word' id='word_1_745' title='bbox 2601 5570 2958 5633; x_wconf 67' lang='lat' dir='ltr'><em>praecavere</em></span> <span class='ocrx_word' id='word_1_746' title='bbox 2989 5569 3067 5613; x_wconf 92' lang='lat' dir='ltr'><em>ne</em></span> <span class='ocrx_word' id='word_1_747' title='bbox 3102 5551 3282 5616; x_wconf 86' lang='lat' dir='ltr'><em>fieret</em></span> <span class='ocrx_word' id='word_1_748' title='bbox 3309 5571 3504 5614; x_wconf 88' lang='lat' dir='ltr'><em>usura</em></span> <span class='ocrx_word' id='word_1_749' title='bbox 3535 5552 3906 5631; x_wconf 86' lang='lat' dir='ltr'><em>obligatione</em></span> 
     </span>
    </p>
   </div>
   <div class='ocr_carea' id='block_1_11' title="bbox 4173 3911 4183 4292">
    <p class='ocr_par' dir='ltr' id='par_1_15' title="bbox 4173 3911 4183 4292">
     <span class='ocr_line' id='line_1_111' title="bbox 4173 3911 4183 4292; baseline 0 0"><span class='ocrx_word' id='word_1_750' title='bbox 4173 3911 4183 4292; x_wconf 64' lang='lat' dir='ltr'><em>l</em></span> 
     </span>
    </p>
   </div>
  </div>
 </body>
</html>
