4263 6376
564 1536 639 1596 12

482 1658 543 1702 Ob
562 1661 733 1714 pensio·

508 1725 602 1756 18111
625 1725 706 1756 non

487 1767 659 1830 solutam
680 1780 730 1809 ιιι

465 1824 595 1874 possut
612 1821 762 1875 expelli

492 1873 730 1916 coinduclor.

560 3312 634 3372 13

484 3438 549 3480 An
568 3439 730 3491 quando

528 3493 685 3534 locator

495 3544 650 3599 indiget
670 3559 716 3590 ro

498 3603 713 3642 conducta.

564 4991 636 5048 Μ

481 5115 584 5158 Aliae
602 5128 736 5158 causa

462 5170 513 5212 ad
539 5171 758 5224 expellen-

555 5223 667 5266 dium.

802 338 920 399 442

804 515 1196 594 rogationem
1239 517 1479 578 censeri
1508 517 1740 579 factam
1779 536 1891 596 pro
1922 517 2177 580 biennio
2232 535 2331 578 se-

805 608 1042 688 quenti,
1068 613 1136 670 ut
1175 627 1319 670 cum
1348 610 1600 673 Bartolo
1632 616 1695 673 et
1746 612 1884 672 aliis
1939 612 2123 673 docet
2167 611 2334 671 idem

804 702 1036 763 Molina
1065 706 1257 765 n.17.
1303 720 1427 763 non
1480 708 1691 765 tamen
1739 723 1773 765 e
1829 709 2050 766 contra
2094 703 2335 766 censeri

804 793 1032 854 saetam
1064 813 1175 872 per
1202 796 1404 856 solum
1442 801 1764 872 semestre,
1815 797 2067 877 quando
2098 797 2196 857 bis
2224 816 2338 857 an-

804 904 886 947 no
916 886 1150 948 fructus
1178 888 1389 950 ferret.
1424 890 1703 969 Denique
1733 890 1785 950 si
1810 889 2117 969 praedium
2149 890 2338 951 urba·-

806 998 979 1056 num,
1014 984 1080 1042 ut
1110 980 1358 1056 domus,
1392 1000 1515 1043 non
1534 982 1795 1044 haberet
1823 988 1954 1043 toto
1973 1002 2140 1044 anno
2155 1002 2336 1043 usum

806 1072 1201 1150 uniformem,
1234 1073 1335 1134 vel
1381 1092 1505 1135 non
1562 1076 1759 1136 soleat
1786 1076 1902 1136 nisi
1959 1080 2131 1137 certo
2188 1077 2338 1137 anni

805 1170 1089 1243 tempore
1117 1166 1564 1228 conductorem
1618 1168 1916 1246 reperire,
1976 1172 2338 1230 censeretur

808 1258 997 1319 etiam
1026 1261 1386 1340 prorogatio
1434 1278 1547 1338 per
1600 1265 1800 1322 totum
1857 1279 2091 1321 annum
2147 1262 2333 1337 iacta,

809 1355 877 1413 ut
904 1369 1048 1412 cum
1078 1353 1331 1414 Bartolo
1363 1357 1426 1414 et
1455 1353 1592 1413 aliis
1624 1354 1855 1415 fatetur
1884 1353 2051 1414 idem
2107 1355 2339 1416 Molina

809 1443 917 1505 ibi.

891 1538 1225 1600 Dubitatur
1250 1538 1547 1615 secundo,
1582 1539 1832 1619 quando
1858 1541 2052 1619 possit
2103 1541 2341 1605 locator

811 1631 1119 1710 expellere
1148 1632 1595 1693 conductorem
1635 1636 1778 1694 ante
1808 1634 2052 1694 finitum
2091 1638 2340 1714 tempus

808 1724 1135 1785 locationis
1161 1724 1191 1785 ἱ)
1209 1725 1660 1803 Respondetur‚
1686 1744 1867 1804 posse

894 1818 1125 1894 Primo,
1180 1818 1230 1878 si
1262 1817 1608 1879 conductor
1637 1818 2003 1897 pensionem
2058 1816 2339 1878 debitam

809 1930 935 1972 non
966 1911 1172 1987 solvit,
1207 1929 1284 1971 ex
1311 1910 1353 1971 1.
1390 1908 1488 1971 AE
1490 1909 1577 1979 de,
1614 1913 1679 1972 C.
1727 1909 1798 1970 de
1851 1910 2060 1986 locato,
2092 1910 2136 1970 l.
2176 1908 2341 1982 Quae-

810 2024 899 2079 r0,
928 2003 983 2083 5.
1008 2002 1176 2063 Inter
1208 2002 1541 2075 locatorem,
1576 2003 1616 2063 l.
1644 2022 1774 2063 cum
1805 2002 2046 2078 domini,
2082 2004 2145 2065 ff.
2182 2002 2341 2062 Ioca-

809 2097 875 2173 ti,
911 2101 972 2157 et
1001 2115 1138 2175 cap.
1162 2095 1419 2176 Propter
1465 2095 1868 2173 sterilitatem,
1900 2097 1955 2175 ς.
2013 2095 2242 2168 Verum,
2275 2095 2339 2155 in

808 2191 955 2266 fine,
982 2188 1052 2249 de
1081 2188 1252 2250 locat.
1290 2188 1563 2249 Dubium
1592 2194 1804 2250 autem
1821 2194 1914 2250 est
1940 2189 2104 2250 inter
2131 2188 2342 2249 docto·

808 2302 930 2359 reS,
963 2301 1041 2342 an
1073 2280 1460 2342 necessarius
1509 2282 1590 2342 sit
1640 2281 1850 2359 lapsus
1903 2281 2162 2356 biennii,
2214 2298 2337 2359 quo

809 2394 933 2436 non
963 2374 1240 2435 solvatur
1268 2374 1485 2452 pensio
1517 2394 1529 2435 :
1564 2374 1940 2453 quibusdam
1969 2374 2033 2433 id
2082 2374 2338 2451 exigen—

806 2468 974 2529 tibus
1004 2466 1206 2528 solum
1234 2466 1313 2526 de
1336 2465 1480 2545 jure
1535 2466 1834 2527 canonico
1865 2484 1991 2527 non
2024 2466 2103 2526 de.
2146 2465 2334 2541 civili,

810 2578 967 2640 quos
998 2560 1282 2638 sequitur
1307 2559 1537 2619 Molina
1595 2558 1753 2637 dlsp.
1788 2562 1925 2620 499.
1987 2578 2048 2619 n.
2083 2563 2141 2619 2.
2204 2558 2338 2618 aliis

809 2654 887 2713 de
917 2657 1182 2732 utroque
1203 2651 1346 2731 jure
1377 2651 1440 2711 id
1489 2651 1901 2730 exigentibuS,
1954 2669 2109 2730 quos
2140 2651 2341 2730 sequi-

806 2750 909 2808 tur
925 2746 1170 2808 Lessius
1203 2764 1257 2806 c.
1291 2761 1462 2806 xxw.
1503 2743 1652 2805 dub.
1686 2747 1746 2805 6.
1784 2743 1931 2823 quia
1960 2744 2023 2803 in
2080 2743 2247 2804 dicto
2278 2761 2332 2803 c.

806 2838 1064 2921 Propter
1114 2837 1496 2911 sterilitatem,
1556 2837 1618 2897 in
1667 2837 1834 2898 dicta
1879 2836 1921 2897 l.
1986 2835 2218 2913 QuoerO,
2278 2840 2340 2897 et

809 2932 944 2992 aliis
974 2931 1225 2992 videtur
1252 2930 1437 3009 exigi,
1472 2949 1612 3009 quae
1642 2928 1948 2991 sententia
1964 2928 2119 2988 mihi
2149 2929 2337 2989 etiam

807 3025 1009 3103 magis
1031 3024 1255 3103 placet.
1308 3021 1667 3102 Requiritur
1722 3022 1910 3083 etiam
1958 3022 2126 3100 quod
2184 3039 2336 3082 con-

809 3117 1031 3179 ductor
1058 3136 1181 3178 non
1229 3117 1449 3176 offerat
1499 3116 1562 3174 in
1617 3119 1911 3196 promptu
1967 3114 2339 3176 satisfactio-

810 3230 975 3273 nem.

891 3304 1179 3366 Secundo
1209 3303 1435 3383 expelli
1460 3306 1664 3383 potest
1686 3302 2049 3378 conductor,
2084 3301 2336 3382 quando

810 3416 881 3459 ex
912 3397 1387 3477 superveniente
1418 3413 1627 3472 causa,
1673 3414 1813 3474 quae
1841 3400 2125 3473 tempore
2182 3412 2336 3454 con-

806 3495 1044 3552 tractus
1071 3490 1404 3570 praevideri
1432 3508 1556 3551 non
1586 3488 1808 3568 potuit,
1842 3486 2197 3548 necessaria
2245 3490 2340 3548 est

806 3583 1067 3644 locatori
1117 3583 1195 3642 ad
1246 3600 1430 3642 suum
1461 3599 1642 3641 usum
1672 3580 1895 3644 domus
1940 3581 2165 3640 locata.
2199 3580 2331 3640 exl.

804 3675 974 3738 AEde
993 3723 1008 3753 ,
1042 3677 1107 3737 C.
1128 3674 1197 3736 de
1225 3675 1432 3750 locato,
1466 3679 1528 3736 et
1558 3674 1722 3735 dicto
1744 3691 1880 3752 cap.
1900 3671 2339 3753 Proptersteri-

688 3793 701 3804 ·
801 3769 1040 3846 litatem,
1075 3770 1131 3848 ς.
1184 3768 1414 3843 Verum,
1449 3772 1517 3828 ut
1543 3767 1596 3827 si
1624 3766 1868 3842 domuS,
1901 3765 1965 3825 in
1995 3783 2121 3844 qua
2165 3765 2338 3824 loca-

802 3869 903 3926 tor
932 3863 1276 3939 habitabat,
1328 3864 1599 3934 corruat,
1638 3877 1840 3937 neque
1888 3858 2077 3919 aliam
2108 3857 2341 3918 habeat

805 3957 925 4018 nisi
954 3974 1142 4036 quam
1183 3955 1518 4016 locaverat.
1555 3955 1756 4025 Quare
1788 3951 1907 4011 boc
1966 3952 2176 4011 locum
2207 3968 2331 4011 non

804 4049 1063 4109 habebit
1086 4048 1147 4108 in
1178 4046 1415 4127 praedio
1441 4046 1698 4121 rustico,
1731 4045 1910 4123 cujus
1939 4061 2066 4103 non
2098 4061 2173 4104 ea
2227 4062 2336 4103 ne-

776 4143 1060 4218 cessitas
1078 4158 1405 4202 oocurrere
1431 4141 1675 4217 potest;
1710 4156 1825 4197 nec
1854 4137 2042 4198 etiam
2076 4137 2339 4198 facultas

806 4237 945 4297 haec
965 4233 1315 4297 extendeda
1348 4235 1616 4308 est,cum
1645 4230 1956 4292 sitrevera
1983 4233 2202 4291 contra
2232 4248 2337 4290 na·

804 4334 1013 4391 turam
1045 4329 1402 4388 contractus
1430 4324 1775 4385 secundum
1820 4342 1885 4384 se
1933 4322 2333 4398 considerati,

804 4427 876 4485 ut
900 4422 1022 4483 late
1054 4420 1278 4499 probat
1305 4418 1535 4479 Molina
1567 4417 1669 4477 ubi
1692 4435 1882 4495 supra
1913 4436 2020 4477 nu.
2050 4419 2110 4476 6.
2151 4420 2211 4476 et
2234 4418 2328 4475 13.

805 4514 911 4576 ubi
943 4512 1260 4574 examinat
1286 4529 1487 4584 casus,
1521 4511 1580 4570 in
1615 4510 1840 4589 quibus
1865 4508 2073 4569 locum
2102 4507 2338 4568 habere

786 4603 1033 4686 potest,
1069 4609 1130 4667 et
1159 4624 1329 4666 num.
1365 4610 1424 4665 7.
1462 4603 1749 4681 explicat,
1776 4601 2026 4681 quando
2057 4603 2334 4680 pactum,

804 4700 905 4761 vel
926 4684 1377 4781 ‘juramentum
1420 4697 1497 4758 de
1566 4696 1958 4757 observando
2015 4697 2339 4756 contractu

802 4793 1109 4873 impediat
1161 4791 1505 4853 locatorem
1562 4791 1641 4850 ab
1699 4807 1816 4850 usu
1889 4788 2074 4868 hujus
2145 4788 2339 4848 facul·

806 4887 972 4949 tatis.
1948 4895 1951 4898 “

886 4981 1095 5043 Tertio
1191 4977 1499 5057 expellere
1586 4978 1793 5055 potest
1862 4975 2336 5048 conductorem,

809 5075 1061 5157 quando
1116 5074 1362 5148 domim,
1395 5090 1456 5132 v,
1490 5070 1807 5151 g..locata
1839 5068 2121 5147 indigere
2153 5066 2344 5146 coepit

809 5168 1173 5244 refectione,
1209 5185 1350 5247 quae
1379 5163 1666 5226 adhiberi
1685 5181 1808 5223 non
1825 5164 2030 5241 potest
2047 5163 2342 5220 manente

811 5263 899 5324 ibi
929 5261 1336 5335 conductore,
1371 5262 1440 5320 ut
1467 5259 1715 5319 constat
1742 5273 1816 5316 ex
1844 5254 2047 5315 citatis
2071 5252 2338 5334 juribus;

809 5356 1150 5416 refectione
1206 5358 1419 5415 tamen
1464 5350 1671 5427 finita,
1732 5348 1921 5409 debet
1974 5345 2343 5409 conductori

809 5448 1034 5509 domus
1063 5447 1324 5508 restitui.

879 5543 1112 5616 Quarto
1142 5539 1436 5620 denique,
1473 5537 1724 5618 quando
1758 5535 2108 5598 conductor
2139 5533 2345 5596 abuti-

1949 343 2053 404 DE
2093 341 2448 404 JUSTITIA
2491 342 2591 403 m*
2633 343 2832 404 JURE

2433 520 2534 578 tur
2561 537 2630 579 re
2659 518 2993 595 conducta,
3024 519 3158 580 sive
3188 537 3331 582 eam
3358 520 3847 596 damnificando,
3882 519 3956 581 si-

2433 628 2510 670 ve
2564 611 2751 673 etiam
2800 616 3019 674 contra
3069 612 3268 674 bonos
3321 632 3531 675 mores
3582 613 3838 688 utendo,
3893 616 3962 673 ut

2434 708 2677 765 constat
2722 723 2797 764 ex
2842 705 3065 765 iisdem
3086 704 3359 784 juribus,
3391 727 3454 768 v.
3503 726 3566 787 g.
3599 708 3650 768 si
3679 705 3960 767 meretri·

2434 814 2559 873 ceS,
2602 801 2711 858 aut
2761 798 3017 859 lenones
3055 798 3119 858 in
3162 798 3422 859 domum
3452 800 3833 875 introducat,
3866 798 3960 859 vel

2436 889 2604 950 aliud
2653 894 2832 968 turpe
2888 895 3176 952 exerceat
3228 909 3370 952 cum
3426 892 3803 953 detrimento
3862 895 3966 951 aut

2434 983 2729 1044 scandalo
2761 982 3006 1043 viciniae
3034 983 3335 1046 honestae.

2514 1077 2579 1136 In
2621 1076 2897 1136 secundo
2944 1094 3094 1137 casu
3120 1077 3452 1156 pensiones
3479 1078 3777 1157 temporis
3806 1094 3967 1158 prae·

2435 1169 2711 1229 cedentis
2756 1169 3006 1249 exigere
3053 1174 3260 1247 potest
3301 1171 3561 1245 locator,
3595 1189 3720 1231 non
3750 1176 3964 1233 tamen

2434 1279 2547 1339 pro
2568 1264 2856 1339 tempore
2898 1262 3219 1341 sequenti:
3254 1262 3315 1321 in
3345 1263 3531 1324 tertio
3579 1282 3707 1323 non
3760 1266 3966 1343 potest

2436 1353 2600 1432 exigi
2628 1353 2843 1432 pensio
2873 1372 2987 1433 pro
3019 1359 3156 1416 rata
3185 1355 3486 1434 temporis
3537 1374 3664 1435 quo
3694 1356 3966 1416 condue-

2435 1449 2535 1507 tor
2563 1447 2780 1506 abesse
2811 1446 3056 1525 cogitur
3084 1448 3163 1508 ob
3211 1448 3634 1509 necessariam
3684 1449 3970 1509 refectio-

2438 1557 2603 1625 nem.
2637 1541 2704 1599 In
2741 1539 2944 1617 primo
2974 1539 3269 1619 denique,
3302 1546 3366 1602 et
3411 1546 3638 1620 quarto
3668 1559 3819 1602 casu
3848 1559 3966 1602 non

2436 1632 2817 1692 conveniunt
2846 1632 3155 1693 doctoreS.
3188 1634 3438 1694 Lessius
3459 1634 3633 1710 dicit,
3669 1635 3732 1694 in
3769 1634 3966 1713 primo

2437 1743 2585 1785 casu
2607 1743 2728 1785 non
2760 1742 2942 1802 posse
2972 1725 3134 1803 exigi
3161 1728 3495 1804 pensiones
3524 1728 3834 1807 temporis
3877 1746 3969 1788 se-

2438 1817 2709 1897 quentiS‚
2758 1818 2822 1877 in
2880 1822 3102 1897 quarto
3149 1837 3353 1897 posse,
3412 1821 3534 1879 nisi
3617 1821 3970 1881 inveniatur

2436 1911 2596 1973 alius
2626 1911 2970 1973 conductor
2996 1930 3033 1971 a
3062 1930 3185 1991 quo
3217 1913 3476 1992 aequalis
3504 1915 3731 1991 pensio
3783 1915 3970 1993 possit

2438 2003 2678 2064 hal-eri.
2711 2004 2942 2065 Molina
2958 2023 3062 2065 nu.
3099 2007 3195 2065 14.
3230 2023 3373 2065 cum
3404 2005 3542 2066 aliis
3576 2005 3752 2081 dicit,
3788 2006 3971 2067 debe-

2438 2116 2506 2158 re
2538 2096 2601 2156 in
2632 2097 2850 2174 primis
2868 2097 3128 2158 locatori
3157 2098 3400 2159 restitui
3443 2116 3558 2177 pro
3601 2098 3837 2159 damno
3867 2097 3972 2158 do-

2436 2190 2567 2249 mui
2595 2190 2693 2250 vel
2749 2190 2835 2249 rei
2867 2189 3088 2250 locatae
3117 2190 3312 2267 illato,
3374 2191 3546 2270 quod
3579 2192 3969 2251 verissimum

2438 2286 2565 2344 est:
2602 2282 2850 2359 deinde,
2885 2283 2938 2342 si
2977 2283 3135 2342 alius
3163 2283 3512 2344 conduc-tor
3539 2303 3668 2344 non
3701 2284 3971 2344 invenia-

2436 2379 2560 2450 tur,
2604 2374 2833 2435 debere
2862 2374 3051 2435 etiam
3112 2375 3360 2437 restitui
3417 2377 3833 2455 pensionibus
3887 2395 3970 2436 se-

2437 2465 2791 2547 quentibuS,
2826 2486 2982 2546 quas
3011 2485 3134 2529 non
3166 2473 3261 2528 est
3313 2487 3569 2547 aequum
3626 2470 3966 2529 locatorem

2437 2560 2722 2622 amittere
2775 2578 2850 2619 ex
2892 2559 3077 2639 culpa
3131 2560 3554 2621 conductoriS.
3618 2563 3751 2640 Ego
3799 2562 3972 2621 aliter

2436 2652 2924 2730 distinguerem3
2991 2652 3041 2712 si
3099 2652 3268 2712 enim
3323 2653 3507 2732 culpa
3565 2654 3967 2714 conductoris

2436 2745 2606 2824 cogit
2632 2745 2973 2805 locatorem
3030 2745 3110 2805 ad
3158 2745 3332 2804 illum
3379 2746 3854 2823 expellendum,
3885 2747 3969 2805 vi·

2436 2838 2620 2900 detur
2638 2837 2983 2899 conductor
3010 2837 3383 2916 obligandus
3398 2837 3481 2897 ad
3500 2839 3969 2898 resarciendum

2434 2931 2736 2992 damnum
2791 2948 2902 3008 pro
2946 2930 3350 3008 pensionibus
3387 2931 3847 3010 sequentibus3
3879 2949 3970 2993 se·

2436 3042 2546 3085 eus
2573 3022 2626 3083 si
2656 3040 2779 3083 non
2824 3023 3012 3100 cogit.
3070 3022 3249 3084 Unde
3306 3040 3429 3083 non
3461 3022 3719 3083 videtur
3745 3023 3831 3083 ad
3861 3023 3970 3083 hoc

2436 3115 2808 3194 obligandus
2837 3115 2901 3174 in
2930 3115 3134 3194 primo
3178 3133 3353 3192 casu,
3388 3114 3537 3195 quia
3568 3115 3717 3176 licet
3744 3115 3834 3176 ob
3854 3133 3967 3175 non

2437 3210 2704 3270 solutam
2762 3208 3128 3287 pensionem
3183 3209 3423 3270 locator
3444 3210 3554 3287 jus
3596 3209 3836 3270 habeat
3880 3227 3972 3267 ex·

2435 3302 2711 3382 pellendi
2741 3301 3190 3363 conductorem
3221 3307 3285 3363 et
3308 3302 3648 3362 recedendi
3679 3307 3976 3364 accub-a-

2438 3400 2566 3472 ctu,
2593 3412 2718 3455 non
2769 3398 2980 3456 tamen
3015 3394 3095 3454 ad
3123 3394 3244 3455 hoc
3265 3395 3531 3473 cogitur.
3568 3394 3898 3469 Similiter,
3931 3394 3972 3453 si

2438 3489 2672 3550 abusus
2702 3492 2765 3549 et
2792 3489 2976 3567 culpa
3003 3488 3404 3549 conductoris
3433 3487 3605 3566 cogit
3629 3489 3970 3548 locatorem

2437 3582 2515 3642 ad
2543 3582 2991 3642 conductorem
3021 3581 3481 3659 expellendum,
3527 3582 3762 3658 poterit
3795 3581 3971 3641 dam·

2436 3693 2587 3734 num
2617 3674 2804 3735 etiam
2824 3673 3141 3752 pensionis
3161 3674 3482 3753 sequentis
3521 3675 3804 3752 exigere,
3831 3679 3902 3733 ut
3925 3674 3970 3732 si

2438 3766 2517 3827 ob
2547 3766 2915 3827 scandalum
2944 3765 3173 3826 debeat
3201 3782 3323 3825 non
3354 3783 3764 3843 perseverare
3792 3766 3862 3825 in
3891 3767 3972 3825 lo-

2437 3860 2680 3920 catione
2728 3863 2944 3919 contra
2972 3858 3172 3918 bonos
3209 3876 3456 3918 mores:
3490 3858 3543 3918 si
3573 3863 3792 3918 autem
3839 3878 3968 3938 pos·

2437 3952 2516 4013 sit
2542 3952 2735 4012 libere
2765 3955 2828 4012 et
2856 3950 3022 4011 licite
3069 3969 3497 4028 perseverare,
3531 3952 3828 4030 quamvis
3871 3952 3966 4032 jus

2437 4046 2667 4106 habeat
2696 4062 2818 4104 non
2849 4043 3316 4121 perseverandi,
3362 4041 3498 4122 jam
3543 4048 3773 4122 sponte
3802 4063 3971 4105 rece·

2438 4139 2530 4200 dit
2557 4157 2594 4198 a
2622 4140 2969 4212 contractu,
3008 4141 3070 4197 et
3099 4154 3221 4197 non
3253 4135 3444 4197 habet
3480 4137 3589 4216 jus
3634 4137 3968 4216 pensiones

2437 4234 2773 4311 sequentes
2804 4228 3114 4308 exigendi.

2519 4323 2853 4384 Dubitatur
2882 4321 3089 4398 tertio,
3123 4340 3202 4380 an
3234 4325 3594 4383 contractus
3646 4322 3971 4383 locationis

2436 4420 2711 4479 transeat
2742 4414 2821 4474 ad
2839 4419 3206 4493 emptorem,
3261 4415 3354 4474 vel
3398 4433 3856 4490 successorem,
3892 4416 3969 4476 ila

2437 4514 2507 4571 ut
2550 4509 2651 4569 hic
2678 4512 2967 4569 teneatur
2995 4508 3057 4567 in
3106 4525 3180 4567 eo
3237 4508 3688 4585 perseverare?
3717 4510 3971 4571 Certum

2437 4603 2706 4676 videtur,
2767 4617 3192 4661 successorem
3248 4602 3667 4661 universalem
3693 4648 3711 4678 ,
3773 4602 3973 4681 qualis

2439 4700 2534 4755 est
2560 4695 2782 4769 haereS,
2818 4693 3016 4753 teneri
3036 4693 3118 4752 ad
3138 4693 3429 4753 standum
3452 4693 3750 4754 locationi
3795 4695 3971 4756 sactae

2440 4807 2477 4847 a
2511 4805 2623 4847 suo
2652 4785 3134 4865 praedecessore,
3170 4804 3314 4846 cum
3371 4785 3507 4864 ejus
3559 4792 3971 4864 repraesentet

2440 4897 2797 4960 personam,
2834 4882 2897 4938 et
2939 4878 3169 4938 debeat
3190 4878 3551 4938 satisfacere
3581 4879 3882 4939 omnibus
3909 4878 3973 4938 iis

2442 4972 2670 5053 quibus
2704 4971 2806 5031 ille
2845 4990 2910 5031 se
2942 4969 3381 5049 obligavit.'De
3412 4989 3486 5031 eo
3517 4976 3729 5032 autem
3758 4972 3868 5031 cui
3892 4972 3975 5031 lo·

2441 5070 2614 5127 cator
2641 5063 2944 5128 vendidit.
2977 5063 3257 5137 donavit,
3309 5067 3418 5123 aut
3442 5063 3678 5141 legavit
3716 5082 3858 5123 rem
3892 5065 3961 5123 lo

2442 5163 2671 5235 catam,
2706 5161 2769 5218 et
2821 5156 3199 5236 generaliter
3250 5155 3330 5216 de
3386 5156 3554 5216 omni
3614 5173 3976 5217 successore

2443 5250 2832 5332 particulari,
2864 5249 3083 5328 regula
3129 5249 3481 5310 communis
3509 5253 3626 5326 est,
3674 5268 3820 5309 eum
3851 5267 3973 5310 non

2446 5344 2644 5407 teneri
2688 5343 2769 5405 ad
2800 5343 3092 5403 standum
3121 5342 3417 5403 locationi
3444 5342 3627 5402 factae
3672 5359 3709 5400 a
3739 5342 3974 5420 praede·

2448 5455 2730 5510 cessore;
2763 5436 3211 5497 conductorem
3234 5439 3444 5496 tamen
3473 5453 3656 5514 posse
3675 5452 3868 5514 agere
3899 5435 3974 5495 ad

2444 5532 2747 5593 interesse
2777 5533 2993 5591 contra
3019 5529 3363 5590 locatorem
3384 5528 3483 5588 vel
3515 5527 3650 5608 ejus
3666 5527 3971 5603 haeredes,

4004 1228 4109 1481 {5323
4077 1104 4109 1161 .-.-.

4095 4336 4109 4390 1¹¹·—

4007 4464 4109 4664 mr
