4263 6376
1314 257 1783 339 DISPUTATIO
1830 255 2044 331 XXIII,
2092 254 2367 317 SECTIO
2410 257 2542 318 vll.

343 433 567 495 leviori
595 453 673 496 ex
707 435 842 496 sola
881 435 1204 512 fidelitate,
1264 438 1456 515 atque
1504 434 1644 496 ideo
1675 433 1884 515 potius

343 527 730 588 servandum
750 528 1000 589 videtur
1019 531 1452 608 juramentum
1486 530 1613 588 Deo
1646 526 1886 606 praesti-

347 622 509 695 tum,
542 638 733 699 quam
753 621 1024 684 fidelitas
1055 621 1290 684 homini
1320 621 1546 682 leviter
1574 620 1880 698 obligans,

350 711 482 772 Sed
535 717 748 773 tamen
795 719 1258 795 consequenter
1322 714 1532 793 potius
1578 713 1878 787 dicerem,

348 805 730 865 servandam
772 805 1138 868 fidelitatem
1166 805 1391 886 prioris
1433 804 1880 885 promissionis,

350 899 514 958 Nam
538 898 703 975 licet,
737 900 1251 961 concurrentibus
1280 899 1528 960 duobus
1556 898 1886 977 proeceptis

349 990 1001 1072 incompossibilibus,
1063 992 1526 1055 observandum
1581 993 1663 1054 sit
1735 989 1883 1051 illud

352 1083 527 1163 quod
557 1084 811 1162 gravius
839 1084 1112 1164 obligat;
1174 1086 1251 1146 de
1308 1085 1429 1146 hoo
1482 1089 1696 1147 tamen
1753 1084 1886 1163 ipso

352 1176 681 1239 dubitatur
722 1177 787 1238 in
841 1178 1155 1257 praesenti,
1216 1197 1296 1239 an
1355 1182 1688 1239 concurrat
1740 1194 1891 1237 vera

353 1269 658 1348 obligatio
670 1270 1033 1351 juramenti.
1067 1270 1331 1334 Videtur
1358 1270 1544 1350 quipe
1566 1290 1642 1331 ex
1671 1268 1890 1347 regula

352 1362 640 1440 generali
664 1363 965 1440 praedicta
985 1362 1418 1442 juramentum
1465 1362 1616 1423 illud
1645 1363 1891 1424 irritum

353 1472 531 1515 esse:
573 1456 818 1534 quoties
838 1456 1005 1515 enim
1032 1454 1097 1515 id
1153 1455 1319 1535 quod
1373 1454 1490 1516 sub
1526 1457 1888 1535 Juramento

356 1549 695 1626 promittur
746 1548 955 1623 alicui,
990 1554 1085 1609 est
1111 1548 1346 1628 aliquid
1389 1549 1672 1610 illicitum
1703 1547 1891 1609 etiam

357 1640 710 1717 venialiter,
739 1640 1167 1720 juramentum
1225 1660 1347 1702 non
1403 1642 1664 1721 obligat,
1716 1646 1785 1703 ut
1839 1640 1890 1700 si

354 1733 472 1795 sub
495 1734 859 1812 juramento
889 1733 1282 1811 promitteres
1317 1734 1502 1795 alicui
1531 1732 1779 1795 mentiri
1828 1733 1890 1792 in

356 1845 426 1887 re
454 1826 602 1902 levi,
631 1825 730 1886 vel
759 1825 952 1886 iurari
983 1825 1259 1901 obolum,
1309 1827 1407 1887 vel
1438 1827 1724 1889 omittere
1754 1845 1894 1904 par·

358 1925 484 1980 tem
510 1918 719 1979 levem
748 1917 934 1978 officii
966 1918 1182 1993 divini,
1209 1918 1305 1978 vel
1329 1919 1554 1996 missae,
1575 1917 1893 1999 juramen-

360 2017 492 2074 tum
523 2016 694 2072 certe
742 2029 867 2072 non
911 2011 1255 2089 obligaret3
1291 2030 1440 2090 ergo
1496 2012 1547 2071 si
1586 2011 1895 2089 promittis

360 2106 550 2166 etiam
582 2103 699 2163 sub
749 2101 1132 2181 juramentO,
1194 2123 1317 2164 non
1375 2104 1524 2163 dare
1581 2106 1765 2165 Petro
1825 2103 1889 2163 id

360 2196 530 2277 quod
561 2196 679 2257 sub
709 2195 939 2255 veniali
967 2195 1316 2256 eidebebas
1346 2215 1420 2256 ex
1448 2196 1784 2271 fidelitate,
1797 2196 1896 2275 ju·

359 2294 720 2351 ramentum
749 2288 938 2349 etiam
969 2306 1094 2348 non
1120 2289 1354 2350 valebit
1373 2288 1453 2349 ob
1484 2289 1772 2349 eamdem
1799 2308 1894 2349 ra·

357 2383 622 2458 tionem,
657 2381 806 2460 quia
835 2380 1141 2460 promissa
1170 2399 1293 2440 non
1323 2380 1586 2441 reddere
1616 2380 1804 2442 etiam
1832 2382 1894 2441 in

361 2495 431 2536 re
458 2475 582 2536 levi
612 2479 709 2536 est
735 2474 960 2535 saltem
1001 2473 1327 2534 venialiter
1356 2474 1591 2533 malum
1621 2479 1683 2534 et
1720 2473 1898 2535 illici-

363 2574 524 2645 tum,
558 2573 622 2629 et
661 2586 777 2646 per
816 2584 1204 2645 consequens
1232 2584 1357 2627 non
1412 2572 1591 2645 potes
1620 2567 1700 2626 ad
1735 2567 1798 2626 id
1836 2570 1896 2628 te

354 2662 723 2742 juramento
769 2659 1069 2737 obligare.
1103 2659 1282 2730 Quod
1309 2678 1558 2737 semper
1611 2659 1897 2737 iutelligi-

363 2760 492 2829 tur,
517 2753 773 2834 quando
803 2752 976 2832 prior
1002 2751 1328 2831 promissio
1359 2752 1475 2813 fuit
1503 2753 1755 2813 omnino
1787 2752 1898 2813 ab·

362 2849 608 2910 soluta:
641 2845 979 2926 aliquando
1009 2843 1176 2903 enim
1204 2845 1567 2923 praevalebit
1622 2844 1898 2905 secunda

361 2941 701 3023 promissio
732 2942 991 3019 propter
1020 2937 1295 3017 aliquam
1342 2938 1760 2998 conditionem
1789 2938 1898 2997 im-

365 3035 645 3113 plicitam
675 3031 1026 3092 imbibitam
1056 3030 1121 3096 in
1149 3030 1341 3109 priori
1361 3030 1793 3108 promissione,
1827 3035 1899 3091 ut

363 3129 417 3190 si
464 3127 652 3188 alicui
681 3125 931 3186 feminas
961 3143 1034 3190 ex
1065 3124 1196 3184 sola
1224 3123 1545 3202 fidelitate,
1577 3124 1678 3184 vel
1709 3123 1899 3185 etiam

364 3241 441 3283 ex
464 3220 710 3301 justitia
753 3217 1089 3296 promisisti
1145 3216 1615 3278 matrimonium
1662 3217 1897 3295 absque

364 3316 492 3376 ullo
523 3313 647 3375 alio
683 3315 1080 3385 nocumentO,
1115 3314 1177 3370 et
1203 3314 1418 3388 postea
1448 3315 1620 3386 voto,
1653 3310 1751 3370 vel
1792 3309 1895 3389 ju-

361 3411 652 3469 ramento
675 3410 736 3467 te
759 3402 999 3482 obligas
1027 3401 1106 3464 ad
1135 3407 1367 3463 statum
1409 3402 1791 3481 religiosum,
1825 3400 1899 3461 li-

364 3501 610 3562 beraris
637 3517 679 3560 a
720 3497 915 3577 priori
968 3495 1402 3575 promissione,
1462 3514 1602 3576 quae
1654 3496 1900 3557 videtur

364 3591 789 3654 conditionem
838 3588 1203 3668 implicitam
1258 3588 1574 3664 habuisse,
1641 3607 1892 3667 nempe,

371 3686 488 3746 nisi
517 3686 600 3745 ad
630 3682 1066 3764 perfectiorem
1101 3685 1333 3742 statum
1362 3681 1626 3741 transire
1656 3681 1891 3741 volero,

85 3805 212 3862 107
448 3778 792 3839 Dubitatur
819 3773 1115 3849 secundO,
1151 3792 1230 3833 an
1284 3773 1336 3833 si
1385 3779 1603 3835 contra
1632 3773 1899 3851 primam

49 3929 106 3978 Β,
149 3929 161 3938 ,
371 3869 855 3951 promissionem
920 3865 1256 3946 promisisti
1339 3866 1612 3926 secundo
1671 3865 1898 3927 iterum

48 3926 311 4024 „sm
371 3963 662 4025 eamdem
689 3979 845 4037 rem,
876 3959 1006 4020 sive
1035 3975 1177 4018 cum
1211 3957 1567 4038 juramento
1597 3956 1727 4018 sive
1756 3957 1899 4018 abs-

48 4038 276 4131 ⁵1me
371 4076 491 4138 que
516 4056 646 4130 illo,
673 4058 738 4115 et
765 4056 982 4132 postea
999 4050 1234 4130 primus
1252 4050 1687 4130 promissarius
1716 4050 1901 4112 cedat

360 4151 504 4231 jure
543 4167 682 4224 suo,
737 4145 1011 4207 tenearis
1066 4144 1325 4222 implere
1381 4143 1724 4204 secundam
1755 4161 1899 4222 pro-

368 4239 774 4304 missionem?
799 4241 932 4300 Hoc
962 4243 1171 4299 autem
1203 4236 1506 4316 procedit,
1566 4236 1696 4297 sive
1733 4239 1794 4297 te
1824 4254 1900 4296 ex

359 4336 604 4417 justitia
634 4333 909 4411 obligare
938 4330 1208 4391 volueris
1236 4330 1504 4409 utrique,
1537 4329 1669 4389 sive
1697 4348 1769 4390 ex
1800 4347 1901 4390 so-

371 4429 430 4489 la
457 4427 785 4488 fidelitate.
817 4423 1107 4485 Affirmat
1139 4425 1391 4484 Covarr.
1439 4422 1607 4501 apud
1664 4422 1893 4484 Sanch.

371 4522 540 4584 dicta
569 4520 731 4598 disp.
762 4520 833 4579 L.
870 4519 1040 4577 nu.5.
1073 4517 1316 4593 Negant
1344 4520 1552 4576 tamen
1583 4513 1710 4588 alii,
1745 4532 1902 4593 quos

373 4615 656 4694 sequitur
684 4611 851 4671 idem
883 4608 1112 4671 Sanch.
1173 4628 1279 4669 nu.
1338 4611 1398 4668 6.
1458 4612 1521 4668 et
1562 4606 1901 4668 Turrianus

376 4708 544 4768 dicto
573 4705 727 4766 dub.
762 4720 804 4764 1.
838 4721 945 4762 nu.
986 4705 1045 4762 5.
1077 4701 1243 4781 quod
1276 4701 1484 4761 verius
1513 4700 1761 4761 videtur
1790 4718 1905 4779 per

373 4818 439 4861 se
467 4796 822 4879 loquendo:
875 4793 1398 4856 considerandum
1429 4793 1597 4853 enim
1629 4798 1723 4854 est
1749 4796 1903 4853 tem-

374 4912 492 4972 pus
519 4888 948 4970 promissionis
976 4888 1179 4961 factae,
1218 4905 1342 4966 quo
1374 4904 1470 4946 res
1500 4885 1805 4965 promissa
1831 4885 1905 4944 il-

375 4986 544 5046 licita
573 4988 710 5044 erat
763 4985 950 5060 atque
1005 4980 1145 5041 ideo
1203 4978 1529 5058 promissio
1585 4977 1899 5038 invalida:

378 5079 543 5159 quod
575 5082 786 5137 autem
816 5074 896 5135 ab
925 5072 1101 5133 initio
1142 5091 1267 5132 non
1296 5071 1481 5146 valet,
1518 5075 1717 5131 tractu
1750 5074 1904 5131 tem-

377 5171 544 5250 poris
573 5184 698 5231 non
728 5166 1110 5229 convalescit
1133 5183 1212 5225 ex
1237 5183 1370 5243 reg.
1420 5162 1558 5225 Non
1600 5162 1902 5244 firmatur,

377 5264 446 5325 de
462 5262 767 5345 reqjurzk.
802 5261 865 5320 in
897 5277 983 5321 vl.
1017 5262 1095 5319 et*
1117 5258 1355 5337 regula.
1394 5255 1560 5332 Quod
1583 5255 1655 5316 ab
1711 5255 1900 5333 initio,

382 5358 442 5420 ff.
474 5358 614 5419 eod.
659 5355 754 5417 tit.
806 5351 1161 5431 Aliquando
1206 5356 1415 5412 tamen
1464 5349 1767 5429 obligabit
1814 5366 1908 5410 se·

379 5450 580 5512 cunda
632 5445 968 5528 promissio
995 5464 1008 5506 ε
1059 5444 1308 5524 quando
1364 5443 1602 5503 scilicet
1660 5441 1907 5503 animus

3406 266 3511 329 -w

1985 424 2405 511 promittentis
2429 432 2548 495 fuit
2576 433 2854 514 obligare
2883 454 2950 498 se
2982 436 3203 499 saltem
3232 439 3347 501 sub
3365 457 3514 503 con-

1985 525 2243 600 ditione,
2274 526 2325 585 si
2348 526 2664 605 objectum
2685 528 3057 593 redderetur
3083 529 3346 610 licitum,
3407 534 3517 595 vel

1987 623 2155 679 certe
2184 618 2382 680 voluit
2410 638 2475 680 se
2505 619 2785 699 obligare
2828 622 2909 683 ad
2965 625 3317 685 curandum
3346 627 3517 707 quod

1986 711 2159 789 prior
2185 711 2511 790 promissio
2585 712 3055 792 dissolveretur,
3142 721 3291 779 tunc
3346 719 3514 779 enim

1986 822 2087 864 res
2114 804 2420 882 promissa
2474 823 2599 865 non
2647 805 2763 868 fuit
2817 808 3055 888 aliquid
3108 809 3416 890 illicitum,
3448 815 3516 875 ut

1987 900 2253 957 constat.

2068 988 2397 1050 Dubitatur
2432 991 2648 1067 tertio,
2700 996 2912 1054 utrum
2952 995 3349 1075 promissioni
3385 995 3521 1078 jam

1987 1081 2169 1142 factas
2195 1127 2209 1157 ‚
2257 1087 2320 1142 et
2344 1089 2683 1161 acceptatae
2713 1086 2909 1164 possit
2935 1092 3153 1166 postea
3183 1106 3340 1150 onus
3363 1135 3379 1167 ,
3424 1089 3522 1151 vel

1989 1172 2263 1235 conditio
2293 1174 2502 1254 aliqua
2543 1178 2773 1256 apponi
2799 1197 2839 1239 a
2875 1180 3322 1257 promittente?
3374 1185 3525 1244 Res·
3613 1211 3738 1253 amp

1989 1265 2349 1345 pondetur,
2409 1272 2552 1347 post
2604 1271 3036 1349 acceptionem
3093 1273 3156 1333 id
3209 1275 3346 1335 fieri
3402 1294 3527 1336 non
3602 1265 3656 1295 ¹¹⁰

1987 1375 2208 1439 posse,
2260 1359 2407 1439 quia
2438 1360 2572 1441 jam
2611 1365 2704 1423 est
2734 1364 3108 1444 acquisitum
3132 1365 3236 1444 jus
3264 1368 3532 1447 promis-

1990 1452 2178 1513 sari0.
2226 1456 2324 1513 An
2364 1472 2514 1515 vero
2543 1455 2912 1534 promissiO,
2951 1458 3051 1519 vel
3082 1459 3336 1522 donatio
3366 1459 3529 1522 facta

1992 1546 2177 1606 Petro
2218 1564 2292 1605 ea
2332 1545 2471 1625 lege
2498 1593 2513 1623 ,
2575 1551 2644 1609 ut
2685 1554 2826 1627 post
2870 1540 3106 1612 annum
3158 1571 3257 1613 res
3300 1553 3535 1615 donata

1989 1641 2268 1699 transeat
2313 1638 2396 1698 ad
2426 1640 2724 1717 Paulum,
2776 1642 2875 1702 vel
2905 1660 3049 1703 cum
3078 1644 3199 1705 alio
3231 1664 3422 1706 onere
3469 1647 3532 1706 in

1992 1729 2272 1791 favorem
2302 1731 2475 1791 Pauli
2521 1733 2717 1810 possit
2760 1739 2906 1796 ante
2938 1736 3113 1797 Pauli
3158 1739 3533 1817 acceptatio-

1994 1840 2139 1883 nem
2168 1824 2447 1884 revocari
2480 1825 2688 1904 quoad
2735 1825 2799 1885 id
2829 1827 3032 1887 solum
3060 1874 3076 1904 ,
3124 1829 3293 1909 quod
3334 1835 3429 1891 est
3469 1830 3531 1891 in

1995 1914 2128 1995 ejus
2158 1920 2459 1992 lavorem,
2494 1917 2761 1979 diximus
2789 1937 2978 1998 supra
3008 1928 3159 1983 sect.
3188 1939 3247 1983 v.

2072 2008 2406 2070 Dubitatur
2435 2014 2680 2089 quarto,
2716 2011 2792 2072 de
2824 2013 3259 2091 promissione,
3295 2015 3394 2076 vel
3424 2016 3531 2077 do·

1996 2101 2249 2161 natione
2302 2102 2745 2180 conditionata,
2800 2106 3115 2184 quomodo
3164 2108 3399 2186 obliget
3425 2112 3535 2169 aut

1997 2193 2257 2255 valeat?
2301 2196 2389 2254 De
2450 2195 2568 2256 hoc
2621 2201 2835 2257 tamen
2866 2196 3135 2259 diximus
3188 2200 3339 2260 satis
3367 2200 3527 2279 disp.

1995 2285 2373 2366 praecedenti
2403 2290 2554 2348 sect.
2587 2304 2724 2350 x111.
2779 2294 3038 2367 agentes
3069 2291 3133 2351 in
3166 2292 3532 2353 universum

1997 2379 2074 2439 de
2128 2383 2450 2440 contractu
2493 2381 2919 2443 conditionate
2951 2399 2965 2446 ε
3003 2382 3122 2445 Ubi
3182 2383 3373 2444 etiam
3420 2404 3534 2465 per

1996 2472 2205 2551 plures
2234 2470 2540 2533 sectiones
2568 2473 2812 2552 egimus
2841 2474 2919 2534 de
2950 2480 3277 2538 contractu
3308 2496 3530 2556 proce·

1998 2565 2184 2626 dente
2214 2582 2288 2624 ex
2316 2582 2548 2642 errore,
2578 2567 2671 2626 vel
2701 2585 2775 2626 ex
2806 2572 2999 2644 metu,
3021 2587 3160 2648 quae
3189 2570 3400 2630 omnia
3428 2589 3533 2649 ap·

1998 2656 2213 2737 plicari
2243 2662 2504 2735 possunt
2546 2657 2624 2718 ad
2656 2658 3121 2738 promissioneS,
3154 2667 3216 2723 et
3243 2662 3530 2723 donatio-

1997 2769 2107 2811 nes
2155 2753 2424 2826 coactas,
2456 2750 2553 2810 vel
2596 2751 3010 2835 procedentes
3059 2771 3135 2814 ex
3176 2754 3533 2834 ignorantia

1996 2842 2096 2904 vel
2124 2860 2357 2903 errore.

2075 2935 2408 2996 Dubitatur
2436 2936 2672 3014 quinto,
2727 2937 2805 2998 de
2851 2937 3263 3018 promissione
3312 2940 3524 3015 dubia,

1997 3048 2078 3090 an
2130 3029 2370 3107 obliget
2415 3030 2885 3108 promittentem
2940 3031 3021 3092 ad
3077 3032 3355 3113 aliquid?
3399 3036 3532 3096 Hoc

1997 3122 2230 3202 pendet
2256 3140 2331 3181 ex
2359 3121 2463 3181 illa
2491 3123 2856 3202 quaestione,
2889 3142 2970 3185 an
3000 3125 3065 3185 in
3097 3125 3285 3187 dubio
3309 3127 3531 3187 melior

1997 3217 2078 3277 sit
2103 3215 2379 3276 conditio
2407 3216 2803 3293 possidentiS,
2841 3236 2965 3279 non
3001 3222 3205 3279 solum
3235 3220 3299 3280 in
3327 3226 3529 3281 mate-

1996 3308 2089 3368 ria
2110 3307 2390 3387 justitiae‚
2423 3307 2533 3368 sed
2577 3308 2763 3369 etiam
2794 3309 2857 3369 in
2887 3311 3046 3387 aliis,
3096 3312 3175 3372 de
3207 3330 3330 3392 qua
3367 3314 3532 3373 ultra

1994 3400 2151 3462 alios
2176 3399 2300 3461 late
2327 3399 2601 3461 Thomas
2632 3401 2860 3464 Sanch.
2893 3402 3001 3464 lib.
3036 3419 3105 3464 11.
3154 3402 3224 3465 de
3265 3405 3526 3468 matm‘m.

1995 3493 2157 3572 disp.
2190 3507 2488 3553 ulmum.
2523 3495 2621 3554 32.
2656 3499 2719 3555 et
2747 3495 2856 3557 lib.
2893 3496 2940 3557 1.
2975 3495 3036 3555 in
3063 3496 3343 3578 Decaloq.
3379 3517 3525 3577 cap.

1996 3603 2056 3648 x.
2090 3603 2263 3646 num.
2301 3587 2395 3646 11.
2430 3589 2492 3646 et
2520 3585 2673 3646 alios
2712 3587 2942 3649 multos
2997 3606 3343 3667 congerens
3389 3593 3530 3652 Cas-

1997 3678 2222 3758 tropal.
2256 3681 2387 3738 tom
2415 3693 2458 3738 1.
2493 3682 2675 3740 tract.
2709 3678 2779 3740 de
2824 3680 3171 3741 conscientia
3198 3680 3396 3759 dubia,
3431 3702 3530 3743 re-

1998 3772 2111 3833 sol.
2145 3774 2204 3831 2.
2239 3770 2448 3849 Aliqui
2477 3770 2642 3830 enim
2672 3771 2907 3849 dicunt,
2961 3772 3147 3834 etiam
3175 3775 3237 3834 in
3268 3775 3532 3836 materia

1990 3863 2251 3943 justitiae
2296 3862 2590 3924 tutiorem
2636 3868 2881 3943 partem
2930 3866 3306 3945 eligendam,
3341 3872 3529 3948 atque

1998 3958 2140 4018 ideo
2196 3955 2566 4015 solvendum
2621 3956 2905 4018 debitum
2952 3958 3213 4020 dubium
3242 3979 3364 4022 non
3413 3962 3528 4023 ob-

1998 4055 2201 4112 stante
2257 4049 2671 4127 possessione.
2732 4050 2851 4111 Alii
2883 4050 3099 4112 volunt
3145 4052 3207 4113 in
3264 4054 3532 4116 materia

1995 4141 2250 4224 justitiae
2279 4158 2402 4201 non
2431 4158 2564 4201 esse
2595 4141 3059 4220 obligationem,
3094 4145 3344 4225 quando
3364 4146 3534 4207 bona

1998 4236 2121 4296 fide
2174 4233 2492 4313 possidere
2549 4234 2823 4314 coepisti,
2877 4241 2940 4298 et
2978 4245 3195 4315 postea
3239 4256 3531 4318 superve-

3671 1019 3697 1080 1
3709 1015 3790 1079 08

3589 1141 3859 1189 Promissioni

3683 2045 3798 2104 109

3653 2277 3822 2341 tionsts.

3621 2341 3850 2374 remissive.

3680 2973 3794 3032 110

3633 3096 3735 3161 Quid
3769 3097 3820 3161 εκ

3590 3161 3861 3206 promissione

3655 3204 3793 3249 dubia.

1998 4329 2207 4390 niente
2248 4326 2462 4403 dubio,
2514 4327 2729 4414 debito
2772 4329 3057 4390 examine
3103 4335 3166 4391 et
3212 4330 3533 4410 diligentia
3645 4337 3648 4342 ’

2000 4421 2301 4497 adhibita,
2344 4438 2464 4481 non
2496 4420 2747 4499 potuisti
2778 4421 3039 4482 dubium
3068 4424 3415 4502 expellere3
3467 4425 3534 4486 iu

2001 4513 2137 4574 aliis
2150 4517 2360 4574 tamen
2391 4513 2666 4574 materiis
2685 4514 2978 4575 tutiorem
3000 4521 3240 4593 partem
3265 4535 3533 4597 sequen-

2002 4606 2170 4682 dam,
2205 4612 2269 4667 et
2295 4605 2505 4667 debito
2534 4605 3062 4668 satisfaciendum.
3113 4609 3234 4669 Alii
3262 4610 3532 4689 denique

2003 4718 2160 4779 quos
2208 4698 2487 4778 praedicti
2517 4702 2803 4760 auctores
2826 4745 2842 4775 ,
2887 4704 2951 4760 et
2997 4699 3102 4760 alii
3149 4703 3532 4763 recentiores

2002 4791 2419 4853 communiter
2445 4796 2811 4870 sequuntur,
2830 4791 3050 4852 melius
3079 4793 3327 4871 docent,
3363 4795 3425 4854 id
3441 4795 3534 4855 lo-

2003 4903 2147 4946 cum
2178 4885 2408 4945 habere
2438 4883 2499 4944 in
2529 4884 2667 4945 aliis
2688 4883 2876 4944 etiam
2905 4886 3204 4963 materiiS,
3225 4886 3371 4966 quia
3392 4906 3535 4966 pos-

2004 4977 2195 5039 sessio
2227 4978 2451 5040 eodem
2496 4977 2684 5038 modo
2725 4976 2907 5057 juvat
2948 4978 3372 5056 possidentem
3419 4999 3532 5060 pro

2006 5088 2129 5150 quo
2152 5075 2275 5132 stat
2302 5069 2727 5149 praesumptio‚
2754 5070 2996 5149 quoties
3011 5071 3133 5131 alia
3150 5071 3365 5133 fortior
3378 5092 3535 5152 prae-

2005 5163 2275 5242 sumptio
2305 5182 2429 5224 non
2451 5163 2684 5224 obstat:
2716 5162 2949 5223 sienim
2965 5162 3210 5224 aliunde
3232 5183 3534 5244 praesum-
3621 5178 3635 5193 ·

2005 5255 2459 5336 ptiostaretpro
2482 5254 2879 5332 obligatione,
2908 5259 2974 5315 ut
2988 5255 3038 5315 si
3059 5262 3300 5320 constet
3311 5257 3390 5319 de
3401 5278 3537 5321 ver-

2005 5349 2101 5409 bis
2125 5348 2382 5428 prolatis
2400 5347 2846 5426 obligationem
2876 5349 3387 5429 exprimentibuS,
3422 5354 3539 5414 du-

2004 5442 2165 5503 bites
2193 5444 2405 5502 tamen
2435 5441 2512 5501 de
2532 5440 2742 5501 animo
2763 5445 2825 5501 tc
2848 5440 3189 5519 obligandi,
3217 5451 3362 5505 tunc
3378 5466 3539 5524 proe-
