4263 6376
1185 301 1656 366 DISPUTA'I'IO
1700 305 1918 387 XXIX,
1969 313 2244 382 SECTIO
2287 322 2335 384 1.

241 467 403 528 scrin
438 467 730 547 majoratu
775 471 872 531 vel
914 473 1398 540 fideicommissa
1449 499 1574 542 non
1622 485 1711 543 te-

238 565 424 620 ncatur
470 561 719 623 reddere
773 564 1135 629 indemnem
1181 573 1708 648 praedecessorem

237 671 269 712 a
290 652 503 711 damnis
520 672 593 713 ex
617 655 921 718 locatione
951 660 1116 722 facta
1133 662 1187 722 ei
1212 663 1703 744 imminentibuS,

238 745 356 823 quia
382 744 654 806 nimirum
697 751 904 827 potest
949 757 1167 830 postea
1208 760 1558 821 contractui
1588 779 1713 822 non

235 842 390 897 stare.
441 839 557 898 Nec
591 840 890 902 satisfacit
924 848 1245 923 responsio
1275 850 1522 912 Molinae
1546 897 1561 927 ,
1605 852 1713 931 qui

235 929 321 1005 ait,
348 929 454 989 dici
481 948 674 1008 posse,
707 934 979 996 mediam
1009 937 1178 999 illam
1206 941 1373 1001 viam
1403 944 1713 1022 excogita·

232 1026 338 1080 tam
363 1021 529 1082 fuisse
557 1028 623 1084 ut
648 1027 873 1086 mulier
899 1030 1209 1108 expellere
1238 1039 1448 1111 posset
1474 1037 1714 1097 condu-

232 1119 457 1188 ctorem,
489 1120 547 1176 ct
572 1117 832 1179 reddere
861 1120 1121 1184 deberet
1147 1125 1443 1187 maritum
1474 1128 1714 1189 indem-

231 1222 349 1264 nem
372 1205 442 1265 ab
471 1206 756 1271 interesse
785 1212 1084 1274 solvendo
1104 1261 1120 1291 ,
1156 1234 1230 1277 eo
1263 1219 1430 1297 quod
1462 1226 1712 1282 contra-

229 1303 341 1358 ctus
369 1297 744 1362 exhibitionis
791 1303 955 1365 dotis
1001 1308 1211 1385 quoad
1252 1312 1709 1374 usumfructum

228 1394 333 1451 toto
370 1395 632 1470 tempore
687 1397 1073 1459 matrimonii
1127 1419 1239 1478 pro
1296 1407 1709 1467 sustentanda

227 1500 410 1559 uxore,
437 1485 931 1568 sustinendisque
961 1492 1255 1554 oneribus
1299 1497 1704 1576 matrimonii,

224 1574 274 1633 in
298 1576 663 1637 commodum
701 1580 986 1660 conjugis
1014 1584 1334 1665 utriusque
1355 1590 1707 1653 celebratus

224 1666 393 1728 fuerit.
424 1670 545 1730 Hoc
566 1717 581 1746 ,
615 1670 872 1750 inquam
896 1720 911 1750 ,
956 1693 1081 1736 non
1109 1679 1430 1744 satisfacit.
1472 1684 1699 1761 Primo,

222 1765 529 1822 contractus
555 1763 743 1824 etiam
772 1767 1276 1846 emphyteuticus
1306 1775 1488 1835 estin
1529 1795 1670 1837 com
1688 1812 1704 1822 ·

220 1851 436 1912 modum
463 1854 812 1935 utriusque;
864 1865 927 1921 et
952 1865 1166 1922 tamen
1196 1864 1245 1924 si
1294 1867 1706 1946 emphyteuta

218 1944 444 2006 locasset
467 1946 715 2007 domum
745 1949 826 2010 ad
857 1952 1377 2035 quinquennium,
1412 1960 1705 2022 dominus

219 2035 450 2097 directus
500 2041 841 2103 succedens
888 2045 945 2105 ei
992 2065 1115 2107 non
1163 2053 1486 2113 teneretur
1537 2058 1703 2115 stare

217 2132 552 2207 contractui,
602 2151 719 2195 nec
756 2136 999 2198 solvere
1027 2139 1329 2204 interesse
1359 2146 1527 2224 quod
1572 2147 1704 2208 hoe-

213 2221 363 2282 redes
386 2225 796 2303 emphyteutae
827 2230 1068 2292 solvere
1097 2234 1362 2296 fortasse
1405 2242 1699 2300 teneren-

216 2320 299 2374 tur
320 2316 661 2379 conductori
690 2322 970 2399 expulso.
1007 2327 1321 2404 Secundo,
1356 2331 1502 2409 quia
1521 2332 1570 2392 si
1595 2334 1702 2394 illa

216 2407 347 2468 ratio
371 2409 591 2488 aliquid
620 2413 940 2493 probaret,
975 2417 1293 2482 debuisset
1321 2424 1526 2501 potius
1546 2444 1702 2487 uxor

213 2498 438 2577 obligari
478 2502 555 2562 ad
617 2506 914 2567 standum
961 2514 1348 2589 contractui,
1390 2517 1490 2576 vel
1531 2523 1700 2580 certe

213 2590 278 2649 ad
335 2592 685 2656 solvendum
767 2599 1001 2663 directe
1072 2605 1437 2669 conductori
1512 2596 1722 2671 interss

212 2702 321 2743 esse
360 2705 374 2745 :
424 2691 487 2748 ut
528 2689 678 2767 quid
723 2691 891 2752 enim
933 2695 1230 2758 circuitus
1282 2699 1385 2760 ille
1439 2702 1693 2781 inutilis,

210 2780 267 2835 ut
300 2795 441 2837 uxor
495 2782 838 2859 expelleret
891 2788 1340 2851 conductorem
1395 2799 1458 2855 et
1508 2797 1701 2857 mari·-

209 2872 289 2927 tus
312 2869 550 2933 deberet
590 2874 741 2935 huic
787 2878 1026 2939 solvere
1071 2881 1371 2945 interesse
1395 2931 1411 2961 ,
1463 2892 1526 2948 et
1564 2906 1698 2948 rur-

208 2979 294 3020 sus
312 2981 452 3023 uxor
476 2982 886 3045 compensare
904 2971 1128 3035 marito
1149 2993 1263 3053 pro
1281 2976 1580 3042 interesse
1602 3000 1699 3043 so-

208 3052 354 3114 luto?

273 3149 511 3212 Facilius
538 3169 690 3232 ergo
723 3158 788 3217 et
813 3157 1022 3219 verius
1050 3160 1203 3221 mihi
1223 3162 1473 3226 videtur
1500 3166 1697 3229 faten-

205 3238 351 3317 dum,
381 3261 628 3305 uxorem
657 3246 892 3308 debere
921 3251 1202 3314 absolute
1219 3260 1383 3317 stare
1403 3258 1696 3321 locationi

204 3333 354 3394 factae
381 3353 415 3394 a
439 3338 661 3399 marito
686 3385 704 3416 ,
740 3340 961 3402 saltem
999 3344 1061 3403 in
1090 3345 1167 3406 iis
1195 3349 1441 3410 casibus
1471 3352 1531 3411 in
1562 3354 1695 3432 qui-

202 3423 297 3484 bus
321 3427 509 3489 minor
550 3434 719 3492 stare
748 3436 999 3495 tenetur
1021 3442 1354 3518 postquam
1375 3447 1468 3505 est
1486 3446 1583 3505 sui
1594 3445 1694 3526 ju-

202 3518 289 3593 ris,
318 3518 593 3583 locationi
620 3525 807 3585 factae
836 3543 872 3585 a
902 3530 1105 3590 tutore
1136 3531 1233 3592 vel
1261 3540 1548 3598 curatore
1576 3584 1592 3613 ,
1626 3543 1697 3601 ut

200 3627 320 3669 mox
345 3612 709 3677 videbimus.
758 3618 935 3689 Quod
986 3621 1264 3685 fatentur
1302 3628 1694 3691 Panormita-

200 3719 314 3777 nus,
365 3708 423 3764 et
462 3707 566 3766 alii
610 3727 773 3787 quos
819 3711 1009 3774 refert
1050 3715 1285 3776 Molina
1313 3718 1430 3796 ibi,
1466 3721 1692 3801 quibus

197 3794 318 3855 addi
345 3802 536 3875 potest
560 3801 941 3879 Alexander,
975 3805 1153 3884 cujus
1172 3809 1363 3870 verba
1389 3830 1500 3890 pro
1521 3832 1693 3875 sum-

196 3889 365 3949 mario
391 3891 601 3953 addita
627 3899 781 3955 sunt
819 3895 882 3954 in
930 3896 1065 3975 ipso
1095 3901 1416 3965 Infortiato
1446 3911 1591 3968 ante
1621 3908 1690 3967 il-

193 3978 302 4040 lum
347 3982 397 4063 §.
429 3983 505 4045 Si
526 3985 621 4045 vir
648 3986 711 4046 in
738 3982 1230 4071 qm’n'quenm‘um,
1263 3995 1329 4056 in
1358 3996 1524 4058 hunc
1553 4017 1689 4061 mo-

193 4072 350 4135 dum:
376 4096 403 4132 a
425 4079 752 4140 Locationi
777 4081 958 4143 factae
977 4101 1091 4161 per
1117 4087 1322 4148 virum
1339 4108 1498 4151 uxor
1522 4097 1688 4154 stare

194 4169 426 4245 tenetur,
457 4170 599 4232 ideo
630 4177 894 4234 cavetur
920 4175 998 4236 de
1027 4177 1359 4258 interesse,
1394 4183 1444 4242 si
1474 4191 1690 4248 contra

192 4258 395 4334 fecerit,
424 4285 452 4318 n
489 4268 608 4325 etc.
646 4264 828 4325 Ratio
858 4272 1068 4328 autem
1114 4289 1153 4331 a
1197 4272 1390 4350 priori
1435 4293 1511 4335 ea
1553 4295 1688 4338 esse

192 4349 424 4430 videtur,
456 4356 626 4434 quod
653 4357 921 4419 maritus
951 4378 1074 4420 non
1103 4364 1305 4424 solum
1333 4366 1414 4428 sit
1440 4369 1689 4430 usufru-

189 4447 448 4520 ctuarius‚
481 4449 591 4509 sed
623 4450 819 4512 etiam
865 4451 1332 4519 administrator
1376 4459 1687 4523 bonorum

188 4537 476 4618 dotalium,
509 4559 653 4620 quae
683 4560 829 4603 cum
855 4563 1014 4605 uxor
1039 4566 1154 4626 per
1179 4550 1467 4629 seipsam
1488 4554 1690 4615 admi·

188 4629 419 4692 nistrare
447 4653 572 4695 non
600 4635 822 4714 possit,
856 4638 1125 4715 pertinet
1150 4642 1231 4702 ad
1261 4645 1557 4706 maritum
1580 4667 1689 4710 eo-

185 4739 304 4784 rum
327 4726 779 4788 administratio
822 4728 887 4789 in
923 4731 1254 4794 utilitatem
1282 4754 1460 4798 suam
1486 4785 1501 4816 ,
1537 4742 1686 4820 quia

184 4818 814 4897 estusufructuarius,
855 4826 919 4882 et
960 4823 1021 4882 in
1069 4825 1401 4890 utilitatem
1447 4835 1680 4910 uxoris,

184 4926 303 4986 quae
329 4916 418 4973 est
439 4930 655 4972 rerum
684 4911 989 4975 dotalium
1017 4916 1292 4996 domina,
1325 4920 1366 4981 l.
1398 4921 1471 4982 In
1489 4923 1679 4987 rebus.

183 5002 238 5061 C.
266 5001 330 5063 de
346 5003 478 5083 jure
493 5004 614 5067 dot.
647 5004 853 5078 Quare
881 5006 1043 5069 sicut
1067 5010 1275 5073 minor
1301 5012 1491 5076 debet
1516 5021 1683 5078 stare

182 5092 444 5157 locationi
469 5117 509 5158 a
533 5100 745 5159 tutore
774 5097 873 5159 vel
910 5105 1196 5163 curatore
1225 5105 1405 5167 factae
1429 5153 1445 5183 ,
1490 5127 1685 5188 penes

182 5205 318 5265 quos
358 5195 449 5251 est
485 5191 801 5252 bonorum
846 5192 1339 5273 administratio;
1392 5201 1481 5261 sic
1527 5221 1687 5265 uxor

180 5286 323 5342 stare
362 5283 568 5362 debet,
630 5284 737 5345 cui
790 5286 1049 5347 maritus
1096 5293 1191 5351 est
1216 5293 1396 5369 quasi
1433 5299 1686 5357 curator

180 5374 398 5454 adejus
447 5377 619 5439 bona
676 5376 1204 5458 administranda,
1265 5388 1328 5445 et
1370 5385 1512 5447 ideo
1556 5405 1685 5449 me-

179 5466 279 5528 rito
315 5488 466 5530 uxor
506 5488 733 5531 cavere
774 5470 1040 5550 cogitur,
1089 5478 1427 5555 antequam
1472 5479 1683 5542 dotem

3231 357 3346 416 ⁴45

1809 488 2089 569 recipiat,
2151 494 2229 556 de
2284 506 2592 568 servando
2648 512 2875 576 marito
2931 517 3210 586 indemni
3267 532 3347 591 ab

1811 583 2106 646 oneribus
2135 606 2275 667 quae
2320 594 2384 653 in
2427 596 2732 677 ejusmodi
2777 612 3200 680 contractibus
3242 641 3348 684 su-

1812 672 2018 738 bierit.

1889 768 1987 827 An
2016 789 2165 834 vero
2194 778 2454 841 maritus
2482 786 2791 867 accipiens
2837 794 3095 860 domum
3139 804 3201 864 in
3234 807 3342 869 do-

1810 860 1937 918 tem
1966 865 2254 926 teneatur
2280 875 2444 933 stare
2474 874 2765 942 locationi
2798 893 2980 950 antea
3010 893 3213 973 factae,
3247 900 3342 959 af-

1808 950 2189 1016 firmandum
2219 960 2486 1043 videtur,
2522 970 2573 1029 si
2602 974 2841 1039 sciebat
2867 980 3037 1043 illam
3066 987 3337 1052 locatam

1810 1061 1967 1121 esse,
2001 1047 2149 1126 quia
2177 1054 2362 1115 tacite
2390 1058 2637 1124 videtur
2665 1084 2808 1129 cum
2847 1092 2919 1135 eo
2952 1094 3139 1140 onere
3168 1082 3337 1145 illam

1810 1138 2142 1215 accepisse,
2178 1161 2357 1207 secus
2385 1150 2438 1209 si
2466 1151 2526 1212 id
2558 1155 2910 1242 ignorabat,
2931 1185 3074 1230 cum
3102 1172 3181 1234 sit
3199 1194 3340 1237 suc-

1808 1245 2018 1289 cessor
2037 1236 2429 1310 particularis
2450 1245 2670 1309 saltem
2690 1252 2752 1312 in
2775 1254 3050 1323 dominio
3072 1267 3207 1327 utili
3226 1288 3333 1330 seu

1808 1322 2154 1404 usufructu,
2189 1329 2439 1397 videtur
2464 1338 2761 1405 Molinam
2802 1347 2968 1414 dicta
2998 1354 3155 1437 disp.
3191 1365 3330 1426 492.

1808 1431 1979 1476 num.
2013 1419 2071 1477 5.

1887 1508 1974 1567 De
2003 1509 2245 1573 minore
2276 1518 2463 1580 etiam
2494 1530 2733 1589 certum
2762 1539 2856 1595 est
2894 1542 3062 1617 apud
3094 1563 3334 1627 omnes,

1807 1598 2035 1660 debere
2064 1607 2230 1665 stare
2260 1608 2462 1687 ipsum
2495 1621 2556 1678 et
2585 1619 2720 1699 ejus
2749 1624 3224 1702 haeredesfinita
3245 1647 3337 1703 tu-

1806 1691 1948 1769 tela,
1983 1698 2093 1755 aut
2119 1715 2289 1774 cura,
2317 1703 2607 1770 locationi
2637 1714 2818 1779 factae
2847 1739 2961 1799 per
2986 1732 3258 1795 tutorem
3277 1741 3339 1798 et

1804 1791 2157 1849 curatorem
2177 1837 2192 1867 ,
2255 1800 2316 1856 et
2357 1815 2390 1856 e
2438 1807 2649 1864 contra
2711 1814 3154 1884 conductorem
3211 1847 3334 1891 non

1802 1894 1984 1955 posse
2010 1899 2050 1940 a
2078 1885 2491 1953 conductione
2521 1900 2845 1983 recedere,
2890 1913 3039 1990 quia
3068 1936 3207 1997 quae
3236 1924 3333 1984 fa-

1803 1974 1903 2030 cta
1929 1978 2075 2035 sunt
2101 1994 2141 2035 a
2169 1977 2446 2057 legitimo
2468 1987 2971 2064 administratore
2993 2010 3092 2069 vel
3113 2030 3334 2090 procu-

1801 2066 2008 2124 ratore
2038 2073 2175 2130 rata
2205 2089 2338 2134 esse
2368 2076 2599 2145 debent
2614 2088 2890 2169 etfirma‚
2925 2114 2999 2157 ex
3020 2100 3060 2162 l.
3093 2104 3329 2188 Tuteloe,

1801 2155 1867 2217 ff.
1900 2156 1971 2217 de
1996 2159 2324 2229 admimstr.
2349 2177 2625 2256 tutorum.
2647 2182 2864 2248 Posset
2889 2193 3096 2256 tamen
3129 2201 3335 2265 minor

1800 2253 2011 2327 petere
2038 2253 2416 2322 beneficium
2444 2270 2852 2340 restitutionis
2890 2282 2953 2343 in
2990 2286 3326 2376 integrum,

1799 2342 1849 2401 si
1880 2343 1942 2403 in
1972 2363 2044 2407 eo
2074 2355 2398 2416 contractu
2429 2363 2786 2429 notabiliter
2814 2392 2881 2434 se
2910 2377 3127 2444 laesum
3158 2387 3328 2451 inve·

1799 2436 1979 2498 niret.

1880 2531 2011 2591 Hoc
2050 2532 2217 2595 idem
2247 2538 2584 2607 dicendum
2633 2557 2726 2614 est
2765 2556 2843 2617 de
2899 2561 3326 2654 beneficiario,

1799 2624 2056 2700 praelato
2082 2672 2096 2703 ,
2147 2630 2373 2694 abbate
2398 2681 2413 2711 ,
2462 2644 2524 2701 et
2551 2642 2686 2705 aliis
2711 2648 3016 2718 similibus
3050 2681 3064 2721 ε
3096 2663 3328 2730 debere

1785 4484 1996 4547 nandi.
2055 4488 2179 4549 Sed
2234 4512 2453 4557 revera
2507 4501 2624 4564 hoc
2668 4512 2869 4589 magis
2910 4521 3178 4594 pertinet
3230 4530 3313 4589 ad

1781 4580 2115 4640 tractatum
2163 4581 2233 4642 de
2288 4588 2617 4673 Relifflbne,
2669 4602 2775 4662 ubi
2823 4607 3055 4672 Suarez
3102 4621 3165 4677 et
3209 4622 3312 4682 alii

1782 4667 1905 4729 late
1948 4671 2025 4732 de
2074 4673 2195 4738 hoc
2241 4688 2475 4760 agunt,
2528 4688 2675 4753 licet
2710 4695 2944 4762 Molina
2974 4702 3092 4767 hoc
3122 4712 3312 4774 etiam

1780 4761 1917 4822 loco
1965 4766 2197 4846 egerit,
2249 4773 2354 4851 qui
2397 4777 2594 4842 videri
2638 4793 2844 4863 potest
2884 4793 3043 4877 disp.
3075 4804 3215 4866 465.
3249 4811 3313 4869 et

1783 4870 1956 4935 seqq.

3491 835 3569 896 94

3419 960 3594 1005 liat-itus
3614 976 3664 1007 an

3461 1016 3609 1059 debeat
3657 1036 3664 1041 ’

3421 1070 3661 1114 cotitinuare

3416 1122 3659 1167 locationem

3414 1177 3473 1217 rei
3510 1178 3660 1221 dotalis

3388 1235 3506 1272 anto·
3519 1233 3683 1281 tactam.

3388 1282 3456 1325 ubi
3488 1285 3595 1327 idem
3633 1286 3686 1329 de

3467 1338 3613 1380 minori

3389 1393 3431 1431 et
3458 1389 3683 1435 beneficia-

3496 1458 3574 1488 rio.
