4263 6376
1167 349 1641 415 DISPUTA'PIO
1683 350 1958 429 XXXIX,
2010 350 2288 414 emmo
2330 351 2405 414 11.

203 530 326 590 dex
346 530 615 609 juridice
652 530 912 609 inquirit
941 530 1021 590 de
1069 533 1279 592 actore
1309 530 1588 591 criminis
1616 548 1733 610 pu·-

203 622 373 699 blici,
422 622 573 683 dum
602 627 815 685 tamen
868 641 994 685 non
1021 622 1366 702 interroget
1412 624 1490 685 de
1521 624 1731 704 aliquo

202 715 270 775 in
322 716 690 797 particulari
720 762 735 792 ‚
796 734 923 777 non
978 717 1376 796 praecedente
1431 716 1727 792 infamia3

205 827 355 888 ergo
413 810 587 871 testis
641 813 891 871 tenetur
942 810 1347 891 respondere.
1410 810 1734 873 Contraria

204 906 410 963 tamen
445 903 750 964 sententia
781 903 1133 964 communis
1162 906 1257 964 est
1282 922 1454 980 vcra,
1487 906 1558 965 ut
1584 922 1735 965 con-

204 998 329 1056 stat
355 1013 427 1055 ex
456 995 851 1074 supradietis,
906 1013 1096 1075 quam
1125 998 1341 1057 tenent
1366 996 1534 1057 idem
1578 1000 1737 1057 Tur-

203 1088 417 1148 rianus
445 1088 582 1149 loco
632 1088 844 1164 citam,
899 1089 1168 1165 LessiuS,
1224 1089 1564 1167 minucius,
1623 1092 1737 1150 Na-

204 1199 411 1257 varra,
443 1182 783 1257 Bonacina‚
811 1180 1123 1258 Salonius,
1158 1185 1223 1243 et
1242 1182 1345 1244 alii
1376 1182 1542 1261 apud
1566 1201 1738 1244 eum-

208 1274 354 1334 dem
407 1274 672 1335 Dianam
732 1273 842 1351 ibi,
903 1275 1097 1354 Cajet.
1154 1276 1362 1353 SotuS,
1422 1275 1735 1349 Corduba,

206 1367 521 1446 Silvester,
554 1367 856 1443 Tabiena,
910 1385 1068 1448 quos
1111 1368 1311 1446 affert,
1367 1372 1430 1430 et
1458 1369 1739 1449 sequitur

206 1459 433 1522 Sancb.
472 1459 638 1521 dicto
667 1460 710 1520 1.
744 1460 847 1522 vl.
905 1477 960 1522 c.
999 1474 1093 1522 111.
1146 1460 1297 1523 dub.
1329 1462 1428 1522 37.
1464 1462 1610 1541 quia
1646 1466 1740 1524 te-

205 1552 320 1614 stis
374 1552 576 1614 solum
615 1557 867 1616 tenetur
911 1552 1296 1633 respondere
1345 1554 1424 1614 ad
1475 1553 1538 1614 id
1569 1552 1739 1633 quod

194 1647 395 1727 judex
422 1650 631 1726 potest
666 1647 810 1725 Jure
858 1645 1248 1724 interrogare
1311 1666 1324 1708 :
1386 1645 1489 1707 hic
1527 1649 1743 1707 autem·

206 1758 334 1800 non
362 1743 566 1818 potest
592 1739 910 1818 inquirere
941 1738 1018 1799 de
1049 1738 1456 1820 delinquente
1482 1757 1607 1800 non
1636 1738 1732 1799 in-

205 1832 440 1895 famato
494 1849 509 1897 :
562 1850 715 1911 ergo
762 1849 879 1892 nec
905 1831 1083 1894 testis
1129 1831 1320 1893 debet
1364 1850 1509 1893 eum
1538 1833 1735 1893 mani·

205 1927 456 1987 festare.
498 1926 785 1987 Deservit
814 1930 1024 1986 autem
1053 1944 1128 1985 ea
1163 1925 1483 2006 inquisitio
1512 1926 1591 1987 ad
1622 1926 1740 1988 hoc

207 2023 282 2082 ut
309 2018 791 2081 manifestentur
831 2019 883 2079 si
912 2019 1019 2098 qui
1049 2023 1195 2080 sunt
1221 2019 1528 2096 infamati,
1583 2037 1740 2102 quos

196 2112 395 2193 ,iudex
422 2112 780 2191 ignorabat.
833 2110 1118 2173 Deservit
1155 2111 1344 2175 etiam
1374 2111 1436 2171 in
1469 2110 1741 2172 crimini·

205 2206 348 2282 bus,
405 2223 547 2285 ques
577 2208 724 2266 sunt
768 2205 832 2265 in
879 2204 1180 2265 damnum
1230 2222 1586 2281 commune,
1641 2203 1742 2265 vel

205 2299 559 2360 innocentis
586 2301 657 2358 ut
679 2297 1157 2360 manifestentur
1180 2316 1304 2359 non
1333 2298 1638 2374 infamati,
1674 2302 1745 2360 ut

207 2409 378 2471 saepe
406 2391 697 2452 diximus,

292 2484 623 2546 Dubitatur
649 2483 946 2560 secundo,
980 2502 1061 2545 an
1089 2484 1264 2546 testis
1293 2485 1517 2546 citatus
1555 2501 1594 2543 a
1622 2485 1742 2543 Pe-

94 2636 103 2665 ,
205 2583 305 2641 tro
336 2580 406 2638 ut
426 2576 851 2639 testimonium
880 2576 1042 2638 ferat
1077 2577 1142 2637 in
1197 2577 1742 2638 confirmationem

94 2712 98 2725 .
207 2688 339 2732 suae
366 2668 749 2745 intentioniS‚
783 2671 980 2750 possit
1006 2688 1082 2730 ea
1109 2670 1313 2732 solum
1355 2670 1592 2748 testari,
1630 2687 1747 2731 nec

94 2797 146 2828 ur.
203 2765 416 2826 dicere
445 2783 586 2844 quae
607 2763 742 2844 ejus
773 2764 1136 2825 adversario
1178 2764 1392 2825 favere
1450 2768 1739 2844 possunt,

205 2859 256 2919 si
289 2858 368 2919 de
397 2856 472 2918 iis
501 2875 628 2918 non
655 2858 1113 2936 interrogetur?
1133 2857 1492 2936 Respondet
1510 2857 1740 2919 Sancb.

203 2952 376 3014 dicto
408 2968 546 3030 cap.
571 2967 634 3013 v.
671 2951 820 3015 dub.
860 2967 971 3012 vn.
996 2969 1140 3012 cum
1169 2953 1452 3011 Navarro
1476 2950 1542 3010 in
1570 2949 1744 3011 Sum-

201 3064 305 3106 ma
332 3045 682 3126 praesertim
701 3045 979 3126 Hispana
1008 3063 1147 3124 cap.
1180 3062 1324 3106 xxv.
1361 3063 1465 3106 nu.
1501 3047 1602 3109 40.
1638 3044 1748 3105 de-

201 3140 358 3202 bere
388 3139 600 3201 omnia
627 3139 858 3217 dicere,
893 3141 964 3200 ut
989 3139 1301 3219 colligitur
1325 3158 1400 3201 ex
1429 3157 1567 3218 cap.
1603 3155 1645 3200 1.
1679 3136 1750 3200 de

204 3234 455 3295 crimine
476 3233 663 3315 falsi;
715 3233 995 3312 alioquin
1038 3233 1239 3295 teneri
1272 3233 1352 3292 ad
1414 3233 1751 3295 restitutio-

203 3346 376 3404 nem,
410 3326 558 3407 quia
587 3331 682 3389 est
706 3344 895 3388 causa
927 3325 1139 3387 damni
1171 3326 1398 3387 secuti.
1432 3326 1615 3387 Ratio
1637 3344 1751 3386 au-

202 3426 340 3484 tem
367 3439 504 3481 esse
532 3423 759 3500 potest,
785 3419 929 3501 quia
959 3422 1337 3499 cooperatur
1355 3419 1622 3499 positive
1659 3419 1750 3479 in·

197 3515 391 3595 justae
446 3514 776 3576 intentioni
834 3515 1002 3576 Petri
1046 3513 1254 3573 dando
1304 3530 1481 3572 arma
1534 3511 1750 3573 dolosa

207 3625 338 3668 non
369 3606 677 3687 explicato
704 3607 854 3668 vitio
882 3607 1049 3668 illius
1105 3604 1465 3684 testimonii,
1522 3604 1750 3685 quibus

202 3719 359 3781 pars
388 3700 657 3761 adversa
683 3700 913 3781 injuste
951 3699 1305 3760 damnetur.

289 3793 626 3856 Dubitatur
651 3794 860 3870 tertio,
896 3812 975 3853 an
1007 3792 1257 3872 quando
1303 3791 1423 3870 ipsi
1450 3790 1592 3852 testi
1642 3808 1749 3870 op-

92 3945 101 3974 ,
205 3891 534 3967 ponuntur
560 3886 640 3947 ab
660 3885 1019 3947 adversario
1052 3885 1333 3945 defectus
1388 3884 1468 3945 ad
1526 3883 1746 3944 debili—

201 3979 475 4043 tandum
504 3981 640 4059 ejus
664 3978 1115 4055 testimonium,
1151 3978 1381 4039 debeat
1406 3976 1544 4038 illos
1590 3976 1747 4038 fate-

95 4093 107 4135 i
203 4074 285 4151 ri,
312 4074 366 4135 si
394 4093 431 4134 a
454 4073 666 4153 judice
695 4073 774 4133 de
794 4073 870 4132 iis
891 4070 1362 4150 interrogetur?
1392 4070 1752 4149 Respondet

92 4160 113 4191 ⁸·
203 4168 385 4228 idem
417 4167 699 4229 Sanchez
758 4166 924 4227 dicto
967 4165 1076 4227 lib.
1127 4182 1212 4227 vl.
1249 4182 1388 4242 cap.
1441 4178 1535 4225 111.
1597 4163 1746 4229 dub.

203 4277 477 4323 xxxvm.
543 4278 686 4320 cum
759 4261 1016 4320 Covarr.
1068 4265 1271 4339 quoest.
1335 4266 1534 4337 praet.
1606 4274 1744 4335 cap.

197 4370 391 4417 xvm.
427 4372 533 4415 nu.
566 4357 627 4415 ’7.
659 4353 710 4413 si
743 4372 818 4412 ex
848 4352 1108 4431 objectis
1138 4351 1313 4411 nulla
1361 4354 1604 4411 constet
1632 4355 1751 4411 tes-

199 4450 287 4511 tis
319 4447 667 4526 turpitudo,
701 4465 761 4507 V.
795 4464 858 4524 g.
900 4445 1068 4525 quod
1098 4444 1177 4505 sit
1223 4443 1745 4523 consanguineus,

199 4542 383 4623 quod
413 4540 492 4601 sit
526 4538 815 4600 inimicus
841 4538 1165 4600 inimicitia
1196 4555 1321 4598 non
1354 4538 1516 4616 turpi
1551 4540 1612 4599 et
1667 4537 1751 4598 si-

197 4634 410 4710 milia,
454 4634 685 4694 debere
738 4651 846 4694 eos
903 4632 1184 4693 defectus
1217 4631 1423 4707 fateri,
1467 4650 1645 4692 secus
1698 4632 1751 4693 si

199 4726 535 4805 turpitudo
567 4726 776 4805 aliqua
811 4725 988 4787 testis
1015 4724 1079 4785 in
1109 4725 1184 4785 iis
1239 4725 1655 4801 contineatur,
1690 4728 1752 4786 et

197 4822 332 4881 hoc
361 4819 510 4882 licet
536 4818 614 4880 de
644 4818 719 4879 iis
767 4819 1023 4879 infamia
1080 4818 1343 4880 laboret.
1396 4819 1749 4897 Utrumque

196 4916 424 4974 autem
468 4916 739 4974 testatur
793 4912 1206 4974 Covarruvias
1240 4930 1376 4971 esse
1423 4912 1598 4991 praxi
1656 4929 1750 4971 re-

194 5011 484 5086 ceptum.
519 5006 598 5067 Et
628 5005 883 5085 quidem
943 5003 1154 5086 quoad
1190 5004 1459 5083 primam
1504 5007 1749 5084 partem

197 5118 338 5160 non
370 5098 622 5159 videtur
650 5116 784 5159 esse
827 5096 1199 5157 difficultas:
1263 5097 1471 5176 quoad
1527 5114 1750 5157 secun-

192 5191 357 5252 dam
416 5208 564 5251 vero
618 5193 827 5269 potest
878 5188 1069 5249 etiam
1114 5188 1324 5268 praxis
1385 5189 1744 5269 justificari,

195 5283 361 5365 quia
412 5282 517 5344 illa
577 5282 937 5343 inhabilitas
993 5281 1243 5343 videtur
1298 5300 1432 5343 esse
1495 5282 1748 5361 aliquod

192 5394 418 5459 poenae
447 5395 671 5455 genuS,
734 5376 812 5435 ad
872 5375 1040 5456 quod
1097 5394 1222 5436 non
1277 5378 1530 5436 tenetur
1573 5375 1749 5437 testis

191 5469 518 5547 confiteri,
551 5468 949 5550 praecedente
979 5469 1112 5531 sola
1169 5468 1449 5545 infamia,
1485 5487 1647 5549 quae,
1681 5473 1752 5530 ut

190 5582 404 5647 supra
433 5563 702 5627 diximus
731 5567 990 5643 agentes
1043 5563 1124 5627 de
1187 5566 1452 5640 tortura,
1511 5563 1564 5623 si
1617 5563 1751 5625 sola

3251 351 3369 412 ⁷63

1829 529 1929 607 sit,
1966 546 2090 592 non
2118 528 2271 591 facit
2308 527 2720 607 semiplenam
2745 527 3208 611 probationem,
3233 526 3368 589 sine

1833 641 1958 705 qua
2013 640 2161 684 reus
2213 639 2340 684 non
2396 626 2647 685 tenetur
2698 623 2879 692 fateri
2936 640 3121 686 suum
3175 621 3372 686 delio-
3440 675 3443 678 ,

1830 720 2243 872 tutabimur
2262 812 2510 888 quarto,
2537 813 2694 891 quot
2716 808 3120 890 requirantur
3173 810 3369 870 testes

3460 813 3592 870 *17

1833 904 1912 965 ad
1941 904 2192 983 plenam
2219 901 2701 981 probationem?
2746 901 3207 981 Respondetur,
3265 917 3371 962 re-
3436 937 3697 993 Quam,

1832 997 2133 1076 gulariter
2162 997 2321 1057 duos
2349 995 2448 1056 vel
2495 999 2623 1058 tres
2667 996 2979 1072 sufficere,
3025 998 3364 1072 contestes,
3419 996 3714 1090 rmurfflff

1834 1095 1896 1153 et
1923 1089 2092 1152 omni
2127 1089 2496 1168 exceptione
2543 1089 2839 1169 maj0res.
2871 1088 3031 1166 Dixi,
3078 1086 3373 1169 requlari·

1834 1183 2096 1264 ter-,quia
2124 1181 2469 1262 aliquando
2498 1201 2661 1243 unus
2688 1181 3011 1259 sufficit,in
3039 1181 3225 1242 rebus
3252 1181 3374 1242 sci-

1834 1277 1981 1339 licet
2009 1287 2151 1355 quae
2173 1276 2238 1335 in
2277 1274 2507 1335 nullius
2527 1275 2964 1355 proejudicium
2995 1277 3161 1350 sunt,
3193 1278 3264 1336 ut
3291 1274 3368 1335 ad

1835 1369 2230 1449 probandum
2259 1386 2341 1428 an
2372 1368 2637 1430 ecclesia
2664 1369 2745 1431 sit
2772 1372 3246 1444 consecrata‚an
3259 1386 3376 1448 pu·-

1836 1482 1906 1523 er
1932 1463 2013 1525 sit
2037 1461 2412 1542 baptizatus,
2474 1479 2557 1524 an
2612 1461 2838 1543 aliquis
2892 1461 2974 1522 sit
3028 1460 3370 1536 confessuS,

1836 1574 1975 1635 cap.
1999 1555 2273 1631 Parvuli,
2324 1553 2395 1615 de
2421 1554 2864 1632 consecratione,
2925 1554 3069 1618 dist.
3106 1570 3192 1616 lv·
3228 1571 3368 1631 cap.

1843 1648 2275 1721 Testimonium,
2310 1647 2381 1708 de
2410 1646 2641 1708 testibus
2661 1665 2689 1723 ,·
2709 1649 2861 1709 item
2903 1647 2985 1707 ad
3038 1646 3381 1725 impedien-

1836 1743 1987 1803 dum
2017 1740 2491 1803 matrimonium
2522 1759 2598 1801 ne
2630 1743 2761 1816 fiat,
2796 1759 2934 1820 cap.
2959 1749 3255 1823 proeterea
3304 1755 3373 1800 11.

1837 1835 1908 1896 de
1927 1834 2315 1917 spon-«alibius.
2351 1836 2508 1895 Item
2537 1834 2590 1894 si
2644 1833 2820 1897 testis
2876 1836 3043 1895 esset
3097 1847 3380 1894 summus

1840 1929 2144 2004 Pontifex,
2178 1931 2241 1988 et
2269 1927 2615 2008 aliquando
2659 1927 2849 1988 etiam
2878 1925 3235 1988 cardinalis.
3274 1925 3377 1987 vi·

1838 2021 2062 2084 dentur
2090 2020 2372 2083 Sanchez
2402 2020 2568 2081 dicto
2599 2036 2654 2083 ο.
2693 2037 2753 2081 v.
2788 2019 2938 2081 dub.
2972 2036 3059 2082 1x.
3095 2023 3160 2081 et
3186 2035 3246 2081 Χ.
3281 2017 3379 2080 Ad

1837 2115 2103 2177 leviores
2134 2114 2326 2175 etiam
2355 2131 2575 2192 poenas
2596 2112 2824 2174 sufficit
2842 2113 3180 2194 aliquando
3213 2130 3376 2174 unus

1838 2209 2034 2284 testis,
2067 2208 2236 2267 unde
2268 2226 2344 2268 ex
2391 2206 2749 2268 testimonio
2806 2206 3040 2284 publici
3095 2205 3378 2268 custodis

1841 2300 2127 2363 mulctari
2163 2301 2368 2362 solent
2394 2300 2673 2363 furantes
2702 2300 2873 2377 ligna
2901 2316 2977 2361 ex
3005 2299 3164 2362 silva
3216 2316 3383 2360 com·

1842 2395 2055 2456 muni:
2103 2400 2166 2455 et
2211 2394 2273 2454 in
2322 2393 2728 2472 religionibus
2782 2393 2952 2454 leves
2997 2392 3382 2474 poenitentiae

1844 2487 2082 2567 imponi
2108 2487 2314 2550 solent
2342 2505 2419 2546 ex
2474 2486 2662 2547 unius
2697 2486 3083 2562 testimonio,
3119 2485 3267 2565 quia
3320 2485 3385 2546 in

1844 2580 1917 2640 iis
1999 2581 2089 2642 ita
2170 2579 2423 2660 expedit
2484 2578 2692 2641 facere
2761 2579 2843 2638 ad
2908 2578 3148 2640 bonum
3217 2595 3385 2640 com·

1844 2690 2057 2734 mune.

1925 2764 2278 2845 Aliquando
2309 2781 2457 2826 vero
2488 2764 2615 2825 duo
2635 2766 2826 2826 testes
2855 2781 2981 2824 non
3036 2763 3379 2826 sufficiunt.

1852 2859 2061 2925 Primo
2094 2858 2176 2918 ad
2232 2855 2786 2918 condemnandum
2841 2856 3205 2936 episcopum
3260 2858 3387 2917 Ro·

1846 2968 2106 3013 manum
2134 2951 2541 3029 requiruntur
2566 2953 2645 3011 72
2705 2951 2916 3026 testes,
2951 2953 3171 3010 contra
3215 2967 3385 3028 pres·

1844 3047 2140 3124 hyterum
2169 3042 2567 3106 cardinalem
2596 3047 2696 3106 44.
2731 3046 2953 3105 contra
2995 3041 3384 3104 cardinalem

1847 3140 2184 3202 diaconum
2212 3142 2308 3199 27.
2345 3141 2565 3199 contra
2619 3135 2883 3197 clericos
2938 3139 3202 3216 septem,
3238 3152 3384 3216 quoe

1846 3234 2226 3312 colliguntur
2254 3249 2331 3292 ex
2359 3248 2500 3310 cap.
2535 3230 2794 3293 Praesul.
2821 3246 2890 3291 11.
2929 3249 2990 3312 q.
3028 3245 3088 3292 v.
3122 3230 3211 3291 ita
3240 3246 3388 3291 cum

1849 3326 1991 3388 aliis
2023 3325 2256 3387 Sancb.
2292 3324 2460 3387 dicto
2491 3324 2643 3384 dub.
2684 3340 2767 3384 ix.
2794 3340 2901 3384 nu.
2936 3326 2995 3384 Β.
3056 3324 3247 3384 credo
3291 3327 3391 3384 ta-

1844 3438 2013 3496 men,
2038 3435 2163 3479 non
2200 3433 2335 3478 esse
2363 3434 2585 3481 verum
2600 3414 2772 3496 quod
2800 3415 2952 3477 dicit
2985 3415 3065 3477 de
3119 3416 3389 3496 praesule

1846 3513 2124 3574 ecclesias
2156 3515 2487 3585 Romauoe3
2521 3511 2762 3572 namin
2810 3511 2978 3572 dicto
3034 3526 3178 3590 cap.
3214 3510 3390 3571 Proe-

1845 3607 1957 3669 sul.
1990 3606 2440 3667 nonvidentur
2467 3604 2701 3685 requiri
2760 3608 2859 3664 72.
2911 3607 3105 3665 testes
3161 3608 3386 3669 contra

1850 3704 2107 3778 Papam,
2142 3698 2254 3759 sed
2283 3702 2502 3759 contra
2531 3696 2833 3776 praesules
2864 3697 3132 3757 aliarum
3179 3696 3381 3759 eccle-

1848 3793 2105 3854 siarum.
2166 3791 2377 3852 Verba
2428 3789 2688 3851 canonis
2735 3794 2881 3851 sunt
2926 3789 3093 3852 haec:
3154 3790 3390 3851 Proesul

1850 3902 1976 3947 non
2005 3884 2428 3961 damnabitur,
2464 3883 2582 3944 nisi
2616 3899 2758 3944 cum
2787 3886 2887 3944 72.
2946 3884 3235 3959 testibus,
3270 3901 3388 3944 nec

1850 3978 2085 4041 Praesul
2140 3994 2423 4039 summus
2469 3993 2508 4037 a
2575 3992 2899 4055 quoquam
2972 3975 3384 4056 Judicabitur,

1849 4072 2147 4152 quoniam
2203 4071 2507 4150 scriptum
2555 4074 2679 4142 est;
2715 4086 2841 4129 non
2894 4070 2989 4130 est
3038 4068 3389 4148 discipulus

1851 4182 2041 4244 supra
2077 4164 2474 4243 magistrum.
2535 4162 2873 4240 Presbyter
2928 4166 3142 4225 autem
3190 4161 3392 4223 cardi-

1848 4260 2029 4335 nalis,
2064 4258 2184 4318 nisi
2213 4274 2363 4318 cum
2388 4261 2490 4317 44.
2534 4259 2652 4317 eto.
2717 4257 2873 4317 Cum
2917 4273 3069 4334 ergo
3097 4256 3393 4319 excludat

1850 4370 2166 4412 summum
2196 4350 2559 4426 Praesulem,
2612 4367 2736 4409 non
2793 4350 3072 4429 loquitur
3122 4350 3201 4410 de
3254 4351 3385 4427 illo,

1851 4446 1958 4506 sed
1990 4446 2068 4505 de
2100 4445 2259 4505 aliis.
2295 4445 2469 4505 Sicut
2499 4444 2691 4504 etiam
2721 4444 2886 4502 male
2910 4443 3075 4504 idem
3107 4443 3390 4505 Sancbez

1849 4538 2028 4615 dixit,
2093 4541 2314 4598 contra
2367 4536 2811 4615 presbyterum
2873 4536 3258 4596 cardinalem
3300 4555 3395 4596 re·

1851 4632 2016 4712 quiri
2041 4634 2144 4691 64.
2176 4648 2321 4690 cum
2348 4634 2555 4691 textus
2586 4629 2789 4689 solum
2819 4629 3099 4708 requirat
3129 4631 3227 4688 44.
3263 4627 3391 4688 Ad-

1848 4727 2101 4786 vertunt
2127 4728 2340 4785 tamen
2369 4723 2595 4784 Decius
2643 4721 2707 4782 in
2754 4740 2893 4801 cap.
2927 4721 2991 4781 Ε
2993 4730 3017 4781 t
3040 4721 3095 4781 si
3149 4720 3384 4799 Clerici,

1848 4818 2024 4879 initio
2058 4835 2120 4878 n.
2154 4820 2210 4877 l.
2245 4815 2314 4876 de
2353 4814 2624 4895 judiciis,
2669 4814 2872 4876 Julius
2930 4815 3144 4877 Clarus
3173 4814 3286 4875 lib.
3323 4832 3383 4875 v.

1850 4912 2109 4972 Sentent.
2143 4911 2204 4972 d.
2237 4914 2339 4971 66.
2374 4928 2435 4970 n.
2472 4913 2532 4973 5.
2590 4911 2762 4969 Less.
2823 4908 2930 4969 lib.
2991 4909 3066 4969 ΙΙ.
3131 4925 3187 4968 c.
3240 4924 3382 4968 xxx.

1851 5004 2000 5064 dub.
2038 5020 2125 5063 lv.
2155 5023 2216 5063 n.
2253 5007 2352 5063 26.
2388 5002 2556 5062 hunc
2596 5019 2929 5061 numerum
2976 5001 3230 5061 testium
3252 5002 3388 5080 jam

1849 5116 1975 5158 non
2004 5115 2141 5156 esse
2166 5096 2229 5155 in
2267 5115 2406 5171 usu,
2435 5096 2543 5154 sed
2574 5095 2879 5154 minorem
2911 5094 3219 5154 sufficere.

1930 5188 2248 5264 Secundo,
2300 5188 2708 5267 requiruntur
2751 5188 2992 5265 exlege
3048 5187 3385 5266 aliquando

1847 5283 2060 5361 plures
2081 5285 2271 5343 testes
2301 5281 2363 5340 in
2394 5279 2808 5352 testamentiS,
2845 5282 2907 5339 et
2959 5279 3024 5338 in
3067 5278 3382 5358 aliquibus

1849 5375 2293 5450 contractibus,
2329 5373 2408 5433 de
2439 5373 2667 5452 quibus
2723 5372 2786 5432 in
2842 5372 3204 5451 particulari
3255 5391 3385 5432 scr-

1848 5470 2072 5530 vandae
2103 5473 2252 5529 sunt
2278 5466 2549 5547 propria»,
2598 5467 2769 5545 leges
2825 5466 3213 5543 singularum
3246 5485 3385 5545 pro-

1850 5562 2223 5625 vinciarum.

3445 1045 3498 1090 ad

3542 1112 3623 1144 um·
