4263 6376
1392 330 1862 392 DISPU'rA'rlo
1907 329 2123 406 xxm,
2175 330 2449 392 SECTIO
2492 331 2568 392 V.
3487 336 3527 395 5

858 834 1277 920 snc'rlo
1345 837 1422 924 V.

370 1139 567 1216 Quale
592 1141 921 1224 acceptatio
945 1141 1206 1224 sufficiat
1247 1140 1330 1203 ad
1370 1142 1777 1224 obliqationem
1804 1142 1902 1204 do-

711 1248 993 1325 nationis,
1024 1247 1119 1310 vel
1134 1248 1555 1330 promissionis.

1995 501 2396 566 multitudine
2441 502 2834 565 voluntatem
2869 522 3050 565 suam
3100 504 3532 568 manifestaret

1999 613 2072 657 eo
2104 596 2337 672 animo,
2371 601 2441 657 ut
2467 595 2587 657 hoc
2602 596 2792 658 modo
2813 596 3034 658 notitia
3054 597 3135 657 ad
3163 597 3366 678 ipsum
3383 618 3528 679 per-

1997 688 2213 749 venire
2246 694 2459 767 posset
2505 705 2520 752 :
2573 694 2724 752 tunc
2770 690 2938 751 enim
2978 690 3124 751 licet
3172 708 3296 752 non
3325 692 3534 754 mittat

1999 781 2284 841 nuntium
2318 782 2841 855 determinatum;
2875 802 2949 843 ex
2978 783 3165 844 modo
3196 788 3409 845 tamen
3440 784 3534 844 di-

2000 872 2185 934 cendi
2212 873 2460 935 videtur
2515 875 2811 954 implicite
2840 876 3032 953 velle,
3094 880 3164 937 ut
3202 876 3431 956 singuli
3459 896 3535 938 ex

2001 965 2403 1027 audientibus
2431 967 2673 1046 possint
2692 987 2826 1029 esse
2855 968 3085 1041 nuntii3
3132 986 3275 1029 cum
3306 970 3385 1030 ad
3415 969 3537 1030 hoo

1998 1057 2064 1119 id
2093 1076 2307 1119 coram
2340 1058 2459 1119 illis
2498 1058 2704 1136 dicat,
2754 1063 2826 1122 ut
2870 1059 3065 1139 possit
3108 1061 3170 1121 id
3214 1061 3293 1120 ab
3326 1060 3534 1140 aliquo

2002 1150 2368 1212 donatarius
2401 1150 2634 1212 rescire
2659 1198 2675 1229 ‚
2727 1152 2899 1232 quod
2942 1152 3203 1232 perinde
3249 1157 3345 1214 est
3383 1171 3457 1213 ac
3484 1152 3536 1214 si

2004 1260 2221 1304 omnes
2252 1247 2315 1305 et
2340 1243 2618 1322 singulos
2649 1244 2992 1307 destinaret
3006 1250 3075 1307 ιιι
3102 1246 3372 1306 nuntios,
3406 1247 3538 1306 Hoc

2003 1335 2172 1395 enlm
2199 1335 2387 1397 modo
2415 1339 2696 1414 testator,
2728 1336 2875 1397 licet
2902 1354 3024 1396 non
3043 1336 3333 1398 videatur
3351 1335 3540 1414 expli-

2002 1427 2120 1488 cite
2150 1427 2320 1508 loqui
2366 1446 2509 1489 cum
2540 1428 2788 1490 haerede
2824 1429 2921 1491 vel
2949 1429 3267 1507 legatariis
3291 1476 3306 1505 ,
3338 1428 3543 1509 loqui-

114 1520 191 1577 '10
448 1512 658 1574 Prima
688 1513 1021 1576 difficultas
1049 1532 1184 1577 esse
1211 1518 1450 1595 potest,
1502 1533 1581 1576 an
1612 1515 1691 1576 ad
1720 1534 1901 1577 acce·
2001 1524 2102 1582 tur
2128 1525 2339 1582 tamen
2369 1519 2667 1598 implicite
2691 1567 2707 1597 ,
2768 1525 2830 1582 et
2881 1520 2960 1581 ad
3006 1522 3144 1582 illos
3172 1520 3386 1600 dirigit
3411 1538 3540 1582 suae

31 1641 224 1687 ω
259 1654 318 1686 a·
366 1607 717 1684 ptationem
744 1606 1016 1668 validam
1042 1609 1400 1688 requiratur
1426 1609 1594 1688 quod
1624 1609 1900 1683 donatiO,
2001 1612 2340 1675 voluntatis
2358 1613 2922 1674 manifestationem
2939 1633 2953 1686 ς
2969 1613 3052 1674 ad
3073 1613 3194 1675 hoc
3213 1615 3380 1675 enim
3400 1631 3541 1674 eam

55 1697 300 1761 w&
369 1700 471 1760 vel
498 1698 831 1778 promissio
861 1699 1180 1763 intimetur
1206 1701 1315 1763 tibi
1332 1720 1444 1781 per
1464 1702 1773 1777 nuntium,
1805 1702 1905 1763 vel
2003 1704 2067 1765 in
2097 1707 2469 1765 testamento
2499 1704 2810 1782 declarat,
2872 1709 2940 1766 ut
2962 1706 3157 1784 possit
3184 1707 3265 1767 ad
3291 1706 3543 1767 illorum

33 1756 317 1860 zm
369 1792 704 1872 epistolam
754 1792 834 1854 ad
881 1798 940 1855 te
986 1794 1241 1855 missam
1289 1813 1326 1855 a
1368 1795 1770 1874 promittente
1806 1796 1907 1856 vel
2004 1797 2289 1858 notitiam
2319 1796 2681 1875 pervenire3
2733 1797 2858 1858 imo
2889 1796 3009 1859 hoc
3037 1799 3224 1860 modo
3255 1802 3544 1859 censetur

370 1885 682 1958 donante;
718 1903 797 1945 an
837 1905 984 1947 vero
1014 1887 1283 1949 sufficiat
1310 1889 1531 1950 notitia
1560 1887 1906 1967 quomodo·
2006 1890 2193 1952 etiam
2220 1889 2395 1968 loqui
2412 1890 2793 1952 sufficienter
2813 1909 2956 1953 cum
2976 1892 3242 1970 posteris
3261 1891 3543 1953 nondum

368 1996 646 2058 cumque
678 1978 895 2040 habita
920 1980 1368 2059 promissioniS,
1399 1981 1498 2041 vel
1526 1981 1900 2057 donationiS,
2005 1982 2188 2059 natiS,
2223 1982 2449 2062 quibus
2476 1982 2849 2060 gravamina
2891 1983 3199 2062 imponit,
3251 1984 3350 2044 vel
3377 1983 3545 2044 bona

367 2075 443 2133 ιιι
470 2072 522 2132 si
550 2071 778 2151 aliquis
804 2073 1023 2134 tertius
1069 2073 1177 2153 qui
1217 2092 1366 2135 casu
1396 2073 1669 2151 audivit,
1700 2073 1765 2134 id
1794 2073 1906 2135 tibi
2005 2094 2120 2135 sua
2149 2074 2468 2153 relinquit,
2498 2080 2560 2137 et
2589 2075 2698 2154 qui
2725 2080 2868 2155 post
2892 2077 3123 2138 multos
3152 2094 3350 2138 annos
3376 2076 3546 2139 bona

367 2164 646 2240 referat,
698 2169 763 2225 et
787 2168 853 2226 tu
882 2165 1206 2245 acceptes?
1250 2168 1382 2227 Hoc
1410 2167 1756 2228 secundum
1783 2166 1906 2227 suf·
2007 2168 2111 2228 illa
2142 2186 2217 2227 ex
2244 2167 2565 2228 voluntate
2605 2168 2922 2230 testatoris
2950 2172 3283 2249 acceptant
3340 2188 3355 2230 ε
3411 2167 3548 2229 vult

367 2259 561 2318 ficere
591 2257 821 2318 docent
862 2258 1111 2319 Lessius
1133 2305 1148 2335 ,
1195 2258 1548 2320 Ludovicus
1575 2259 1653 2320 de
1683 2262 1901 2336 Roma,
2011 2259 2181 2319 enim
2209 2264 2473 2322 testator
2513 2259 2682 2339 quod
2729 2278 2845 2321 sua
2870 2260 3160 2322 voluntas
3210 2261 3289 2322 ad
3327 2278 3544 2323 eorum

367 2350 693 2426 Azebed0,
748 2354 810 2412 et
839 2351 1178 2430 Gregorius
1203 2354 1408 2431 Lopez
1432 2399 1449 2426 ,
1497 2354 1765 2414 afferens
1794 2371 1905 2432 pro
2007 2351 2291 2413 notitiam
2321 2351 2428 2413 tali
2461 2351 2560 2414 via
2606 2352 2930 2430 pervenire
2958 2352 3295 2431 aliquando
3325 2352 3538 2431 possit.

368 2462 442 2504 se
471 2442 760 2520 Baldum,
793 2461 951 2523 quos
977 2445 1170 2506 refert
1198 2445 1474 2507 Thomas
1504 2446 1784 2508 Sanchez
1814 2446 1909 2506 di-
2009 2443 2189 2518 Quod
2208 2442 2457 2522 sufficit,
2486 2443 2931 2523 utaliquando,
2952 2448 3016 2506 et
3032 2445 3253 2507 saltem
3272 2444 3545 2506 mediate

371 2540 478 2599 cto
505 2535 615 2595 lib.
650 2537 697 2596 1.
730 2527 1105 2599 dematrim(
1132 2537 1293 2616 disp.
1336 2555 1423 2599 v1.
1470 2557 1641 2600 num.
1674 2542 1735 2601 3.
1786 2539 1906 2600 Alii
2008 2557 2170 2599 unus
2198 2536 2443 2598 dicatur
2487 2555 2629 2597 cum
2677 2536 2816 2597 aliis
2842 2537 3054 2616 loqui,
3114 2556 3237 2617 quo
3267 2541 3449 2617 pacto
3478 2535 3545 2596 in

371 2632 591 2690 tamen
623 2630 1039 2690 communiter
1069 2635 1133 2692 et
1158 2631 1365 2693 verius
1394 2631 1641 2707 docent,
1676 2631 1907 2711 requiri
2006 2633 2189 2692 tract.
2221 2628 2291 2690 de
2315 2627 2434 2710 fide
2461 2628 2764 2707 explicui,
2824 2629 3139 2708 quomodo
3187 2648 3300 2690 nos
3330 2628 3544 2690 creda-

373 2720 836 2782 intimationem
864 2740 977 2800 per
1005 2723 1314 2800 nuntium,
1356 2724 1453 2784 vel
1471 2724 1798 2803 epistolam
1828 2724 1906 2783 ad
2007 2741 2148 2784 mus
2176 2727 2432 2801 propter
2445 2721 2888 2783 revelationem
2909 2722 3019 2782 Dei
3037 2740 3161 2782 non
3182 2722 3383 2798 solum
3405 2740 3546 2801 pro-

375 2818 812 2892 acoeptantem
856 2814 1112 2876 missam
1158 2834 1194 2876 a
1239 2816 1638 2895 promittente
1673 2816 1775 2877 vel
1802 2816 1909 2878 do·
2008 2815 2235 2895 phetiS,
2270 2814 2378 2875 sed
2408 2813 2588 2875 nobis
2616 2814 2805 2876 etiam
2835 2813 3043 2894 aliquo
3072 2814 3259 2875 modo
3288 2814 3542 2891 factam,

376 2912 593 2983 nante,
625 2906 714 2968 ita
738 2906 1028 2969 Bai-tolus
1051 2953 1069 2985 ,
1101 2909 1333 2986 Cynus,
1365 2908 1596 2970 Paulus
1625 2910 1907 2972 Castren-
2011 2911 2320 2987 quatenus
2364 2909 2529 2968 Deus
2580 2924 2653 2967 eo
2709 2906 2919 2968 animo
2976 2905 3324 2968 doctrinam
3375 2906 3549 2967 illam

375 2999 488 3076 sis,
521 2999 882 3076 Villalobos,
914 3000 1116 3063 Julius
1136 3001 1372 3079 ClaruS,
1395 3002 1696 3078 Barbosa,
1720 3006 1782 3064 et
1809 3002 1910 3063 alii
2012 3000 2161 3061 olim
2192 2999 2533 3076 revelavit,
2592 3004 2663 3061 ut
2702 3004 2914 3077 posset
2940 3017 3054 3079 per
3079 3018 3305 3060 manus
3332 3005 3396 3062 et
3418 3018 3548 3060 me·

376 3093 592 3172 plures
616 3138 632 3168 ,
665 3110 821 3172 quos
849 3093 1042 3154 refert
1068 3096 1130 3154 et
1155 3094 1438 3173 sequitur
1466 3094 1746 3156 Sanchez
1774 3095 1911 3156 loco
2014 3092 2182 3154 diate
2211 3091 2292 3153 ad
2321 3091 2791 3177 nosbaliquando
2812 3091 3160 3170 pervenire,
3186 3091 3355 3172 quod
3375 3091 3548 3152 suffi-
3586 3152 3589 3155 ,

379 3184 594 3261 citat0,
632 3186 698 3247 P.
730 3184 963 3248 Molina
989 3190 1143 3249 tom.
1175 3203 1245 3248 11.
1279 3186 1439 3267 disp.
1470 3191 1610 3250 264.
1645 3207 1817 3251 num.
1849 3191 1910 3250 3.
2015 3186 2101 3249 cit
2127 3190 2198 3248 ut
2224 3185 2305 3263 ii,
2352 3204 2388 3246 a
2436 3184 2661 3265 quibus
2714 3184 3065 3246 doctrinam
3107 3185 3277 3246 illam
3323 3184 3549 3264 accipi-

376 3278 629 3342 Lessius
656 3297 797 3358 cap.
829 3281 1047 3342 XVIII.
1102 3280 1251 3342 dub.
1282 3298 1367 3342 v1.
1421 3300 1592 3343 num.
1622 3286 1720 3344 42.
1766 3285 1918 3344 Tur·
2015 3299 2191 3357 mus,
2243 3278 2526 3340 dicantur
2574 3278 2973 3358 aliquomodo
3020 3278 3220 3340 nuntii
3263 3278 3372 3340 Dei
3398 3324 3415 3356 ,
3473 3297 3551 3339 ex

378 3372 859 3451 rianusdisput.
890 3374 1102 3435 LXIV.
1136 3372 1287 3436 dub.
1324 3391 1383 3436 v.
1418 3393 1593 3437 num.
1624 3377 1684 3437 3.
1725 3375 1920 3437 etalii
2017 3373 2078 3434 vi
2124 3372 2287 3457 illius
2331 3371 2670 3433 voluntatis
2724 3371 3072 3451 generaliS,
3135 3372 3212 3432 de
3259 3390 3381 3452 quo
3435 3389 3547 3432 suo

380 3465 823 3527 communiter.
877 3465 1152 3539 Quorum
1194 3470 1402 3528 tamen
1447 3468 1639 3547 aliqui
1680 3468 1914 3544 dicunt,
2017 3466 2177 3527 loco,

381 3557 506 3618 hoc
532 3577 659 3618 non
688 3557 923 3637 requiri
952 3577 1026 3619 ex
1056 3563 1280 3621 natura
1308 3560 1434 3636 rei,
1475 3560 1584 3621 sed
1615 3562 1817 3622 solum
1844 3579 1919 3622 ex
2097 3557 2278 3621 Unde
2307 3556 2723 3619 communiter
2747 3557 3010 3619 adverto
3040 3604 3056 3635 ‚
3108 3575 3236 3618 non
3263 3556 3549 3618 sufficere

375 3652 521 3731 jure
550 3650 844 3731 positivo.
876 3652 968 3713 Ita
995 3652 1335 3713 Turrianus
1362 3653 1502 3715 loco
1533 3654 1742 3716 citat0.
2020 3651 2100 3713 ad
2131 3651 2577 3730 obligationem
2600 3696 2616 3725 ,
2651 3650 2822 3729 quod
2858 3650 3138 3730 loquaris
3167 3654 3230 3711 et
3256 3649 3552 3711 manifes-

142 3761 209 3819 ῃ
467 3745 599 3823 Ego
629 3744 917 3805 existimo
942 3790 957 3820 ,
1018 3743 1081 3804 id
1128 3744 1360 3823 requiri
1409 3764 1485 3807 ex
1526 3752 1750 3808 natura
1778 3745 1866 3806 rei
1902 3766 1916 3806 :
2019 3748 2113 3807 tes
2141 3748 2313 3805 tuam
2345 3742 2728 3804 voluntatem
2770 3760 2981 3803 coram
3028 3742 3353 3803 donatario
3379 3788 3395 3817 ,
3454 3741 3553 3802 vel

96 3884 126 3927 Ρ
169 3886 182 3927 Ι
221 3892 232 3928 Ι
381 3837 544 3899 ratio
574 3841 787 3898 autem
815 3840 929 3912 est,
963 3837 1107 3916 quia
1137 3855 1253 3898 nec
1280 3837 1627 3899 dominium
1654 3839 1745 3899 rei
1772 3844 1917 3911 tuae,
2019 3836 2420 3916 promissario
2451 3836 2780 3913 praesente,
2815 3835 3065 3914 quando
3095 3833 3192 3895 vel
3220 3834 3283 3895 id
3313 3834 3557 3913 ignora-

100 3941 289 3983 mus-ni·
385 3947 503 3991 nec
522 3929 627 4010 jus
656 3929 990 3991 adversum
1018 3934 1079 3991 te
1108 3934 1313 4010 potest
1340 3931 1514 3993 alteri
1542 3930 1781 4010 acquiri
1807 3931 1925 3991 nisi
2022 3929 2159 4005 bas,
2192 3928 2291 3988 vel
2322 3927 2562 3987 nullum
2590 3926 2871 3988 habebas
2899 3926 3179 3986 animum
3203 3944 3347 3986 cum
3376 3945 3450 3987 eo
3465 3925 3558 3987 lo-

93 3994 301 4037 m
385 4027 450 4084 te
479 4022 916 4096 transferente,
935 4040 1074 4101 quae
1102 4023 1424 4085 translatio
1454 4028 1604 4085 tunc
1629 4025 1702 4085 fit
1728 4042 1925 4104 quan·
2025 4020 2258 4101 quendi
2285 4039 2298 4080 :
2332 4037 2452 4079 non
2482 4023 2575 4079 est
2594 4019 2759 4078 enim
2780 4018 2948 4079 idem
2975 4018 3146 4098 loqui
3174 4037 3318 4079 cum
3348 4021 3554 4094 Petro,

388 4117 471 4177 do
499 4121 567 4178 tu
595 4133 733 4175 rem
763 4114 860 4174 vel
881 4116 986 4194 jus
1030 4115 1182 4177 illud
1226 4116 1406 4178 alteri
1446 4118 1632 4178 offers
1661 4117 1758 4177 vel
1786 4117 1920 4192 dae,
2026 4119 2089 4175 et
2116 4112 2285 4192 loqui
2317 4129 2528 4172 coram
2558 4114 2741 4171 Petro
2791 4131 2804 4171 :
2854 4111 3131 4191 alioquin
3186 4129 3434 4190 semper
3468 4111 3562 4172 lo·

389 4208 562 4289 quod
590 4207 729 4268 fieri
761 4225 885 4268 non
916 4212 1121 4286 potest
1168 4208 1281 4269 nisi
1315 4214 1624 4288 quatenus
1652 4209 1714 4270 id
1750 4209 1827 4270 ad
1858 4210 1926 4270 il·
2025 4223 2363 4286 queremur
2389 4221 2532 4264 cum
2562 4206 2713 4280 De0,
2746 4221 2889 4264 cum
2918 4222 3164 4281 semper
3191 4222 3404 4266 coram
3433 4206 3561 4265 Deo

388 4302 522 4363 lum
552 4299 807 4379 dirigis,
841 4318 965 4361 non
996 4305 1202 4379 potest
1228 4319 1378 4381 ergo
1409 4303 1622 4363 venire
1643 4303 1748 4381 jus
1775 4302 1928 4363 illud
2025 4300 2359 4378 loquamur
2418 4316 2432 4357 ε
2491 4296 2695 4370 Quare
2743 4315 2867 4358 non
2905 4296 3133 4357 sufficit
3160 4295 3241 4357 ad
3269 4296 3564 4359 inducen-

393 4394 474 4455 ad
503 4394 798 4468 alterum,
830 4392 948 4454 nisi
977 4411 1050 4454 ex
1082 4393 1423 4456 directione
1452 4398 1580 4456 tua.
1641 4397 1788 4456 Haec
1816 4414 1925 4456 au·
2027 4392 2175 4451 dam
2206 4389 2654 4469 obligationem
2682 4389 2832 4465 voti,
2869 4388 3038 4468 quod
3075 4389 3245 4469 apud
3278 4394 3337 4451 te
3367 4390 3562 4466 dicas,

390 4491 521 4549 tem
552 4485 816 4547 directio
846 4503 921 4547 eo
948 4485 1083 4564 ipso
1126 4491 1222 4548 est
1244 4487 1476 4549 locutio
1505 4487 1604 4549 vel
1634 4488 1808 4568 quasi
1838 4488 1931 4548 lo·
2027 4504 2131 4566 eqo
2159 4483 2288 4544 volo
2302 4483 2605 4564 jejunare,
2639 4482 2740 4543 vel
2770 4482 2959 4543 etiam
2990 4482 3159 4562 quod
3192 4482 3367 4543 dicas
3389 4529 3405 4560 ‚
3463 4501 3567 4563 eqo

393 4580 560 4641 cutio
587 4625 604 4656 ,
656 4597 782 4661 qua
808 4578 1194 4640 voluntatem
1222 4583 1395 4641 tuam
1424 4580 1507 4641 illi
1538 4582 1923 4658 manifestas,
2026 4577 2158 4639 volo
2186 4595 2276 4637 me
2303 4574 2565 4656 obliqare
2593 4573 2674 4635 ad
2682 4572 3077 4656 jejunandum
3102 4621 3118 4651 ,
3153 4574 3205 4635 si
3235 4575 3402 4636 nullo
3434 4592 3572 4636 mo·

394 4690 592 4753 quare
640 4670 830 4732 debet
865 4671 1000 4731 fieri
1025 4672 1317 4751 praesenti
1347 4719 1365 4750 ,
1422 4674 1522 4734 vel
1550 4673 1790 4735 absenti
1822 4692 1935 4754 per
2030 4672 2111 4731 do
2142 4669 2429 4731 intendas
2460 4669 2577 4729 hoc
2598 4670 2727 4729 Deo
2746 4667 3148 4728 manifestare
3175 4687 3188 4729 ε
3223 4672 3374 4730 tunc
3402 4667 3568 4729 enim

396 4765 686 4827 nuntium
713 4763 811 4824 vel
836 4763 1073 4825 litteras
1124 4782 1139 4830 :
1170 4765 1443 4845 alioquin
1493 4784 1616 4828 non
1645 4767 1934 4828 manifes·
2032 4782 2159 4827 non
2186 4762 2520 4842 promittis,
2555 4761 2756 4822 donec
2786 4778 2928 4822 cum
2956 4762 3085 4821 Deo
3116 4760 3389 4840 loquaris
3411 4807 3427 4838 ,
3471 4760 3573 4821 vel

398 4863 492 4921 tas
523 4858 582 4919 ei
612 4861 787 4920 tuam
817 4857 1205 4918 voluntatem
1234 4903 1250 4934 ,
1310 4863 1374 4919 et
1407 4878 1522 4939 per
1550 4876 1938 4939 consequens
2035 4858 2093 4918 ei
2118 4855 2274 4918 velis
2322 4859 2498 4917 tuam
2526 4852 3011 4933 promissionem
3040 4852 3358 4914 intimare.
3418 4853 3577 4925 Quia

401 4951 557 5012 nihil
587 4950 670 5011 ad
697 4950 875 5010 illum
899 4949 1116 5029 dirigis
1162 4951 1261 5012 vel
1309 4952 1365 5011 ei
1413 4954 1599 5013 offers
1632 4972 1647 5014 ι
1707 4952 1937 5014 oblatio
2037 4954 2247 5012 tamen
2277 4965 2493 5008 omnes
2522 4946 2899 5025 concipiunt,
2926 4948 3125 5007 Deum
3142 4964 3277 5007 esse
3302 4963 3578 5025 praesen-

401 5045 570 5105 enim
602 5048 699 5104 est
726 5042 1057 5104 locutionis
1097 5044 1375 5122 specieS,
1424 5049 1486 5106 ul
1539 5062 1614 5105 ex
1658 5045 1941 5106 terminis
2036 5046 2166 5104 tem
2195 5044 2259 5101 et
2285 5039 2537 5112 audire3
2589 5039 2736 5099 hinc
2783 5043 2911 5115 est,
2972 5037 3139 5117 quod
3182 5037 3572 5117 regulariter,

403 5140 673 5199 constat.
2042 5132 2293 5215 quando
2323 5133 2560 5209 dicunt,
2591 5131 2720 5192 volo
2747 5150 2837 5192 me
2861 5129 2985 5192 Deo
3005 5129 3286 5211 obliqare,
3325 5133 3387 5191 et
3418 5130 3581 5190 mul-

170 5245 246 5303 ·12
489 5229 768 5291 Advorte
795 5231 1026 5305 tamen,
1050 5228 1114 5289 in
1132 5228 1337 5308 aliquo
1360 5247 1509 5291 casu
1523 5248 1705 5310 posse
1725 5248 1945 5293 verum
2043 5233 2107 5291 to
2137 5225 2338 5305 magis
2363 5224 2412 5284 si
2435 5224 2674 5300 dicunt,
2684 5223 2991 5305 promitto,
3014 5222 3581 5284 habeantanimum

136 5369 234 5422 Μ
305 5372 317 5383 .
419 5336 667 5384 sensum
683 5321 916 5382 babere
936 5321 1312 5383 contrariam
1331 5322 1732 5385 sententiam:
1758 5341 1951 5402 quan·
2043 5317 2378 5380 intimandi
2412 5319 2537 5377 Deo
2585 5335 2763 5378 suam
2805 5315 3319 5395 promissionem,
3361 5320 3422 5377 et
3470 5330 3583 5394 per

100 5381 356 5520 affin„
426 5413 769 5475 do-scilicet
795 5412 1036 5476 donans
1061 5432 1186 5474 non
1231 5414 1509 5478 mitteret
1533 5415 1808 5495 aliquem
1836 5414 1945 5476 de·
2047 5428 2438 5490 consequens
2452 5408 2729 5472 habeant
2748 5409 3138 5471 voluntatem
3167 5408 3583 5471 sufficientem

125 5530 326 5586 puna.
426 5507 823 5570 terminatum
870 5506 1157 5568 nuntium
1201 5505 1567 5587 donatario,
1598 5507 1709 5568 sed
1738 5525 1952 5570 coram
2051 5504 2131 5567 ad
2160 5522 2227 5565 se
2256 5502 2682 5584 obligandum.

3695 3570 3774 3631 73

3622 3695 3685 3739 An
3703 3695 3882 3739 sufficiat

3683 3762 3819 3794 coram

3619 3803 3884 3867 μισκῆραι-ιο

3605 3856 3774 3952 ...mmm-

3636 3976 3731 4007 oum
3748 3964 3877 4018 loqui.
