4263 6376
1128 308 1601 375 DISPUTATIO
1642 304 1889 386 xxvn,
1937 308 2212 372 SECTIO
2254 309 2360 372 111.

183 504 267 564 tur
286 513 413 579 pars
439 491 697 557 dominii
726 491 892 555 utilis
920 495 983 553 et
997 491 1388 552 ususfructus
1417 488 1509 550 rei
1536 487 1666 551 fru-

184 593 377 655 ctiferae
426 591 487 650 et
536 585 872 648 immobilis
896 631 912 663 ,
961 584 1027 644 in
1074 600 1199 664 qua
1253 602 1475 645 census
1517 600 1666 642 con-

183 684 438 747 stituitur.
494 679 756 755 Quando
811 683 1021 740 autem
1074 677 1384 757 praedium
1440 675 1667 737 emitur

182 776 348 859 pretio
391 773 688 835 diminuto
714 819 729 850 ,
798 775 1043 850 emptor
1084 767 1385 831 satisfacit
1422 767 1669 829 solven-

182 872 248 932 do
273 868 558 929 derectum
611 865 797 945 pretii
843 863 994 944 justi
1018 910 1037 939 ,
1097 881 1214 923 nec
1266 865 1516 923 tenetur
1569 877 1669 920 re-

182 963 396 1025 stituere
422 960 655 1021 fructus
680 958 931 1020 interim
959 959 1287 1036 perceptos
1310 1000 1326 1031 ‚
1360 972 1505 1015 cum
1533 952 1668 1013 illos

183 1073 322 1117 exre
362 1071 465 1114 sua
506 1050 892 1131 perceperit,
943 1048 1123 1129 cujus
1173 1046 1519 1107 dominium
1556 1063 1670 1125 per

184 1147 516 1226 emptionem
543 1143 880 1226 acquisivit
911 1162 925 1205 ε
960 1160 1110 1221 ergo
1140 1140 1309 1201 idem
1339 1140 1527 1200 debet
1547 1136 1671 1198 dici

185 1242 248 1302 de
271 1238 650 1319 pensionibus
680 1254 981 1297 censuum
1001 1280 1016 1311 ,
1051 1253 1197 1296 cum
1224 1233 1322 1294 hae
1351 1232 1673 1294 solvantur

183 1352 276 1413 pro
301 1334 458 1411 parte
486 1331 826 1406 fructuum,
861 1329 967 1408 qui
995 1328 1076 1389 ad
1104 1331 1452 1405 emptorem
1478 1323 1675 1404 perti-

186 1425 412 1501 nebant,
460 1441 533 1485 eo
565 1421 737 1502 quod
773 1425 936 1483 esset
973 1420 1109 1500 jam
1154 1420 1355 1482 factus
1385 1416 1675 1479 dominus

186 1517 422 1580 dominio
449 1515 584 1576 utili
612 1514 779 1575 illius
807 1513 1050 1593 praedii,
1092 1531 1152 1575 v.
1186 1531 1248 1590 g.
1283 1511 1349 1572 in
1378 1529 1504 1591 quo
1535 1527 1676 1571 cen-

184 1630 271 1671 sus
294 1610 479 1669 suerat
506 1607 898 1669 constitutus„
933 1608 1056 1667 Cur
1073 1605 1239 1665 enim
1266 1604 1467 1681 magis
1494 1601 1682 1663 faciet

183 1704 384 1764 fruetus
408 1718 624 1762 omnes
653 1717 822 1775 su05‚
873 1697 978 1778 qui
1009 1696 1160 1760 emit
1203 1696 1550 1758 dominium
1579 1694 1679 1755 di-

185 1800 388 1857 rectum
443 1797 507 1856 et
532 1794 815 1873 plenum,
861 1790 1079 1870 praedii
1110 1790 1309 1870 pretio
1348 1789 1677 1866 diminutO,

185 1907 347 1968 quam
372 1886 473 1967 qui
502 1886 655 1947 emit
682 1885 1030 1946 dominium
1050 1885 1253 1945 solum
1272 1882 1421 1946 utile
1453 1887 1515 1944 et
1543 1900 1681 1962 par-

185 1982 327 2057 tiale,
356 1997 492 2041 cum
518 1978 773 2059 utrique
800 1996 898 2039 res
928 1977 1304 2039 fructificare
1334 1974 1582 2052 debeat,
1616 1977 1687 2036 ut

185 2073 436 2137 constat?

254 2165 591 2246 Respondet
621 2165 799 2227 Salas
844 2183 1017 2227 num.
1050 2168 1109 2225 4.
1159 2167 1223 2226 et
1265 2164 1448 2225 affert
1488 2159 1683 2223 ratio·

188 2281 308 2322 nem
357 2258 720 2321 differentiae
742 2305 757 2336 ,
818 2259 967 2338 quia
1009 2275 1232 2318 census
1279 2275 1404 2318 non
1458 2257 1682 2335 potest,

187 2355 349 2415 etiam
376 2353 594 2414 stando
651 2352 714 2412 in
753 2350 895 2430 jure
927 2353 1168 2411 naturae
1193 2396 1209 2427 ,
1270 2349 1391 2410 emi
1423 2346 1691 2427 pecunia

187 2447 415 2523 credita,
446 2445 561 2507 sed
591 2443 882 2524 praesenti
920 2464 934 2505 ε
978 2461 1121 2505 cum
1151 2460 1301 2522 ergo
1330 2441 1517 2503 tertia
1545 2458 1690 2520 pars

188 2539 341 2619 pretii
363 2538 553 2618 justi,
600 2557 662 2598 v.
691 2556 753 2615 g.
803 2537 869 2596 in
911 2554 1058 2597 casu
1107 2538 1319 2596 nostro
1355 2552 1481 2594 non
1508 2530 1695 2594 fuerit

188 2633 255 2693 ab
282 2632 443 2694 initio
473 2631 715 2707 soluta,
748 2630 859 2690 sed
888 2634 1107 2709 postea
1136 2628 1517 2706 suppleatur,
1550 2644 1693 2687 con-

188 2745 428 2805 sequens
456 2728 555 2786 est
576 2771 592 2802 ,
642 2727 713 2785 ut
757 2741 981 2783 census
1012 2721 1219 2802 quoad
1248 2721 1420 2780 illam
1450 2722 1695 2800 partem

190 2837 295 2879 non
322 2818 503 2879 fuerit
531 2819 779 2896 emptus
803 2861 819 2892 ,
872 2818 1061 2895 atque
1092 2815 1233 2875 ideo
1262 2813 1592 2893 pensiones
1622 2830 1697 2872 ex

190 2911 279 2971 illa
304 2914 470 2989 parte
498 2909 762 2970 retineri
791 2926 913 2969 non
941 2907 1200 2987 possint,
1235 2910 1536 2985 tanquam
1565 2903 1697 2964 sine

188 3004 298 3064 ullo
323 3004 497 3066 titulo
531 3002 775 3064 solutae.
839 3002 1033 3062 Porro
1064 3018 1323 3061 censum
1364 3017 1490 3059 non
1518 3014 1699 3077 posse

190 3096 331 3158 sicut
354 3095 504 3156 alias
535 3113 777 3155 merces
795 3093 918 3154 emi
942 3094 1207 3172 pecunia
1224 3092 1484 3169 credita,
1510 3091 1698 3154 etiam

190 3191 388 3251 stando
416 3190 477 3248 in
510 3188 645 3250 solo
666 3188 808 3268 jure
839 3191 1101 3264 naturae,
1128 3186 1353 3266 probat
1379 3185 1501 3248 late
1532 3183 1700 3245 idem

191 3284 347 3345 Salas
372 3281 525 3342 dub.
561 3297 700 3344 v111.
735 3279 1174 3341 difficultatet.
1209 3281 1356 3340 Haec
1376 3282 1587 3341 tamen
1608 3296 1702 3338 re-

189 3376 414 3456 sponsio
456 3373 758 3454 supponit
799 3372 1176 3453 principium
1226 3391 1261 3433 a
1309 3371 1492 3432 nobis
1537 3370 1702 3431 inira

191 3469 691 3549 impugnandum,
726 3465 976 3546 quando
1006 3483 1265 3544 agemus
1298 3465 1377 3524 de
1405 3463 1706 3525 conditio-

193 3582 259 3622 ne
284 3562 383 3622 illa
405 3580 532 3622 non
556 3558 806 3620 emendi
828 3576 1107 3634 censum,
1134 3557 1249 3617 nisi
1271 3556 1535 3636 pecunia
1554 3574 1709 3635 prae-

193 3656 355 3732 senti,
394 3654 502 3716 ubi
533 3652 919 3730 videbimus,
955 3649 1078 3712 de
1054 3670 1196 3732 Jure
1225 3656 1465 3712 naturae
1494 3647 1709 3710 condi-

192 3749 403 3810 tionem
434 3748 608 3808 illam
637 3764 761 3807 non
793 3742 1048 3824 requiri,
1081 3744 1193 3805 sed
1223 3762 1402 3823 posse
1432 3741 1555 3803 emi
1568 3759 1711 3803 cen-

193 3861 337 3918 sum,
369 3841 532 3902 sicut
560 3844 622 3901 et
649 3838 910 3919 praedia,
944 3836 1214 3915 pecunia
1242 3836 1479 3897 credita
1501 3881 1517 3912 ,
1566 3834 1713 3895 licet

196 3953 257 3994 ex
286 3952 403 4013 quo
432 3932 746 4012 praedium
776 3928 1041 4009 emptori
1067 3928 1338 3990 traditur
1359 3976 1375 4006 ,
1435 3928 1556 4007 ipsi
1584 3928 1713 3988 fru-

195 4026 403 4088 ctificet
431 4025 625 4087 etiam
654 4027 799 4085 ante
829 4023 1101 4084 solutum
1130 4021 1421 4101 pretium.

266 4117 622 4197 Respondet
648 4115 923 4177 secundo
957 4117 1134 4177 Salas
1161 4114 1262 4174 illo
1293 4115 1443 4177 dub.
1477 4130 1614 4176 vm.
1649 4133 1712 4174 n.

3172 314 3291 374 355

1764 487 1848 549 dii
1892 486 2119 549 emitur
2171 486 2517 549 dominium
2571 486 2827 567 plenum
2874 491 2938 550 et
2989 488 3297 550 directum

1766 580 2048 659 ejusdem
2087 580 2268 660 pretii
2330 600 2343 641 ε
2404 580 2563 641 sicut
2616 599 2766 660 ergo
2811 581 3161 644 dominium
3203 582 3299 642 di-

1765 677 2008 735 rectum
2038 673 2161 734 emi
2209 678 2415 752 potest
2448 674 2716 753 pecunia
2745 674 2982 738 credita
3005 721 3021 753 ,
3070 675 3160 737 sic
3187 694 3300 755 po-

1764 766 1912 829 terit
1938 766 2286 829 dominium
2314 766 2464 830 utile
2486 813 2503 844 ,
2555 767 2776 830 saltem
2823 768 2901 830 de
2954 767 3093 849 jure
3122 771 3300 830 natu-

1765 877 1876 921 rae.

1846 952 2027 1015 Unde
2057 956 2299 1016 constat
2327 953 2537 1032 etiam,
2571 973 2696 1015 non
2726 973 2860 1016 esse
2890 955 3175 1016 efficaces
3204 974 3300 1016 ra-

1766 1045 1970 1106 tiones
1997 1045 2134 1107 illas
2181 1046 2336 1107 duas
2384 1047 2747 1110 differentiae
2780 1067 2935 1128 quas
2963 1046 3306 1127 assignavit

1768 1137 2001 1201 Molina
2029 1156 2219 1219 supra
2247 1139 2575 1217 adductus,
2606 1159 2731 1203 non
2751 1142 3043 1220 primam,
3061 1141 3209 1222 quia
3228 1139 3305 1202 li-

1772 1235 1873 1293 cet
1900 1236 2200 1310 pereunte
2222 1232 2579 1313 hypotheca
2605 1233 2670 1293 in
2697 1237 2922 1312 totum,
2943 1235 3045 1295 vel
3072 1234 3136 1295 in
3165 1252 3309 1313 par-

1773 1328 1836 1387 te
1865 1343 1990 1387 non
2018 1325 2330 1388 relevetur
2354 1327 2644 1389 venditor
2672 1345 2894 1388 census
2926 1327 3135 1406 quoad
3164 1346 3312 1406 pen-

1774 1417 1983 1479 siones
2012 1422 2197 1479 antea
2226 1419 2460 1482 solutas
2485 1466 2501 1497 ,
2536 1421 2656 1483 hoc
2683 1420 2851 1482 idem
2880 1438 3024 1481 cum
3053 1439 3316 1500 propor—

1777 1511 1945 1573 tione
1975 1512 2281 1590 contingit
2332 1513 2397 1573 in
2425 1513 2783 1575 venditione
2831 1514 3050 1593 praedii
3074 1560 3090 1591 ,
3146 1513 3316 1594 quod

1775 1605 1924 1667 licet
1946 1608 2164 1685 postea
2184 1610 2421 1684 pereat,
2457 1607 2662 1668 adhuc
2682 1608 2974 1668 venditor
2993 1610 3167 1668 caret
3191 1608 3315 1667 fru-

1780 1698 1981 1760 ctibus
2010 1717 2168 1777 quos
2196 1704 2442 1779 emptor
2467 1700 2716 1762 interim
2747 1700 3057 1778 percepit,
3094 1703 3158 1761 et
3184 1717 3316 1760 em-

1781 1795 1923 1870 ptor
1950 1790 2070 1851 inis
2100 1791 2336 1870 potitur
2369 1811 2382 1854 ε
2434 1792 2560 1853 imo
2592 1792 2711 1852 hoc
2741 1796 2835 1854 est
2863 1791 3145 1871 aequitati
3174 1811 3317 1853 con-

1782 1902 2029 1962 sonum,
2050 1903 2192 1945 cum
2223 1885 2432 1946 subire
2452 1889 2714 1965 cogatur
2735 1886 3036 1946 damnum
3057 1904 3319 1964 pereun-

1782 1977 1862 2039 tis
1886 1975 1978 2036 rei
2006 1981 2273 2054 emptas,
2324 1996 2441 2038 nec
2485 1977 2628 2039 ideo
2676 1982 3009 2057 recuperet
3051 1979 3321 2057 pretium

1785 2070 2089 2142 solutum,
2141 2088 2256 2130 nec
2294 2068 2595 2132 liberetur
2641 2071 2722 2132 ab
2753 2070 3137 2151 obligatione
3169 2071 3321 2132 illud

1785 2161 2106 2238 solvendi,
2158 2161 2211 2221 si
2247 2162 2405 2223 forte
2435 2163 2713 2223 nondum
2745 2164 3018 2226 solverat
3075 2181 3090 2227 ε
3152 2162 3323 2244 quod

1785 2255 1955 2315 idem
1983 2253 2049 2314 in
2078 2273 2268 2315 censu
2299 2255 2624 2335 contingit,
2659 2274 2804 2316 cum
2834 2257 3192 2336 hypotheca
3220 2274 3325 2335 pe-

1785 2352 1925 2409 reat
1938 2348 2167 2408 damno
2191 2348 2509 2427 emptoris,
2537 2353 2599 2410 et
2617 2348 2826 2410 adhuc
2844 2350 3073 2413 debeat
3085 2351 3326 2411 solvere

1790 2441 2058 2521 pretium
2089 2458 2313 2502 census
2331 2440 2544 2521 empti,
2574 2441 2736 2504 sicut
2753 2441 2807 2503 si
2827 2442 3185 2522 hypotheca
3200 2462 3326 2504 non

1790 2533 2095 2614 periisset.

1872 2629 1998 2687 Nec
2027 2626 2235 2688 obstat
2262 2624 2538 2687 secunda
2577 2624 2736 2690 ratio
2768 2628 2847 2689 ab
2878 2628 3102 2691 eodem
3130 2627 3332 2694 addu-

1795 2724 1895 2782 cta
1929 2739 1942 2781 :
1975 2718 2272 2798 supponit
2288 2718 2455 2779 enim
2471 2720 2719 2798 falsum,
2746 2721 2915 2801 quod
2935 2722 3334 2784 scilicetven-

1796 2813 1963 2874 ditor
2006 2831 2231 2873 census
2276 2812 2546 2874 retineat
2589 2817 2792 2875 totum
2821 2814 3172 2875 dominium
3200 2817 3333 2896 ple-

1798 2923 1950 2967 num
1976 2904 2196 2984 praedii
2224 2905 2629 2985 hypothecati
2654 2952 2670 2983 ,
2706 2911 2767 2969 et
2795 2925 3011 2969 omnes
3039 2906 3176 2989 ejus
3204 2909 3335 2969 fru-

1798 3002 1933 3060 ctus
1961 2997 2041 3058 ad
2070 2998 2277 3077 ipsum
2305 2998 2681 3077 pertineant,
2717 3017 2864 3060 cum
2895 3000 3063 3061 enim
3093 3006 3337 3080 partem

1801 3091 2060 3153 dominii
2095 3091 2289 3169 utilis,
2346 3095 2410 3154 et
2436 3092 2827 3154 ususfructus
2856 3095 3229 3172 vendiderit,
3263 3095 3338 3157 il-

1798 3185 1909 3247 lud
1940 3185 2129 3247 habet
2155 3185 2363 3246 minus
2393 3185 2471 3247 de
2503 3185 2781 3248 dominio
2811 3188 2997 3268 pleno
3022 3235 3038 3266 ,
3088 3209 3204 3250 nec
3231 3190 3339 3250 illa

1800 3297 1946 3359 pars
1988 3278 2304 3341 fructuum
2346 3278 2429 3339 ad
2486 3279 2692 3358 ipsum
2741 3281 3048 3359 pertinet,
3111 3283 3230 3343 nisi
3274 3282 3339 3343 in

1806 3375 2111 3452 quantum
2141 3371 2418 3432 secundo
2449 3376 2776 3435 contractu
2800 3420 2816 3451 ,
2867 3378 2937 3436 ut
2965 3393 3156 3454 supra
3182 3375 3344 3436 vidi-

1805 3483 1944 3525 mus
1969 3510 1984 3541 ,
2035 3464 2303 3526 redemit
2331 3464 2468 3525 illos
2497 3465 2737 3527 fructus
2763 3513 2779 3544 ,
2811 3468 3173 3530 reducendo
3204 3468 3344 3530 illos

1805 3558 1887 3620 ad
1917 3557 2281 3636 pensionem
2301 3576 2577 3617 annuam
2591 3558 3019 3637 pecuniariam
3045 3561 3124 3621 ad
3154 3580 3346 3642 quam

1807 3669 1922 3731 pro
1953 3650 2071 3710 illis
2102 3650 2471 3711 solvendum
2501 3669 2568 3712 se
2597 3651 2932 3731 obligavit:
2962 3673 3156 3734 quare
3186 3654 3349 3717 sicut

1810 3747 2074 3823 emptor,
2111 3743 2300 3804 etiam
2329 3762 2452 3805 non
2483 3743 2684 3805 soluto
2713 3745 2936 3824 pretio,
2985 3751 3126 3824 post
3152 3746 3348 3808 tradi-

1809 3839 2043 3900 tionem
2075 3836 2350 3897 habebat
2370 3836 2474 3916 jus
2503 3838 2888 3917 percipiendi
2907 3839 3078 3900 illam
3106 3844 3350 3919 partem

1811 3930 2130 3992 fructuum
2162 3929 2759 4007 correspondentem
2807 3930 3175 3994 usuifructui
3206 3951 3352 4012 par-

1811 4022 1966 4099 tiali,
2001 4041 2189 4101 quem
2211 4022 2394 4094 emit3
2442 4022 2529 4082 ita
2557 4022 2812 4084 habebit
2833 4022 2939 4103 jus
2968 4023 3352 4105 percipiendi

1816 4114 2168 4195 pensioneS,
2193 4132 2332 4193 quae
2364 4133 2476 4193 pro
2507 4114 2612 4174 illa
2638 4115 2956 4177 fructuum
2985 4121 3162 4194 parte
3192 4118 3250 4178 ei
3279 4137 3355 4179 ex

3445 969 3523 1031 55

192 4215 246 4273 3.
268 4211 682 4272 differentiam
715 4228 873 4286 esse,
898 4208 1069 4288 quod
1100 4207 1163 4267 in
1177 4207 1539 4269 venditione
1562 4226 1717 4286 prae-
1816 4208 2090 4269 secundo
2123 4211 2445 4268 contractu
2477 4207 2803 4270 debentur.
2857 4209 2997 4271 Alia
3026 4227 3355 4290 argumen-

195 4304 274 4364 dii
299 4304 483 4366 datur
512 4303 785 4383 pretium
826 4319 938 4381 pro
984 4300 1220 4379 praedio
1246 4347 1260 4377 ,
1322 4305 1388 4362 at
1435 4300 1499 4360 in
1531 4319 1721 4360 censu
1817 4305 1905 4379 ta,
1939 4300 2165 4380 quibus
2193 4300 2446 4378 probari
2475 4300 2633 4362 solet
2661 4320 2785 4362 non
2815 4320 2998 4381 posse
3020 4302 3142 4362 emi
3171 4321 3356 4383 pecu·

197 4402 613 4460 commutatur
660 4395 929 4475 pecunia
980 4412 1259 4473 praesens
1303 4412 1415 4474 pro
1457 4392 1725 4472 pecunia
1820 4394 1924 4455 nia
1944 4393 2272 4454 creditaex
2293 4396 2515 4454 natura
2534 4393 3154 4470 rei,solvemusinfra
3170 4415 3359 4477 agen·

197 4494 400 4568 postea
444 4491 513 4550 in
542 4488 950 4570 pensionibus
979 4488 1315 4565 solvenda,
1350 4506 1490 4567 quae
1519 4487 1725 4547 minus
1822 4490 1916 4549 tes
1945 4505 2056 4547 suo
2086 4487 2223 4547 loco
2255 4485 2332 4546 de
2364 4486 2720 4548 conditione
2749 4488 2875 4551 illa.

195 4583 351 4646 valet
391 4601 586 4666 quam
613 4601 925 4664 praesens,
911 4601 925 4615 ·
977 4600 1170 4661 quare
1202 4580 1255 4641 si
1284 4581 1551 4660 pretium
1581 4599 1727 4641 cen·
1894 4582 2074 4641 Petes
2103 4579 2330 4658 prime,
2364 4599 2445 4641 an
2475 4579 2527 4640 si
2555 4598 2590 4640 e
2619 4584 2838 4642 contra
2864 4601 3088 4646 census
3118 4586 3364 4663 emptus
3508 4604 3589 4667 55

199 4696 293 4737 sus
318 4696 442 4738 non
494 4678 777 4738 solvatur
816 4674 1068 4752 statim,
1119 4693 1245 4734 non
1278 4672 1732 4779 justificabitur
1828 4672 1945 4734 fuit
1970 4671 2170 4751 pretio
2201 4672 2517 4733 excessivo
2546 4690 2735 4752 supra
2756 4674 3039 4755 justum,
3072 4676 3366 4738 venditor
3412 4732 3588 4787 euim
3566 4730 3603 4774 ἰ
3631 4728 3712 4773 Μ

199 4787 453 4845 census,
488 4769 669 4848 cujus
690 4767 934 4847 justitia
964 4766 1290 4828 consistit
1276 4785 1337 4826 in
1369 4765 1591 4846 majori
1622 4782 1729 4826 va·
1829 4768 2119 4829 teneatur
2183 4782 2308 4826 non
2374 4765 2578 4826 solum
2632 4767 2962 4829 restituere
3017 4788 3362 4846 excessum,
3416 4791 3577 4851 qmpm
3611 4795 3715 4847 pre-

197 4862 319 4923 lore
346 4862 632 4942 pecunia:
661 4860 1024 4940 praesentis,
1059 4877 1249 4940 quam
1280 4860 1524 4920 futurae.
1559 4860 1734 4919 Hanc
1832 4875 2021 4939 quem
2070 4857 2314 4936 accepit
2356 4877 2545 4937 supra
2583 4857 2825 4937 justum
2873 4860 3183 4941 pretium,
3256 4815 3368 4923 sed
3416 4841 3510 4885 ‘¹⁰⁸
3510 4849 3669 4883 '‘⁰⁸⁸'‘

202 4959 403 5016 tamen
437 4953 912 5033 responsionem
953 4953 1088 5031 jam
1132 4971 1325 5031 supra
1370 4950 1726 5031 rejecimuS,
1834 4952 2023 5013 etiam
2054 4950 2222 5030 quod
2254 4950 2495 5011 defuit
2479 4970 2542 5011 in
2573 4952 2978 5031 pensionibus
3008 4954 3267 5030 solutis,
3303 4959 3374 5017 ut

203 5055 260 5108 et
297 5046 616 5124 diximus,
668 5065 793 5108 non
834 5043 1168 5126 justificari
1211 5063 1469 5106 censum
1513 5064 1588 5104 ex
1634 5062 1731 5118 ec,
1836 5042 2357 5121 corresponderet
2385 5043 2498 5104 toti
2528 5044 2727 5123 pretio
2757 5050 3037 5125 accepto.
3085 5047 3377 5108 Affirmat

203 5141 363 5220 quod
391 5143 816 5202 commutetur
861 5138 1127 5218 pecunia
1175 5156 1449 5217 praesens
1497 5156 1611 5217 pro
1642 5137 1738 5197 fu·
1841 5138 2017 5200 Salas
2047 5136 2201 5196 dub.
2233 5152 2411 5198 xxm.
2447 5155 2618 5197 num.
2652 5139 2710 5198 4.
2746 5138 2853 5198 sed
2887 5157 3001 5200 nec
3029 5155 3212 5217 vere,
3262 5160 3377 5203 nec

204 5237 341 5294 tura
367 5252 513 5313 quse
542 5233 748 5292 minus
778 5232 973 5306 valet3
1021 5229 1142 5291 hoc
1174 5231 1340 5291 enim
1370 5234 1534 5291 esset
1553 5230 1739 5309 justi·
1840 5232 2296 5308 consequenter
2327 5227 2404 5289 ad
2428 5248 2541 5291 sua
2565 5229 2892 5310 principia.
2929 5231 3203 5314 Primum
3234 5253 3382 5313 pro-

202 5327 383 5388 ficare
438 5345 696 5387 usuram
742 5328 999 5404 propter
1045 5324 1335 5385 eamdem
1380 5324 1690 5385 rationem
1723 5344 1736 5384 :
1842 5322 2027 5383 batur
2058 5325 2429 5401 argumento
2459 5340 2648 5402 supra
2677 5323 2842 5384 facto
2867 5370 2883 5401 ,
2919 5324 3064 5404 quia
3096 5327 3203 5404 qui
3232 5347 3383 5389 ven-

204 5419 307 5480 sed
357 5419 513 5500 qnia
557 5419 617 5478 in
669 5437 859 5480 censu
919 5417 1075 5479 reali
1122 5416 1349 5478 emitur
1395 5417 1745 5478 dominium
1843 5414 2537 5494 diditpraediumpretio
2560 5417 2898 5493 excessivo,
2920 5417 3222 5480 satisfacit
3240 5420 3385 5481 red-

208 5512 353 5575 utile
380 5512 477 5576 rei
507 5511 968 5593 hypothecatoe,
990 5510 1152 5574 sicut
1172 5509 1235 5573 in
1257 5509 1573 5592 emptione
1589 5527 1747 5591 prae-
1850 5507 2057 5572 dendo
2087 5507 2272 5589 pretii
2302 5526 2647 5587 excessum,
2673 5528 2860 5590 quem
2889 5507 3022 5573 sine
3043 5509 3214 5592 justo
3244 5513 3384 5578 titu-
