4263 6376
599 3442 849 3495 Frequenter

914 356 1034 415 570

995 532 1331 595 Dubitatur
1359 537 1606 613 quarto,
1642 551 1721 594 an
1751 534 2093 613 aliquando
2123 533 2312 597 liceat
2339 535 2452 594 eli-

771 675 866 705 nan
917 641 1067 702 gere
1120 626 1203 686 ad
1247 626 1552 686 beneficia
1581 645 1705 687 non
1752 627 2059 705 dignum?
2088 627 2451 706 Responde-

797 729 867 759 πο
917 719 1042 793 tur,
1076 736 1396 797 nunquam
1426 719 1636 795 licere,
1672 719 1789 780 nisi
1821 720 2075 799 quando
2109 739 2235 780 non
2281 720 2450 780 inve-

852 802 863 814 ’
919 810 1086 870 nitur
1131 811 1293 871 ullus
1342 812 1606 890 dignus;
1637 817 1787 874 tunc
1816 813 1982 874 enim
2013 813 2093 873 ad
2122 812 2450 874 vitandum

916 901 1122 981 maJus
1176 904 1413 964 malum
1467 909 1674 984 potest
1722 907 1853 966 dari
1903 907 2282 968 beneficium
2323 925 2450 967 non

917 995 1131 1072 digno,
1191 1001 1262 1058 ut
1313 1014 1457 1057 cum
1515 999 1653 1059 aliis
1715 1000 1944 1060 docent
1996 1000 2246 1061 Lessius
2305 1018 2443 1079 cap.

914 1104 1123 1150 xxxw.
1184 1089 1333 1151 dub.
1398 1094 1494 1151 12.
1550 1098 1613 1152 et
1642 1092 1961 1153 Filliucius
1989 1093 2053 1152 in
2084 1093 2448 1172 Appendice

914 1184 1094 1242 tract.
1145 1198 1264 1243 xm.
1306 1182 1375 1243 de
1421 1183 1655 1266 benetie.
1708 1204 1847 1263 cap.
1882 1200 1969 1248 ιν.
2008 1205 2071 1246 n.
2108 1189 2244 1247 173.
2280 1191 2349 1246 ut
2379 1187 2452 1247 nt

913 1272 976 1332 in
1008 1275 1373 1353 regionibus
1410 1278 2005 1354 septentrionalibus
2049 1279 2271 1339 haeresi
2301 1278 2451 1338 infe·

914 1365 1053 1441 ctis,
1103 1366 1209 1426 ubi
1255 1368 1336 1427 ad
1382 1368 1711 1429 vitandum
1757 1370 1962 1450 majus
1990 1372 2248 1447 malum,
2283 1376 2346 1432 et
2372 1388 2450 1431 ne

913 1457 1220 1520 beneficia
1250 1461 1588 1522 deveniant
1610 1463 1688 1521 ad
1722 1463 2071 1525 haereticoS.
2108 1464 2448 1544 aliquando

915 1551 1233 1628 eliguntur
1267 1553 1555 1614 catholic}
1581 1574 1803 1633 parum
1837 1556 2032 1635 digni,
2058 1558 2158 1616 vel
2178 1556 2444 1635 indigni.

915 1646 1002 1706 Ex
1030 1645 1255 1705 eodem
1284 1651 1494 1708 autem
1524 1649 1728 1726 capite
1759 1655 2139 1712 excusantur
2168 1650 2447 1729 episcopi

915 1741 979 1797 et
1006 1737 1107 1796 alii
1137 1737 1468 1800 collatores
1490 1740 1961 1818 beneficiorum,
1995 1742 2099 1820 qui
2119 1743 2451 1820 parochias

914 1831 1316 1893 committunt
1357 1833 1794 1893 sacerdotibus
1825 1834 2162 1914 aliquando
2193 1834 2444 1913 ineptis,

917 1922 980 1981 id
1029 1922 1197 1982 enim
1239 1924 1497 2001 faciunt,
1546 1926 1694 2004 quia
1726 1926 1804 1986 ob
1852 1927 2233 2004 stipendium
2263 1931 2451 1988 tenue

916 2014 979 2074 in
1012 2015 1260 2095 oppidis
1289 2018 1580 2078 tenuibus
1609 2022 1672 2079 et
1695 2020 1951 2080 remotis
1982 2038 2107 2080 non
2137 2020 2453 2081 invenitur

914 2107 1213 2169 sacerdos
1261 2110 1503 2188 doctuS,
1548 2111 1653 2190 qui
1701 2112 2075 2173 beneficium
2123 2118 2452 2191 acceptare

916 2201 1114 2262 velit:
1149 2220 1292 2262 cum
1338 2208 1549 2264 autem
1595 2223 1798 2283 neque
1847 2205 2178 2285 episcopus
2225 2206 2303 2266 de
2339 2224 2451 2267 suo

920 2294 1117 2371 possit
1158 2295 1490 2373 providere
1538 2316 1651 2376 pro
1697 2298 1816 2358 illis
1847 2299 2157 2373 omnibus,
2192 2304 2262 2360 ut
2292 2318 2442 2378 sup-

915 2387 1086 2466 pleat
1114 2387 1427 2449 defectum
1472 2390 1761 2468 stipendii
1794 2391 2155 2467 necessarii,
2194 2393 2456 2453 assumit

916 2480 1310 2541 sacerdotem
1338 2482 1544 2543 minus
1575 2489 1814 2562 aptum,
1849 2485 1955 2563 qui
1985 2489 2195 2544 tamen
2229 2503 2451 2545 curare

918 2571 1127 2647 debet,
1175 2577 1243 2633 ut
1294 2574 1501 2634 studio
1550 2579 1614 2636 et
1659 2574 1968 2636 industria
1998 2576 2227 2637 reddat
2255 2595 2320 2637 se
2350 2596 2455 2657 ap·

917 2668 1075 2726 tum.
1132 2666 1312 2727 Ratio
1360 2671 1572 2728 autem
1621 2671 1736 2745 est,
1774 2669 1924 2747 quia
1970 2673 2118 2729 tunc
2149 2688 2298 2730 oves
2333 2671 2453 2730 illae

919 2763 1255 2819 censentur
1308 2777 1443 2819 esse
1507 2760 1569 2819 in
1641 2762 2013 2821 necessitate
2064 2767 2128 2823 et
2176 2763 2455 2823 carentia

920 2850 1281 2912 confessarii
1324 2852 1711 2929 sufficienti8‚
1765 2872 1888 2932 quo
1919 2871 2067 2915 casu
2111 2854 2333 2915 melius
2362 2859 2456 2916 est

924 2941 1093 3020 quod
1125 2942 1402 3004 habeant
1427 2944 1649 3005 saltem
1680 2945 1977 3024 aliquem,
2030 2965 2065 3006 a
2094 2965 2217 3025 quo
2248 2948 2455 3008 valide

920 3034 1163 3113 possint
1216 3035 1496 3114 recipere
1569 3042 1981 3112 sacramenta,
2039 3057 2227 3118 quam
2287 3040 2454 3119 quod

924 3127 1096 3186 omni
1118 3127 1346 3188 auxilio
1378 3135 1678 3191 maneant
1704 3129 2040 3209 destitutae,
2067 3131 2146 3192 de
2177 3150 2300 3212 quo
2323 3132 2452 3193 dixi

922 3220 1087 3297 disp.
1121 3236 1251 3281 xxl.
1284 3221 1355 3282 de
1372 3223 1579 3303 poenit.
1614 3229 1765 3285 sect.
1803 3241 1889 3285 ιν.
1926 3244 2097 3287 num.
2133 3230 2231 3286 74.

1010 3316 1139 3374 [mo
1175 3331 1249 3372 ex
1283 3315 1400 3375 hoc
1431 3315 1692 3377 fortasse
1728 3318 1931 3395 capite
1962 3319 2242 3379 excusari
2283 3324 2458 3398 pote-

923 3411 1071 3466 runt
1098 3407 1436 3468 electiones
1463 3409 1601 3470 aliae
1640 3413 1701 3471 et
1728 3411 2091 3472 collationes
2120 3412 2459 3473 beneficio-

576 3495 876 3592 ‘Jffigffissssn
923 3499 1087 3558 rium
1111 3545 1126 3575 ,
1164 3517 1305 3578 quoe
1342 3501 1390 3560 si
1423 3501 1502 3561 ad
1531 3503 1830 3563 trutinam
1860 3504 2117 3583 perfecti
2152 3504 2458 3565 examinis

604 3615 698 3666 quia
728 3582 855 3644 susti-⁹

599 3662 755 3699 cientes
773 3669 854 3698 non

925 3591 1353 3669 adducantur,
1397 3613 1523 3655 non
1550 3596 1730 3656 facile
1760 3597 2113 3657 invenietur
2142 3597 2457 3676 quomodo

596 3710 872 3753 mmmm„
916 3683 1085 3763 juste
1116 3686 1289 3745 fiant.
1348 3686 1554 3766 Aliqui
1604 3689 1770 3748 enim
1818 3692 2040 3767 putant
2086 3690 2298 3750 omnia
2339 3690 2459 3750 sibi

922 3777 1134 3853 licere,
1167 3778 1221 3837 si
1249 3797 1371 3839 non
1401 3783 1733 3841 teneantur
1762 3781 2114 3859 digniorem
2144 3800 2451 3860 quaerere,

921 3870 1031 3930 sed
1063 3871 1303 3949 possint
1327 3872 1590 3951 dignum
1619 3874 1850 3952 eligere
1875 3921 1890 3949 ,
1944 3875 2118 3953 quasi
2165 3875 2344 3935 facile
2381 3875 2460 3937 sit

924 3964 1185 4042 dignum
1215 3965 1517 4026 invenire.
1552 3969 1681 4045 Ego
1707 3985 1738 4026 e
1760 3972 1979 4028 contra
1998 3967 2060 4026 in
2090 3968 2309 4031 ordine
2328 3987 2458 4028 ma-

922 4057 1087 4116 xime
1115 4057 1197 4116 ad
1223 4058 1530 4120 beneficia
1558 4063 1797 4135 curata,
1832 4066 1895 4120 et
1919 4061 2114 4121 multo
2145 4062 2348 4139 magis
2378 4062 2459 4121 ad

924 4149 1354 4228 episcopatus,
1404 4157 1557 4229 puto
1606 4172 1732 4213 non
1762 4170 2012 4231 semper
2040 4153 2126 4213 ita
2155 4154 2336 4214 facile
2365 4154 2461 4213 di-

923 4259 1119 4320 gnum
1149 4242 1449 4319 inveniri,
1484 4244 1593 4303 sed
1622 4246 1887 4309 fortasse
1916 4247 2200 4306 excusari
2231 4247 2460 4325 eligen-

922 4337 1051 4395 tem
1081 4334 1158 4394 de
1185 4335 1353 4397 facto
1382 4336 1734 4416 indignum,
1770 4338 1915 4417 quia
1938 4357 2059 4399 non
2083 4340 2264 4400 facile
2288 4339 2458 4418 digni

923 4426 1348 4490 inveniuntur.
1410 4430 1693 4508 Dignitas
1739 4430 1906 4491 enim
1953 4432 2032 4492 ad
2078 4450 2308 4493 munus
2349 4432 2462 4492 ali-

924 4520 1093 4600 quod
1122 4521 1509 4582 attendenda
1556 4530 1651 4585 est
1706 4543 1781 4584 ex
1830 4525 1956 4584 fine
1994 4525 2071 4584 ad
2103 4544 2294 4604 quem
2325 4526 2463 4585 offl-

925 4614 1089 4673 cium
1120 4614 1273 4674 illud
1304 4614 1633 4676 ordinatur
1656 4664 1670 4693 ,
1731 4637 1790 4677 v.
1825 4636 1921 4695 gr.
1973 4618 2037 4677 in
2069 4619 2288 4679 ordine
2318 4618 2463 4677 reli-

924 4706 1101 4786 gioso
1134 4707 1411 4768 officium
1454 4710 1694 4786 praelati
1729 4711 2057 4771 ordinatur
2083 4712 2163 4770 ad
2194 4712 2346 4787 hoc,
2394 4715 2464 4773 ut

924 4799 1161 4861 subditi
1188 4801 1252 4860 in
1273 4801 1548 4879 regulari
1573 4803 1972 4863 observantia
1998 4805 2457 4879 contineantur,

927 4896 989 4953 et
1016 4898 1085 4954 ut
1111 4898 1602 4972 promoveantur
1631 4895 1708 4954 ad
1738 4896 2185 4974 perfectionem
2218 4897 2461 4973 religio-

926 5003 1084 5061 sam,
1118 4985 1199 5045 ad
1230 5003 1421 5063 quam
1449 4986 1602 5047 ordo
1633 4987 1734 5046 ille
1763 4988 2083 5049 institutus
2112 4993 2208 5049 est
2241 5008 2255 5049 ε
2292 4988 2460 5067 quod

925 5078 979 5139 si
1006 5078 1166 5139 forte
1195 5078 1532 5157 fragilitate
1580 5079 1865 5140 humana
1904 5081 2310 5159 congregatio
2358 5082 2464 5143 illa

927 5170 1200 5251 primum
1226 5171 1540 5233 fervorem
1580 5178 1643 5234 et
1672 5173 2135 5235 observantiam
2165 5192 2289 5235 non
2317 5175 2464 5236 reti-

926 5269 1067 5337 net;
1103 5282 1252 5324 cura
1275 5266 1515 5343 praelati
1537 5284 1674 5326 esse
1698 5266 1906 5343 debet,
1940 5272 2008 5327 ut
2027 5267 2330 5344 paulatim
2360 5267 2467 5327 ob·

927 5357 1242 5419 servantia
1288 5363 1350 5419 et
1378 5359 1675 5436 perfectio
1723 5361 2029 5437 regularis
2057 5360 2457 5421 restituatur:

929 5450 1035 5530 qui
1067 5450 1233 5510 enim
1255 5452 1770 5512 communitatem
1798 5454 2139 5513 relaxatam
2161 5452 2465 5531 permittit

930 5544 991 5603 in
1022 5543 1406 5605 relaxatione
1446 5563 1813 5623 permanere
1859 5553 1921 5608 et
1947 5546 2098 5607 vitia
2143 5546 2458 5626 progredi,

2115 359 2218 420 DE
2261 358 2613 422 JUSTITIA
2659 359 2758 419 ΕΤ
2800 358 2999 419 ,ΠΙΗΕ

2550 552 2674 595 non
2707 539 2802 595 est
2829 535 3056 612 dignus
3079 581 3094 610 ,
3115 542 3121 547 “
3146 535 3252 613 qui
3281 537 3496 595 autem
3543 552 3657 594 non
3688 541 3766 596 est
3793 538 3952 601 adher.

2553 632 2736 706 aptus
2754 674 2769 705 ‚
2807 647 2930 689 non
2962 633 3057 689 est
3081 629 3310 706 dignus
3336 628 3688 706 simpliciter
3709 629 3793 689 illa
3813 634 3955 709 prela-

2551 723 2726 797 tura,
2772 721 2883 781 sed
2926 721 3068 799 eligi
3097 720 3326 799 poterit
3355 720 3420 778 in
3451 720 3737 781 defectum
3762 722 3953 796 aliorum,

2551 813 2659 892 qui
2687 813 2817 890 apti
2849 813 2992 874 sint.
3027 815 3164 873 Hoc
3191 831 3366 891 ergo,
3404 813 3570 892 quod
3598 814 3656 872 in
3681 814 3878 891 praelato
3897 835 3954 874 re·

2549 905 2751 983 gulari
2782 905 3208 981 desideratur,
3252 906 3630 966 considerari
3667 907 3819 967 etiam
3841 908 3957 970 debet

2549 1015 2660 1057 suo
2716 997 2904 1058 modo
2964 999 3025 1057 in
3073 997 3351 1076 parocho
3403 1002 3468 1058 et
3500 1002 3727 1076 pastore
3750 1000 3956 1076 spirituali

2550 1090 2903 1150 animarum
2921 1136 2937 1162 ,
2973 1095 3036 1151 et
3062 1091 3258 1151 multo
3288 1091 3495 1168 magis
3523 1090 3584 1149 in
3611 1091 3874 1170 episcopo,
3895 1095 3957 1171 qui

2551 1182 2630 1241 ad
2662 1182 2782 1242 hoc
2812 1187 3220 1244 assumuntur
3250 1189 3312 1244 et
3340 1184 3761 1262 perficiuntur,
3799 1190 3960 1244 utcon-

2548 1276 2977 1353 gregationem
3009 1281 3072 1337 et
3098 1280 3328 1336 coetum
3351 1275 3628 1335 fidelium
3652 1276 3706 1334 in
3725 1276 3961 1337 observan-

2549 1367 2639 1428 tia
2665 1368 3190 1446 christianaelegis
3211 1368 3592 1444 contineant,
3623 1374 3678 1428 et
3693 1369 3760 1428 ad
3772 1369 3960 1429 christu·

2551 1479 2698 1519 nam
2734 1461 3183 1538 perfectionem
3212 1465 3656 1540 promoveant;
3688 1465 3738 1521 et
3760 1463 3960 1540 quoniam

2550 1553 2884 1631 fragilitate
2916 1552 3192 1613 humana
3221 1553 3495 1614 multum
3544 1553 3619 1612 ab
3660 1553 3749 1612 illa
3771 1554 3875 1614 vitm
3893 1573 3962 1632 pu·

2551 1646 2754 1721 ritate,
2791 1665 2978 1725 quam
3008 1646 3194 1724 primi
3223 1644 3566 1707 Christiani
3597 1651 3878 1720 servarunt,
3899 1647 3962 1707 de-

2545 1739 2824 1811 ficimus3
2859 1739 3047 1798 debet
3075 1742 3288 1816 pastor
3315 1756 3563 1811 curare,
3596 1743 3660 1798 ut
3678 1743 3905 1816 quantum
3924 1741 3961 1798 in

2549 1849 2614 1890 se
2646 1834 2758 1907 est,
2793 1831 3075 1891 subditos
3105 1830 3184 1889 ad
3216 1831 3394 1890 illum
3415 1831 3603 1889 finem
3621 1830 3860 1908 paulatim
3875 1850 3962 1910 pm-

2549 1928 2821 1986 moveat.
2871 1924 2965 1984 Ad
2998 1922 3118 1983 hoc
3146 1927 3360 1983 autem
3388 1969 3403 1998 ‚
3457 1928 3529 1983 ut
3571 1923 3721 1983 hunc
3744 1925 3830 1982 Dei
3848 1925 3962 1982 timo-

2549 2035 2682 2076 rem
2712 2017 2909 2095 possit
2934 2017 3229 2076 sacerdos
3284 2016 3348 2074 in
3406 2034 3552 2075 suas
3595 2034 3726 2075 oves
3771 2016 3958 2084 influere,

2550 2109 2738 2169 debet
2766 2108 3021 2188 quidem
3053 2109 3184 2188 ipse
3214 2109 3424 2168 zelum
3456 2113 3519 2169 et
3535 2108 3788 2168 timorem
3803 2111 3962 2168 Domini

2550 2202 2611 2260 iu
2642 2220 2708 2260 se
2740 2202 2971 2261 habere
3006 2222 3020 2262 ε
3073 2220 3262 2281 quem
3309 2202 3362 2260 si
3407 2220 3534 2261 non
3566 2200 3759 2275 habet,
3805 2207 3962 2261 nonest

2551 2312 2689 2353 meo
2713 2293 2951 2373 judicio
2974 2294 3200 2372 dignus
3231 2294 3333 2354 illo
3357 2313 3639 2365 munere,
3669 2294 3763 2353 sed
3785 2294 3963 2371 eligipo-

2549 2391 2672 2449 test
2700 2388 2759 2446 in
2792 2387 3105 2447 defectum
3137 2387 3410 2447 aliorum
3439 2432 3455 2461 ,
3519 2386 3618 2465 qui
3666 2403 3772 2445 non
3806 2403 3964 2463 semper

2551 2479 2730 2540 facile
2785 2480 3208 2540 inveniuntur.
3276 2481 3431 2539 Haec
3485 2484 3685 2540 autem
3729 2479 3959 2550 excusatio,

2550 2572 2694 2633 licet
2721 2573 2928 2632 locum
2960 2572 3192 2632 habere
3222 2572 3422 2649 possit
3469 2572 3532 2631 in
3574 2571 3963 2648 electioneparo·

2553 2664 2814 2725 chorum
2857 2685 2869 2725 :
2919 2665 2980 2724 in
3026 2664 3329 2725 electione
3357 2669 3577 2725 tamen
3626 2664 3959 2741 episcopatum,

2554 2764 2616 2819 et
2641 2757 3043 2836 praelatorum
3070 2775 3212 2817 raro
3244 2775 3550 2817 excusare
3571 2756 3789 2835 poterit,
3813 2754 3961 2813 cumbi

2553 2851 2880 2929 pauciores
2924 2850 3049 2910 sint
3077 2855 3139 2910 et
3166 2849 3395 2909 minori
3429 2849 3770 2909 difficultate
3792 2848 3961 2907 inveniri

2553 2943 2812 3022 possint,
2846 2943 2896 3002 si
2928 2942 3259 3021 diligenter
3279 2947 3664 3020 quaerantur.
3694 2939 3960 3000 Absiteuim.

2555 3036 2723 3114 quod
2754 3035 3027 3113 eligendi
3060 3035 3174 3095 soli
3222 3036 3346 3095 sint
3377 3035 3488 3114 qui
3540 3053 3666 3094 sese
3708 3033 3772 3091 ad
3810 3051 3865 3091 ea
3882 3050 3964 3090 mu-

2555 3146 2706 3187 nera
2727 3130 3014 3205 offerunt,
3047 3146 3190 3188 cum
3220 3145 3294 3188 eo
3316 3128 3528 3207 potius
3547 3127 3771 3187 nomine
3790 3122 3964 3203 {asperti

2555 3221 2900 3282 reddantur
2954 3222 3032 3281 de
3061 3222 3309 3281 defectu
3352 3220 3703 3299 dignitatis;
3753 3216 3961 3297 quomedo

2557 3313 2724 3372 enim
2752 3317 2956 3391 potest
2982 3313 3062 3372 ad
3094 3312 3520 3375 humilitatem
3564 3317 3625 3373 et
3648 3314 3960 3391 paupertatem

2557 3406 2984 3484 evangelicam
3012 3406 3294 3467 subditos
3321 3424 3709 3486 promovere,
3737 3404 3819 3483 qui
3839 3401 3962 3462 umbi-

2558 3500 2724 3561 tione
2755 3504 2817 3560 et
2846 3517 3034 3577 opum
3066 3500 3375 3560 desiderio
3407 3500 3782 3577 praelaturam
3803 3511 3962 3555 nense

2557 3593 2686 3653 lum
2715 3592 3052 3668 desiderat,
3086 3592 3194 3652 sed
3224 3593 3570 3671 procurat?
3610 3594 3731 3651 Non
3767 3588 3885 3650 enim
3909 3586 3962 3644 lo-

2557 3704 2717 3765 quor
2752 3684 2829 3744 de
2860 3686 2935 3746 iis
2956 3687 3062 3763 qui
3089 3685 3369 3760 honeste,
3411 3689 3476 3746 et
3499 3677 3964 3763 simplicitet-exbu-

2558 3797 2637 3839 no
2667 3780 2791 3839 fine
2820 3797 2886 3838 se
2916 3797 2982 3839 se
3013 3780 3283 3839 offerunt
3304 3825 3320 3854 ,
3370 3778 3486 3838 sed
3517 3778 3595 3838 de
3638 3778 3703 3836 iis
3739 3769 3963 3853 quiamhi·

2555 3873 2712 3933 tiose
2759 3891 2896 3932 sese
2960 3872 3276 3950 ingerunt.
3327 3872 3671 3932 Audiamus
3695 3863 3962 3930 Bernarilmn

2558 3966 2808 4043 egregie.
2840 3983 2984 4024 cum
3013 3964 3298 4043 Eugenio
3328 3983 3498 4042 papa
3527 3964 3603 4023 de
3631 3962 3738 4022 hoo
3758 3958 3964 4020 disseren-

2557 4063 2684 4119 tem
2735 4057 2877 4118 libr.
2939 4074 3026 4117 Π.
3086 4056 3158 4117 de
3198 4055 3648 4117 consideratione
3695 4054 3774 4112 his
3794 4047 3961 4109 verbis:

2568 4172 2596 4209 ι
2626 4153 2789 4212 Sane
2819 4150 2965 4211 huic
2993 4151 3245 4229 negotio
3287 4168 3413 4210 non
3457 4168 3524 4210 se
3564 4149 3780 4226 ingerat
3799 4155 3961 4219 rogans

2559 4243 2818 4305 consilio
2840 4290 2855 4319 ,
2888 4262 3013 4303 non
3041 4261 3230 4323 prece
3260 4243 3581 4321 agendum
3610 4231 3711 4300 est.
3754 4236 3963 4307 Aliuspro

2560 4338 2704 4411 alio,
2738 4336 2895 4396 alius
2925 4337 3083 4397 forte
3114 4340 3178 4397 et
3205 4354 3318 4415 pro
3349 4354 3414 4395 se
3447 4338 3645 4413 rogat.
3681 4334 3778 4393 Pro
3798 4338 3964 4406 quom·

2558 4430 2748 4509 garis‚
2779 4429 2862 4491 sit
2889 4433 3235 4506 suspectus.
3300 4428 3416 4501 Qui
3463 4429 3594 4506 ipse
3638 4426 3792 4501 rogat
3813 4435 3891 4496 pm
3908 4431 3960 4475 se·

2553 4523 2686 4603 jam
2709 4522 3028 4602 judicatus
3058 4528 3173 4582 est.
3206 4523 3332 4581 Nee
3362 4521 3652 4593 interest,
3697 4529 3883 4596 perse,
3915 4523 3960 4563 an

2559 4635 2671 4696 per
2700 4616 2889 4675 alium
2919 4616 3058 4695 quis
3089 4618 3287 4693 roget.
3339 4614 3646 4674 Clericum
3685 4606 3871 4703 cui-iant
3891 4600 3964 4658 fre·

2561 4713 2966 4789 quentantem
2992 4755 3006 4783 ,
3055 4708 3159 4787 qui
3191 4726 3312 4767 non
3345 4707 3426 4767 sit
3454 4707 3532 4766 de
3564 4703 3752 4775 curia,
3778 4696 3839 4759 ad
3859 4692 3962 4755 ndem

2561 4803 2731 4863 noris
2759 4801 3071 4879 pertinere
3101 4799 3514 4861 ambientium
3541 4813 3740 4876 genus.
3778 4784 3964 4880 Adulanss

2560 4899 2708 4969 tem,
2743 4893 2900 4954 etad
2934 4892 3230 4971 placitum
3248 4892 3549 4969 cujusque
3568 4888 3961 4979 loquenten-om

2562 4987 2639 5047 de
2661 4987 3028 5065 rogantibus
3048 4990 3219 5063 puta,
3254 4984 3496 5045 etiamsi
3521 4980 3666 5043 nihil
3685 4973 3957 5054 rogarant·

2560 5081 2638 5141 Et
2665 5080 2864 5140 multa
2893 5078 3194 5156 praeclare
3225 5077 3305 5137 ad
3330 5076 3446 5138 hoc
3467 5071 3812 5154 propositum
3832 5060 3959 5123 afferi-

2562 5190 2702 5253 quae
2733 5172 2898 5251 apud
2928 5173 3135 5251 ipsum
3155 5169 3430 5230 videnda
3446 5167 3671 5229 suadeo
3689 5164 3768 5236 iis,
3793 5156 3959 5231 adquos

2560 5266 2700 5328 talis
2730 5265 2949 5326 electio
2978 5265 3269 5343 pertinet.
4038 5326 4054 5343 ·

2642 5361 2777 5419 Non
2810 5362 2903 5419 est
2931 5376 3080 5436 ergo
3110 5358 3197 5417 ita
3225 5355 3427 5429 facile,
3461 5359 3527 5414 ut
3551 5350 3819 5431 aliquibus
3836 5356 3957 5418 δΡΡῖ·
4043 5356 4050 5381 ·

2562 5457 2661 5513 ret
2688 5452 2912 5529 dignos
2942 5450 3223 5511 invenire
3249 5448 3331 5511 ad
3363 5448 3494 5509 hoec
3521 5459 3795 5507 munera:
3827 5440 3955 5540 52‘50

2563 5549 2712 5626 puto
2741 5545 2823 5606 ab
2852 5543 3163 5624 aliquibus
3188 5541 3572 5621 frequentius
3597 5531 3805 5619 peccan‘
3825 5524 3954 5588 ΜΨ
