4263 6376
570 3326 683 3385 112

469 3450 590 3502 Quid,
682 3450 764 3493 ndo

469 3515 583 3557 eque
624 3505 763 3546 ubium

468 3560 534 3599 est
565 3569 765 3611 augmen-

515 3615 619 3661 tum,
639 3616 710 3652 aut

495 3662 738 3706 decremen-

467 3720 556 3759 tum
568 3716 763 3761 futurum.

574 4236 687 4295 113

473 4471 561 4509 ent
578 4467 628 4509 nd
659 4466 768 4511 aliud

535 4527 711 4575 tempus.

563 5433 679 5492 114

810 341 930 399 210

810 515 1092 576 liandum
1119 515 1384 589 lucrum,
1436 512 1600 592 quod
1648 512 1993 573 mutuando
2045 511 2337 572 intendiS.

814 609 982 669 Alias
1029 627 1174 668 vero
1224 607 1611 667 conditiones
1658 605 1740 665 ad
1773 606 1934 665 hanc
1964 624 2212 683 poenam
2247 624 2343 665 rc-

814 702 1102 780 quisitaS‚
1138 707 1198 760 et
1227 700 1672 777 obligationem
1720 718 1858 758 eam
1904 704 2049 759 ante
2096 706 2345 758 senten-

810 795 964 855 tiam
985 793 1212 873 judicis
1260 791 1560 867 solvendi,
1597 797 1658 851 et
1704 792 1822 849 alia
1854 791 2043 850 dubia
2074 809 2213 869 quae
2245 790 2346 850 hic

812 888 1012 947 solent
1058 885 1429 960 examinari,
1481 884 1890 945 tractavimus
1927 884 2096 943 dicta
2127 884 2345 943 sectio-

813 1000 889 1039 ne
918 997 1019 1040 xv.

1269 1391 1675 1474 SEGTlo
1759 1394 1901 1477 vu,

817 1703 1036 1759 Utrum
1066 1695 1234 1759 licite.
1264 1709 1630 1779 apponat-w·
1662 1705 1949 1780 pactum,
1985 1706 2057 1760 uc
2088 1710 2344 1760 mutua-

895 1803 1097 1866 tarius
1117 1802 1408 1866 restituat
1433 1802 1500 1866 in
1534 1803 1747 1865 eadem
1775 1823 2076 1866 mensu-ra
2100 1852 2113 1876 ‚
2147 1802 2244 1866 vel
2272 1803 2345 1867 in

893 1908 1106 1973 eodem
1132 1929 1378 1992 qenere.

891 2175 1181 2237 Dicemus
1227 2174 1427 2253 primo
1471 2174 1547 2234 de
1589 2175 1775 2235 rebus
1811 2175 1945 2234 aliis
1985 2180 2203 2236 mutuo
2234 2177 2345 2236 da-

814 2269 890 2330 tis
915 2315 931 2345 ,
980 2273 1198 2347 postea
1227 2267 1304 2328 de
1335 2267 1599 2344 pecunia
1623 2315 1660 2344 ,‚
1692 2268 1752 2327 in
1785 2287 1909 2347 qua
1937 2273 2031 2329 cst
2058 2270 2345 2348 specialis

814 2361 1165 2421 difficultas,
1226 2359 1485 2431 Quando
1517 2378 1665 2438 ergo
1715 2362 1900 2421 datur
1944 2367 2161 2423 mutuo
2193 2363 2344 2424 triti-

814 2472 955 2512 cum
978 2502 991 2528 ,
1026 2453 1236 2513 vinum
1259 2500 1273 2529 ,
1328 2458 1446 2513 etc.
1500 2453 1828 2531 dupliciter
1857 2454 1918 2512 id
1950 2454 2084 2513 fieri
2114 2460 2338 2533 potest.

815 2547 1021 2606 Primo
1055 2546 1385 2623 exigendO,
1439 2550 1508 2605 ut
1539 2546 1698 2606 sicut
1727 2546 1956 2607 dantur
1981 2554 2107 2608 tres
2152 2549 2348 2609 modii

813 2639 1018 2715 tritici,
1043 2639 1300 2699 totidem
1323 2639 1685 2700 reddantur.
1710 2640 2017 2715 Secundo,
2041 2647 2108 2701 ut
2127 2642 2345 2702 redda-

813 2739 915 2793 tur
942 2733 1237 2807 triticum,
1264 2731 1394 2791 sive
1425 2732 1584 2809 pluS,
1611 2732 1739 2791 sive
1771 2732 1974 2791 minus
2004 2733 2344 2812 adaequans

811 2826 1088 2885 valorem
1117 2830 1490 2903 praesentem
1520 2824 1703 2885 tritici
1751 2825 1856 2903 qui
1899 2844 2064 2886 nunc
2106 2826 2292 2887 datur
2324 2848 2339 2888 :

813 2924 875 2979 et
915 2918 991 2977 de
1029 2922 1293 2996 utroque
1341 2936 1568 2994 genere
1618 2924 1971 2978 contractus
2020 2919 2340 2997 quaeritur‚

814 3030 928 3087 an,
980 3014 1042 3071 et
1081 3009 1395 3088 quomodo
1424 3009 1628 3086 liceat,
1663 3009 1727 3069 in
1773 3029 1896 3089 qua
1921 3012 2346 3073 controversia

812 3103 1020 3182 aliqua
1049 3102 1338 3162 videntur
1368 3106 1567 3177 certa,
1602 3102 1701 3161 vel
1730 3102 1860 3162 fere
1890 3111 2060 3165 certa
2083 3151 2099 3181 ‚
2137 3106 2345 3184 aliqua

815 3201 958 3257 sunt
984 3196 1184 3274 magis
1208 3195 1421 3257 dubia.

898 3290 1102 3349 Primo
1151 3307 1298 3366 ergo
1330 3292 1570 3348 certum
1600 3287 1867 3364 videtur,
1901 3290 1950 3349 si
1994 3292 2246 3369 quando
2276 3293 2348 3354 fit

814 3389 1123 3457 mutuum,
1179 3382 1438 3441 dubium
1495 3399 1671 3459 aeque
1719 3382 1798 3442 sit
1842 3402 1923 3442 an
1965 3390 2182 3461 postea
2212 3405 2347 3446 cre-

815 3495 1009 3552 scere,
1041 3477 1140 3535 vel
1170 3475 1530 3534 decrescere
1562 3475 1789 3536 debeat
1816 3477 1991 3537 valor
2018 3480 2238 3555 tritici,
2272 3479 2347 3539 li-

816 3569 1008 3630 citum
1054 3587 1188 3628 esse
1234 3567 1462 3646 pacisci
1511 3573 1578 3628 ut
1605 3568 1863 3628 totidem
1895 3589 2203 3632 mensurae
2235 3573 2343 3633 tri-

817 3662 919 3724 tici
950 3680 1127 3740 aeque
1170 3661 1318 3720 honi
1361 3660 1752 3722 reddantur:
1801 3663 1948 3740 quia
1993 3671 2348 3727 contractus

816 3755 1072 3835 aequalis
1102 3759 1195 3815 est
1224 3754 1471 3832 utrique
1501 3755 1927 3828 contrahenti,
1980 3775 2122 3817 cum
2169 3777 2347 3838 aeque

815 3850 1014 3928 possit
1046 3865 1325 3908 crescere
1355 3846 1453 3906 vel
1480 3846 1843 3907 decrescere
1874 3850 2048 3910 valor
2072 3897 2086 3926 ,
2135 3852 2348 3912 videa-

814 3948 915 4002 tur
942 3940 1172 4002 Molina
1193 3939 1352 4017 disp.
1386 3941 1524 3998 311.
1560 3939 1620 3997 in
1650 3940 1846 4017 princ.
1899 3944 2143 4003 Lessius
2190 3945 2250 4004 d.
2286 3964 2341 4007 c.

814 4051 913 4094 xx.
952 4034 1100 4092 dub.
1135 4049 1289 4092 xvn.
1325 4053 1384 4091 ιι.
1423 4035 1558 4091 145.
1594 4032 1770 4093 Salas
1800 4034 1948 4095 duh.
1981 4052 2152 4098 xxw.
2188 4057 2249 4098 n.
2282 4042 2342 4099 2.

821 4126 922 4187 ubi
952 4126 1104 4184 alios
1133 4143 1348 4186 omnes
1376 4126 1587 4186 refert.

898 4218 1185 4281 Secundo
1223 4223 1463 4278 certum
1491 4218 1771 4295 videtur,
1821 4220 1871 4279 si
1901 4226 2194 4283 mutuans
2222 4243 2346 4284 ser-

816 4317 1073 4372 vaturus
1104 4315 1239 4370 erat
1263 4310 1532 4371 triticum
1564 4312 1627 4371 in
1657 4317 1903 4391 tempus
1932 4334 2054 4393 quo
2086 4318 2223 4393 plus
2242 4336 2346 4377 va-

816 4405 987 4480 lebit,
1012 4422 1194 4483 posse
1223 4403 1534 4463 deducere
1564 4405 1626 4463 in
1657 4411 1938 4482 pactum,
1973 4412 2042 4469 ut
2069 4411 2346 4476 solvatur

817 4499 879 4558 in
910 4498 1131 4558 eadem
1159 4515 1451 4556 mensura
1480 4502 1543 4557 et
1560 4497 1835 4559 bonitate
1866 4518 1990 4578 qua
2008 4503 2340 4579 accipitur:

815 4591 994 4652 adest
1019 4590 1185 4649 enim
1215 4589 1426 4649 titulus
1454 4589 1611 4650 lucri
1640 4594 1936 4652 cessantis
1955 4639 1970 4669 ,
2018 4612 2161 4653 cum
2193 4596 2345 4657 triti-

814 4703 958 4745 cum
987 4682 1137 4742 illud
1170 4682 1306 4760 plus
1335 4683 1668 4743 valiturum
1721 4691 1855 4746 erat
1898 4690 2246 4765 mutuanti,
2281 4690 2343 4749 in

813 4778 933 4838 hoc
961 4777 1149 4836 etiam
1179 4776 1557 4837 conveniunt
1602 4778 1883 4855 praedicti
1927 4786 2232 4856 auctoreS,
2284 4787 2346 4844 et

809 4871 916 4931 alii
945 4888 1102 4948 quos
1130 4868 1315 4929 affert
1343 4869 1520 4929 Salas
1564 4870 1619 4947 ἓ.
1674 4870 1940 4932 Secundo
1989 4883 2208 4934 certum
2236 4885 2339 4935 est.

809 4964 1158 5025 Observant
1181 4961 1878 5036 autem,detraheudum
1896 4984 2028 5026 esse
2047 4984 2157 5043 pro
2179 4986 2344 5027 sum-

809 5057 1017 5136 ptibus
1046 5073 1203 5133 quos
1231 5060 1526 5115 mutuans
1555 5056 1789 5116 faceret
1817 5058 1879 5115 in
1909 5060 2341 5120 conservando

811 5149 978 5227 apud
1007 5165 1072 5206 se
1107 5147 1308 5207 tritico
1355 5152 1485 5208 toto
1536 5148 1637 5207 illo
1670 5153 1983 5227 tempore,
2030 5151 2182 5210 item
2230 5171 2341 5229 pro

808 5239 1105 5321 pericu10,
1133 5240 1179 5298 si
1205 5240 1371 5319 quod
1403 5245 1537 5301 erat
1566 5240 1732 5319 quod
1756 5242 1922 5319 apud
1951 5242 2155 5320 ipsum
2183 5245 2344 5304 inte-

808 5336 925 5395 rim
954 5338 1458 5410 corrumperetur
1487 5334 1583 5392 vel
1613 5333 2118 5397 deterioraretur.

887 5424 1095 5488 Tertio
1136 5430 1373 5484 certum
1405 5425 1684 5500 videtur,
1738 5427 1905 5505 quod
1951 5428 2003 5487 si
2049 5434 2344 5490 mutuans

807 5517 1152 5602 praevideat
1179 5516 1456 5577 triticum
1485 5523 1702 5595 postea
1731 5519 2037 5581 minorem
2064 5522 2344 5583 valorem

1972 334 2072 393 DE
2115 332 2470 394 JUSTITIA
2513 332 2614 392 ΕΤ
2656 331 2855 392 JURE

2444 510 2826 586 habiturum,
2886 508 3084 588 possit
3135 509 3383 588 exigere
3444 513 3515 571 ut
3566 507 3981 570 mutuatarius
4021 532 4079 593 an
4130 533 4144 572 s

4035 594 4080 626 Vre

2443 603 2671 663 debeat
2699 603 2965 662 reddere
3005 603 3213 680 plures
3244 622 3569 663 mensuras
3598 603 3787 663 tritici
3818 602 3983 660 adae-
4042 647 4080 677 ,ᾗ
4132 672 4137 681 ¹

2443 702 2707 774 quantes
2730 696 3004 755 valorem
3036 701 3405 773 pree-sentem
3435 696 3619 757 tritici
3649 693 3821 774 quod
3852 694 3978 754 dat.
4022 704 4079 743 μ’

4052 759 4197 788 ”a

2444 791 2535 848 lta
2560 788 2785 848 Molina
2815 790 2868 866 ἓ.
2909 788 3111 862 Quoad
3128 788 3456 863 secundum,
3490 789 3740 849 hessius
3771 790 3978 846 mue.

2445 881 2634 940 etalii
2660 927 2675 955 ‚
2711 898 2867 958 quos
2898 882 3118 955 affert,
3152 888 3215 940 et
3241 881 3524 959 sequitur
3553 881 3734 941 Salas
3784 899 3894 940 nu.
3924 882 3981 939 4.

2445 979 2662 1034 contra
2690 973 2932 1051 aliquos
2958 1020 2973 1049 ,
3025 992 3184 1051 quos
3231 973 3315 1032 ibi
3345 975 3529 1033 affert
3553 974 3616 1032 id
3645 978 3981 1050 negantes,

2446 1067 2622 1126 Ratio
2653 1072 2863 1126 autem
2894 1069 3022 1140 est,
3059 1065 3206 1143 quia
3254 1065 3415 1125 sicut
3460 1084 3671 1143 posses
3706 1065 3988 1125 triticum

2442 1166 2619 1218 tuum
2648 1158 2918 1218 vendere
2965 1157 3163 1236 pretio
3208 1176 3374 1217 nunc
3413 1159 3725 1233 currenti,
3776 1164 3844 1217 et
3873 1156 3989 1216 dif-

2441 1252 2602 1311 ferre
2631 1251 2814 1330 pretii
2835 1250 3211 1311 solutionem
3241 1250 3321 1309 ad
3349 1255 3593 1328 tempus
3614 1298 3630 1326 ,
3660 1269 3797 1329 quo
3830 1249 3989 1311 triti-

2441 1363 2585 1404 cum
2627 1344 2830 1402 minus
2860 1342 3119 1413 valebit;
3176 1343 3261 1403 ita
3300 1343 3533 1421 poteris
3560 1346 3865 1402 mutuare
3896 1359 3991 1400 se·

2441 1436 3004 1498 cundumvalorem
3032 1441 3427 1514 praesentem,
3451 1454 3591 1495 cum
3607 1435 3815 1515 possit
3843 1452 3991 1495 con-

2440 1535 2676 1590 tractus
2723 1529 2826 1588 ille
2875 1528 3055 1587 facile
3096 1528 3311 1587 reduci
3341 1528 3421 1588 ad
3453 1527 3990 1606 permutationem

2442 1622 2800 1682 inchoatam
2829 1621 3016 1681 tritici
3049 1621 3374 1698 praesentis
3412 1639 3522 1699 pro
3552 1620 3787 1699 majori
3816 1639 3990 1680 sum-

2441 1733 2545 1774 ma
2578 1713 2760 1774 tritici
2791 1713 2981 1773 futuri
3011 1713 3299 1773 habentis
3328 1714 3632 1791 {equalem
3667 1715 3986 1774 valorem.

2442 1809 2521 1868 Ut
2550 1814 2758 1867 tamen
2790 1810 3146 1865 contractus
3178 1804 3385 1883 justus
3414 1806 3514 1880 sit,
3548 1806 3823 1867 deberet
3856 1826 3989 1865 mu·

2440 1906 2623 1960 tuans
2655 1945 2670 1974 ,
2721 1899 2881 1959 sicut
2932 1899 3125 1975 exigit
3166 1900 3375 1975 plures
3417 1917 3748 1958 mensuras
3797 1900 3855 1959 si
3886 1899 3994 1960 tri-

2439 1993 2546 2053 tici
2574 1993 2749 2052 valor
2777 1991 3157 2067 decreverit,
3192 1992 3277 2051 ita
3305 1998 3633 2053 contentus
3659 2011 3809 2052 esse
3840 2012 3991 2071 pau·

2440 2085 2733 2159 cioribus,
2768 2084 2815 2143 si
2849 2085 3004 2143 forte
3036 2085 3209 2143 valor
3238 2085 3426 2145 tritici
3464 2085 3797 2159 crev1sset,
3843 2086 3993 2145 alio-

2442 2178 2592 2257 quin
2624 2196 2743 2237 non
2776 2182 3134 2237 servaretur
3166 2177 3511 2255 aequalitas,
3548 2180 3673 2237 Nec
3708 2178 3868 2237 huic
3900 2197 3993 2238 as-

2441 2277 2603 2331 serto
2653 2270 2903 2330 obstant
2946 2270 3157 2347 plures
3202 2276 3405 2330 textus
3447 2290 3521 2330 ex
3548 2271 3997 2331 Decretalibus

2439 2364 2615 2424 titulo
2647 2362 2715 2422 de
2741 2362 2952 2437 usurae,
2989 2381 3144 2441 quos
3174 2364 3355 2423 affert
3376 2364 3570 2439 SalaS,
3607 2382 3793 2423 num.
3838 2368 3904 2424 4.
3934 2364 3991 2441 §-

2444 2458 2664 2533 Quarto
2685 2456 3005 2537 probatur,
3042 2456 3485 2532 decernenteS,
3537 2476 3808 2516 usuram
3861 2476 3997 2517 esse

2441 2550 2741 2628 majorem
2774 2567 3130 2608 mensuram
3162 2550 3468 2627 accipere,
3496 2550 3641 2629 quia
3669 2569 3754 2609 ex
3796 2550 3997 2610 tribus

2442 2640 2865 2702 Decretalihus
2896 2658 3051 2718 quos
3082 2643 3281 2716 affert,
3302 2642 3425 2701 duo
3459 2661 3579 2701 uou
3608 2649 3763 2702 sunt
3794 2643 3862 2702 in
3892 2643 3998 2702 illo

2441 2736 2659 2810 titulo,
2721 2752 2924 2811 neque
2967 2734 3157 2793 etiam
3205 2734 3266 2791 in
3311 2738 3482 2793 sexto
3532 2736 3994 2809 Decretalium,

2441 2846 2666 2905 nempe
2699 2845 2753 2886 c.
2791 2827 2868 2886 Si
2892 2826 3021 2906 quis
3054 2825 3295 2904 oblique,
3330 2833 3394 2887 et
3421 2845 3476 2886 c.
3502 2825 3745 2887 Rullus.
3802 2826 3998 2888 Aliud

2440 2939 2610 2996 ver0,
2646 2938 2869 2998 nempe
2899 2938 2955 2979 c.
2993 2918 3329 2991 Consuluit,
3382 2920 3535 2978 nihil
3563 2920 3719 2980 dicit
3748 2920 3834 2980 de
3866 2939 3997 2980 ma·

2434 3014 2558 3092 jori
2590 3032 2904 3073 mensura.
2942 3013 3117 3072 Sicut
3145 3030 3348 3091 neque
3379 3012 3565 3072 etiam
3596 3013 3654 3071 in
3687 3031 3751 3072 c.
3789 3013 4001 3093 Sism-

2442 3105 2755 3180 neraberiS,
2790 3124 2845 3165 c.
2879 3104 3176 3184 Plerzque,
3210 3110 3273 3165 et
3300 3124 3354 3165 c.
3388 3104 3631 3175 Putant,
3664 3122 3806 3165 xlv.
3832 3125 3903 3185 q.
3933 3110 3994 3166 3.

2444 3218 2582 3278 quae
2614 3200 2778 3259 idem
2799 3198 2877 3259 ad
2912 3199 3031 3259 hoc
3059 3198 3263 3276 ipsum
3292 3199 3490 3273 affert,
3526 3198 3887 3277 quidquam
3919 3200 3999 3260 de

2445 3294 2563 3353 hoc
2595 3297 2823 3370 puncto
2855 3292 3183 3369 reperitur.
3247 3291 3459 3352 Solum
3507 3297 3721 3369 posset
3750 3293 3995 3369 afferri,

2443 3406 2497 3446 c.
2538 3386 2753 3461 Issum,
2784 3385 3006 3444 eadem
3037 3403 3098 3462 q.
3134 3400 3227 3443 111.
3262 3384 3371 3442 ubi
3399 3384 3629 3444 dicitur
3660 3404 3672 3445 :
3714 3407 3747 3442 ε
3783 3387 4000 3446 Usura

2444 3485 2537 3540 est
2566 3480 2667 3539 ubi
2700 3478 2967 3556 amplius
2993 3476 3350 3555 requiritur,
3385 3495 3574 3555 quam
3604 3477 3816 3552 datur,
3854 3498 3993 3557 v.g.

2443 3573 2493 3633 si
2524 3572 2771 3632 dederis
2803 3570 3033 3631 solidos
3062 3570 3300 3644 decem,
3336 3570 3683 3648 etamplius
3716 3573 4001 3649 quaesie-

2442 3665 2527 3725 ris
2561 3685 2573 3725 :
2620 3665 2719 3723 vel
2765 3662 3010 3722 dederis
3038 3662 3419 3722 frumentum
3447 3662 3730 3722 modium
3763 3682 3996 3739 unum,

2444 3763 2505 3819 et
2531 3775 2720 3835 super
2747 3754 2984 3833 aliquid
3014 3753 3315 3832 exegeris.
3340 3777 3367 3811 ιι
3409 3753 3535 3815 Sed
3565 3756 3884 3834 nequeibi
3901 3757 4000 3816 di·

2445 3850 2637 3925 citur,
2671 3867 2805 3908 esse
2835 3866 3083 3925 semper
3114 3864 3366 3907 usuram
3396 3846 3644 3924 exigere
3673 3848 4000 3926 majorem

2442 3960 2834 4013 mensuram;
2870 3940 2981 4000 sed
3009 3939 3257 4019 exigere
3288 3939 3451 4000 ultra
3478 3939 3543 3999 id
3571 3941 3741 4018 quod
3763 3940 3997 4002 datum

2445 4043 2539 4097 est
2568 4056 2580 4097 :
2617 4035 2785 4114 quod
2813 4034 2878 4092 in
2907 4052 3055 4094 casu
3085 4037 3296 4093 nostro
3329 4051 3454 4092 non
3483 4033 3813 4111 contingit,
3837 4053 3999 4094 cum

2443 4133 2699 4209 propter
2738 4126 3213 4187 diminutionem
3260 4124 3443 4204 pretii
3492 4126 3614 4185 duo
3643 4126 3841 4186 modii
3878 4129 4000 4188 tri-

2444 4223 2548 4284 tici
2580 4221 2997 4301 aequivaleant
3043 4219 3148 4279 uni
3196 4225 3382 4279 antea
3429 4224 3722 4298 accepto,
3784 4226 3993 4299 atque

2445 4317 2585 4376 ideo
2616 4314 2960 4376 formaliter
2987 4312 3139 4372 nihil
3169 4331 3378 4396 super·
3397 4317 3725 4391 acceptum
3762 4313 4002 4414 recipi-

2447 4416 2563 4472 tur.

2522 4502 2791 4563 Dubium
2847 4517 2980 4559 csse
3027 4501 3232 4578 potest
3277 4498 3443 4558 circa
3497 4498 3661 4558 hunc
3717 4501 3995 4561 modum

2443 4592 2874 4667 contrahendi,
2912 4610 2992 4650 an
3023 4591 3100 4650 sit
3128 4609 3273 4650 vere
3302 4595 3612 4667 mutuum,
3645 4592 3740 4651 vel
3774 4595 3995 4670 potius

2443 4689 2704 4767 emptio,
2739 4685 3011 4745 venditio
3034 4730 3050 4760 ,
3081 4683 3180 4743 vel
3210 4683 3367 4744 alius
3395 4685 3793 4745 contractus?
3847 4687 3994 4748 Mo-

2439 4785 2567 4844 lina
2597 4782 2657 4841 d.
2692 4779 2850 4856 disp.
2871 4779 3007 4837 311.
3037 4777 3092 4854 g.
3127 4776 3363 4853 penult.
3398 4776 3571 4846 dicit,
3606 4777 3814 4856 potius
3844 4798 3993 4841 esse

2441 4873 2865 4935 venditionem
2893 4869 3081 4930 trItici
3101 4887 3211 4945 pro
3232 4868 3432 4946 pretio
3455 4868 3627 4948 justo
3658 4874 3988 4948 praesenti,

2444 4973 2505 5028 et
2525 4964 2904 5042 emptionem
2934 4961 3189 5020 alterius
3218 4960 3400 5021 tritici
3432 4980 3547 5040 pro
3583 4964 3786 5040 pretio
3808 4963 3991 5042 justo

2442 5061 2647 5119 futuro
2702 5061 2983 5133 tempore
3025 5052 3406 5129 traditionis,
3449 5054 3643 5116 dilata
3671 5057 3990 5118 solutione

2442 5150 2625 5230 pretii
2654 5148 2877 5229 prioris
2907 5146 3280 5206 venditionis
3309 5147 3371 5205 in
3400 5148 3701 5209 futurum.
3730 5151 3991 5211 Lessius

2441 5250 2651 5306 tamen
2675 5261 2734 5300 n.
2765 5243 2900 5300 147.
2936 5238 3106 5314 dicit,
3143 5256 3266 5298 non
3296 5257 3430 5298 esse
3461 5241 3844 5317 emptionem
3870 5247 3989 5304 aut

2442 5336 2889 5407 venditionem,
2923 5333 3068 5410 quia
3105 5329 3392 5391 venditor
3421 5350 3546 5392 non
3595 5337 3801 5410 potest
3826 5334 3987 5394 obli·

2440 5447 2592 5508 gare
2621 5431 2990 5504 emptorem,
3026 5429 3094 5484 ut
3119 5423 3352 5484 vendat
3366 5424 3484 5484 sibi
3509 5426 3781 5486 vicissim
3808 5427 3987 5487 aliud

2441 5524 2824 5584 frumentum
2868 5535 3068 5595 usque
3115 5516 3195 5575 ad
3236 5517 3406 5577 illam
3448 5537 3795 5597 summam,
3840 5519 3984 5580 haec
