4263 6376
1107 318 1578 384 DISPUTATIO
1621 316 1843 395 xxvl,
1891 317 2166 383 sEC'rlo
2210 318 2341 383 vll.

181 504 270 579 rit,
297 502 479 563 restat
499 497 861 575 videndum,
896 514 977 558 an
1005 514 1082 558 ex
1111 514 1185 558 eo
1215 496 1384 577 quod
1412 495 1684 576 pretium

181 600 357 659 totum
382 593 475 654 vel
498 593 563 653 in
592 595 767 671 parte
797 591 1133 670 anticipato
1163 590 1460 667 solvatur,
1493 607 1684 651 usura

182 687 571 752 committatur
599 684 861 747 emendo
890 683 1095 746 viliori
1125 682 1365 762 pretio?
1390 682 1489 744 Ad
1510 681 1680 761 quod

180 780 451 861 applicari
468 780 602 859 jam
633 782 836 857 potest
863 777 1031 857 quod
1063 776 1301 838 dictum
1323 778 1417 836 est
1443 774 1522 835 de
1550 790 1680 835 cre-

182 875 292 937 dito
303 871 703 935 vendentibus
719 869 946 950 majori
961 868 1159 949 pretio
1181 886 1194 933 :
1221 868 1275 929 si
1303 867 1471 928 enim
1493 865 1677 927 dimi·

183 968 334 1030 nutio
360 965 535 1046 pretii
562 965 674 1026 fiat
699 963 763 1024 in
792 960 1369 1040 compensationem
1384 957 1571 1021 antici
1579 976 1684 1037 pa-

183 1065 252 1123 ιω
275 1057 603 1134 solutionis,
636 1074 827 1119 usura
855 1054 974 1118 erit
1000 1058 1064 1118 et
1088 1054 1333 1116 lucrum
1361 1072 1437 1114 ex
1463 1055 1682 1113 mutuo

183 1153 421 1216 virtuali.
455 1150 516 1213 Si
544 1154 756 1213 autem
768 1148 1131 1227 anticipatio
1154 1146 1478 1210 solutionis
1495 1162 1685 1207 causa

184 1248 282 1310 fuit
304 1245 460 1326 quod
489 1244 846 1306 venditores
900 1241 1486 1320 multiplicarentur,
1520 1242 1583 1300 et
1611 1254 1685 1298 ea

184 1340 473 1403 occasione
501 1336 771 1417 pretium
799 1335 1056 1414 vulgare
1084 1334 1246 1395 lanae
1274 1333 1500 1395 futurae
1518 1331 1583 1391 in
1612 1328 1687 1391 iis

183 1431 629 1495 circumstantiis
647 1428 1103 1508 aliquantulum
1118 1427 1538 1501 decresceret,
1551 1422 1687 1503 jam

183 1527 400 1589 videtur
425 1523 710 1585 excusari
736 1538 920 1602 posse
949 1523 1305 1582 contractus
1333 1518 1414 1580 ab
1444 1534 1634 1579 usura
1667 1534 1681 1577 ε

184 1618 451 1700 quiajam
494 1621 643 1679 tunc
681 1633 807 1677 non
842 1615 1028 1676 datur
1081 1613 1243 1674 infra
1280 1611 1550 1692 pretium
1587 1609 1687 1687 ju·

183 1716 345 1788 stum,
377 1711 483 1773 sed
509 1709 665 1772 illud
683 1708 854 1788 quod
882 1725 1105 1769 revera
1131 1710 1416 1785 tempore
1443 1707 1688 1765 contra-

184 1809 299 1867 ctus
323 1805 658 1866 aestimatur
684 1802 955 1882 pretium
994 1800 1237 1881 justum
1275 1799 1437 1860 lanae
1463 1797 1687 1858 futurae

183 1904 410 1978 propter
443 1896 865 1977 frequentiam
911 1892 1331 1970 venditorum,
1386 1896 1689 1969 tanquam

183 1996 412 2072 propter
436 2008 694 2052 causam
747 1987 1199 2065 immediatam,
1250 1984 1689 2062 undecumque

185 2104 246 2146 ea
270 2085 601 2165 frequentia
632 2081 1030 2144 occasionem
1059 2084 1121 2143 et
1147 2083 1355 2141 ortum
1375 2076 1687 2153 habuerit,

186 2183 238 2238 et
259 2178 365 2249 hoc
390 2177 573 2238 modo
632 2175 943 2254 explicata
986 2173 1147 2235 ratio
1187 2172 1292 2233 illa
1344 2168 1691 2232 communis

188 2270 440 2332 sustineri
458 2274 665 2350 potest
690 2288 704 2329 :
730 2267 1006 2347 alioquin
1026 2266 1196 2328 mille
1224 2261 1692 2326 difficultatibus

188 2367 242 2425 et
258 2363 699 2442 objectionibus
727 2360 1009 2440 exposita
1038 2363 1155 2436 est,
1189 2360 1260 2420 ut
1285 2357 1578 2419 vidimus.

254 2457 395 2518 Hinc
422 2455 554 2537 jam
597 2458 848 2517 constat
898 2452 1122 2515 solutio
1152 2451 1233 2514 ad
1284 2450 1695 2513 fundamenta

187 2550 375 2629 primia
402 2547 749 2610 sententiae.
783 2547 881 2608 Ad
911 2545 1182 2625 primum
1211 2543 1378 2606 enim
1402 2542 1689 2618 dicimus,

127 2661 140 2691 ¹
186 2644 424 2723 pretium
431 2643 674 2722 justum
704 2658 830 2702 non
853 2639 1103 2701 desumi
1130 2638 1195 2699 in
1223 2637 1344 2699 hoc
1371 2637 1696 2698 contractu

129 2724 137 2734 ’
187 2737 377 2798 exsolo
392 2737 604 2798 valore
620 2735 790 2796 nude
804 2737 1055 2812 sumpto
1076 2749 1264 2811 quem
1280 2731 1425 2791 lana
1435 2726 1695 2790 habebit

188 2834 436 2909 tempore
454 2827 835 2904 traditionis,
859 2826 967 2888 scd
985 2826 1176 2887 etiam
1194 2842 1266 2885 ex
1285 2821 1694 2885 aestimatione

190 2923 493 3000 communi,
526 2941 654 3002 qua
677 2920 857 2982 valor
883 2919 984 2980 ille
1012 2919 1259 2981 futurus
1311 2914 1570 2978 nuncin
1599 2913 1695 2975 his

188 3015 636 3079 circumstantiis
667 3013 1012 3075 aestimatur
1031 3012 1095 3071 in
1111 3014 1286 3073 tanta
1299 3007 1695 3070 venditorum

186 3110 340 3190 copia
366 3115 426 3171 et
451 3107 770 3188 paucitate
781 3109 1160 3185 emptorum,
1193 3120 1267 3164 ex
1283 3119 1410 3182 qua
1426 3100 1697 3181 pretium

187 3204 485 3266 decrescit.
517 3202 617 3264 Ad
634 3199 987 3263 secundum
1005 3198 1194 3261 etiam
1214 3196 1550 3259 dicendum
1578 3197 1693 3271 est,

186 3297 429 3358 valorem
473 3298 760 3358 futurum
803 3293 964 3355 lanae
1011 3290 1264 3353 domino
1293 3289 1548 3370 quidem
1593 3305 1699 3349 ac-

186 3407 456 3468 crescere,
513 3389 628 3451 sed
687 3389 891 3449 totum
966 3385 1142 3445 illum
1195 3384 1468 3445 reditum
1526 3379 1696 3461 juste

187 3483 348 3544 fuisse
372 3480 826 3563 aliquantulum
853 3477 1083 3540 minori
1110 3475 1307 3555 pretio
1358 3492 1433 3537 εο
1462 3477 1701 3552 tempo-

189 3594 275 3655 re,
317 3595 431 3658 quo
467 3581 730 3657 propter
773 3571 1108 3651 praedictas
1160 3586 1382 3631 causas
1426 3567 1698 3647 pretium

184 3667 325 3732 illius
349 3672 410 3732 in
436 3666 759 3732 communi
786 3663 1198 3727 aestimatione
1226 3662 1613 3723 decreverat.

252 3764 433 3828 Video
448 3769 685 3839 tamen,
703 3759 912 3829 adhuc
922 3774 1248 3819 remanere
1269 3754 1699 3817 difficultatem

190 3857 331 3918 circa
347 3857 711 3937 praedictam
726 3853 1060 3927 rationem,
1096 3849 1243 3930 quia
1265 3866 1338 3910 ex
1350 3865 1427 3909 ea
1451 3846 1702 3908 videtur

189 3949 339 4030 sequi
367 3949 531 4029 quod
561 3967 691 4009 non
707 3946 911 4007 solum
940 3942 1005 4005 in
1020 3941 1322 4023 praedicta
1340 3939 1699 4001 venditione

137 4027 142 4052 ⁸
190 4043 344 4119 lanae,
374 4043 480 4103 sed
507 4043 573 4102 in
603 4038 886 4121 quolibet
911 4036 1033 4098 alio
1065 4053 1215 4097 casu
1243 4032 1526 4096 excusari
1555 4049 1696 4112 pos·

191 4135 257 4197 sit
280 4136 351 4197 ab
376 4153 583 4210 usura,
620 4134 752 4214 qui.
789 4151 848 4193 v,
894 4150 955 4210 g.
990 4128 1142 4190 emit
1171 4126 1513 4206 anticipata
1538 4125 1700 4187 solu-

190 4229 335 4290 tione
360 4228 535 4308 pretii
567 4227 650 4288 ab
679 4224 956 4305 agricola
984 4221 1260 4284 triticum
1277 4218 1702 4297 colligendum

189 4326 441 4400 tempore
469 4319 691 4382 messis
717 4317 947 4379 minori
976 4314 1175 4393 pretio
1199 4328 1391 4394 quam
1417 4314 1701 4389 tempore

189 4415 509 4477 traditionis
548 4414 631 4475 ab
676 4410 957 4492 agricola
982 4407 1174 4470 vendi
1219 4404 1451 4487 poterit
1484 4425 1499 4466 ε
1532 4403 1703 4483 quod

189 4511 374 4568 tamen
412 4506 829 4570 communiter
870 4508 1172 4583 tanquam
1219 4496 1576 4561 usurarium
1604 4515 1705 4557 re-

191 4603 480 4679 probatur.
540 4605 771 4664 Fateor
824 4597 1102 4678 quidem,
1138 4596 1395 4673 propter
1421 4592 1537 4652 has
1566 4591 1705 4653 illa-

192 4690 368 4756 tiones
394 4695 832 4775 scrupulosum
875 4706 1128 4770 semper
1167 4701 1427 4748 manere
1456 4688 1707 4746 contra-

191 4790 338 4849 ctum
362 4787 535 4852 illum
563 4789 737 4850 circa·
792 4785 1028 4861 lanam,
1063 4785 1126 4844 et
1151 4780 1234 4843 ad
1269 4778 1479 4841 minus
1504 4776 1706 4841 maxi-

190 4896 337 4941 mam
383 4880 1010 4962 circumspectionem
1066 4872 1487 4936 necessariam
1541 4889 1699 4950 esse,

191 4977 252 5033 ut
281 4974 340 5035 in
366 4992 436 5036 eo
474 4977 644 5054 Juste
690 4970 1091 5053 procedatur,
1139 4984 1266 5029 non
1294 4964 1703 5027 diminuendo

193 5065 429 5128 nimium
457 5068 534 5130 de
565 5067 791 5147 pretio,
827 5082 945 5125 nec
972 5059 1312 5140 obligando
1344 5058 1705 5121 venditores

192 5158 262 5217 ad
286 5159 427 5221 illud
450 5159 864 5222 immoderate
893 5152 1392 5217 diminuendam.
1443 5152 1540 5213 Ad
1570 5150 1707 5212 illa-

192 5251 402 5313 tionem
433 5260 643 5317 autem
684 5250 1075 5333 propositam
1103 5247 1312 5307 adhuc
1334 5242 1707 5321 responderi

194 5352 374 5422 potest
397 5348 685 5429 negando
714 5345 1083 5426 paritatem:
1117 5339 1266 5420 quia
1292 5338 1359 5399 in
1378 5339 1706 5399 contractu

191 5436 281 5498 illo
306 5439 463 5503 circa
488 5441 699 5502 lanam
721 5439 856 5520 jam
890 5433 1266 5517 supponitur
1291 5431 1357 5492 in
1386 5427 1705 5493 communi

194 5537 589 5597 mercatorum
638 5535 772 5598 foro
802 5551 880 5596 ex
925 5526 1278 5610 frequentia
1303 5523 1703 5588 venditorum

3197 324 3314 385 303

1781 494 2051 576 pretium
2118 496 2273 557 illud
2322 495 2581 575 vulgare
2646 499 2709 559 et
2760 514 3091 558 commune
3147 517 3312 572 esse;

1783 607 1977 670 quare
1998 588 2103 668 qui
2140 589 2322 669 juxta
2348 588 2502 649 illud
2532 589 2703 667 emit,
2753 608 2877 650 non
2908 592 3088 653 offert
3111 590 3320 651 minus

1778 682 1979 760 pretio
2008 682 2274 760 vulgari,
2309 681 2478 761 quod
2498 680 2561 742 in
2579 682 2892 744 communi
2910 682 3319 745 aestimatione

1779 773 1973 836 habet
1998 775 2145 835 lana
2172 775 2380 836 futura
2409 774 2472 835 in
2520 776 2746 837 talibus
2789 775 3317 838 circumstantiis:

1779 867 1845 927 in
1858 867 2171 947 emptione
2184 870 2396 930 autem
2426 864 2996 929 triticietsimilium
3030 887 3158 930 non
3178 887 3321 948 sup·

1780 963 2100 1039 ponuntur
2157 961 2395 1021 eaedem
2472 962 2986 1039 circumstantiae,
3048 981 3162 1024 nec
3218 980 3324 1023 ea-

1783 1053 1927 1114 dem
1955 1053 2306 1133 frequentia
2332 1053 2729 1115 venditorum
2747 1073 2885 1135 quae
2907 1056 3032 1116 tale
3051 1055 3323 1134 pretium

1783 1161 2116 1205 commune
2152 1148 2216 1206 et
2244 1144 2500 1222 vulgare
2527 1145 3005 1209 introduxerint.
3047 1148 3323 1210 Pretium

1785 1239 1995 1298 autem
2014 1236 2257 1316 justum
2286 1237 2446 1298 sumi
2476 1237 2666 1301 dehet
2691 1258 2815 1301 non
2835 1259 2909 1300 ex
2926 1239 3191 1319 privata,
3212 1239 3324 1300 sed

1786 1348 1862 1390 ex
1890 1329 2205 1390 communi
2232 1333 2296 1391 et
2319 1330 2567 1409 vulgari
2616 1331 3051 1409 aestimatione,
3106 1351 3233 1413 qua
3260 1333 3324 1393 in

1785 1423 2103 1484 communi
2130 1424 2266 1484 foro
2307 1424 2467 1484 tanti
2511 1443 2612 1485 res
2641 1425 2938 1487 venditur
2965 1430 3027 1487 et
3047 1426 3275 1487 emitur
3305 1444 3320 1486 ι

1786 1534 1910 1596 quo
1940 1515 2129 1577 etiam
2169 1514 2358 1578 modo
2396 1517 2779 1596 respondere
2806 1518 3053 1581 videtur
3080 1518 3326 1581 Turria-

1787 1627 1904 1670 nus
1933 1609 2070 1671 loco
2100 1608 2315 1673 citato.

1865 1701 2148 1782 Denique
2176 1701 2517 1765 advertunt
2541 1704 2706 1765 hene
2733 1705 3022 1767 auctores
3033 1702 3324 1767 secundae

1785 1794 2135 1872 sententias,
2168 1794 2234 1855 in
2261 1795 2337 1857 iis
2365 1795 2635 1874 casibus,
2687 1796 2752 1858 in
2780 1797 3006 1878 quibus
3054 1798 3202 1860 licet
3226 1797 3326 1859 vel

1788 1887 1994 1951 carius
2048 1887 2287 1951 credito
2324 1889 2596 1951 vendere
2642 1908 2831 1969 supra
2874 1891 3168 1971 pretium,
3202 1908 3325 1971 quo

1789 1985 2121 2043 numerata
2146 1981 2415 2061 pecunia
2442 1982 2754 2058 venditur,
2788 1985 2888 2046 vel
2905 1985 3088 2047 vilius
3117 2001 3326 2047 emere

1787 2075 2128 2156 anticipata
2180 2076 2447 2156 pecunia
2500 2075 2665 2139 infra
2704 2078 2998 2158 pretium,
3057 2098 3181 2160 quo
3227 2095 3329 2140 res

1789 2168 1977 2232 vendi
2005 2174 2217 2248 posset
2270 2172 2551 2251 tempore
2589 2170 2973 2249 traditionis,
3032 2190 3157 2234 non
3185 2171 3328 2233 ideo

1791 2280 1915 2343 quo
1952 2262 2200 2342 longius
2249 2267 2343 2326 est
2387 2268 2658 2343 tempus,
2712 2283 2835 2345 quo
2886 2265 3114 2329 solutio
3142 2265 3332 2345 pretii

1791 2355 2082 2419 differtur
2105 2357 2207 2419 vel
2223 2357 2624 2438 anticipatur,
2669 2359 2889 2438 eoplus
2916 2360 2981 2420 in
3002 2359 3203 2439 pretio
3232 2376 3334 2422 as-

1791 2449 1976 2513 cendi
2003 2450 2103 2511 vel
2133 2449 2425 2513 descendi
2455 2468 2660 2531 posse,
2710 2451 2813 2513 hic
2842 2452 3009 2513 enim
3037 2470 3333 2514 ascensus

1791 2543 1891 2606 vel
1920 2536 2280 2605 'descensus
2314 2545 2452 2623 jam
2480 2549 2646 2607 esset
2673 2550 2932 2626 propter
2967 2545 3334 2609 dilationem

1792 2636 1894 2700 vel
1909 2635 2418 2716 anticipationem
2437 2637 2785 2716 solutionis,
2806 2638 2976 2719 quod
3004 2644 3169 2701 esset
3185 2658 3334 2700 usu-

1793 2729 2050 2793 rarium.
2068 2730 2248 2792 Ratio
2262 2736 2474 2793 autem
2491 2734 2605 2809 est,
2623 2732 2768 2811 quia
2783 2749 2975 2794 causa
2984 2732 3337 2794 ascenden-

1793 2823 1859 2885 di
1888 2824 1952 2886 in
1977 2822 2203 2903 pretiO,
2220 2824 2472 2903 quando
2502 2823 2830 2887 differatur
2856 2825 3081 2888 solutio
3111 2825 3334 2887 casola

1795 2935 1931 2980 esse
1958 2919 2184 2997 potest,
2233 2916 2498 2996 praeciso
2546 2917 2755 2979 omnio
2785 2919 2905 2980 alio
2926 2918 3130 2997 titulo,
3163 2919 3335 2999 quod

1793 3009 2030 3072 scilicet
2055 3012 2314 3088 propter
2356 3009 2774 3089 frequentiam
2820 3016 3174 3091 emptorum
3198 3011 3334 3093 jam

1793 3102 1948 3165 illud
1973 3102 2054 3165 sit
2080 3106 2232 3164 tunc
2259 3103 2532 3182 pretium
2554 3103 2796 3184 justum
2843 3109 2907 3167 et
2934 3106 3199 3185 vulgare
3234 3126 3247 3167 :
3283 3105 3335 3168 si

1796 3211 1947 3277 ergo
2002 3215 2193 3276 supra
2236 3196 2392 3258 illud
2420 3198 2691 3276 pretium
2742 3216 3058 3260 summum
3100 3199 3338 3279 aliquid

1795 3292 1937 3370 plus
1966 3290 2235 3370 exigitur
2261 3290 2342 3351 oh
2370 3290 2680 3371 majorem
2699 3291 3068 3355 dilationem
3083 3292 3337 3355 solutio·

1795 3385 1915 3463 nis,
1945 3384 2011 3446 id
2037 3388 2241 3448 totum
2266 3382 2550 3463 exigetur
2588 3402 2779 3465 supra
2806 3386 3079 3465 pretium
3098 3386 3342 3465 justum

1796 3482 1860 3541 et
1887 3496 2242 3540 commune.
2283 3479 2440 3541 Item
2483 3479 2644 3541 ratio
2675 3496 2787 3539 cur
2814 3479 2961 3540 lana
2989 3480 3113 3540 emi
3139 3478 3341 3558 possit

1794 3571 1979 3635 vilius
2031 3571 2372 3652 anticipata
2424 3571 2755 3650 solutione,
2811 3573 2918 3634 illa
2972 3577 3120 3650 esst,
3173 3571 3343 3652 quod

1797 3670 2057 3745 propter
2110 3664 2530 3744 frequentiam
2572 3666 2974 3730 venditorum
3008 3665 3145 3745 jam
3188 3663 3341 3725 illud

1799 3759 1879 3821 sit
1904 3758 2178 3838 pretium
2206 3775 2542 3820 commune
2570 3761 2634 3820 et
2661 3759 2944 3837 vulgare.
2983 3757 3049 3819 Si
3080 3776 3230 3836 ergo
3262 3755 3342 3817 ο1)

1797 3850 2105 3934 maiorem
2161 3850 2671 3930 anticipationem
2698 3851 2839 3929 plus
2885 3850 3243 3912 detrahitur
3263 3848 3342 3910 de

1798 3945 2022 4026 pretio,
2054 3944 2120 4005 id
2148 3947 2351 4007 totum
2380 3945 2746 4006 detrahetur
2759 3943 2840 4005 ob
2868 3942 3075 4023 majus
3092 3948 3343 4022 tempus

1799 4056 1923 4120 quo
1954 4037 2227 4118 pretium
2253 4037 2653 4117 anticipatur,
2705 4041 2768 4098 et
2794 4054 2907 4116 per
2946 4054 3342 4117 consequens

1797 4133 1979 4196 titulo
2008 4130 2320 4208 usurari0,
2353 4149 2499 4192 cum
2527 4129 2896 4193 detrahatur
2922 4134 3178 4211 propter
3203 4147 3347 4192 mu-

1799 4231 1981 4289 tuum
2051 4223 2429 4305 implicitum
2500 4228 2565 4286 et
2613 4223 2903 4285 virtuale.
2990 4223 3347 4286 Advertunt

1802 4320 1992 4381 etiam
2019 4322 2224 4382 totum
2251 4318 2372 4379 hoo
2398 4316 2657 4397 intelligi
2687 4316 2946 4379 seclusis
2971 4317 3348 4396 monopoliis

1799 4413 2030 4494 iniquis
2058 4413 2224 4476 inter
2249 4413 2420 4492 ipsos
2447 4417 2762 4491 emptores
2790 4411 3242 4491 conspirantes,
3269 4428 3348 4471 ne

1803 4506 2027 4587 anquis
2056 4524 2248 4586 supra
2296 4505 2592 4584 pretium,
2623 4505 2800 4567 verbi
2830 4505 3035 4584 gratia
3061 4506 3350 4567 infimum

1804 4602 2047 4678 offerat,
2079 4600 2159 4662 de
2190 4598 2419 4680 quibus
2449 4598 2735 4662 dicemus
2762 4602 2916 4662 sect.
2951 4615 3064 4661 κη.

3477 1703 3590 1764 122

3410 1829 3499 1875 Nec
3514 1830 3637 1874 etiam

3389 1897 3465 1940 pro
3482 1881 3666 1939 longiori

3376 1937 3679 2035 '‘ms“

3426 2044 3622 2103 pretium.
