4263 6376
599 2137 716 2196 298

542 2262 603 2306 De
620 2275 718 2315 quar

545 2316 741 2360 Falcidia.

845 368 964 427 150

846 547 942 605 est
967 543 1205 623 legaliS‚
1256 549 1324 607 ut
1351 546 1400 607 si
1430 565 1609 607 servo
1640 547 1955 608 communi
1988 545 2261 606 duorum
2289 544 2372 603 le·

844 641 1030 715 getur
1066 639 1449 700 ususfructus
1476 639 1717 717 praedii,
1752 645 1815 701 et
1841 640 1997 699 alter
2049 658 2123 698 ex
2181 637 2376 697 domi-

847 730 963 805 niS‚
998 731 1128 790 sive
1157 735 1323 808 ante,
1354 732 1486 792 sive
1518 737 1657 809 post
1701 732 2044 793 aditionem
2100 731 2371 805 deficiat,

847 824 1147 884 accrescit
1205 826 1592 886 ususfructus
1648 825 1855 905 quoad
1908 825 2079 885 illam
2134 829 2378 903 partem

847 915 1020 976 alteri
1053 916 1329 993 domino,
1364 922 1434 977 ut
1486 918 1754 977 hahetur
1791 918 1851 977 in
1884 917 2048 978 dicta
2077 918 2119 977 l.
2156 932 2199 977 1.
2237 917 2292 994 ἓ.
2329 932 2369 976 1.

846 1007 924 1068 de
954 1008 1181 1088 quibus
1226 1009 1424 1069 videri
1467 1015 1672 1089 potest
1726 1013 2012 1089 Vasquez
2066 1029 2203 1087 cap.
2239 1010 2370 1069 VII.

846 1099 915 1161 de
936 1101 1307 1163 testamentis.
1342 1104 1398 1180 ἓ.
1424 1123 1484 1163 v.
1511 1103 1660 1163 dub.
1695 1120 1805 1164 ΧΠ.
1842 1104 1947 1182 qui
1980 1122 2054 1163 ea
2082 1105 2376 1164 cumAn-

844 1194 1014 1255 tonio
1047 1197 1275 1256 Gomez
1301 1196 1487 1257 latius
1517 1197 1806 1275 explicat.

1536 1594 1592 1672 g,
1625 1595 1681 1654 ι.

1085 1864 1171 1921 De
1200 1856 1593 1922 detractione
1612 1877 1731 1942 per
1757 1857 2138 1923 Falcidiam.

926 2112 1266 2192 Dupliciter
1291 2112 1514 2191 legatis
1535 2110 1904 2173 detrahitur.
1942 2111 2170 2188 Primo,
2196 2131 2379 2191 prop-

842 2209 939 2267 ter
968 2204 1329 2266 Falcidiam.
1365 2204 1674 2281 SecundO,
1710 2204 1961 2284 quando
1990 2204 2154 2264 vires
2185 2205 2378 2265 haere·

845 2298 1055 2359 ditatis
1075 2298 1291 2358 solutis
1320 2297 1545 2357 debitis
1600 2315 1725 2357 non
1783 2297 2099 2358 sufficiunt
2136 2297 2218 2358 ad
2249 2317 2377 2358 om·

842 2391 945 2451 nia
974 2392 1183 2469 legata
1212 2389 1512 2450 solvenda
1538 2410 1551 2451 :
1589 2408 1756 2450 nunc
1786 2389 2067 2450 dicemus
2095 2390 2377 2451 breviter

843 2485 921 2545 de
950 2483 1151 2563 primo
1182 2486 1352 2560 casu,
1388 2488 1605 2562 postea
1634 2483 1713 2542 de
1769 2483 2067 2543 secundo.
2104 2484 2370 2555 Quando

841 2596 991 2656 ergo
1020 2578 1227 2654 legata
1252 2580 1347 2636 tot
1373 2581 1538 2650 sunt,
1575 2579 1642 2636 ut
1698 2574 1932 2635 haeredi
1987 2593 2110 2635 non
2167 2595 2375 2637 rema-

840 2673 987 2730 neat
1015 2670 1235 2729 saltem
1265 2674 1488 2748 quarta
1537 2687 1649 2747 pas
1704 2667 2014 2728 honorum
2071 2667 2369 2746 defuncti,

841 2762 1190 2824 detrahitur
1245 2761 1322 2820 de
1369 2760 1512 2840 jure
1555 2761 1895 2836 communi,
1931 2766 2236 2840 quantum
2265 2782 2374 2822 ne-

840 2875 1011 2917 cesse
1041 2859 1135 2916 est
1161 2854 1241 2915 ad
1273 2854 1446 2914 illam
1507 2856 1799 2932 quartam
1830 2859 2080 2931 partem
2137 2855 2372 2914 haeredi

841 2946 1374 3009 conservandam:
1410 2945 1578 3026 quod
1608 2950 1909 3007 statutum
1939 2947 2056 3006 fuit
2085 2951 2148 3006 et
2187 2965 2374 3025 prop-

839 3046 936 3103 ter
965 3041 1268 3116 haeredeS,
1306 3058 1380 3099 ne
1410 3040 1541 3100 solo
1587 3038 1835 3099 nomine
1885 3039 2368 3115 honorarent-ur,

840 3137 902 3197 et
916 3138 1170 3215 propter
1199 3133 1399 3213 ipsum
1416 3132 1802 3209 defunctum,
1830 3151 1908 3192 ne
1938 3131 2073 3211 ejus
2103 3132 2374 3194 haeredi-

838 3233 934 3290 tas
965 3232 1217 3306 propter
1247 3226 1508 3286 nimium
1528 3226 1879 3304 legatorum
1912 3244 2068 3286 onus
2087 3226 2372 3304 repudia-

837 3326 1049 3384 retur:
1084 3320 1437 3399 appellatur
1466 3325 1676 3380 autem
1732 3318 2029 3394 Falcidia,
2090 3338 2127 3379 a
2184 3320 2369 3381 Falco

838 3413 1023 3493 hujus
1052 3412 1313 3471 remedii
1340 3412 1687 3486 inventore,
1744 3429 1779 3469 a
1814 3430 1936 3490 quo
1968 3412 2064 3470 lex
2095 3412 2374 3473 Falcidia

836 3506 964 3566 lata
990 3505 1127 3580 fuit,
1161 3504 1237 3564 de
1269 3523 1394 3584 qua
1422 3503 1629 3583 agitur
1671 3504 1871 3564 Instit.
1906 3502 1974 3563 de
2029 3503 2116 3583 le9
2174 3504 2372 3564 Falci-

836 3598 955 3674 dia,
990 3603 1054 3659 et
1078 3597 1228 3659 Cod.
1290 3602 1353 3659 et
1397 3600 1457 3658 ff.
1522 3595 1602 3656 ad
1641 3596 1754 3678 ley.
1816 3596 2046 3658 Falcid.
2108 3598 2369 3670 Quando

837 3692 1050 3772 plures
1078 3691 1264 3751 simul
1302 3689 1585 3750 haeredes
1640 3694 1984 3767 gravantur
2029 3690 2107 3750 ad
2164 3692 2372 3769 legata

833 3784 1156 3859 solvenda,
1176 3785 1339 3845 inter
1368 3801 1583 3843 omnes
1601 3782 1736 3842 illos
1764 3801 1874 3861 pro
1907 3787 2043 3842 rata
2071 3784 2370 3861 portionis

837 3877 1253 3939 haereditariae
1285 3876 1624 3937 dividenda
1654 3880 1748 3936 est
1777 3876 2084 3938 Falcidia:
2119 3877 2369 3956 quando

834 3990 984 4032 vero
1014 3990 1174 4031 unus
1203 3971 1371 4031 solus
1396 3970 1599 4030 hoeres
1630 3988 1704 4029 ex
1733 3969 2015 4047 pluribus
2044 3974 2365 4047 gravatur,

834 4064 969 4142 ipse
991 4082 1065 4122 ex
1087 4069 1262 4141 parte
1293 4062 1699 4137 haereditatis,
1763 4062 1824 4121 in
1873 4081 1998 4140 qua
2052 4062 2370 4123 institutus

837 4161 948 4232 est,
982 4161 1186 4234 potest
1227 4156 1343 4216 sibi
1374 4161 1663 4234 quartam
1694 4155 1859 4215 illius
1906 4155 2101 4233 partis
2133 4155 2369 4216 retine-

834 4266 902 4311 re
933 4267 1006 4308 ex
1034 4249 1255 4326 legatis
1286 4266 1425 4328 quae
1454 4249 1695 4309 solvere
1726 4253 1994 4309 tenetur.
2018 4247 2370 4308 Differtau-

834 4346 962 4403 tem
991 4341 1268 4401 Falcidia
1298 4359 1335 4400 a
1363 4339 1815 4401 Trebellianica
1871 4341 1936 4399 in
1986 4339 2105 4400 hoc
2150 4341 2361 4416 etiam,

836 4432 1004 4513 quod
1059 4433 1120 4492 in
1174 4432 1692 4494 Trebellianicam
1747 4436 2112 4511 computare
2179 4432 2368 4495 dehet

835 4526 1035 4586 haeres
1063 4531 1381 4604 gravatuS,
1417 4525 1467 4586 si
1499 4525 1651 4604 quid
1680 4526 1869 4603 legati
1901 4524 2156 4584 nomine
2188 4525 2366 4586 relic-

831 4625 966 4682 tum
1013 4619 1129 4698 ipsi
1176 4623 1300 4682 est:
1336 4619 1399 4678 in
1436 4618 1777 4679 Falcidiam
1808 4636 1953 4677 vero
1999 4635 2123 4677 non
2179 4618 2368 4679 debet

834 4713 1184 4792 computari
1210 4712 1488 4791 legatum
1518 4710 1754 4771 haeredi
1801 4711 2110 4786 relictum,
2146 4711 2255 4771 sed
2288 4730 2366 4773 ex

831 4806 936 4867 illo
967 4805 1190 4866 eodem
1221 4805 1450 4883 legatO,
1502 4809 1563 4865 et
1609 4803 1743 4863 aliis
1775 4803 1963 4864 debet
2010 4803 2253 4863 extrahi
2284 4803 2365 4865 ad

831 4903 1122 4979 quartam
1179 4897 1520 4958 Falcidiam
1550 4896 1732 4957 titulo
1763 4895 2160 4957 haereditario
2217 4895 2367 4956 reti-

831 4993 1125 5068 nendam,
1150 4991 1191 5052 l.
1225 4990 1298 5051 In
1326 4998 1624 5070 quartum,
1658 4989 1724 5049 ff.
1760 4987 1840 5048 ad
1865 4988 1954 5068 leq
1984 4987 2213 5049 Falcid.

911 5085 1007 5147 Ad
1046 5083 1500 5148 detrahendam
1543 5081 1879 5143 Falcidiam
1923 5084 2366 5159 computantur

830 5178 998 5239 hona
1027 5177 1324 5251 defuncti,
1359 5176 1574 5256 qualia
1602 5181 1781 5236 erant
1833 5179 2115 5252 tempore
2144 5175 2364 5236 mortis

832 5269 1165 5345 testatoris,
1201 5287 1325 5330 non
1382 5268 1594 5348 qualia
1645 5272 1861 5346 postea
1919 5266 2357 5344 diminutione,

830 5361 928 5423 vel
958 5367 1293 5441 augmento
1339 5380 1474 5421 esse
1528 5362 1885 5440 contigerit,
1938 5361 1993 5438 §.
2031 5360 2359 5437 Quantum,

831 5455 1029 5516 Instit.
1063 5454 1131 5515 de
1160 5454 1283 5535 leqe
1311 5452 1541 5514 Falcid.
1582 5459 1643 5514 et
1685 5453 2041 5515 detrahitur
2088 5472 2213 5513 non
2263 5472 2363 5514 so-

828 5548 960 5610 lum
991 5567 1026 5607 a
1053 5548 1298 5627 legatia,
1331 5548 1440 5608 sed
1471 5548 1661 5609 etiam
1691 5566 1727 5607 a
1758 5546 2201 5609 donationibus
2219 5564 2362 5607 cau·

2001 369 2102 428 DE
2144 367 2501 429 JUSTITIA
2547 367 2647 425 ΕΤ
2688 366 2889 425 JURE

2473 562 2542 603 sa
2572 542 2811 619 mortiS,
2844 541 2969 601 imo
3001 547 3064 604 et
3088 543 3168 602 ab
3200 542 3335 602 aliis
3365 540 3678 616 omnibus,
3717 559 3859 619 quae
3881 558 4002 600 non

2475 636 2592 696 nisi
2623 640 2822 696 morte
2852 635 3284 714 perficiuntur,
3320 637 3389 695 ut
3429 634 3745 712 colligitur
3772 652 3847 692 ex
3877 632 3996 710 leg.

2475 728 2553 789 Si
2578 747 2651 788 ex·
2689 727 2895 787 mortis
2948 746 3143 803 causa,
3178 728 3218 788 l.
3275 727 3346 787 In
3374 725 3799 801 donationibus,
3836 727 3903 786 C.
3935 723 4009 783 ad

2475 821 2588 901 leq.
2623 819 2853 881 Falcid.
2903 825 2963 880 et
2992 839 3136 880 cum
3158 820 3293 880 aliis
3322 820 3548 898 probat
3575 819 3810 879 Molina
3844 817 3999 896 disp.

2476 929 2687 975 ccxm.

2555 1008 2693 1066 Non
2751 1004 3104 1067 detrahitur
3148 1005 3422 1067 Falcidia
3476 1004 3703 1084 primo,
3753 1003 4004 1082 quando

2473 1103 2738 1161 testator
2770 1097 2975 1157 sciens
3002 1097 3167 1157 vires
3197 1117 3324 1158 suae
3346 1096 3729 1158 haereditatis
3755 1097 3820 1156 id
3867 1115 4005 1174 pro-

2474 1190 2699 1266 hibuit,
2727 1209 2800 1249 ex
2832 1189 3212 1250 Authentica
3243 1190 3366 1250 Sed
3389 1209 3519 1250 cum
3550 1198 3815 1262 testator,
3853 1189 4002 1251 God.

2475 1282 2557 1343 ad
2580 1283 2761 1362 leqem
2788 1282 3139 1360 Falcidiam,
3202 1283 3264 1343 in
3308 1283 3498 1344 dubio
3529 1287 3740 1344 autem
3771 1301 4005 1362 praesu·

2475 1376 2668 1436 mitur
2699 1376 2862 1436 vires
2892 1376 3247 1454 agnovisse,
3283 1381 3353 1438 ut
3381 1394 3524 1438 cum
3550 1376 3877 1436 communi
3908 1375 4008 1435 do-

2476 1474 2576 1530 cet
2601 1468 2834 1529 Melina
2873 1468 3026 1529 ibid.
3080 1468 3370 1530 Secundo
3427 1488 3629 1547 neque
3659 1487 3734 1529 ex
3786 1469 4010 1546 legatis

2475 1561 2616 1641 piis,
2651 1580 2724 1620 ex
2752 1561 3128 1623 Authentico
3160 1561 3230 1621 de
3258 1562 3626 1623 ecclesiastic.
3687 1561 3903 1638 titulis,
3951 1563 4003 1638 ἓ.

2475 1656 2693 1714 Autem
2722 1653 2926 1729 laceres,
2961 1653 3080 1714 nisi
3121 1653 3321 1715 haeres
3378 1655 3567 1716 etiam
3622 1654 3702 1715 sit
3752 1654 3884 1714 alia
3915 1655 4010 1732 pia

2477 1764 2686 1819 causa,
2724 1753 3095 1825 argumento
3111 1750 3317 1808 textus
3346 1747 3470 1808 inl.
3500 1746 3623 1808 Sed
3648 1747 3756 1807 etsi
3771 1746 4004 1822 milites,

2477 1839 2543 1899 in
2576 1839 2907 1918 principio,
2943 1841 3004 1901 ff.
3038 1838 3109 1899 de
3134 1848 3390 1901 erc-usal.
3423 1849 3703 1916 tutorum,
3737 1845 3799 1901 et
3833 1840 3900 1899 id
3927 1840 4011 1900 fa-

2477 1936 2692 1994 tentur
2721 1931 3009 1993 doctores
3062 1932 3498 1992 communiter.
3546 1933 3756 1993 Tertio
3809 1951 4011 2012 neque

2480 2042 2554 2084 ex
2585 2024 2794 2102 legato
2817 2024 3035 2084 relicto
3067 2043 3211 2084 cum
3239 2024 3752 2086 inalienabilitate
3779 2044 4008 2104 perpe-

2475 2119 2606 2188 tua,
2642 2116 3046 2192 Anthentica,
3082 2116 3207 2177 Sed
3248 2117 3308 2177 in
3352 2136 3418 2178 ea
3472 2136 3557 2193 re,
3592 2120 3656 2179 C.
3699 2117 3781 2177 ad
3835 2118 4011 2196 leyen

2476 2207 2951 2280 Falcia'Quai-to
2978 2228 3181 2288 neque
3210 2229 3283 2270 ex
3312 2210 3521 2288 legato
3541 2210 3884 2286 libertatis,
3912 2219 4012 2272 aut

2475 2301 2557 2361 ad
2578 2301 2952 2378 libertatem,
2988 2303 3045 2380 ς.
3083 2302 3193 2363 ult.
3242 2302 3437 2363 Instit.
3473 2302 3543 2362 de
3597 2302 3710 2382 leq.
3773 2302 4007 2363 Falcid.

2477 2394 2728 2469 Quinto,
2764 2395 3017 2472 quando
3068 2395 3251 2455 alicui
3301 2396 3549 2473 legatur
3585 2394 3908 2474 scriptura
3940 2395 4012 2456 de

2474 2504 2562 2562 re,
2614 2485 2791 2566 cujus
2834 2487 3174 2565 legatarius
3210 2487 3343 2566 jam
3398 2495 3532 2550 erat
3593 2488 3923 2566 dominuS,
3967 2489 4009 2548 l.

2472 2577 2865 2655 Proediorum,
2884 2578 2963 2639 ad
2980 2580 3158 2660 lcqem
3177 2579 3525 2642 Falcidiam.

2558 2673 2782 2733 Sextus
2827 2691 3008 2733 casus
3057 2679 3182 2745 est,
3246 2673 3495 2752 quando
3553 2673 3754 2734 haeres
3810 2674 4016 2734 sciens

2474 2764 2887 2843 quantitatem
2936 2765 3320 2826 haereditatis
3363 2766 3549 2827 solvit
3609 2785 3649 2826 a
3700 2766 4012 2845 principio

2474 2856 2848 2935 quibusdam
2871 2856 3117 2935 integra
3158 2858 3384 2935 legata,
3419 2877 3543 2936 quo
3576 2877 3726 2918 casu
3757 2878 3880 2919 nec
3913 2878 4015 2938 po-

2471 2953 2595 3010 test
2613 2949 2692 3009 ah
2723 2948 2857 3009 aliis
2890 2949 3221 3010 detrahere
3252 2950 3625 3027 Falcidiam,
3660 2970 3774 3011 nec
3809 2952 3899 3011 ab
3922 2953 4011 3027 iis,

2475 3041 2701 3120 quihus
2730 3041 2916 3102 solvit
2960 3048 3269 3121 repetere,
3301 3042 3448 3104 lieet
3466 3042 3628 3122 juris
3655 3044 4016 3122 ignorantia

4058 1129 4115 1276 ..αἳ

2472 3134 2727 3197 solverit
2753 3154 2767 3207 ;
2807 3153 2986 3196 secus
3017 3142 3227 3197 autem
3259 3136 3309 3196 si
3340 3135 3689 3215 ignorantia
3744 3138 3923 3213 facti,
3957 3157 4011 3199 v.

2470 3247 2533 3306 g.
2568 3228 2715 3307 quia
2769 3228 3041 3308 majores
3088 3230 3333 3307 putavit
3377 3229 3540 3289 vires
3598 3230 4011 3307 liaereditatiS,

2470 3321 2568 3380 vel
2598 3340 2759 3381 nova
2782 3321 2994 3381 debita
3025 3321 3301 3382 defuncti
3335 3326 3552 3400 postea
3580 3329 4017 3401 apparuerunt

2471 3431 2546 3472 ex
2604 3413 2977 3475 Authentico
3009 3412 3078 3473 de
3105 3413 3446 3488 haeredibus,
3496 3420 3558 3476 et
3614 3416 3924 3479 Falcidia.
3957 3418 4012 3495 ἓ.

2470 3504 2606 3565 Non
2634 3515 2845 3566 aulem.
2882 3507 2946 3567 Si
2968 3512 3172 3567 tamen
3206 3506 3674 3568 exliheralitate
3695 3509 4015 3588 aliquibus

2469 3598 2731 3659 remittit
2765 3598 2966 3658 hoeres
3003 3599 3344 3659 Falcidiam
3375 3600 3436 3659 in
3473 3617 3690 3660 eorum
3712 3602 4011 3679 gratiam,

2469 3709 2593 3749 non
2621 3690 2762 3751 ideo
2792 3690 3160 3769 prohibetur
3188 3692 3266 3751 ab
3297 3692 3431 3752 aliis
3465 3711 3578 3771 pro
3629 3698 3771 3753 rata
3800 3695 4011 3755 detra-

2469 3782 2641 3859 here,
2678 3787 2744 3844 ut
2773 3802 2916 3842 cum
2940 3783 3189 3844 Bartolo
3238 3785 3476 3845 notavit
3509 3785 3740 3845 Molina
3775 3786 3884 3846 ubi
3914 3807 4016 3847 su-

2468 3894 2583 3955 pra
2611 3876 2669 3953 §.
2709 3875 2977 3937 Octavus,
3022 3879 3119 3937 An
3150 3895 3300 3938 vero
3349 3876 3690 3955 legatarius
3723 3884 4017 3940 teneatur

2469 3968 2703 4029 haeredi
2727 3968 2916 4028 etiam
2945 3987 3068 4029 non
3099 3969 3331 4047 petenti
3364 3972 3589 4030 offerre
3634 3971 4009 4048 Falcidiam,

2470 4061 2721 4140 quando
2751 4061 2889 4138 scit,
2925 4079 3069 4122 eum
3100 4082 3174 4121 ex
3203 4062 3557 4140 ignorantia
3611 4062 3765 4123 facti
3795 4064 4014 4124 solvis-

2467 4173 2556 4230 se,
2595 4154 2788 4232 alipui
2821 4159 3055 4233 negant
3083 4156 3246 4233 apud
3280 4155 3577 4216 Molinam
3603 4156 3662 4234 ἓ.
3702 4155 3892 4217 Circa
3921 4176 4009 4219 ea.

2466 4247 2605 4324 Ipse
2657 4251 2866 4307 tamen
2923 4266 3066 4307 cum
3124 4247 3259 4307 aliis
3283 4293 3298 4323 ‚
3360 4247 3566 4307 verius
3620 4249 3906 4310 affirmat
3951 4251 4010 4309 in

2469 4339 2876 4401 conscientia:
2904 4340 3052 4419 quia
3072 4339 3177 4420 jus
3197 4340 3276 4401 ad
3307 4340 3648 4400 Falcidiam
3667 4341 4013 4404 detrahen-

2466 4432 2613 4491 dam
2644 4450 2767 4492 non
2799 4434 2974 4493 estin
3007 4452 3280 4511 poenam,
3316 4452 3430 4493 nec
3456 4434 3722 4512 requirit
3747 4442 4008 4496 senten·

2464 4524 2654 4597 tian13
2714 4545 2908 4604 quare
2958 4525 3127 4605 quod
3160 4544 3232 4586 ex
3262 4526 3365 4586 illo
3389 4525 3531 4605 jure
3564 4527 3801 4588 haeredi
3834 4548 4010 4590 com-

2465 4618 2638 4696 petit,
2675 4618 2863 4677 etiam
2894 4618 3026 4699 ipso
3057 4638 3180 4679 non
3211 4622 3462 4697 petente
3491 4619 3546 4679 ei
3578 4619 3716 4680 dari
3745 4620 3962 4684 debet.

2543 4711 2666 4771 Alii
2693 4717 2837 4772 sunt
2864 4730 3068 4787 casus,
3103 4712 3328 4791 quihus
3357 4711 3419 4771 in
3451 4730 3703 4790 poenam
3734 4732 3862 4775 non
3895 4734 4006 4794 po-

2461 4807 2585 4866 test
2612 4803 2812 4864 haeres
2843 4804 3184 4865 Falcidiam
3215 4804 3567 4865 detrahere.
3607 4805 3854 4867 Primus
3887 4813 4004 4883 est,
4050 4860 4115 4910 Q

2465 4896 2715 4975 quando
2755 4897 3175 4957 inventarium
3206 4916 3328 4958 non
3361 4898 3629 4959 confecit
3657 4898 3822 4958 intra
3843 4904 4006 4962 tem-
4049 4914 4115 4955 roi

2462 5008 2599 5068 puS,
2635 4992 2694 5048 et
2706 4987 2887 5067 juxta
2916 4988 3182 5049 formam
3213 5007 3249 5049 a
3276 4989 3519 5068 legibus
3540 4991 4002 5070 praescriptam,
4050 4976 4102 5008 ω

2463 5081 2541 5142 de
2572 5100 2695 5160 quo
2726 5081 2996 5142 diximus
3024 5101 3212 5161 supra
3244 5087 3499 5162 agentes
3522 5085 3600 5143 de
3622 5084 4002 5147 inventario.

2464 5174 2787 5236 Secundus
2817 5180 2910 5235 est
2933 5221 2948 5250 ,
2985 5174 3237 5253 quando
3269 5174 3471 5236 haeres
3498 5194 3538 5236 a
3558 5174 3773 5254 judice
3801 5179 4008 5239 moni-

2463 5270 2562 5329 tus
2592 5267 2754 5329 intra
2786 5286 3020 5327 annum
3067 5285 3192 5327 non
3240 5274 3333 5329 est
3378 5276 3676 5329 executus
3704 5270 4003 5332 volunta-

2463 5364 2589 5421 tem
2617 5360 2963 5435 testatoris,
3005 5359 3070 5419 in
3102 5360 3267 5420 dicto
3301 5359 3675 5423 Anthentico
3720 5362 3794 5423 de
3817 5362 4003 5425 licere-

2461 5452 2645 5530 dibus,
2680 5458 2740 5515 et
2768 5453 3063 5529 Falcidia,
3096 5454 3152 5531 ἓ.
3203 5452 3319 5513 His
3364 5452 3581 5532 ἐρέτην,
3629 5458 3693 5515 et
3748 5455 4003 5518 duodus

2459 5546 2884 5627 sequentibuS.
2920 5547 3165 5608 Tertius
3197 5549 3288 5607 est
3310 5591 3326 5621 ‚
3371 5546 3623 5625 quando
3652 5546 3857 5610 haeres
3887 5569 3998 5611 ne·

4175 1144 4201 1284 r·‘'n
4175 1014 4180 1058 ’-
