4263 6376
1187 330 1656 391 DISPUTATIO
1700 330 1918 393 XXXII
1932 333 1977 405 1,

242 507 433 567 minus
463 504 554 564 illi
595 522 782 583 quam
830 505 1119 583 princeps
1151 504 1511 583 obligantur
1538 526 1614 566 ex
1654 508 1759 585 ju·-

241 599 397 661 stitia
451 597 809 676 reIpublicae
855 597 971 677 ipsi
1020 597 1102 658 ad
1150 597 1427 659 debitam
1486 607 1548 662 et
1605 619 1751 679 pru-

243 692 480 752 dentem
497 690 1102 750 administrationem
1115 691 1394 751 muneris
1416 692 1756 768 commissi,

245 803 349 844 nec
376 782 580 842 minus
607 787 812 861 potest
839 801 974 842 esse
1014 783 1256 861 justitia
1286 783 1534 845 illorum
1567 803 1757 864 quam

244 876 525 957 principis
555 875 738 935 unius
767 894 919 954 erga
946 878 1144 936 totam
1163 877 1697 952 communitatem,
1723 896 1760 938 a

248 987 362 1048 qua
386 969 605 1028 saltem
633 967 1030 1046 inadaequate
1079 968 1564 1047 distinguuntur.
1601 969 1760 1044 Quid

248 1061 401 1122 enim
430 1061 618 1121 refert
643 1060 813 1139 quod
841 1064 1118 1139 potestas
1148 1061 1416 1139 eligendi
1460 1063 1763 1123 translata

249 1156 321 1216 sit
344 1173 379 1214 a
407 1154 857 1215 communitate
880 1153 942 1213 in
972 1173 1167 1214 unum
1195 1155 1420 1231 solum,
1455 1157 1553 1216 vel
1578 1155 1638 1215 in
1658 1154 1764 1215 ali-

250 1265 393 1326 quos
419 1245 664 1324 plureS,
699 1246 1034 1325 quominus
1065 1247 1130 1306 bi
1160 1247 1351 1307 etiam
1396 1266 1467 1308 ex
1516 1247 1764 1326 justitia

251 1339 498 1418 obligari
529 1340 814 1418 possint?
842 1340 1000 1400 Hiuc

321 1432 582 1492 Infertur
608 1433 830 1510 primo,
864 1432 1028 1492 hanc
1048 1432 1496 1512 obligationem
1518 1451 1641 1493 non
1665 1433 1768 1493 eli-

155 1581 165 1596 ,
250 1525 444 1602 gendi‚
485 1524 583 1584 vel
643 1525 1037 1604 proponendi
1098 1526 1452 1604 indignum,
1501 1527 1768 1586 inveniri

155 1600 192 1716 {g
250 1618 421 1677 etiam
449 1618 511 1677 iu
544 1636 618 1678 eo
648 1618 755 1697 qui
797 1616 902 1697 jus
954 1619 1141 1680 hahet
1168 1619 1247 1678 ad
1277 1619 1766 1680 renuntiandum

155 1741 183 1770 ι.
250 1711 507 1771 officium
537 1710 862 1788 publicum
893 1711 1057 1790 quod
1091 1711 1303 1786 habet,
1339 1712 1470 1772 sive
1501 1711 1563 1770 id
1580 1712 1767 1772 faciat

247 1803 561 1862 vendendo
594 1803 770 1879 illud,
804 1803 934 1863 sive
977 1803 1171 1882 gratis
1214 1803 1663 1879 renuntiand0‚
1699 1807 1767 1864 ut

250 1913 377 1956 cum
407 1895 699 1970 SaloniO,
760 1899 824 1956 et
872 1895 1008 1955 aliis
1055 1895 1297 1956 notavit
1343 1895 1628 1957 Sanchez
1660 1896 1767 1955 ubi

248 2006 419 2065 supra
448 1987 596 2048 dub.
630 2003 842 2049 xxxvl.
880 2007 985 2050 nu.
1021 1991 1081 2049 3.
1115 1990 1191 2049 Et
1221 1989 1382 2048 ratio
1430 1993 1525 2049 est
1570 1988 1760 2063 clara,

250 2080 379 2160 quia
404 2098 515 2159 per
540 2081 904 2142 facultatem
932 2080 1105 2140 illam
1126 2080 1532 2141 renuntiandi
1562 2081 1765 2141 factus

250 2178 329 2234 est
355 2173 639 2234 minister
674 2173 975 2252 principis
1020 2173 1101 2232 ad
1158 2172 1310 2252 ejus·
1352 2173 1606 2232 nomine
1660 2172 1768 2232 eli·

248 2267 504 2346 gendum
539 2287 551 2327 ε
587 2285 711 2327 11011
766 2279 914 2346 ergo
972 2270 1178 2344 potest
1234 2266 1467 2343 eligere
1526 2265 1643 2325 nisi
1690 2284 1763 2326 eo

247 2359 417 2419 modo
472 2377 594 2438 quo
650 2359 942 2438 princeps
995 2360 1128 2436 ipse
1177 2359 1405 2436 eligere
1436 2358 1761 2437 potuisset,

248 2470 349 2512 nec
366 2452 653 2529 princeps
674 2451 778 2530 jus
807 2451 978 2511 aliud
1007 2451 1210 2529 potuit
1231 2450 1293 2510 in
1322 2450 1527 2530 ipsum
1559 2456 1762 2511 trans-

248 2545 415 2619 ferre,
457 2562 649 2624 quam
694 2544 961 2623 ipsemet
1016 2544 1279 2605 haberet
1301 2590 1316 2620 ,
1376 2548 1565 2621 atque
1623 2543 1764 2602 ideo

249 2656 358 2696 non
375 2637 579 2696 minus
595 2636 882 2716 peccabit
902 2642 1121 2700 contra
1134 2636 1442 2716 justitiam
1456 2654 1598 2696 cum
1620 2654 1766 2695 one-

246 2748 305 2788 re
344 2729 740 2806 restituendI,
794 2730 844 2789 si
890 2728 1208 2790 renuntiet
1247 2729 1309 2788 in
1355 2730 1631 2808 aliquem
1675 2728 1764 2787 in·

248 2823 510 2900 dignum.
545 2823 741 2884 Multo
771 2823 972 2900 magis
1015 2822 1079 2881 id
1116 2839 1336 2881 verum
1366 2822 1522 2895 erit,
1575 2821 1622 2881 si
1674 2821 1750 2880 of·

248 2916 438 2975 ficium
474 2916 682 2976 carius
709 2914 941 2975 vendat
989 2919 1058 2976 ut
1096 2915 1261 2975 locet
1303 2914 1520 2990 alteri,
1573 2931 1762 2993 quam

246 3026 346 3086 par
371 3011 519 3084 erat,
543 3007 692 3086 quia
709 3025 781 3067 eo
797 3007 931 3086 ipso
953 3008 1260 3086 praevidet
1286 3010 1637 3085 emptorem
1660 3005 1761 3066 vel

249 3100 675 3160 conductorem
706 3117 830 3160 non
862 3102 1028 3160 recte
1058 3099 1638 3160 administraturum
1670 3098 1762 3159 of-

248 3194 438 3253 ficium
467 3212 651 3253 suum
676 3240 691 3270 ‚
740 3192 848 3252 sed
891 3193 980 3253 ita
1007 3197 1077 3254 ut
1109 3193 1306 3272 possit
1361 3192 1479 3252 sibi
1526 3210 1763 3253 recom-

248 3303 488 3363 pensare
515 3292 719 3360 101οω
749 3285 813 3345 id
845 3286 1015 3365 quod
1048 3303 1162 3363 pro
1213 3285 1420 3345 officio
1466 3284 1756 3360 dederat,

249 3383 308 3439 ut
331 3397 392 3439 se
420 3380 795 3441 incolumem
815 3383 1062 3451 servet,
1112 3383 1181 3438 ut
1209 3396 1352 3437 cum
1383 3377 1674 3439 Corduba
1702 3382 1764 3437 et

250 3473 370 3534 aliis
397 3474 686 3535 observat
710 3474 879 3533 idem
906 3472 1186 3533 Sanchez
1216 3491 1277 3532 n.
1311 3475 1370 3531 4.

319 3567 577 3628 Infertur
605 3565 878 3626 secundo
900 3612 915 3641 ,
963 3582 1085 3625 non
1117 3563 1403 3625 sufficere
1443 3562 1610 3643 quod
1659 3563 1763 3623 eli-

155 3713 182 3755 b
252 3678 387 3738 gens
428 3661 523 3739 (et
548 3659 719 3719 idem
748 3662 842 3718 est
869 3658 947 3718 de
977 3657 1407 3736 renuntiante)
1458 3675 1579 3717 non
1611 3657 1768 3718 sciat

196 3789 212 3800 ·
250 3753 489 3829 positive
516 3753 693 3812 illum
722 3769 858 3811 esse
888 3750 1245 3827 indignum,
1281 3749 1390 3809 sed
1421 3749 1610 3810 debet
1660 3767 1765 3828 po·

155 3833 210 3864 '¹⁰‘
252 3846 410 3907 sitive
460 3845 781 3925 inquirere
838 3846 900 3903 et
954 3843 1113 3903 scire
1183 3860 1319 3902 esse
1385 3843 1646 3920 dignum
1707 3845 1770 3903 et

250 3942 466 4016 aptum,
485 3939 549 3998 in
581 3956 705 4016 quo
734 3939 1096 4015 potestesse
1125 3936 1185 3994 in
1219 3935 1393 4014 praxi
1423 3933 1629 4014 majus
1657 3953 1768 4014 pe-

252 4031 491 4091 riculum
518 4030 846 4112 peccandi,
882 4029 1032 4089 dum
1063 4028 1325 4107 quilibet
1347 4028 1570 4089 obvius
1591 4027 1769 4104 eligi-

251 4128 356 4199 tur,
390 4143 509 4185 non
540 4124 867 4203 praemissa
888 4122 1221 4183 sufficienti
1251 4121 1676 4199 inquisitione,
1702 4124 1770 4181 ut

251 4221 444 4294 postea
464 4217 838 4278 videbimus,
874 4219 968 4277 An
999 4234 1148 4276 vero
1194 4214 1283 4274 ita
1310 4214 1538 4274 debeat
1563 4213 1769 4274 consi-

252 4309 435 4369 derari
463 4310 746 4389 probitas
791 4327 1040 4369 morum
1069 4308 1150 4367 ad
1183 4306 1492 4386 ejusmodi
1534 4305 1762 4382 officia,

251 4406 311 4463 ut
352 4408 538 4466 status
594 4404 836 4483 peccati
888 4402 1170 4463 mortalis
1229 4400 1455 4461 reddat
1500 4418 1573 4460 eo
1631 4400 1766 4478 ipso

252 4497 569 4572 quemlibet
596 4496 946 4575 indignum,
980 4498 1251 4556 tractant
1276 4492 1507 4555 Sanch.
1528 4493 1590 4554 d.
1613 4492 1763 4554 dub.

252 4604 438 4650 xxxvl.
474 4611 534 4652 n.
567 4594 627 4653 6.
654 4593 719 4651 et
737 4592 1024 4669 Vasquez
1057 4606 1271 4666 opusc.
1305 4585 1376 4648 de
1405 4586 1589 4667 benef.
1624 4604 1763 4664 cap.

252 4682 316 4741 ll.
370 4684 421 4762 ς.
454 4700 547 4744 ιιι.
586 4683 736 4743 dub.
771 4685 867 4743 12.
903 4701 1010 4743 1111.
1044 4685 1143 4742 95.
1205 4680 1309 4760 qui
1349 4698 1492 4740 cum
1526 4681 1677 4741 Soto
1708 4680 1770 4739 et

254 4774 371 4835 aliis
398 4781 560 4838 recte
580 4778 860 4851 monent,
886 4773 1343 4835 attendendum
1368 4791 1502 4833 esse
1521 4772 1600 4832 ad
1619 4790 1768 4850 qua-

253 4865 468 4929 litatem
497 4868 771 4948 peccati‚
818 4885 897 4926 an
953 4867 1034 4929 sit
1079 4866 1463 4927 contrarium
1490 4864 1768 4925 muneris

2027 331 2301 391 SEGTIO
2345 332 2421 392 11.
3277 334 3396 393 553

1937 508 2281 568 Difficultas
2327 525 2476 587 ergo
2515 510 2647 569 tota
2677 509 2801 580 est,
2853 525 2933 568 an
2979 507 3042 567 in
3071 507 3147 567 iis
3177 506 3398 568 officiis

1857 601 2307 678 temporalibus
2341 605 2404 662 et
2425 601 2829 661 saecularibus
2858 600 2938 660 sit
2964 599 3260 679 obligatio
3294 600 3397 661 eli-

1858 692 2048 771 gendi
2077 693 2474 772 digniorem?
2504 692 2864 755 Communis
2909 711 3062 754 sane
3091 693 3495 755 sententiasa

1859 786 2159 862 asfilmat,
2195 804 2384 865 quam
2412 790 2629 847 tenent
2659 785 2945 847 Salonius
2970 785 3392 865 ,Aragoniu5‚

1858 878 2128 939 Didacus
2160 881 2368 954 Perez,
2404 883 2467 939 et
2493 878 2597 938 alii
2625 896 2782 957 quos
2816 880 2996 939 affert
3026 877 3255 939 Sanch.
3289 877 3399 937 ubi

1858 989 2048 1049 supra
2068 990 2173 1031 nu.
2199 974 2257 1032 9.
2292 971 2580 1030 eamdem
2611 975 2824 1032 tenent
2848 970 3096 1031 Lessius
3126 986 3392 1032 c.xxxn.

1861 1065 2011 1139 dub,
2037 1081 2130 1124 111.
2168 1083 2273 1123 nu.
2304 1068 2399 1124 17.
2461 1064 2749 1125 Turrian.
2776 1063 3136 1143 disp.xxm.
3172 1064 3320 1124 dub.
3347 1080 3391 1123 1.

1862 1176 1967 1218 nu.
2001 1161 2059 1218 6.
2092 1156 2400 1232 Valentia,
2433 1157 2626 1235 Vega,
2688 1156 2999 1232 Rebellu8‚
3056 1147 3393 1231 MalderiiS‚

1864 1249 2274 1327 ReginalduS,
2308 1250 2589 1325 Ramnes,
2636 1249 2995 1323 Bobadilla,
3029 1247 3392 1324 Villalobos,

1863 1346 1925 1404 et
1954 1342 2081 1417 alii,
2115 1360 2272 1420 quos
2303 1343 2484 1402 affert
2511 1346 2573 1402 et
2599 1341 2882 1420 sequitur
2911 1341 3112 1400 Diana
3154 1343 3202 1401 I.
3237 1344 3390 1401 tom.

1863 1453 1997 1515 par.
2033 1450 2102 1494 11.
2135 1437 2314 1495 tract.
2348 1450 2393 1494 1.
2425 1432 2744 1494 Mese-ellan.
2779 1434 2963 1494 resol.
2996 1435 3098 1495 66.
3148 1438 3211 1494 et
3235 1436 3390 1495 tom.

1863 1530 1965 1590 III.
1999 1530 2183 1588 tract.
2218 1543 2302 1586 lv.
2337 1525 2655 1586 Miscellan.
2690 1526 2875 1587 resol.
2909 1529 3047 1589 172.

1946 1619 2236 1682 Secunda
2266 1618 2576 1679 sententIa
2605 1618 2818 1694 docet,
2852 1618 3138 1680 satisfieri
3166 1617 3396 1696 eligen-

1864 1715 1944 1775 do
1992 1712 2237 1791 dignOS,
2272 1712 2498 1772 omisso
2528 1713 2719 1772 etiam
2750 1711 3048 1790 digniori,
3099 1710 3180 1772 ad
3231 1709 3398 1789 ejus-

1861 1806 2034 1867 modi
2061 1805 2286 1866 officia.
2326 1808 2441 1865 Pro
2472 1804 2590 1864 hac
2618 1804 2927 1865 sententia
2957 1804 3239 1865 Sanchez
3262 1807 3390 1864 n.8.

1862 1901 2053 1960 refert
2080 1898 2281 1958 solum
2303 1900 2543 1975 Burgos
2560 1897 2637 1956 de
2659 1900 2782 1959 Paz
2810 1896 3115 1975 prooemio
3144 1897 3206 1956 in
3227 1897 3397 1974 leges

1863 1992 2054 2054 Tauri
2082 2010 2143 2051 ιι.
2173 1994 2307 2052 175.
2343 1990 2453 2049 sed
2480 2008 2619 2050 eam
2640 1994 2857 2051 tenent
2884 1989 2984 2049 alii
3017 1990 3248 2068 plureS,
3281 1991 3399 2050 Ca-

1857 2085 2108 2165 jetanus
2137 2084 2328 2143 verbo
2350 2128 2365 2159 ‚
2411 2083 2605 2143 electio
2633 2082 2942 2163 officiales,
2977 2084 3262 2161 Vasquez
3293 2080 3398 2141 ubi

1863 2196 2053 2256 supra
2083 2176 2232 2236 dub.
2268 2193 2402 2236 xm.
2431 2195 2537 2236 nu.
2570 2179 2667 2236 97.
2704 2175 3045 2251 MolfesiuS,
3080 2180 3143 2236 et
3164 2177 3398 2234 Homo-

1864 2270 2085 2343 bonuS,
2121 2288 2278 2348 quos
2308 2271 2487 2329 affert
2513 2269 2716 2329 Diana
2744 2269 2912 2328 dicta
2934 2267 3118 2329 resol.
3152 2270 3252 2328 66.
3292 2267 3395 2346 qui

1863 2364 2117 2424 tandem
2148 2362 2316 2422 dicta
2343 2361 2527 2422 resol.
2565 2365 2700 2422 172.
2754 2361 3012 2435 fatetur,
3043 2359 3216 2419 illam
3262 2376 3396 2418 esse

1863 2455 2235 2517 sententiam
2287 2453 2675 2532 probabilem
2694 2499 2709 2529 ,
2762 2453 2924 2514 sicut
2967 2457 3033 2512 et
3056 2452 3399 2513 Turi-ianus

1860 2549 1996 2608 loco
2025 2548 2213 2608 citato
2238 2545 2629 2626 probabilem
2658 2546 2907 2620 fatetur,
2921 2545 3070 2606 licet
3093 2545 3226 2623 ipse
3254 2562 3399 2604 con-

1861 2645 1960 2701 tra
1988 2641 2273 2718 Vasquez
2304 2639 2658 2718 oppositam
2689 2641 2920 2699 teneat.

1943 2733 2154 2793 Tertia
2215 2731 2524 2793 sententia
2578 2725 2904 2809 distinguit
2968 2730 3131 2790 inter
3193 2728 3399 2789 officia

1864 2845 2004 2906 quae
2034 2826 2441 2886 conferuntur
2466 2824 2546 2885 ab
2577 2842 2700 2884 uno
2731 2824 2884 2899 sole,
2920 2827 2983 2884 et
3019 2841 3159 2902 quae
3187 2821 3399 2882 confe-

1863 2923 2086 2979 runtur
2114 2937 2227 2995 per
2254 2917 2553 2996 suffragia
2581 2917 2944 2977 multorum.
2994 2918 3084 2977 Ita
3117 2914 3399 2976 Sanchez

1857 3013 1995 3073 loco
2023 3011 2362 3089 citato,pro
2395 3028 2518 3088 qua
2547 3009 2942 3070 distinctione
2973 3008 3179 3067 afferri
3210 3006 3397 3066 etiam

1858 3108 2118 3185 possunt
2144 3105 2390 3163 Bannes
2419 3102 2482 3161 in
2512 3102 2798 3181 praesenti
2831 3121 2934 3182 qu.
2970 3116 3146 3161 nxm.
3182 3102 3298 3160 art.
3325 3115 3394 3159 11.

1861 3199 2010 3258 dub.
2046 3202 2105 3258 6.
2136 3197 2442 3257 Ledesma
2469 3195 2533 3255 in
2564 3196 2831 3271 Summa,
2865 3199 3018 3257 tom.
3052 3196 3127 3255 11.
3162 3196 3241 3255 tr.
3279 3210 3418 3260 vn„

1862 3310 2000 3369 cap.
2035 3296 2093 3352 2.
2130 3290 2321 3350 diffie.
2356 3293 2415 3351 5.
2464 3290 2755 3352 Salonius
2800 3308 2905 3368 qu.
2940 3289 3151 3349 LXIII.
3186 3290 3302 3347 art.
3338 3302 3398 3346 v.

1861 3387 2245 3444 controvers,
2280 3387 2338 3444 9.
2383 3383 2657 3443 concluS.
2693 3386 2751 3443 2.
2786 3380 3137 3460 Aragonius
3165 3379 3253 3440 ibi
3278 3383 3397 3440 art.

1862 3494 1931 3537 11.
1994 3476 2101 3555 qui
2147 3475 2493 3554 loquuntur
2538 3474 2615 3535 de
2658 3475 2965 3536 electione
3008 3490 3147 3552 quae
3193 3473 3263 3533 fit
3290 3491 3404 3551 per

1864 3569 2046 3649 plura
2070 3568 2390 3646 suffragia.
2427 3567 2707 3629 Sanchez
2735 3567 2946 3645 itaque
2974 3566 3148 3641 dicit,
3179 3566 3241 3624 in
3273 3564 3403 3625 offi-

1866 3662 1978 3724 ciis
2026 3679 2167 3740 quae
2198 3661 2434 3719 habent
2473 3660 3080 3720 administrationem
3118 3656 3398 3736 justitiae,

1865 3754 1963 3814 vel
1990 3753 2536 3831 gubernationem,
2563 3748 2621 3810 ‘si
2651 3752 2872 3812 electio
2904 3751 3095 3811 debet
3126 3750 3259 3809 fieri
3291 3767 3405 3828 per

1866 3845 2165 3924 suffragia
2190 3892 2205 3922 ,
2252 3845 2351 3904 vel
2395 3845 2472 3904 de
2503 3844 2788 3922 personis
2816 3842 3099 3922 ejusdem
3127 3858 3405 3902 commu-

1867 3938 2079 4000 nitatis
2103 3984 2118 4013 ,
2174 3955 2296 3997 non
2326 3954 2509 4016 posse
2551 3936 2683 3995 sine
2711 3939 2968 4015 peccato
2997 3934 3174 4014 gravi
3202 3933 3406 3995 omitti

1867 4020 2217 4109 digniorem
2256 4050 2268 4090 ε
2322 4029 2468 4108 quia
2498 4047 2570 4089 eo
2601 4029 2734 4106 ipso
2766 4028 2932 4109 quod
2965 4027 3291 4107 eligendus
3325 4027 3408 4088 sit

1868 4122 2149 4184 officialis
2179 4143 2250 4183 ex
2281 4122 2385 4183 tali
2419 4122 2907 4193 communitate;
2953 4121 3088 4200 jam
3124 4138 3407 4181 commu-

1869 4217 2029 4276 nitas
2077 4220 2141 4276 et
2175 4219 2385 4294 partes
2427 4214 2591 4275 illius
2640 4214 2877 4275 habent
2912 4214 3017 4293 jus
3045 4212 3299 4292 aliquod
3324 4211 3408 4273 ad

1865 4309 2017 4369 illud
2049 4309 2324 4369 officium
2349 4355 2364 4383 ‚
2416 4313 2605 4387 atque
2654 4307 2795 4367 ideo
2825 4308 3098 4386 pertinet
3124 4305 3205 4366 ad
3227 4305 3409 4386 justi·

1867 4402 2018 4464 tiam
2067 4401 2531 4462 distributivam
2585 4399 2820 4461 honum
2874 4400 3030 4460 illud
3074 4417 3407 4460 commune

1868 4495 2241 4556 distribuere
2263 4495 2443 4573 juxta
2490 4493 2714 4554 merita
2761 4493 3189 4571 singulorum,
3236 4491 3407 4571 quod

1869 4589 2055 4648 etiam
2077 4588 2385 4666 contingit
2405 4586 2656 4667 quando
2674 4587 2894 4648 electio
2923 4586 3057 4646 fieri
3078 4585 3268 4645 debet
3294 4603 3406 4663 per

1867 4681 2047 4760 plura
2075 4681 2407 4759 suffragia,
2443 4680 2590 4759 quia
2616 4680 2844 4740 modus
2871 4679 2974 4739 ille
3005 4678 3275 4757 eligendi
3305 4696 3404 4737 os-

1866 4774 2104 4850 tendit,
2153 4776 2389 4835 bonum
2433 4773 2587 4833 illud
2626 4774 2759 4852 Jam
2790 4791 2925 4833 esse
2971 4773 3204 4833 factum
3235 4789 3406 4831 com-

1866 4886 2088 4942 mune,
2139 4871 2201 4927 et
2240 4866 2739 4930 distribuendum
2783 4865 3129 4926 secundum
3157 4863 3407 4942 regulas

255 4965 418 5022 rectae
446 4960 1004 5037 administrationi,
1058 4978 1281 5039 parum
1312 4959 1544 5039 quippe
1575 4959 1766 5019 refer·
1859 4961 2119 5040 justitiae
2153 4960 2588 5022 distributivae.

256 5057 337 5113 ret
375 5055 448 5114 ad
493 5055 860 5115 electionem
890 5053 1067 5114 ducis
1090 5099 1106 5129 ,
1142 5053 1310 5131 quod
1339 5052 1646 5130 superbus
1674 5069 1767 5111 es-

255 5150 353 5222 set,
383 5152 442 5208 et
467 5148 741 5209 duellum
789 5148 1069 5209 oblatum
1114 5163 1237 5205 non
1268 5150 1606 5207 recusaret.
1668 5143 1765 5205 Ad

256 5238 438 5301 officia
488 5245 698 5303 tamen
756 5241 1009 5319 politica
1074 5239 1433 5317 reipublicae
1484 5238 1764 5316 pacificae

254 5347 360 5389 non
388 5351 604 5410 parum
635 5338 908 5410 noceret,
937 5333 1292 5393 ministrum
1319 5330 1641 5409 publicum
1692 5330 1764 5391 ti-

253 5440 406 5485 more
431 5428 538 5488 Dei
569 5446 806 5505 carere,
844 5430 908 5487 et
937 5426 1084 5488 vitio
1122 5425 1331 5505 aliquo
1361 5423 1607 5485 mortali
1656 5423 1763 5483 de-

255 5515 433 5579 ditum
458 5540 612 5583 esse.

1947 5056 2172 5114 Fateor
2199 5058 2435 5129 tamen,
2462 5071 2562 5112 me
2592 5070 2717 5112 non
2746 5052 2898 5112 satis
2926 5050 3249 5131 percipere
3276 5049 3404 5110 vim

1867 5145 2053 5224 hujus
2082 5145 2493 5206 distinctionis
2526 5191 2541 5220 ,
2575 5145 2674 5205 vel
2704 5143 3166 5223 consequentiae
3197 5141 3404 5221 quoad

1866 5243 2202 5317 utrumque
2231 5242 2440 5316 caput.
2494 5239 2652 5297 Nam
2684 5236 2745 5294 in
2777 5235 2995 5313 primis
3021 5281 3036 5311 ‚
3087 5234 3254 5313 quod
3286 5234 3405 5293 ele-

1867 5331 1987 5392 ctio
2018 5331 2247 5392 debeat
2275 5330 2414 5390 fieri
2440 5348 2554 5408 per
2582 5328 2880 5407 suffragia
2907 5328 3086 5407 plura
3110 5373 3126 5403 ,
3180 5327 3279 5387 vel
3325 5327 3405 5388 ab

1865 5442 1989 5484 uno
2021 5424 2176 5499 solo,
2198 5441 2322 5483 non
2350 5427 2444 5484 est
2472 5421 2796 5482 curvariet
2824 5420 3271 5499 obligationem
3303 5419 3408 5480 eli-

1863 5517 2049 5597 gendi
2099 5516 2449 5595 digniorem
2497 5535 2511 5576 :
2562 5515 2728 5595 quod
2784 5514 2950 5574 enim
3007 5512 3409 5594 requirantur

3546 515 3620 574 13

3446 638 3511 682 Aa
3545 639 3742 681 01101111-

3443 693 3555 746 90101
3563 693 3742 745 0119οι1111

3444 747 3597 788 adhaec
3606 747 3743 789 officai

3471 799 3583 855 (119111
3586 811 3716 848 (1.1·0111

3537 853 3660 895 varim

3504 906 3720 949 010111.8

3563 5074 3629 5131 11

3472 5202 3562 5245 Non
3585 5201 3727 5249 refert.

3453 5256 3560 5308 quod
3600 5255 3748 5296 electio

3471 5309 3542 5350 flat
3559 5308 3611 5349 ab
3630 5319 3728 5356 11110,

3454 5364 3519 5404 vel
3530 5374 3551 5403 a
3567 5361 3750 5416 pluribus
