4263 6376
862 346 978 404 244

858 518 1027 579 mille
1046 517 1348 598 personis,
1380 534 1520 595 quae
1540 513 1714 576 initio
1735 513 2229 588 contribuerunt,
2263 529 2387 590 qua

857 629 967 690 spe
996 611 1204 689 plures
1230 608 1606 684 alliciuntur,
1640 625 1783 667 cum
1810 606 1945 667 fieri
1967 606 2183 685 possit,
2219 604 2386 683 quod

859 706 993 766 100.
1026 703 1231 764 aureis
1258 701 1533 761 habeant
1552 698 1889 779 aliquando
1911 701 2087 760 2000.
2125 697 2225 757 vel
2255 697 2386 775 plu-

856 814 956 856 res
984 812 1207 854 aureos
1236 811 1475 853 annuos
1507 792 1567 851 in
1608 792 1757 868 vita,
1809 791 1860 851 si
1881 790 2014 870 jam
2057 808 2240 865 unuS,
2287 789 2386 849 vel

854 887 980 948 duo
1010 886 1126 948 soli
1155 905 1228 946 ex
1258 890 1387 947 toto
1418 885 1522 945 illo
1553 902 1814 946 numero
1843 883 2207 962 superstites
2236 882 2379 942 sint.

855 980 1156 1041 Venditor
1200 984 1409 1040 autem
1468 976 1730 1037 durante
1786 976 1915 1036 vita
1961 976 2209 1035 illorum
2253 991 2388 1034 om-

854 1072 1051 1148 nium,
1111 1071 1294 1131 solvit
1347 1070 1549 1130 solum
1580 1068 1854 1148 quinque
1901 1086 2012 1145 pro
2045 1070 2296 1127 centum
2326 1070 2388 1126 et

853 1168 1073 1243 postea
1097 1163 1357 1224 mortuis
1388 1160 1852 1222 omnibusliber
1867 1163 2079 1220 manet
2108 1159 2186 1219 ab
2217 1158 2386 1220 omni

854 1274 1064 1317 onere.
1099 1255 1213 1328 Qui
1244 1259 1597 1316 contractus
1627 1254 1793 1314 utilis
1821 1253 2087 1328 videtur,
2123 1269 2387 1330 praeser-

854 1348 966 1409 tim
993 1348 1147 1409 locis
1188 1348 1326 1427 piis,
1374 1348 1472 1407 vel
1500 1345 2051 1408 communitatibus
2102 1364 2225 1405 non
2256 1363 2385 1405 mo-

854 1441 1177 1516 rientibuS,
1231 1458 1370 1519 quae
1415 1439 1534 1499 1100
1574 1438 1764 1499 modo
1808 1437 2118 1499 reducunt
2162 1455 2386 1497 census

853 1538 1210 1612 perpetuos,
1258 1550 1415 1611 quos
1443 1532 1693 1592 solvunt
1720 1529 1800 1590 ad
1836 1547 2060 1589 census
2084 1528 2384 1590 vitalitios

854 1643 980 1685 non
1008 1624 1296 1704 augendo
1344 1623 1696 1703 pensiones,
1750 1628 1812 1683 et
1837 1625 1980 1700 post
2007 1624 2106 1682 70.
2155 1622 2378 1683 ve180.

853 1735 1048 1778 annos
1075 1716 1423 1777 liberantur
1452 1715 1625 1776 omni
1654 1713 1888 1774 debito,

932 1809 1045 1869 Hic
1074 1809 1263 1870 etiam
1313 1812 1669 1869 contractus
1712 1810 1774 1867 et
1817 1824 2018 1882 mons,
2068 1805 2382 1885 loquendo

850 1901 1072 1962 saltem
1101 1901 1178 1960 de
1199 1900 1340 1981 jure
1372 1905 1633 1976 naturae,
1688 1915 1814 1958 non
1843 1898 2092 1960 videtur
2130 1898 2383 1959 illicitus

850 2012 928 2053 ex
954 1998 1131 2072 parte
1161 1992 1505 2054 venditoris
1553 2010 1754 2071 neque
1785 1994 2173 2070 emptorum;
2235 1991 2383 2071 quia

849 2085 995 2146 licet
1021 2086 1293 2145 minores
1322 2085 1559 2146 reditus
1613 2083 2011 2161 assignentur
2056 2083 2316 2162 singulis
2345 2102 2383 2144 a

849 2177 1177 2256 principiO,
1211 2194 1400 2255 quam
1429 2177 1670 2236 soleant
1698 2175 1838 2235 dari
1864 2194 1976 2254 pro
2008 2194 2199 2236 censu
2228 2176 2383 2238 vita-

847 2269 1011 2342 litio;
1072 2273 1512 2347 compensatur
1562 2273 1771 2329 tamen
1801 2266 2081 2328 defectus
2125 2267 2228 2328 ille
2271 2287 2381 2347 spe

848 2362 1168 2441 augmenti
1195 2360 1450 2439 majoris
1477 2378 1670 2438 supra
1686 2378 1909 2420 census
1924 2360 2239 2437 vitalitios‚
2274 2360 2379 2439 qui

847 2454 1110 2513 reddere
1142 2453 1343 2513 solent
1370 2455 1468 2513 10.
1502 2470 1615 2530 pro
1649 2454 1782 2513 100.
1818 2451 1880 2511 iu
1912 2450 2032 2512 hoc
2062 2470 2211 2512 casu
2241 2471 2379 2531 pos-

847 2550 992 2605 sunt
1018 2543 1283 2605 reddere
1316 2547 1413 2605 20.
1465 2544 1564 2603 vel
1597 2546 1732 2604 100.
1767 2547 1875 2604 aut
1901 2545 2040 2604 500.
2092 2562 2206 2622 pro
2239 2546 2373 2606 100.

847 2656 1041 2717 quare
1094 2637 1344 2697 videtur
1384 2654 1517 2696 esse
1565 2640 1919 2696 contractus
1963 2635 2253 2712 fortunae,
2316 2636 2378 2696 in

846 2748 969 2809 quo
1001 2748 1141 2808 spes
1160 2728 1315 2789 lucri
1346 2731 1709 2807 compensat
1733 2726 2373 2807 periculumjacturae.

846 2825 1003 2884 Item
1029 2822 1176 2883 licet
1199 2821 1489 2881 venditor
1533 2820 1821 2880 videatur
1848 2820 2108 2897 lucrari,
2162 2828 2381 2900 quate-

846 2934 963 2976 nus
990 2913 1225 2974 reditus
1255 2932 1411 2993 quos
1457 2912 1715 2972 deberet
1757 2912 1997 2972 solvere
2044 2919 2379 2992 perpetuos

845 3026 959 3088 pro
990 3007 1098 3067 illa
1132 3024 1378 3066 summa
1408 3008 1663 3065 centum
1710 3005 1879 3064 mille
1910 3023 2245 3064 aureorum
2276 3024 2380 3066 ac-

845 3104 1047 3180 cepta,
1081 3098 1323 3159 reducit
1351 3098 1429 3158 ad
1451 3096 1831 3174 temporales
1860 3100 1923 3157 et
1947 3096 2278 3170 vitalitios;
2312 3098 2377 3158 id

844 3198 1056 3256 tamen
1100 3193 1232 3253 sine
1290 3191 1471 3251 ullius
1516 3187 1748 3269 injuria
1775 3187 1865 3265 fit,
1925 3207 2069 3249 cum
2117 3190 2377 3268 singulis

844 3289 1209 3364 compenset
1261 3282 1738 3343 diminutionem
1781 3287 2157 3361 praesentem
2207 3283 2376 3342 redi-

844 3385 1021 3441 tuum
1050 3396 1159 3457 spe
1187 3375 1443 3455 majoris
1464 3374 1641 3450 lucri,
1676 3391 1865 3452 quam
1885 3391 2063 3451 spem
2093 3374 2214 3453 ipsi
2243 3392 2375 3433 em—

841 3475 1010 3532 tores
1039 3488 1161 3531 non
1188 3468 1447 3528 minoris
1476 3466 1733 3542 faciunt,
1768 3482 1957 3544 quam
1986 3466 2037 3525 si
2068 3465 2374 3528 haberent

844 3567 939 3625 10.
974 3579 1197 3623 aureos
1226 3578 1467 3620 annuos
1485 3563 1844 3637 praesentes.
1879 3557 2159 3636 Denique
2180 3562 2373 3620 inter-

841 3656 1013 3717 venit
1058 3654 1246 3715 etiam
1302 3670 1460 3713 onus
1514 3667 1837 3728 magnum,
1899 3653 1961 3710 et
1997 3650 2250 3727 jactura
2297 3669 2371 3710 ex

841 3752 1017 3827 parte
1046 3744 1408 3821 venditoris,
1456 3761 1530 3803 eo
1561 3743 1731 3822 quod
1759 3747 2004 3818 vacent,
2055 3760 2169 3802 nec
2199 3744 2373 3823 expi-

839 3844 980 3902 rent
1006 3840 1070 3900 in
1099 3837 1500 3899 commodum
1526 3835 1691 3895 illius
1713 3852 1928 3895 omnes
1956 3834 2002 3894 ii
2030 3852 2253 3895 census
2283 3836 2371 3896 vi-

838 3934 1039 4009 talitii‚
1089 3931 1198 3992 sed
1226 3931 1291 3990 in
1319 3927 1717 3990 commodum
1747 3926 2176 4005 superstitum,
2211 3929 2372 3989 sicut

837 4026 889 4087 si
939 4023 1321 4087 vendidisset
1374 4037 1630 4081 censum
1694 4017 2014 4079 vitalitium
2071 4036 2186 4097 pro
2241 4020 2369 4081 vita

837 4119 1005 4178 mille
1051 4115 1398 4182 hominum,
1457 4112 1626 4191 quod
1680 4110 2024 4170 maximum
2069 4115 2164 4172 est
2211 4131 2368 4173 onus

836 4209 1169 4283 venditori,
1229 4225 1375 4267 nam
1402 4206 1450 4266 si
1509 4203 1768 4282 singulis
1816 4204 1896 4263 ad
1944 4203 2138 4264 vitam
2169 4205 2367 4265 solam

834 4304 1221 4383 singulorum
1249 4298 1632 4359 vendidisset
1658 4296 1827 4355 mille
1875 4314 2096 4356 census
2126 4296 2365 4375 absque

833 4398 959 4458 ulla
978 4392 1384 4465 connexione,
1418 4394 1562 4468 post
1579 4392 1677 4450 20.
1705 4406 1902 4448 annos
1923 4388 2197 4449 extincta
2219 4389 2369 4449 fuis-

832 4495 929 4551 set
952 4487 1157 4549 media
1185 4503 1329 4564 pars
1358 4483 1607 4543 illorum
1635 4499 1934 4541 censuum
1988 4494 2002 4541 3
2059 4498 2225 4541 nunc
2252 4500 2368 4542 au-

833 4588 958 4644 tem
989 4580 1176 4642 debet
1203 4595 1361 4639 onus
1390 4575 1543 4635 illud
1571 4574 1884 4652 integrum
1919 4573 2224 4633 sustinere
2252 4592 2367 4653 per

830 4678 928 4737 70.
980 4678 1042 4734 et
1068 4673 1226 4732 forte
1254 4670 1463 4748 plures
1506 4683 1725 4741 annos,
1786 4666 1935 4744 quia
1960 4683 2084 4725 uno
2124 4665 2256 4725 solo
2288 4684 2361 4725 ex

828 4768 948 4828 illis
978 4765 1144 4826 mille
1170 4759 1524 4840 superstite,
1577 4758 1632 4818 ei
1682 4757 1871 4818 debet
1916 4761 2079 4818 totos
2122 4758 2362 4819 reditus

828 4860 1069 4922 solvere
1118 4877 1131 4918 :
1182 4872 1377 4935 quare
1409 4870 1535 4913 non
1571 4855 1833 4929 apparet
1859 4850 2252 4929 inaequalitas
2296 4850 2358 4909 in

830 4973 903 5015 eo
962 4952 1286 5013 contractu
1311 4992 1326 5023 ,
1387 4946 1512 5005 imo
1566 4962 1682 5004 1100
1737 4943 2001 5004 fortasse
2056 4960 2358 5021 magnum

826 5043 1227 5108 commodum
1256 5037 1599 5100 venditoris
1632 5056 1646 5097 :
1683 5035 1829 5115 quia
1859 5035 2102 5097 etiamsi
2134 5053 2358 5095 census

827 5142 1159 5219 perpetuos
1176 5131 1551 5206 retinuisset,
1577 5128 1879 5207 potuisset
1895 5132 1990 5189 tot
2005 5128 2185 5187 annis
2204 5146 2360 5206 pau-

823 5231 999 5292 latim
1041 5228 1179 5288 illos
1224 5224 1433 5305 quoad
1489 5239 1788 5300 maguam
1842 5221 2065 5282 saltem
2112 5225 2357 5298 partem

823 5324 1131 5386 redimere
1165 5339 1179 5380 ε
1213 5336 1378 5377 1111110
1406 5320 1619 5377 autem
1648 5314 1863 5375 conari
1892 5331 2016 5373 nou
2043 5317 2250 5390 potest
2276 5313 2356 5372 ad

819 5414 1257 5478 redimendum
1287 5410 1407 5471 hoc
1436 5428 1616 5484 onuS,
1664 5426 1807 5468 cum
1837 5409 2095 5485 propter
2123 5423 2357 5466 conne-

822 5512 1094 5583 xionem,
1128 5511 1189 5565 et
1212 5502 1669 5564 successionem
1699 5500 1958 5584 deberet
1984 5517 2235 5575 semper
2263 5501 2358 5557 to-

1985 339 2085 398 DE
2125 338 2478 399 JUS‘rl'rlA
2524 338 2623 397 ΕΤ
2663 337 2862 398 JURE

2485 516 2614 571 tam
2645 529 2954 572 summam
2982 510 3290 589 integram
3324 512 3577 571 centum
3604 508 3865 570 millium
3893 528 4000 569 au-

2485 622 2736 664 reorum
2764 603 3195 682 superstitibus
3225 603 3509 680 reddere,
3555 603 3602 663 si
3634 603 3819 664 vellet
3845 602 3999 662 redi-

2484 715 2676 757 mere.

2565 789 2722 863 Dixi,
2775 793 3011 851 attento
3034 790 3177 868 jure
3208 792 3467 865 naturae,
3518 791 3907 850 contractum
3934 786 3999 844 il·
4113 798 4196 857 m

2482 882 2613 941 lum
2641 901 2763 942 non
2794 900 2926 941 esse
2955 881 3275 951 illicitum;
3312 882 3456 960 quia
3477 886 3713 942 attento
3736 882 3879 959 jure
3901 896 4000 957 po·
4084 921 4132 962 A„
4153 923 4218 974 im

2483 976 2686 1049 sitivo,
2745 993 2867 1054 quo
2914 974 3283 1053 prohibetur
3327 993 3402 1032 ne
3449 991 3674 1033 census
3736 978 3995 1047 ematur,
4054 976 4222 1071 ¹³⁰5ng

2485 1088 2607 1147 quo
2637 1067 2940 1128 venditori
2962 1067 3281 1128 auferatur
3305 1066 3560 1127 libertas
3582 1066 3756 1126 illum
3786 1066 4000 1126 eodem
4207 1062 4216 1073 '

2483 1161 2681 1238 pretio
2711 1160 3080 1236 redimendi,
3141 1163 3327 1238 prout
3354 1159 3708 1219 continetur
3748 1159 3809 1219 in
3836 1156 4002 1218 bulla

2485 1256 2548 1313 S.
2584 1251 2674 1312 Pii
2705 1255 2779 1314 V.
2837 1257 2900 1313 et
2951 1252 3206 1312 libertas
3260 1251 3449 1312 etiam
3499 1251 3848 1311 redimendi
3894 1268 4001 1328 per

2483 1350 2711 1424 parteS,
2743 1349 2930 1423 prout
2947 1343 3247 1404 contineri
3275 1343 3523 1404 videtur
3548 1344 3614 1403 in
3633 1343 3769 1404 aliis
3789 1345 4003 1404 Extra-

2482 1437 2875 1516 vagantibuS,
2926 1436 3199 1497 dubitari
3244 1440 3457 1515 posset
3485 1436 3566 1496 de
3612 1436 3733 1498 hoc
3761 1439 4002 1497 contra-

2482 1537 2609 1608 ctu,
2669 1549 2790 1610 quo
2841 1530 3088 1591 videtur
3132 1530 3365 1590 auferri
3406 1529 3661 1589 libertas
3699 1528 4004 1589 venditori

2480 1623 2829 1684 redimendi
2868 1641 3147 1699 censum,
3197 1639 3384 1701 quem
3413 1620 3673 1699 singulis
3701 1621 4000 1699 vendidit,

2481 1716 2741 1778 redditis
2787 1720 3036 1776 centum
3076 1714 3283 1773 aureis
3339 1732 3493 1793 quos
3541 1712 3803 1793 accepit,
3862 1714 4006 1792 quia

2481 1828 2730 1888 semper
2755 1807 2981 1886 singuli
3008 1811 3266 1867 manent
3310 1824 3453 1866 cum
3497 1805 3599 1866 illo
3622 1807 3766 1885 jure
3798 1807 3878 1866 ad
3907 1824 4001 1866 re-

2481 1901 2645 1963 ditus
2673 1903 2988 1976 vacanteS,
3022 1898 3190 1978 quod
3220 1901 3524 1959 emerunt.
3558 1899 3867 1960 Caeterum
3893 1898 4008 1958 du·

2478 1995 2653 2055 bium
2679 1993 2985 2071 imprimis
3015 1996 3128 2067 est,
3172 2009 3253 2052 an
3284 1990 3674 2052 conditiones
3703 2010 3828 2052 non
3858 2009 4007 2053 con-

2479 2092 2667 2150 tentae
2696 2088 2758 2146 in
2788 2085 2958 2145 bulla
2979 2085 3072 2145 Pii
3095 2086 3169 2146 V.
3205 2089 3267 2145 et
3295 2088 3604 2145 contentae
3631 2083 3693 2143 in
3723 2084 3862 2145 aliis
3891 2086 4008 2145 Ex-

2479 2178 2950 2258 travagantibus
2980 2177 3277 2255 obligent,
3312 2180 3375 2237 et
3394 2175 3648 2255 quidem
3669 2177 3837 2255 quod
3860 2195 4009 2237 cen-

2479 2292 2584 2333 sus
2613 2272 2806 2350 possit
2832 2289 2944 2350 per
2988 2275 3197 2348 partes
3226 2267 3471 2344 redimi,
3523 2268 3774 2330 videtur
3801 2270 4011 2330 solum

2478 2366 2540 2425 in
2569 2366 2687 2425 illis
2731 2363 2869 2424 aliis
2897 2360 3461 2438 Extravagantibus
3491 2361 3817 2422 contineri.
3881 2364 4012 2422 Du·-

2476 2458 2648 2518 bium
2678 2457 2864 2518 etiam
2895 2460 3008 2531 est,
3041 2473 3120 2515 an
3149 2454 3291 2514 Pius
3319 2455 3393 2516 V.
3427 2451 3525 2513 vel
3552 2453 3642 2513 illi
3672 2454 3776 2514 alii
3811 2454 4011 2517 locuti

2477 2551 2707 2611 fuerint
2735 2550 2812 2610 de
2843 2548 3130 2608 censibus
3157 2546 3454 2621 vitalitiis‚
3495 2547 3574 2605 de
3605 2547 3834 2625 quibus
3866 2565 4009 2608 om-

2478 2644 2660 2703 nibus
2689 2647 2906 2721 postea
2952 2641 3232 2701 dicemus
3278 2644 3534 2716 agentes
3581 2638 3659 2698 de
3686 2639 4008 2700 censibus.

2481 2736 2829 2796 Praesertim
2860 2752 3002 2794 cum
3032 2750 3155 2792 non
3177 2730 3495 2792 auferatur
3513 2731 3576 2790 in
3605 2730 3726 2791 hoc
3755 2737 4014 2792 contra-

2477 2836 2578 2891 ctu
2626 2827 2934 2890 venditori
2988 2826 3270 2885 absolute
3334 2824 3600 2884 facultas
3651 2824 4020 2884 redimendi

2476 2926 2753 2998 censum,
2812 2921 2864 2980 si
2892 2919 3043 2980 velit
3082 2922 3280 2978 totam
3323 2934 3634 2976 summam
3680 2923 4017 2994 acceptam

2477 3020 2728 3076 centum
2757 3012 3024 3073 millium
3054 3027 3388 3070 aureorum
3421 3008 3708 3084 reddere,
3741 3009 3841 3068 vel
3874 3008 4021 3089 ejus

2475 3114 2739 3188 partem,
2787 3112 2849 3167 et
2875 3106 2960 3166 ita
2990 3102 3411 3180 extinguendo
3440 3101 3505 3161 in
3536 3106 3757 3177 totum,
3810 3103 3918 3161 vel
3950 3103 4018 3161 in

2477 3208 2652 3281 parte
2681 3196 3130 3281 proportionali
3150 3194 3254 3274 jus
3282 3195 3364 3255 ad
3393 3199 3554 3256 totos
3571 3195 3707 3256 illos
3736 3196 4017 3272 redituri,

2474 3285 2757 3355 remanet
2777 3289 3111 3370 insingulis
3123 3287 3509 3365 emptoribus
3529 3287 3633 3367 jus
3653 3290 4021 3367 proportio-

2474 3395 2690 3449 natum
2720 3385 2799 3445 ad
2820 3401 3036 3464 omnes
3064 3380 3201 3441 illos
3222 3398 3366 3440 cum
3395 3381 3812 3458 successione,
3847 3400 4024 3460 qua-

2473 3488 2654 3543 tenus
2685 3478 2892 3556 aliquo
2922 3474 3106 3535 modo
3157 3473 3198 3533 ii
3246 3491 3463 3533 omnes
3515 3474 3692 3552 quasi
3721 3492 3836 3553 per
3867 3493 4021 3534 mo·-

2472 3577 2624 3636 dum
2654 3571 2836 3632 unius
2888 3569 3181 3629 videntur
3234 3565 3458 3626 emisse
3513 3584 3769 3627 censum
3796 3572 4027 3629 totum

2470 3669 2665 3730 illum.
2740 3663 2943 3736 Quare
2998 3679 3074 3720 ex
3128 3658 3246 3718 hoc
3300 3657 3502 3736 capite
3572 3677 3695 3719 non
3749 3659 4030 3721 videtur

2470 3760 2658 3821 etiam
2700 3757 2779 3816 de
2827 3755 2969 3834 jure
3016 3751 3281 3831 positivo
3326 3749 3574 3811 illicitus
3611 3750 3713 3811 ille
3746 3758 4024 3814 contra·

2467 3858 2627 3915 ctus.

2548 3945 2776 4008 Ultimo
2804 3938 3072 4001 dubitari
3101 3941 3308 4017 potest
3323 3937 3399 3997 de
3419 3936 3556 3996 aliis
3582 3936 3922 3999 montibus
3955 3939 4026 3999 in
4175 3957 4223 4017 24

2467 4038 2680 4116 Belgio
2711 4033 3079 4096 auctoritate
3111 4030 3362 4109 publica
3390 4029 3635 4107 erectis,
3669 4029 3732 4089 in
3763 4032 4030 4110 quibus

2467 4130 2857 4209 accipiuntur
2910 4124 3190 4205 pecuniae
3236 4122 3318 4183 ad
3348 4140 3628 4199 censum,
3685 4127 3751 4184 et
3777 4129 4031 4202 postea
4096 4085 4223 4180 ,3ἷο

2464 4229 2681 4284 mutuo
2738 4223 2966 4281 dantur
3017 4215 3440 4294 indigentibus
3488 4233 3631 4275 cum
3675 4214 3867 4278 lucro
3905 4237 4036 4280 ne—
4153 4193 4223 4236 ω

2463 4316 2732 4377 cessario
2764 4313 2842 4372 ad
2864 4310 3196 4372 solvendos
3215 4307 3452 4369 reditus
3472 4326 3798 4384 censuum,
3838 4316 3918 4371 et
3940 4312 4036 4373 ad

2464 4425 2766 4487 expensas
2795 4404 3045 4465 montis.
3106 4403 3339 4462 Census
3387 4404 3597 4462 autem
3641 4400 3730 4460 illi
3756 4405 4042 4466 consti—

2460 4506 2720 4563 tuuntur
2746 4499 2947 4559 solum
2977 4513 3165 4575 super
3209 4495 3477 4573 ipsomet
3528 4498 3761 4571 monte,
3830 4497 4041 4558 nulla

2459 4594 2583 4654 alia
2612 4591 2969 4671 hypotheca
2996 4587 3471 4648 interveniente.
3524 4587 3611 4645 De
3643 4586 3896 4665 quibus
3933 4589 4041 4649 vi-

2461 4685 2595 4745 deri
2623 4686 2826 4763 potest
2866 4682 2988 4742 late
3017 4680 3050 4741 J
3059 4696 3290 4739 oannes
3317 4678 3588 4754 wigen,
3634 4677 3741 4756 qui
3772 4697 4042 4741 eorum

2460 4777 2768 4838 montium
2791 4773 3102 4853 justitiam
3132 4771 3254 4831 late
3282 4768 3565 4830 defendit
3591 4769 3654 4829 in
3682 4774 3875 4833 tomo
3915 4793 4044 4836 no—

2458 4869 2708 4930 vissime
2738 4868 2928 4942 edito,
2961 4867 3142 4925 tract.
3168 4866 3242 4925 V.
3275 4861 3345 4922 de
3371 4861 3761 4922 contractibus
3790 4883 3864 4926 c.
3903 4883 4044 4927 vn.

2458 4963 2608 5024 dub.
2641 4966 2699 5023 3.
2760 4964 3012 5022 Certum
3042 4961 3137 5017 est
3163 4956 3329 5034 apud
3362 4974 3476 5016 nos
3503 4955 3681 5016 illum
3710 4965 4046 5021 montem

2456 5074 2582 5116 non
2606 5055 2815 5129 licere,
2850 5067 2993 5113 cum
3014 5049 3197 5130 juxta
3223 5048 3458 5108 bullam
3489 5048 3579 5108 Pii
3609 5049 3683 5109 V.
3719 5067 3885 5127 quae
3925 5054 4048 5115 hie

2456 5147 2845 5220 observatur,
2906 5160 3128 5202 census
3174 5140 3534 5220 personales
3579 5157 3707 5199 non
3734 5139 4046 5225 liceant,

2455 5240 2566 5299 sed
2595 5239 2708 5299 soli
2738 5235 2893 5297 meri
2924 5233 3144 5294 reales.
