4263 6376
75 499 156 560 sit·

1259 298 1731 371 olsPU'rA'rlo
1775 294 2020 382 xxvn,
2069 304 2344 368 SECTIO
2388 303 2463 368 V.

239 487 526 561 metata,
577 502 653 545 eo
683 489 894 547 tamen
922 486 1106 564 pacto
1154 489 1224 547 ut
1248 483 1539 546 venditor
1580 482 1790 544 statim

75 565 187 647 ξ’ῑῖἷζ
241 595 326 637 ex
356 577 467 637 illa
495 578 766 656 pecunia
782 579 983 639 solvat
1001 578 1267 656 emptori
1284 577 1587 653 debitum,
1621 574 1789 655 quod

84 660 174 702 zib·

75 726 135 809 ,ΒΕ

243 671 306 730 ei
337 676 532 732 antea
560 671 851 733 debebat.
885 671 1177 732 Affirmat
1202 670 1434 732 Molina
1463 670 1623 748 disp.
1645 672 1783 730 390.

239 782 359 824 nu.
397 767 458 824 2.
506 762 654 842 quia
683 782 828 824 vere
875 767 1124 843 emptor
1168 764 1437 824 solveret
1478 762 1789 841 integrum

240 857 526 934 pretium
585 875 807 917 census
861 857 1128 935 pecunia
1197 860 1526 917 numerata
1577 872 1790 915 coram

240 949 501 1010 notario
520 954 581 1010 et
596 949 890 1023 testibus3
925 949 1096 1029 quod
1124 967 1272 1009 vero
1302 967 1378 1009 ea
1397 948 1535 1026 lege
1560 947 1785 1022 solvat,

239 1047 321 1103 ut
351 1042 500 1102 inde
530 1041 812 1104 debitum
841 1041 1173 1121 antiquum
1201 1040 1322 1120 ipsi
1348 1041 1650 1115 solvatur,
1702 1038 1792 1098 ni-

241 1134 340 1194 hil
385 1136 539 1196 mali
586 1141 694 1196 aut
737 1136 974 1196 fraudis
1031 1135 1327 1197 continet.
1390 1136 1521 1213 Ego
1578 1138 1791 1194 tamen

238 1228 523 1289 multum
553 1228 767 1289 dubito
798 1228 875 1287 de
905 1227 1025 1288 hoc
1075 1245 1089 1289 :
1138 1231 1202 1288 et
1228 1227 1509 1306 quidem,
1552 1225 1606 1285 si
1636 1242 1789 1285 vera

238 1327 420 1383 esset
450 1321 728 1382 clausula
748 1320 957 1398 bullae,
996 1339 1186 1400 quam
1214 1319 1409 1380 refert
1428 1318 1606 1380 Salas
1636 1314 1786 1379 dub.

237 1431 307 1475 x.
344 1414 414 1474 in
441 1414 623 1476 titulo
656 1413 852 1491 dubii,
892 1420 1149 1493 pactum
1193 1411 1346 1473 illud
1378 1414 1543 1473 esset
1571 1414 1793 1472 contra

238 1507 447 1569 talem
478 1506 821 1568 clausulam
857 1527 871 1568 ε
903 1507 1094 1567 refert
1115 1505 1282 1565 enim
1301 1505 1478 1567 Salas
1505 1503 1592 1565 ibi
1615 1520 1797 1582 quar-

238 1605 385 1663 tam
418 1599 843 1662 conditionem
874 1618 910 1659 a
939 1599 1048 1660 Pio
1074 1601 1149 1662 V.
1199 1598 1564 1678 requisitam
1606 1614 1741 1656 esse
1775 1604 1789 1657 ὲ

252 1715 285 1749 ιι
317 1696 412 1753 Ne
446 1693 570 1753 ulla
597 1698 782 1771 pacta
802 1691 1104 1769 indebita,
1137 1695 1248 1753 aut
1274 1691 1667 1752 conditiones
1687 1686 1796 1749 ad-

233 1786 624 1868 jungantur,
659 1785 885 1865 quibus
915 1784 1281 1846 censuarius
1301 1787 1478 1845 extra
1507 1786 1797 1844 naturam

241 1882 617 1940 contractus
647 1877 980 1957 obligetur.
1014 1900 1042 1935 »ι
1111 1880 1369 1938 Pactum
1397 1880 1610 1938 autem
1639 1873 1793 1935 illud

243 1972 546 2033 solvendi
586 1971 868 2032 debitum
899 1989 974 2031 ex
1003 1970 1204 2049 pretio
1248 1974 1508 2048 accepto
1540 1972 1637 2030 est
1666 1986 1800 2029 om-

242 2065 408 2126 nino
440 2070 613 2125 extra
643 2066 933 2124 naturam
963 2067 1321 2125 contractus
1344 2060 1651 2123 censualis
1685 2080 1699 2121 ε
1739 2063 1804 2121 et

244 2176 429 2237 saepe
484 2157 873 2235 obligaretur
924 2156 1215 2218 venditor
1271 2155 1351 2215 ad
1392 2154 1458 2214 id
1514 2154 1597 2214 ad
1628 2151 1799 2233 quod

246 2251 432 2312 nullo
462 2250 651 2311 modo
680 2250 1032 2326 tenebatur,
1065 2268 1126 2310 v.
1147 2267 1209 2327 g.
1244 2247 1326 2308 ad
1342 2246 1803 2327 praeferendum

249 2348 615 2423 emptorem
665 2343 802 2402 aliis
858 2341 1293 2418 creditoribus,
1355 2340 1538 2419 eique
1594 2338 1801 2418 primo

249 2438 401 2497 loco
431 2434 826 2511 solvendum,
858 2434 959 2495 vel
989 2434 1069 2495 ad
1092 2432 1465 2495 solvendum
1494 2431 1800 2507 debitum,

250 2529 519 2611 quando
551 2530 631 2590 ob
662 2528 1099 2589 necessitatem
1126 2526 1226 2588 vel
1256 2526 1381 2587 alia
1407 2523 1807 2586 incommoda

252 2623 576 2703 potuisset
602 2621 768 2682 licite
799 2621 1048 2681 differre
1087 2619 1487 2681 solutionem.
1554 2616 1677 2679 Sed
1707 2634 1809 2676 re-

248 2736 417 2778 vera
457 2715 564 2776 illa
602 2714 882 2776 clausula
939 2733 1065 2775 non
1106 2713 1375 2775 refertur
1415 2711 1686 2771 fideliter
1727 2707 1806 2770 ab

250 2809 368 2870 illo
400 2813 694 2882 auctore;
729 2826 878 2868 nam
912 2807 1084 2868 bulla
1112 2824 1237 2867 non
1267 2805 1559 2885 prohibet
1579 2803 1643 2862 in
1671 2802 1806 2863 uni-

250 2920 523 2962 versum
556 2901 769 2962 omnia
794 2902 1002 2980 pacta,
1050 2898 1164 2959 sed
1207 2898 1313 2958 illa
1357 2915 1497 2976 quse
1528 2895 1812 2974 obligant

254 2994 347 3057 ad
376 3013 564 3055 casus
600 2993 887 3055 fortuitos
930 3010 1076 3052 eum
1116 2990 1223 3071 qui
1267 2990 1423 3052 alias
1465 3008 1542 3050 ex
1585 2991 1810 3049 natura

259 3090 635 3150 contractus
662 3104 789 3147 non
818 3088 1125 3146 teneatur.

346 3180 622 3244 Aliunde
652 3183 865 3242 tamen
905 3178 1154 3239 videtur
1190 3175 1345 3238 illud
1390 3180 1647 3256 pactum
1674 3195 1811 3237 esse

259 3279 495 3337 contra
524 3274 934 3336 intentionem
964 3269 1306 3347 pontificis,
1354 3270 1462 3349 qui
1491 3268 1689 3331 voluit
1716 3273 1814 3331 to-

257 3375 405 3432 tum
436 3367 710 3447 pretium
736 3356 1053 3427 venditori
1081 3363 1239 3426 solvi
1272 3383 1286 3424 ε
1333 3363 1573 3425 solvere
1603 3367 1815 3424 autem

264 3464 337 3524 in
368 3463 581 3540 rigore
610 3464 704 3522 est
752 3458 1082 3538 pecuniam
1130 3457 1305 3534 dare,
1364 3460 1427 3518 et
1467 3474 1702 3536 ponere
1747 3455 1812 3515 in

264 3554 559 3617 dominio
588 3557 651 3615 et
675 3556 982 3634 potestate
1010 3551 1210 3612 libera
1246 3548 1627 3629 accipientis,
1693 3547 1811 3621 Qui

264 3667 427 3711 vero
458 3666 582 3709 non
609 3646 788 3708 aliter
816 3647 926 3708 dat
950 3644 1284 3725 pecuniam
1312 3642 1645 3717 venditori,
1701 3640 1815 3701 nisi

266 3746 344 3805 ut
372 3741 457 3802 ad
486 3741 675 3802 talem
716 3757 900 3799 usum
947 3756 1089 3800 eam
1135 3736 1468 3815 expendat,
1520 3739 1582 3797 et
1619 3735 1821 3796 solvat

264 3835 491 3897 statim
520 3833 823 3908 debitum,
856 3850 982 3892 non
1009 3830 1187 3910 ponit
1212 3829 1383 3889 illam
1413 3829 1475 3889 in
1496 3827 1680 3906 pleno
1712 3827 1818 3888 do-

265 3927 472 3990 minio
503 3931 566 3988 et
591 3928 895 4006 potestate
925 3922 1314 4003 accipientis,
1347 3921 1458 3983 sed
1488 3910 1631 3982 cuin
1657 3919 1820 3980 limi-

269 4022 518 4084 tatione
565 4025 628 4080 et
668 4018 968 4098 ligamine
1018 4017 1098 4077 ad
1142 4034 1337 4076 unum
1383 4013 1586 4076 solum
1636 4032 1819 4074 usum

269 4112 805 4185 determinatum3
858 4129 1052 4191 quare
1082 4129 1209 4171 non
1254 4109 1507 4169 videtur
1532 4106 1711 4167 illum
1738 4107 1824 4167 fa-

270 4227 422 4270 cere
456 4207 637 4286 plene
667 4205 995 4265 dominum
1041 4203 1181 4266 talis
1211 4202 1516 4281 pecuniae.
1578 4203 1654 4263 Et
1682 4199 1823 4281 qui-

271 4301 453 4376 dem,
504 4300 554 4359 si
583 4298 733 4359 illud
763 4303 1017 4378 pactum
1046 4296 1305 4371 valeret,
1352 4294 1584 4357 frustra
1613 4293 1822 4374 prohi-

272 4395 543 4456 beretur
570 4410 647 4452 ne
674 4411 750 4452 ex
779 4391 991 4452 debito
1013 4387 1390 4469 praecedenti
1422 4407 1646 4449 census
1676 4405 1822 4448 con-

272 4489 647 4549 stitueretur
705 4503 719 4545 :
777 4487 991 4564 posset
1035 4482 1205 4543 enim
1250 4481 1431 4542 facile
1474 4484 1538 4543 et
1577 4497 1827 4560 semper

277 4579 565 4645 creditor
619 4578 841 4640 offerre
895 4576 1228 4657 pecuniam
1281 4577 1657 4655 praesentem
1713 4591 1826 4634 suo

279 4671 557 4736 debitori
585 4688 699 4749 pro
731 4688 922 4733 censu
952 4687 1140 4746 nov0,
1191 4686 1338 4730 cum
1363 4685 1436 4728 eo
1466 4671 1679 4728 tamen
1713 4685 1828 4746 pa-

281 4772 414 4844 cto,
474 4769 546 4828 ut
588 4764 799 4826 statim
844 4782 919 4824 ex
967 4761 1191 4824 eadem
1235 4759 1505 4840 pecunia
1546 4759 1829 4821 debitum

280 4860 584 4935 solveret,
620 4856 786 4939 quod
813 4856 880 4916 in
909 4875 977 4917 re
1007 4859 1071 4918 et
1097 4853 1307 4935 quoad
1337 4855 1628 4915 effectum
1655 4851 1827 4913 idem

282 4953 547 5016 omnino
580 4953 765 5027 esset,
814 4968 889 5011 ac
916 4950 967 5011 si
1009 4966 1267 5010 censum
1314 4964 1548 5008 novum
1592 4948 1829 5007 emeret

279 5067 366 5110 ex
414 5045 626 5106 debito
683 5043 1083 5124 praecedenti.
1146 5040 1411 5102 Facilius
1454 5043 1665 5121 posset
1706 5039 1832 5099 for-

290 5146 465 5203 tasse
492 5137 600 5198 illa
626 5137 873 5198 Molinae
904 5134 1189 5196 doctrina
1233 5134 1443 5194 locum
1472 5131 1729 5207 habere,
1779 5132 1832 5192 si

286 5253 420 5295 non
467 5234 890 5310 apponeretur
936 5228 1060 5289 tale
1103 5230 1360 5307 pactum
1407 5225 1633 5303 inipso
1682 5242 1834 5286 con-

284 5329 501 5390 tractu
542 5322 842 5398 censuali,
874 5320 987 5382 sed
1015 5317 1463 5381 antecedenter
1491 5316 1739 5378 debitor
1764 5336 1832 5379 se

285 5420 608 5499 obligaret
658 5416 739 5477 ad
768 5414 1139 5477 solvendum
1185 5410 1478 5474 creditori
1525 5410 1829 5486 debitum,

3306 304 3420 369 367

1891 498 2148 544 censum
2178 483 2258 545 ab
2291 502 2363 546 eo
2394 486 2633 545 emeret
2683 502 2697 543 ε
2747 486 2966 564 postea
2993 482 3159 543 enim
3206 484 3256 545 si
3287 502 3425 545 cre-

1891 577 2057 638 ditor
2084 577 2206 637 alio
2235 580 2557 639 contractu
2601 577 2883 654 seorsim,
2937 580 3000 639 et
3046 577 3299 639 omnino
3331 577 3426 637 in-

1891 669 2293 749 dependenti‚
2329 670 2529 749 pretio
2560 670 2853 748 praesenti
2874 688 3133 731 censum
3162 674 3420 747 emeret,

1890 762 2011 825 hoc
2040 762 2315 824 secundo
2347 766 2669 825 contractu
2698 781 2845 824 vere
2863 767 3127 842 poneret
3153 762 3425 842 pretium

1890 856 1955 915 in
2000 855 2186 935 pleno
2245 856 2521 917 dominio
2577 860 2639 919 et
2691 860 2997 935 potestate
3053 856 3420 932 venditoris,

1892 952 2198 1029 quantum
2229 968 2304 1009 ex
2331 949 2391 1009 vi
2423 948 2584 1009 illius
2614 952 2990 1026 contractuS‚
3029 938 3181 1011 licet
3210 968 3284 1009 ex
3322 967 3428 1028 pa·

1892 1047 1991 1104 cto
2037 1042 2431 1103 antecedenti
2479 1041 2724 1103 debitor
2770 1042 3082 1121 obligatus
3138 1046 3303 1104 esset
3341 1041 3424 1103 ad

1890 1135 2262 1196 solvendum
2289 1134 2378 1196 illi
2407 1133 2688 1197 debitum
2716 1134 3100 1213 pra-cedens,

1970 1227 2305 1290 Dubitatur
2331 1231 2576 1305 octavo,
2612 1247 2692 1289 an
2721 1247 2793 1288 ex
2824 1227 2884 1288 vi
2902 1228 3088 1307 hujus
3118 1228 3420 1290 clausulae

3570 1239 3642 1298 91

1892 1320 2248 1401 requiratur
2273 1320 2354 1381 ad
2379 1320 2657 1382 valorem
2687 1338 2908 1381 census
2936 1319 3264 1399 scriptura,
3314 1339 3424 1382 seu
3471 1365 3538 1408 Aa
3576 1364 3767 1419 requira-

1891 1412 2377 1477 instrumentum
2412 1413 2775 1494 publieum?
2819 1414 3273 1494 Respondetur‚
3327 1430 3422 1473 re·
3472 1418 3770 1480 tursefintum.

1894 1507 2077 1587 quiri,
2130 1525 2273 1569 cum
2305 1507 2590 1586 exigatur
2617 1506 2839 1570 solutio
2887 1507 3166 1586 pecuniae
3196 1507 3257 1567 in
3286 1505 3424 1586 ipsa

1893 1599 2281 1662 confectione
2311 1600 2702 1661 instrumenti
2734 1618 2947 1661 eoram
2974 1602 3216 1663 notario
3247 1603 3309 1660 et
3336 1605 3424 1661 te·

1894 1692 2112 1755 stibus.
2166 1694 2259 1754 lta
2290 1692 2577 1754 Salonius
2608 1692 2766 1772 disp.
2818 1691 2888 1753 de
2915 1691 3169 1753 censibus
3196 1696 3313 1754 art.
3347 1693 3423 1753 ΙΙ.

1895 1790 2177 1848 controv.
2200 1801 2346 1846 xxv.
2380 1786 2442 1845 in
2466 1782 2697 1862 medio,
2730 1789 2792 1847 et
2813 1786 2989 1847 Salas
3019 1786 3168 1847 dub.
3202 1802 3283 1846 1.1.
3318 1784 3423 1866 qui

1894 1884 2105 1941 tamen
2137 1897 2281 1940 cum
2328 1878 2464 1939 aliis
2520 1878 2881 1939 doctoribus
2930 1880 3092 1940 bene
3136 1878 3428 1954 advertit,

1897 1972 2017 2034 hoc
2061 1991 2188 2033 non
2234 1970 2470 2050 requiri
2517 1970 2594 2031 de
2637 1970 2780 2051 jure
2825 1975 3089 2050 naturae,
3151 1989 3295 2034 cum
3324 1971 3433 2031 alii

1898 2069 2254 2127 contractus
2281 2064 2519 2144 absque
2549 2064 2857 2143 scriptura
2885 2066 3021 2125 fieri
3050 2065 3328 2145 possint,
3377 2067 3440 2126 et

1900 2159 2036 2219 haee
2064 2158 2268 2219 solum
2315 2156 2629 2217 deserviat
2669 2156 2750 2217 ad
2796 2155 3255 2236 probationem.
3318 2156 3439 2217 Ad-

1898 2251 2087 2314 vertit
2131 2251 2320 2312 etiam
2377 2250 2526 2312 dub.
2577 2266 2680 2311 1.11.
2743 2266 2887 2311 cum
2927 2249 3125 2311 Baldo
3170 2253 3234 2310 et
3278 2248 3437 2326 aliis,

1901 2344 2226 2423 scripturae
2257 2362 2563 2423 expensas
2607 2342 2941 2404 solvendas
2991 2361 3126 2403 esse
3174 2342 3254 2402 ab
3304 2359 3435 2402 em-

1900 2441 2100 2516 ptore,
2136 2437 2284 2516 quia
2312 2436 2586 2498 deservit
2613 2434 2693 2497 ad
2728 2436 2862 2516 ejus
2885 2434 2989 2515 jus
3020 2435 3439 2514 probandum,

1902 2536 1964 2592 et
1991 2531 2160 2610 apud
2190 2530 2396 2610 ipsum
2426 2533 2855 2605 conservatur,
2896 2547 3093 2608 quare
3124 2526 3229 2608 qui
3259 2527 3448 2589 sentit

1908 2623 2334 2699 commodum,
2369 2622 2556 2683 dehet
2584 2621 2774 2683 etiam
2803 2620 3273 2683 incommodum
3302 2639 3446 2681 sen-

1906 2715 2042 2777 tire.
2080 2718 2177 2776 An
2208 2733 2356 2777 vero
2388 2714 2641 2776 vitietur
2667 2731 2739 2774 co
2753 2716 3066 2787 ntractus;
3102 2711 3151 2773 si
3181 2711 3449 2792 pecunia

1908 2824 2033 2871 non
2082 2812 2450 2870 numeretur
2495 2825 2708 2869 coram
2758 2805 3003 2868 notario
3052 2810 3117 2868 et
3162 2806 3444 2883 testibuS,

1911 2902 2022 2963 sed
2053 2905 2240 2964 antea
2272 2900 2406 2982 jam
2435 2903 2765 2962 numerata
2793 2899 3102 2978 tradatur,
3153 2898 3443 2961 videatur

1918 2995 2155 3057 Molina
2182 2994 2340 3075 disp.
2376 2996 2514 3056 390.
2547 3012 2609 3055 n.
2643 2998 2703 3056 2.

2377 3424 2804 3509 811οΤ10
2888 3423 2999 3511 vl.

1914 3734 1966 3796 A
1980 3733 2075 3797 12·ae
2086 3751 2190 3796 sex
2209 3731 2557 3795 conditiones
2575 3729 2827 3814 ‹gjusdem
2841 3727 3039 3791 Bulloe
3056 3736 3448 3810 eoeponuntur.

1995 4000 2206 4064 Tertia
2249 3998 2548 4076 clausula,
2595 4015 2708 4059 seu
2752 3995 3027 4059 conditio
3053 4014 3093 4058 a
3118 3995 3225 4057 Pio
3255 3997 3330 4059 V.
3362 4011 3464 4057 re·-
3508 3988 3514 3993 ’

1921 4096 2152 4176 quisita
2179 4095 2268 4156 sic
2310 4093 2549 4157 habet:
2591 4113 2620 4149 «
2651 4089 3028 4168 SolutioneS,
3080 4108 3237 4170 quas
3274 4089 3462 4168 vulgo

1921 4188 2295 4268 anticipatus
2352 4186 2690 4266 appellant,
2740 4183 2898 4261 fleri,
2956 4187 3066 4245 aut
3105 4182 3169 4244 in
3210 4189 3463 4263 pactum

1922 4281 2172 4358 deduci,
2205 4280 2633 4361 prohibemus.
2668 4295 2696 4336 η
2734 4276 2970 4350 Quibus
2999 4275 3206 4337 verbis
3232 4276 3466 4338 Melina

1924 4376 2156 4456 disput.
2188 4377 2328 4436 390.
2350 4390 2523 4434 num.
2555 4375 2617 4433 4.
2649 4374 2850 4451 putat,
2894 4369 3218 4449 prohiberi
3246 4388 3322 4430 ne
3351 4369 3465 4430 ali-

1925 4469 2076 4552 quid
2103 4467 2372 4546 mplius
2401 4464 2716 4544 pensionis
2743 4462 3106 4542 accipiatur,
3138 4466 3249 4524 aut
3276 4462 3469 4524 dedu·

1925 4567 2104 4627 catur
2130 4562 2197 4623 in
2223 4564 2501 4641 pactum,
2538 4575 2728 4639 quam
2750 4556 2832 4619 sit
2846 4555 2910 4617 id
2940 4556 3109 4636 quod
3139 4575 3216 4617 ex
3244 4559 3470 4618 natura

1925 4659 2281 4720 contractus
2300 4652 2625 4728 debeatur,
2648 4651 2698 4711 si
2729 4651 2967 4729 absque
2995 4649 3122 4711 ullo
3139 4649 3468 4730 alionacto

1928 4750 2300 4824 celebretur,
2336 4749 2524 4825 atque
2552 4744 2711 4804 adeo
2741 4761 2932 4822 quam
2957 4742 3038 4803 sit
3064 4741 3128 4802 id
3158 4742 3326 4821 quod
3356 4760 3469 4820 pro

1927 4849 2065 4907 rata
2090 4840 2389 4921 temporis
2419 4837 2610 4917 elapsi
2642 4836 2938 4897 debetur:
2975 4834 3282 4914 quidquid
3303 4834 3469 4894 enim

1930 4937 2197 5017 amplius
2240 4931 2555 5013 pensionis
2600 4929 2969 4991 solvendum
3013 4926 3363 4988 deducatur
3409 4926 3472 4986 in

1928 5034 2207 5113 pactum,
2225 5028 2439 5107 utique
2456 5024 2794 5102 anticipata
2811 5021 3034 5082 solutio
3049 5023 3240 5092 esset;
3257 5020 3472 5099 {quare

1933 5129 2151 5188 contra
2178 5122 2341 5182 hanc
2368 5118 2711 5179 clausulam
2734 5118 2915 5186 esset,
2953 5113 3001 5172 si
3033 5117 3241 5191 empto
3283 5130 3474 5173 censu

1934 5223 2204 5301 quatuor
2231 5211 2548 5274 mensibus
2571 5213 2714 5270 ante
2732 5208 2923 5267 finem
2936 5205 3103 5282 anni,
3126 5206 3476 5266 deducatur

1932 5313 1995 5373 in
2024 5313 2303 5391 pactum,
2335 5309 2405 5367 ut
2432 5304 2495 5363 in
2523 5303 2647 5362 fine
2675 5300 2826 5362 anni
2854 5298 3100 5377 integra
3120 5297 3337 5376 pensio
3368 5318 3475 5358 an-

1934 5423 2060 5466 nua
2088 5402 2385 5476 solvatur,
2419 5394 2590 5477 quod
2609 5394 2799 5456 etiam
2825 5390 3102 5455 sentiunt
3124 5392 3302 5454 Salas
3319 5391 3472 5454 dub.

284 5513 341 5576 si
398 5513 630 5593 postea
681 5508 853 5572 idem
897 5506 1171 5571 creditor
1224 5503 1491 5585 pecunia
1543 5500 1836 5583 praesenti
1936 5516 2019 5564 rx.
2053 5501 2118 5562 et
2140 5492 2390 5564 Loesius
2417 5507 2591 5553 num.
2624 5491 2724 5553 81.

3520 1477 3568 1514 et
3600 1484 3717 1535 cujus

3528 1536 3658 1579 expcn
3696 1537 3718 1566 s

3518 1536 3731 1621 solvenffa.

3608 4009 3687 4069 92

3560 4135 3620 4179 Do
3639 4145 3763 4179 sensu

3541 4201 3640 4233 vcro
3658 4188 3792 4232 tertia

3558 4243 3767 4287 clausula.
