4263 6376
899 348 1018 409 630
2034 348 2135 408 DE
2176 348 2530 409 JUSTITIA
2576 348 2674 409 ET
2716 349 2916 410 JURE

900 523 977 583 1oe
1002 570 1019 600 ,
1080 521 1185 602 qui
1218 524 1384 584 solus
1426 529 1488 585 et
1514 543 1639 585 non
1670 543 1800 602 rex,
1861 525 2162 586 damnum
2218 544 2295 586 ex
2324 526 2432 587 illa

903 615 1413 695 compensatione
1443 617 1722 678 sentiret.

983 709 1191 789 Aliqui
1219 709 1602 789 distinguere
1624 710 1951 774 videntur:
1986 730 2131 772 nam
2164 712 2431 774 velante

901 802 1276 863 locationem
1306 802 1568 881 gabellae
1592 802 1724 882 jam
1781 823 1892 864 rex
1947 804 2229 867 debitum
2279 806 2433 867 illud

904 900 1326 957 contraxerat:
1363 900 1425 957 et
1452 900 1602 958 tunc
1648 897 2002 959 concedunt
2055 898 2190 957 fieri
2249 918 2432 977 posse

901 989 1477 1068 compensationem
1509 1010 1524 1062 ;
1559 990 1707 1069 quia
1731 989 1865 1070 jam
1921 991 2199 1052 creditor
2244 991 2433 1052 habe·

900 1082 1010 1143 bat
1030 1080 1134 1160 jus
1164 1082 1465 1142 adversus
1494 1102 1710 1161 regem
1739 1088 1807 1145 ut
1837 1103 1960 1144 non
1991 1084 2264 1145 solveret
2318 1104 2434 1163 ga·

899 1174 1162 1247 bellam:
1206 1175 1306 1235 vel
1352 1174 1633 1235 debitum
1672 1181 2062 1237 contractum
2117 1177 2235 1238 fuit
2293 1183 2435 1256 post

898 1268 1274 1329 locationem
1328 1267 1632 1345 gabellae3
1703 1272 1765 1331 et
1814 1273 1962 1330 tunc
2011 1275 2244 1349 negant
2294 1270 2433 1331 fieri

899 1379 1080 1440 posse
1118 1360 1716 1438 compensationem,
1752 1362 1899 1441 quia
1953 1367 2098 1424 ante
2146 1363 2432 1424 debitum

900 1456 1287 1515 contractum
1309 1452 1444 1534 jam
1469 1454 1830 1516 conductori
1863 1474 1938 1515 ex
1994 1456 2053 1517 vi
2097 1456 2432 1517 locationis

900 1546 1115 1608 debita
1144 1549 1277 1607 erat
1303 1546 1571 1625 gabella.
1632 1549 1806 1608 Hanc
1849 1548 2225 1609 sententiam
2272 1551 2434 1610 Tur-

899 1640 1058 1700 rian.
1119 1639 1278 1718 disp.
1313 1641 1521 1701 XLVI.
1555 1639 1705 1701 dub.
1741 1656 1836 1702 111.
1869 1659 1931 1702 n.
1985 1644 2042 1701 1.
2100 1641 2254 1702 dicit
2296 1660 2432 1703 esse

902 1733 1255 1813 aliquorum
1281 1732 1468 1812 hujus
1522 1733 1743 1809 aetatis,
1805 1751 1928 1814 quo
1972 1735 2226 1795 nomine
2274 1734 2435 1797 solet

901 1827 1032 1906 ipse
1061 1826 1410 1905 intelligere
1439 1829 1506 1888 P.
1550 1829 1741 1907 Vasq.
1775 1828 1852 1887 Et
1913 1827 2171 1907 quidem
2224 1829 2425 1908 Vasq.

901 1922 964 1982 d.
993 1921 1049 1999 g.
1085 1935 1181 1981 111.
1215 1919 1365 1981 dub.
1400 1936 1492 1980 111.
1529 1939 1591 1981 n.
1624 1923 1723 1982 33.
1784 1920 1870 1981 ita
1923 1920 2173 1981 videtur
2214 1921 2435 1984 distin-

900 2032 1116 2094 guere.
1152 2011 1277 2074 Sed
1306 2032 1528 2074 revera
1548 2018 1770 2092 postea
1797 2032 1860 2076 n.
1909 2017 2008 2076 37.
2035 2019 2099 2074 et
2139 2033 2434 2095 seqq.ge-

900 2107 1195 2169 neraliter
1271 2110 1336 2167 et
1403 2106 1640 2187 adsque
1721 2107 2162 2170 dinstinctione
2250 2108 2435 2171 docet

901 2201 964 2262 in
995 2204 1261 2279 utroque
1292 2219 1439 2260 casu
1482 2201 2058 2279 compensationem
2105 2200 2241 2261 fleri
2292 2220 2434 2281 pos-

901 2313 989 2355 se.

983 2386 1341 2449 Communis
1363 2385 1497 2466 jam
1553 2385 1860 2448 sententia
1891 2390 2006 2463 est,
2041 2405 2225 2466 posse
2256 2388 2321 2449 in
2355 2408 2430 2451 eo

902 2499 1050 2541 casu
1068 2480 1641 2558 compensationem
1669 2479 1805 2540 fieri
1830 2498 1953 2540 non
1988 2481 2294 2541 solvendo
2319 2501 2436 2561 ga-

901 2574 1151 2635 bellam.
1187 2574 1385 2646 Quam
1413 2577 1629 2634 tenent
1658 2573 1958 2634 Silvester
1985 2573 2219 2654 qabella
2249 2592 2343 2636 111.
2367 2596 2430 2656 q.

901 2673 959 2729 9.
986 2667 1215 2730 Sanch.
1250 2668 1311 2727 d.
1348 2686 1401 2727 c.
1437 2666 1683 2727 1v.dub.
1708 2669 1805 2727 48.
1828 2666 2060 2728 Molina
2090 2667 2253 2747 disp.
2287 2672 2429 2730 674.

903 2781 1008 2822 nu.
1046 2764 1141 2821 10.
1174 2760 1420 2821 Lessius
1452 2758 1600 2820 dub.
1661 2776 1719 2819 x.
1770 2761 1958 2838 Vasq.
2021 2765 2083 2821 et
2137 2763 2427 2825 Turi-ian.

903 2854 1011 2915 ubi
1037 2872 1246 2934 supra,
1271 2855 1572 2928 Navarra,
1599 2853 1830 2913 Bonae.
1849 2853 2189 2930 Molfesius,
2213 2855 2429 2918 Barth.

902 2968 942 3008 a
974 2949 1037 3009 S.
1072 2948 1321 3022 Fausto,
1354 2948 1550 3025 Vega,
1595 2949 1657 3006 et
1682 2946 1922 3006 Malder
1949 2964 2106 3027 quos
2139 2949 2320 3009 affert
2377 2954 2439 3011 et

905 3041 1185 3120 sequitur
1215 3039 1414 3099 Diana
1470 3055 1513 3100 1.
1549 3042 1636 3099 to.
1700 3057 1834 3117 par.
1870 3055 1938 3099 11.
1999 3048 2075 3100 tr.
2110 3056 2181 3100 11.
2216 3040 2429 3107 miscel.

905 3153 1026 3196 res.
1062 3135 1155 3194 16.
1190 3131 1466 3194 Probent
1494 3130 1708 3212 aliqui,
1746 3131 1894 3212 quia
1951 3130 2096 3194 huic
2156 3134 2434 3214 periculo

906 3247 971 3290 se
1006 3230 1327 3307 exponunt
1373 3224 1810 3302 conductoreS,
1847 3229 1910 3287 et
1937 3226 2016 3287 ob
2069 3226 2133 3286 id
2176 3228 2435 3289 minoris

907 3321 1283 3396 conducunt,
1319 3317 1486 3398 quod
1518 3319 1717 3379 sciant
1762 3337 1798 3378 a
1828 3318 2111 3397 pluribus
2144 3339 2266 3381 non
2314 3321 2437 3382 sol-

907 3414 1176 3475 vendam
1205 3412 1537 3491 gabellam.
1571 3412 1719 3472 Haec
1748 3416 1956 3472 tamen
2000 3413 2183 3490 ratio,
2218 3418 2286 3474 ut
2331 3432 2438 3475 no-

906 3507 1063 3570 tavit
1088 3510 1277 3585 Vasq.
1313 3525 1376 3565 n.
1410 3507 1508 3566 37.
1544 3522 1669 3565 non
1708 3507 1803 3565 est
1831 3504 2073 3582 efficax,
2111 3505 2260 3585 quia
2290 3506 2339 3567 si
2372 3507 2440 3568 il·

904 3601 1012 3662 lud
1043 3599 1385 3678 periculum
1407 3596 1634 3677 injuste
1662 3597 2004 3676 patiuntur,
2031 3598 2149 3660 hoc
2182 3619 2303 3661 non
2336 3618 2437 3660 ex-

906 3692 1463 3755 cusatdebitorem.
1499 3691 1635 3768 Ipse
1657 3709 1806 3769 ergo
1829 3692 2021 3770 Vasq.
2058 3696 2121 3753 et
2141 3692 2244 3753 alii
2296 3694 2434 3772 plu-

906 3806 1006 3848 res
1036 3786 1323 3866 probant,
1362 3783 1510 3863 quia
1539 3783 1908 3862 publicanus
1941 3784 2303 3846 conducens
2333 3806 2440 3866 ga-

905 3880 1157 3955 bellam,
1192 3897 1316 3938 non
1347 3878 1427 3939 sit
1467 3876 1759 3936 dominus
1780 3875 1940 3955 juris
1971 3877 2194 3939 directi
2242 3880 2435 3940 tribu-

905 3979 1136 4049 torum,
1171 3972 1290 4033 hoc
1320 3971 1485 4032 enim
1534 3970 1638 4050 jus
1685 3976 1898 4032 manet
1951 3988 2202 4050 semper
2243 3990 2437 4051 penes

905 4084 1141 4145 regem,
1178 4065 1294 4124 nisi
1324 4062 1574 4144 quando
1632 4081 1741 4123 rex
1785 4063 2002 4124 vendit
2053 4064 2430 4143 marchioni,

907 4162 1006 4220 vel
1053 4158 1286 4220 civitati
1342 4159 1605 4235 tributa,
1668 4157 1754 4217 ita
1812 4159 1879 4217 ut
1933 4156 2281 4218 dominium
2337 4159 2437 4220 vel

908 4253 1086 4334 quasi
1116 4252 1465 4312 dominium
1491 4250 1555 4310 in
1604 4255 1952 4329 emptorem
1988 4252 2432 4328 transtulisset,

908 4366 1030 4427 quo
1053 4364 1202 4407 casu
1226 4345 1360 4426 jam
1382 4343 1614 4405 tributa
1643 4360 1768 4403 non
1798 4342 2109 4404 debentur
2134 4345 2291 4422 regi,
2326 4345 2437 4405 sed

906 4439 990 4501 illi
1028 4437 1401 4514 marchioni,
1435 4437 1532 4498 vel
1563 4436 1819 4498 civitati.
1857 4436 2195 4497 Publicano
2226 4443 2438 4499 autem

908 4551 1032 4594 non
1062 4531 1355 4592 venditur
1380 4528 1704 4606 tributum,
1741 4529 1851 4590 sed
1879 4530 2291 4607 ususfructuS,
2326 4550 2438 4592 seu

901 4625 1004 4706 jus
1035 4625 1114 4685 ad
1146 4623 1561 4703 colligendam
1602 4623 1934 4703 pecuniam
1992 4621 2271 4685 debitam
2301 4625 2435 4703 regi

907 4739 1020 4799 pro
1052 4736 1176 4779 uno
1209 4718 1310 4778 vel
1346 4717 1627 4796 pluribus
1657 4717 1859 4777 annis,
1921 4716 2434 4779 Usufructuarius

908 4818 1116 4875 aulem
1148 4830 1269 4872 non
1302 4811 1492 4872 habet
1516 4811 1656 4890 plus
1695 4810 1857 4889 juris
1886 4809 1968 4870 ad
2007 4828 2286 4887 censum,
2337 4811 2433 4871 vel

905 4907 1177 4970 reditum
1210 4905 1664 4985 pecuniarium,
1700 4921 1815 4964 nec
1845 4902 2035 4963 habet
2085 4903 2435 4965 dominium

905 5000 1168 5080 alicujus
1196 5000 1308 5076 rei,
1365 4997 1473 5059 sed
1498 4997 1603 5076 jus
1631 4995 1713 5057 ad
1745 4996 1881 5056 illos
1911 4995 2151 5056 reditus
2180 4996 2432 5076 quando

907 5094 1041 5172 regi
1083 5092 1278 5153 debiti
1333 5096 1534 5154 erant.
1608 5091 1719 5151 Jus
1767 5088 1935 5148 enim
1983 5087 2433 5150 usufructuarii

907 5187 1146 5250 tamdiu
1175 5187 1240 5246 in
1265 5203 1338 5245 eo
1367 5184 1574 5260 durat,
1610 5183 1908 5262 quamdiu
1942 5182 2292 5242 dominium
2323 5183 2434 5242 du-

909 5285 1007 5342 rat
1045 5280 1107 5340 in
1137 5278 1413 5353 domino,
1449 5294 1485 5336 a
1514 5296 1638 5356 quo
1660 5278 1766 5355 jus
1814 5274 2265 5336 usufructuarii
2296 5293 2434 5352 per-

907 5378 1093 5453 petuo
1120 5371 1450 5450 dependet.
1494 5369 1672 5431 Unde
1693 5369 1763 5429 fit
1789 5367 2202 5429 conductores
2222 5368 2433 5445 gabel-

905 5467 982 5527 1ae
1001 5484 1123 5526 non
1145 5462 1377 5525 habere
1424 5481 1499 5522 ex
1542 5460 1957 5524 conductione
1980 5458 2084 5540 jus
2104 5461 2187 5521 ad
2217 5461 2429 5539 gabel-

905 5560 1054 5636 lam,
1089 5557 1207 5621 nisi
1234 5557 1314 5619 ad
1344 5575 1484 5619 eam
1513 5573 1652 5637 quae
1676 5555 1811 5635 regi
1835 5554 2205 5618 deberetur:
2238 5572 2432 5636 quare

2533 545 2609 587 ex
2638 544 3038 606 quocumque
3084 526 3289 604 capite
3320 526 3571 605 gabella
3595 528 3728 607 regi
3755 546 3885 589 non
3911 534 4069 591 esset

2532 619 2765 695 debita,
2800 620 2931 680 sive
2977 618 3126 699 quia
3184 618 3403 699 incipit
3450 638 3588 680 esse
3636 620 3894 701 injusta,
3941 623 4067 684 sive

2531 716 2790 791 propter
2836 712 3026 772 aliam
3057 712 3393 789 rationem,
3427 712 3777 774 conductor
3834 714 4066 775 nullum

2525 804 2630 885 jus
2659 805 2852 866 habet
2878 805 2961 865 ad
2990 805 3186 865 illam.
3221 806 3378 866 Cum
3409 823 3560 885 ergo
3596 806 3661 866 in
3691 825 3765 866 eo
3797 826 3945 867 casu
3966 826 4068 887 ga·

2530 897 2695 958 bella
2723 917 2844 959 non
2876 897 3183 959 sitdebita
3202 897 3332 977 regi
3366 898 3445 958 ab
3478 916 3576 975 ec,
3610 899 3789 978 cujus
3820 919 3930 960 rex
3961 901 4070 961 de-

2533 990 2699 1052 bltor
2717 996 2831 1068 est,
2865 1010 2991 1051 non
3019 995 3227 1071 potest
3246 992 3628 1069 gabellarius
3671 1013 3746 1052 ex
3789 993 4065 1054 eonduc-

2535 1084 2702 1146 tione
2726 1084 2834 1164 jus
2862 1085 3098 1145 habere
3126 1084 3204 1145 ad
3236 1085 3550 1163 gabellam
3579 1086 3658 1147 ab
3688 1104 3762 1148 eo
3813 1089 4068 1166 exigen-

2534 1177 2702 1254 dam,
2736 1196 2875 1238 cum
2909 1196 3033 1238 non
3062 1179 3258 1257 possit
3286 1196 3534 1257 cogere,
3570 1179 3685 1239 nisi
3706 1198 3815 1240 eos
3843 1181 3953 1259 qui
3980 1200 4070 1241 re·

2531 1272 2595 1349 gi
2624 1271 2867 1331 solvere
2898 1270 3224 1348 deberent,
3257 1270 3436 1351 cujus
3491 1272 3630 1333 loco
3686 1272 4073 1353 subrogatur

2533 1363 2613 1422 ad
2645 1363 2951 1441 exigenda
2983 1382 3057 1424 ea
3078 1364 3280 1424 solum
3330 1383 3472 1443 quoe
3498 1381 3605 1424 rex
3636 1365 3896 1443 exigere
3925 1385 4073 1445 pos·

2533 1460 2644 1516 set.
2682 1458 2882 1527 Quam
2914 1457 3221 1518 rationem
3249 1456 3423 1517 varie
3473 1462 3533 1517 et
3582 1458 3707 1518 late
3755 1460 4076 1537 explicant

2531 1549 2782 1625 Molina,
2815 1550 3044 1611 Sanch.
3072 1554 3135 1610 et
3161 1552 3350 1629 Vasq.
3384 1550 3541 1611 locis
3567 1551 3796 1614 citatis.

2612 1645 2759 1703 Haec
2778 1647 2984 1704 tamen
3032 1642 3213 1718 ratio,
3248 1648 3319 1703 ut
3346 1660 3566 1703 verum
3620 1644 3847 1722 fatear,
3910 1646 4069 1707 mihi

2532 1733 2802 1796 difficilis
2831 1754 3080 1814 semper
3099 1734 3228 1795 visa
3263 1739 3380 1796 est.

2613 1828 2844 1904 Prim0,
2877 1828 3026 1907 quia
3045 1828 3207 1889 sicut
3217 1826 3323 1906 jus
3341 1826 3427 1888 ad
3455 1828 3694 1889 reditus
3721 1830 3819 1889 vel
3838 1848 4070 1893 census

2530 1921 2723 1983 locari
2747 1939 2871 1980 non
2901 1925 3126 1999 potest,
3159 1921 3278 1981 nisi
3310 1921 3392 1981 ad
3419 1921 3581 1998 illos,
3616 1927 3804 1999 prout
3830 1924 4073 1986 locato-

2531 2016 2587 2075 ri
2612 2014 2943 2089 debentur,
2977 2014 3063 2075 ita
3120 2018 3189 2075 ut
3244 2032 3370 2075 non
3416 2014 3641 2093 magia,
3694 2033 3814 2075 nec
3838 2017 3906 2077 in
3936 2018 4073 2078 aliis

2533 2108 2781 2168 casibus
2809 2106 3176 2168 conductori
3201 2107 3573 2184 debeantur,
3626 2127 3819 2188 quam
3877 2110 4074 2172 debe-

2535 2206 2753 2263 rentur
2778 2200 3039 2260 locatori
3071 2220 3085 2262 :
3119 2200 3207 2261 ita
3239 2218 3353 2260 nec
3382 2200 3573 2260 vendi
3592 2207 3889 2279 possunt:
3929 2223 4071 2263 nam

2534 2294 2586 2354 si
2613 2293 2848 2354 habeas
2866 2292 2971 2372 jus
3001 2292 3080 2352 ad
3120 2311 3378 2353 censum
3434 2311 3736 2371 annuum,
3770 2296 3873 2355 vel
3935 2315 4071 2357 eer-

2534 2390 2664 2448 tam
2691 2391 2936 2464 partem
2966 2404 3042 2445 ex
3068 2385 3375 2446 fructibus
3395 2387 3641 2466 praedii,
3676 2391 3740 2447 et
3766 2388 3927 2449 illud
3946 2409 4070 2451 om-

2535 2479 2681 2539 nino
2702 2478 2939 2538 vendas
2958 2480 3161 2555 Petro,
3196 2496 3321 2538 non
3348 2479 3581 2558 poterit
3613 2483 3837 2541 Petrus
3867 2484 4071 2563 exige-

2536 2591 2625 2647 re,
2660 2572 2778 2631 nisi
2822 2572 2880 2631 in
2905 2572 2979 2632 iis
3009 2572 3256 2632 casibus
3285 2576 3349 2633 et
3377 2590 3519 2633 cum
3549 2573 3790 2634 eisdem
3848 2577 4072 2636 condi-

2533 2665 2807 2726 tionibus
2837 2669 2900 2726 et
2926 2664 3422 2741 limitationibus,
3458 2666 3521 2726 in
3559 2667 3791 2746 quibus
3820 2674 3888 2731 et
3934 2689 4073 2730 cum

2537 2758 2763 2839 quibus
2817 2763 2885 2818 tu
2940 2776 3154 2836 posses
3184 2778 3198 2818 :
3231 2758 3512 2837 alioquin
3559 2761 4075 2839 praejudicaremr

2537 2851 2802 2911 debitori
2819 2850 3046 2911 invito:
3082 2850 3130 2909 si
3151 2868 3298 2929 ergo
3322 2868 3432 2909 rex
3462 2869 3585 2911 non
3629 2858 3841 2931 potest
3865 2855 4074 2916 locare

2530 2944 2635 3025 jus
2665 2944 2742 3003 ad
2771 2942 3005 3005 tributa
3032 2943 3438 3022 aggravando
3470 2944 3674 3023 magis
3734 2947 4075 3025 obligatio·

2537 3055 2682 3097 nem
2709 3036 2964 3113 subditi,
2998 3036 3109 3096 sed
3129 3036 3333 3096 solnm
3362 3036 3571 3097 dando
3593 3038 3701 3115 jus
3729 3041 4073 3103 conducto·

2537 3131 2587 3192 ri
2619 3130 2696 3191 ad
2728 3128 3127 3208 exigendum,
3160 3129 3414 3209 quando
3435 3148 3542 3191 rex
3563 3135 3777 3210 posset
3794 3133 4072 3213 exigere,

2538 3225 2761 3285 eodem
2790 3224 2978 3284 modo
3024 3242 3146 3284 non
3195 3224 3425 3302 poterit
3452 3225 3606 3285 illud
3653 3224 3761 3305 jus
3820 3228 4075 3289 omnino

2535 3317 2832 3393 vendere,
2866 3317 2984 3377 nisi
3026 3334 3169 3377 cum
3223 3317 3447 3378 eadem
3494 3318 3909 3383 limitatione:
3952 3339 4076 3381 non

2538 3429 2686 3490 ergo
2712 3409 2915 3489 magis
2940 3410 3322 3471 tenebuntur
3376 3410 3609 3472 subditi
3665 3412 3915 3472 solvere
3972 3411 4078 3475 tri·

2536 3504 2757 3565 butum
2787 3503 3158 3579 marchioni,
3206 3520 3396 3582 quam
3423 3503 3542 3581 ipsi
3599 3504 3735 3583 regi
3789 3509 4080 3566 teneren-

2536 3601 2659 3673 tur,
2695 3600 2758 3658 et
2797 3615 2910 3674 per
2936 3599 3335 3675 'consequens
3364 3596 3617 3675 quando
3648 3597 3782 3677 regi
3814 3603 4081 3677 possent

2536 3707 2663 3750 non
2717 3689 2980 3766 solvere,
3039 3692 3336 3767 poterunt
3380 3688 3570 3749 etiam
3626 3708 3753 3751 non
3824 3692 4080 3752 solvere

2535 3782 2906 3859 marchioni,
2940 3781 3046 3861 qui
3074 3781 3380 3843 tributum
3407 3782 3583 3844 emit.

2617 3874 2928 3950 Secundo,
2962 3874 3109 3954 quia
3136 3874 3281 3935 licet
3307 3874 3643 3953 publicano
3675 3893 3799 3936 non
3832 3877 4086 3938 venda-

2536 3972 2638 4030 tur
2663 3968 2991 4044 tributum,
3042 3967 3337 4028 venditur
3370 3972 3582 4029 tamen
3617 3968 3675 4028 ei
3706 3987 3781 4028 ex
3807 3969 3875 4029 vi
3905 3970 4085 4031 loca·

2537 4061 2721 4122 tionis
2743 4060 2847 4140 jus
2903 4060 2983 4120 ad
3029 4060 3331 4122 tributum
3371 4060 3752 4140 exigendum
3814 4081 3935 4141 pro
3989 4063 4087 4124 his

2536 4154 2736 4216 tribus
2765 4153 2965 4230 annis,
2998 4172 3059 4214 v.
3092 4172 3187 4232 gr.
3228 4172 3422 4232 quare
3477 4171 3602 4214 non
3650 4155 3856 4216 minus
3887 4157 4082 4218 abso-

2535 4247 2664 4308 lute
2684 4246 2800 4325 ipsi
2830 4245 3095 4307 debetur
3121 4264 3233 4325 pro
3264 4246 3382 4308 hoc
3413 4251 3724 4326 tempore,
3744 4268 3944 4328 quam
3975 4252 4091 4310 de-

2536 4340 2759 4402 beatur
2784 4339 3130 4400 marchioni
3160 4358 3273 4419 pro
3296 4340 3588 4400 omnibus
3609 4342 3793 4402 annis
3818 4343 4084 4405 suturis:

2536 4434 2697 4494 sicut
2724 4451 2872 4511 ergo
2920 4432 3269 4493 marchioni
3320 4452 3445 4494 non
3500 4434 3881 4514 praejudicat.
3908 4437 4093 4497 debi-

2536 4533 2670 4589 tum
2696 4545 2733 4586 a
2763 4545 2911 4604 rege
2968 4530 3359 4588 contractum
3408 4531 3551 4606 post
3604 4529 4087 4602 venditionem:

2538 4639 2739 4700 neque
2768 4619 2959 4681 etiam
3012 4619 3348 4699 publicano
3403 4620 3821 4700 praejudicare
3889 4624 4096 4685 debet

2535 4713 2817 4775 debitum
2846 4731 2884 4772 a
2910 4730 3058 4791 rege
3088 4716 3478 4774 contractum
3501 4718 3647 4792 post
3664 4715 4091 4792 locationem,

2534 4826 2649 4886 per
2676 4825 2865 4886 quam
2908 4824 3030 4866 non
3060 4806 3266 4866 minus
3295 4825 3405 4866 rex
3433 4807 3494 4866 in
3526 4806 3706 4867 illum
3759 4812 4100 4872 transtulit

2526 4901 2653 4979 jus,
2688 4900 2855 4978 quod
2887 4899 3161 4959 habebat
3177 4898 3256 4960 ad
3274 4899 3579 4960 tributum
3607 4900 4091 4963 illiustriennii.

2537 4993 2712 5055 Sicut
2739 4991 2906 5053 enim
2935 5011 3050 5072 per
3076 4991 3501 5053 venditionem
3520 4993 3776 5054 totalem
3808 4995 4102 5057 subditii

2534 5086 2681 5148 facti
2710 5091 2857 5147 sunt
2909 5085 3227 5146 debitores
3282 5085 3477 5165 ipsius
3531 5086 3967 5163 marchioniS,
4030 5089 4095 5148 in

2537 5199 2724 5260 quem
2754 5198 2862 5239 rex
2885 5179 2989 5258 jus
3018 5197 3201 5239 suum
3231 5179 3581 5252 transtulit:
3616 5198 3733 5239 eur
3756 5198 3893 5258 per
3922 5182 4104 5243 loca-

2534 5275 2769 5335 tionem
2800 5272 3214 5351 temporalem
3244 5291 3367 5332 non
3402 5272 3606 5351 potuit
3650 5289 3752 5333 rex
3803 5274 4103 5335 reddere

2535 5366 2817 5428 subditos
2844 5365 3006 5427 illius
3038 5365 3435 5427 conductoris
3451 5366 3881 5442 debitore3,in
3900 5390 4101 5449 quem

2533 5465 2736 5522 totum
2766 5478 2949 5520 suum
2972 5459 3078 5540 jus
3122 5459 3439 5520 transtulit
3466 5477 3579 5539 pro
3608 5459 3712 5520 illo
3748 5461 4108 5524 triennio?

2538 5556 2872 5632 ponamus,
2907 5572 2970 5615 v.
2994 5572 3056 5632 g.
3090 5555 3155 5614 te
3182 5551 3520 5618 habentem
3540 5554 3649 5633 jus
3673 5551 3759 5614 ad
3791 5572 4104 5618 annuum

4148 2015 4190 2113 Lu.
