4263 6376
847 337 967 396 558

849 511 1212 591 reipublicae
1242 507 1574 570 commodo
1601 504 1666 566 id
1696 505 1951 566 faceret.
2003 505 2207 575 Quare
2237 517 2381 561 cum

851 606 1140 685 princeps
1168 603 1395 663 debeat
1425 599 1747 661 attendere
1786 597 1867 657 ad
1896 614 2229 657 commune
2257 594 2380 654 rei-

849 698 1115 779 publicae
1140 697 1398 770 bonum,
1432 694 1636 772 potest
1664 691 1784 751 hoc
1812 690 2000 750 etiam
2029 687 2382 749 considera-

850 811 953 865 re;
984 791 1070 852 ita
1096 795 1306 850 tamen
1338 792 1407 848 ut
1435 785 1721 845 non-ideo
1752 784 2052 862 languere
2080 779 2386 857 incipiant

849 884 1056 946 studia
1082 882 1402 961 praeclara,
1436 883 1624 957 prout
1654 876 1832 936 facile
1861 877 1989 951 flet,
2014 874 2065 934 si
2078 875 2385 952 appareat

849 978 963 1039 hos
992 978 1056 1036 in
1084 979 1461 1055 perpetuum
1503 970 1702 1031 omitti
1725 1016 1742 1046 ,
1790 968 1938 1048 quia
1980 966 2291 1028 doctiores
2321 968 2384 1025 et

847 1072 1170 1152 peritiores
1197 1071 1362 1142 sunt,
1398 1082 1590 1144 quare
1621 1062 1807 1123 debet
1820 1061 2206 1140 gubernator
2232 1078 2381 1137 pru-

849 1167 1005 1227 dens
1031 1180 1274 1237 curare,
1296 1164 1365 1220 ut
1393 1178 1499 1218 eos
1527 1156 1735 1217 debito
1752 1161 2033 1232 tempore
2054 1169 2380 1213 assumen-

847 1259 950 1334 do,
984 1256 1371 1319 alacritatem
1419 1256 1480 1312 et
1522 1267 1698 1328 spem
1729 1247 1997 1308 aliorum
2028 1263 2153 1304 non
2184 1245 2379 1304 extin-

847 1355 1020 1431 guat,
1054 1353 1116 1410 et
1134 1353 1343 1410 tamen
1373 1345 1539 1404 bono
1567 1340 1883 1402 communi
1913 1337 2219 1413 consulat,
2252 1354 2377 1396 non

848 1463 961 1506 eos
985 1459 1201 1504 omnes
1229 1437 1541 1517 eligendo,
1574 1434 1679 1495 ubi
1709 1432 1978 1512 primum
2007 1431 2069 1490 in
2099 1430 2173 1489 iis
2203 1448 2380 1488 exer-

848 1537 1013 1599 citiis
1036 1535 1309 1595 eminere
1339 1528 1664 1607 incipiunt,
1689 1545 1767 1586 ne
1789 1523 2040 1584 aliunde
2058 1524 2381 1583 auferatur

764 1677 779 1683 -
847 1631 939 1692 eis
965 1627 1209 1690 occasio
1241 1620 1652 1704 perveniendi
1699 1619 1779 1679 ad
1819 1617 2088 1695 gradum
2130 1614 2376 1675 eximiae

586 4041 665 4102 33

515 4167 592 4218 Qui
619 4168 759 4212 dicunt

500 4222 652 4264 debere
669 4224 769 4278 eligi

529 4276 755 4342 digniore-3

486 4330 691 4382 qun-od·
710 4332 786 4375 dn·-

514 4387 757 4502 ‘am

562 4490 712 4537 officia.

844 1724 1231 1794 litteraturae,
1257 1734 1445 1797 quem
1472 1715 1604 1774 sine
1627 1710 1922 1771 exercitio
1945 1705 2240 1768 diuturno
2271 1707 2377 1767 do-

847 1815 1033 1879 cendi
1058 1814 1157 1874 vel
1186 1806 1644 1891 patrocinandi,
1676 1824 1736 1866 v.
1773 1823 1835 1883 g.
1871 1801 2123 1862 difficile
2152 1801 2378 1861 fortas-

846 1928 911 1971 se
943 1904 1237 1984 consequi
1283 1902 1648 1983 potuissent.
1700 1897 2012 1958 Deberent
2039 1899 2249 1954 tamen
2271 1911 2378 1972 po-

846 2008 979 2065 stea
1005 2018 1130 2060 non
1159 1996 1301 2075 eligi
1332 1995 1409 2055 ad
1432 1993 1863 2071 magistratum
1883 1988 2264 2063 inferiorem,
2300 1987 2377 2046 si-

846 2099 952 2158 cut
979 2098 1042 2155 et
1067 2093 1107 2152 ii
1139 2091 1246 2171 qui
1266 2088 1548 2168 juniores
1592 2084 1772 2145 electi
1802 2083 2057 2142 fuerunt
2080 2127 2095 2146 .
2155 2080 2262 2140 sed
2295 2079 2377 2139 ad

845 2187 1221 2268 superiores„
1272 2201 1348 2242 ne
1377 2179 1666 2240 videatur
1711 2176 1799 2236 eis
1845 2192 2023 2234 mora
2049 2174 2155 2233 illa
2186 2191 2376 2251 quam

843 2300 958 2362 pro
989 2277 1347 2357 reipublicae
1377 2274 1541 2333 bono
1569 2269 2029 2342 sustinuerunt,
2080 2265 2375 2344 praeJudi-

844 2391 1009 2450 care,
1043 2389 1166 2451 quo
1195 2369 1402 2428 minus
1430 2366 1505 2425 ad
1525 2361 1869 2441 superioria
1888 2362 2024 2421 loca
2047 2358 2374 2436 pervenire

843 2466 1106 2546 possint,
1143 2463 1258 2523 nisi
1287 2460 1394 2521 diu
1425 2460 1567 2537 post
1603 2455 1775 2530 illos,
1835 2470 1989 2531 quos
2036 2450 2375 2528 discipulos

844 2564 906 2621 et
945 2558 1270 2619 inferiores
1311 2552 1700 2623 habuerunt,
1761 2550 1823 2607 et
1864 2544 2089 2623 quibus
2137 2542 2375 2604 meritis

842 2652 1197 2732 superiores
1225 2650 1388 2708 sunt.
1424 2642 1602 2716 Quod
1630 2639 1832 2718 magis
1862 2635 2175 2698 constabit
2204 2654 2276 2695 ex
2297 2636 2374 2695 iis

842 2764 982 2825 quae
1012 2747 1228 2823 postea
1256 2740 1536 2800 dicemus
1576 2735 1654 2795 de
1685 2731 1986 2793 electione
2035 2729 2113 2789 ad
2143 2728 2374 2789 benefi-

841 2840 939 2900 cia
969 2841 1031 2898 et
1058 2835 1264 2897 officia
1291 2829 1660 2912 spiritualia,
1693 2826 1757 2887 in
1786 2824 2013 2905 quibus
2041 2823 2163 2884 hoc
2182 2822 2371 2883 etiam

847 2929 1184 3010 aliquando
1213 2925 1466 2988 electori
1495 2924 1662 2984 licet.

1295 3348 1711 3433 sEcho
1775 3346 1896 3428 ΙΙΙ.

848 3660 1088 3736 Um,
1110 3664 1165 3718 et
1191 3675 1228 3718 α
1254 3654 1461 3737 quibus
1487 3651 1610 3713 hoec
1633 3648 1939 3712 soecularia
1961 3646 2165 3729 officia
2204 3646 2379 3708 vendi

1471 3756 1719 3839 possint.

920 4029 1264 4093 Difficultas
1292 4024 1478 4106 hujus
1503 4020 1868 4102 quaestionis
1910 4019 2108 4082 oritur
2155 4038 2231 4080 ex
2273 4020 2368 4081 di-

838 4125 952 4187 ctis
980 4123 1257 4184 sectione
1283 4114 1683 4198 praecedenti.
1719 4114 1781 4176 Si
1804 4113 1970 4174 enim
2003 4111 2208 4173 officia
2232 4113 2368 4173 haec

838 4218 1071 4280 debent
1099 4214 1236 4274 dari
1264 4208 1674 4290 dignioribus,
1708 4224 2099 4286 consequens
2118 4205 2370 4268 videtur

837 4310 1004 4392 quod
1036 4306 1222 4369 vendi
1254 4322 1377 4365 non
1406 4302 1684 4382 possint:
1715 4300 1862 4379 quia
1889 4298 1988 4359 vel
2012 4299 2368 4361 venduntur

834 4405 1042 4466 minus
1071 4400 1286 4478 digno,
1320 4400 1384 4457 et
1407 4399 1555 4457 tunc
1581 4395 1653 4455 fit
1681 4397 1898 4455 contra
1916 4392 2363 4471 obligationem

833 4494 1108 4576 eligendi
1154 4490 1536 4569 digniorem:
1588 4487 1687 4547 vel
1715 4487 2070 4546 venduntur
2112 4486 2233 4565 ipsi
2274 4486 2364 4546 di-

833 4589 1075 4671 gniori;
1133 4589 1196 4647 et
1224 4588 1374 4645 tunc
1418 4582 1475 4641 ei
1519 4581 1590 4640 fit
1625 4578 1883 4658 injuria,
1928 4578 2261 4639 vendendo
2306 4579 2365 4639 ei

835 4683 1003 4766 quod
1048 4682 1125 4740 de
1160 4678 1303 4758 jure
1346 4674 1464 4754 ipsi
1506 4673 1701 4752 gratis
1728 4672 2095 4733 debebatur.
2158 4673 2361 4744 Quare

830 4781 900 4840 P.
936 4779 1223 4855 vasquez
1253 4770 1420 4830 dicto
1448 4767 1505 4845 ς.
1531 4767 1635 4827 111.
1670 4765 1869 4826 dubit.
1902 4781 2031 4826 xrv.
2056 4766 2230 4843 dicit,
2266 4766 2363 4825 in-

831 4869 1286 4948 consequenter
1342 4862 1583 4922 locutos
1637 4877 1771 4919 esse
1829 4859 2047 4919 Sotum
2089 4862 2151 4919 et
2177 4859 2356 4936 alioS,

831 4963 938 5044 qui
967 4964 1252 5024 tenentes
1283 4954 1489 5017 officia
1519 4952 1657 5013 haec
1683 4951 1914 5012 debere
1945 4951 2083 5011 dari
2123 4952 2360 5031 dignio-

827 5057 879 5119 ri
903 5104 918 5133 ‚
978 5053 1424 5117 concesserunt
1475 5049 1694 5126 postea
1762 5062 1906 5104 cum
1973 5046 2039 5106 S.
2089 5045 2353 5123 Thoma,

830 5150 1017 5211 vendi
1045 5164 1249 5226 posse.
1302 5141 1427 5205 Sed
1472 5142 1731 5219 possent
1775 5138 2037 5199 fortasse
2073 5139 2356 5216 praedicti

794 5247 1116 5305 «auctores
1143 5235 1481 5299 defendere
1528 5249 1707 5292 suam
1743 5230 2115 5292 sententiam
2145 5231 2358 5292 dicen-

828 5337 942 5413 do,
991 5348 1206 5395 casum
1234 5344 1420 5410 posse
1461 5343 1789 5388 occurrere
1827 5323 1889 5383 in
1934 5343 2057 5403 quo
2101 5343 2174 5383 ex
2205 5324 2356 5386 duo-

827 5430 947 5491 bus
976 5423 1406 5506 dignioribus,
1456 5422 1680 5480 neuter
1732 5418 1813 5478 sit
1865 5417 2224 5479 notabiliter
2265 5418 2360 5478 di·

827 5522 1011 5602 gnior
1030 5566 1046 5596 ,
1096 5534 1219 5597 quo
1250 5532 1398 5576 casu
1428 5512 1720 5592 princeps
1748 5511 1960 5571 neutri
1996 5511 2059 5571 in
2087 5511 2359 5590 particu-

2011 326 2115 386 DE
2157 321 2508 386 JUSTITIA
2558 322 2658 382 ET
2700 323 2899 384 JURE

2479 498 2594 560 lari
2626 500 2816 561 debet
2841 499 2998 561 illud
3025 500 3300 562 officium
3327 548 3344 577 ‚
3404 505 3469 563 et
3495 520 3609 581 per
3633 519 3982 582 consequens

2480 597 2692 671 potest
2714 594 2988 671 pretium
3014 595 3301 673 accipere
3330 613 3445 674 pro
3478 596 3787 656 electione
3811 595 3980 674 hujus.

2482 684 2657 746 Sicut
2686 687 2854 746 enim
2881 687 3034 748 licet
3067 686 3129 746 in
3160 688 3447 748 omnium
3477 687 3792 748 sententia
3817 694 3987 747 tenea·

2480 782 2583 837 tur
2610 778 2762 838 dare
2791 779 2983 858 digno
3003 825 3018 855 ,
3079 784 3287 858 potest
3331 785 3545 841 tamen
3579 779 3854 840 vendere
3879 782 3986 841 offi-

2480 870 2647 930 cium
2676 870 2824 931 huic
2855 871 3070 949 digno,
3107 873 3212 932 cui
3238 873 3394 933 illud
3424 892 3551 933 non
3583 873 3892 943 debebat;
3917 874 3986 934 sic

2475 963 2623 1023 licet
2648 967 2939 1024 teneatur
2969 964 3119 1025 dare
3149 965 3440 1044 digniori,
3478 966 3716 1044 poterit
3745 966 3887 1026 huic
3907 967 3984 1026 di·

2475 1055 2677 1132 gniori
2708 1056 2984 1116 vendere
3008 1102 3024 1132 ,
3076 1058 3180 1117 cui
3224 1058 3641 1120 determinate
3683 1060 3839 1118 illud
3885 1079 3982 1119 nou

2477 1147 2766 1209 debebat.

2554 1242 2765 1302 Prima
2794 1260 2942 1320 ergo
2974 1243 3285 1303 sententia
3307 1244 3601 1304 concedit
3631 1262 3821 1321 posse
3845 1244 3981 1304 licite

2476 1352 2552 1393 ea
2581 1333 2788 1395 officia
2815 1335 3035 1410 vendi,
3084 1336 3302 1413 positis
3340 1340 3553 1396 tamen
3585 1337 3780 1397 certis
3807 1338 3985 1397 condi·

2474 1427 2750 1487 tionibus
2778 1433 3000 1505 postea
3041 1429 3450 1507 explicandis.
3492 1431 3670 1490 Hanc
3696 1435 3908 1490 teuent
3930 1432 3979 1492 S.

2474 1519 2698 1580 Thom.
2762 1537 2976 1599 opusc.
3011 1537 3139 1582 xx1.
3202 1522 3371 1602 quod
3419 1527 3516 1583 est
3560 1522 3640 1582 ad
3688 1524 3983 1583 Ducissam

2475 1611 2858 1689 Brabantiae,
2891 1632 2933 1673 a
2961 1632 3087 1693 qua
3117 1615 3195 1675 de
3226 1614 3346 1675 hoc
3367 1614 3561 1676 dubio
3590 1616 3984 1694 interrogatus

2474 1704 2679 1766 fuerat
2701 1750 2716 1780 ‚
2770 1723 2957 1783 quem
2990 1707 3271 1786 sequitur
3299 1709 3589 1786 vasquez
3629 1709 3776 1769 loco
3804 1711 3983 1786 citato,

2477 1796 2791 1872 Corduba,
2822 1798 3141 1875 Mei-cado,
3172 1801 3531 1877 cajetanus,
3562 1802 3869 1876 Palacies,
3898 1803 3987 1863 Sil-

2474 1894 2712 1965 vester,
2745 1890 3045 1968 Armilla,
3080 1892 3328 1954 Rosella
3348 1938 3364 1968 ,
3399 1895 3728 1954 Navarrus
3748 1941 3766 1969 ,
3800 1895 3983 1955 Palud.

2477 1981 2785 2053 SaloniuS‚
2807 1985 3182 2063 Aragonius,
3201 1986 3409 2062 SotuS,
3434 1991 3501 2048 et
3514 1987 3621 2046 alii
3637 2005 3803 2066 quos
3816 1990 3984 2061 affert,

2476 2079 2537 2136 et
2577 2078 2858 2156 sequitur
2904 2078 3187 2138 Sanchez
3228 2078 3395 2140 dicto
3442 2098 3585 2159 cap.
3633 2096 3678 2141 1.
3731 2081 3877 2142 dub.
3904 2083 3982 2141 37.

2473 2168 2627 2229 item
2654 2172 2907 2229 Bannez
2928 2216 2943 2245 ,
2981 2174 3043 2232 et
3070 2171 3359 2232 Valentia
3387 2173 3562 2251 apud
3592 2175 3884 2233 Turrian.
3911 2174 3986 2232 di-

2473 2265 2574 2321 cta
2595 2261 2756 2341 disp.
2781 2264 2962 2323 xxrlr.
2999 2262 3150 2324 dub.
3176 2267 3235 2325 9..
3261 2264 3632 2340 villaloboS‚
3664 2268 3983 2342 Tannerus,

2468 2353 2503 2415 J
2511 2372 2747 2415 oannes
2782 2355 2861 2415 de
2890 2354 2952 2414 la
2980 2356 3160 2431 Cruz,
3197 2356 3431 2418 Silvius
3452 2404 3469 2435 ,
3502 2358 3831 2418 Malderus
3853 2405 3868 2434 ,
3897 2360 3986 2418 Be-

2471 2445 2705 2522 belluS,
2749 2448 3047 2523 Azorius‚
3095 2452 3159 2508 et
3186 2448 3540 2525 Filliucius‚
3591 2455 3659 2511 et
3685 2451 3828 2526 alii,
3858 2469 3985 2529 quos

2472 2539 2688 2615 affert,
2749 2545 2817 2601 et
2849 2540 3134 2618 sequitur
3159 2540 3359 2601 Diana
3387 2546 3543 2603 tom.
3580 2544 3659 2603 11.
3692 2548 3779 2605 tr.
3812 2560 3870 2606 v.
3896 2542 3984 2602 Hi-

2468 2630 2700 2692 scellan.
2735 2632 2920 2694 resol.
2957 2635 3093 2694 108.

2550 2724 2889 2802 Assignant
2913 2729 3125 2786 tamen
3155 2727 3444 2805 praedicti
3473 2727 3778 2790 doctores
3802 2729 3979 2809 plures

2470 2817 2881 2894 conditioneS,
2914 2822 2983 2879 ut
3011 2819 3293 2880 venditio
3322 2819 3462 2881 haec
3489 2820 3667 2882 licite
3695 2823 3830 2884 fiat.
3879 2823 3979 2883 Pri—

2469 2929 2596 2988 ma,
2627 2916 2697 2973 ut
2724 2911 2804 2973 sit
2833 2911 3172 2973 auctoritas
3198 2912 3262 2973 in
3291 2913 3649 2990 vendente;
3705 2917 3978 2987 secunda,

2469 3010 2540 3066 ut
2566 3003 2927 3065 vendantur
2955 3005 3169 3083 digno.
3221 3006 3432 3067 Tertia
3471 3010 3542 3069 ut
3569 3027 3701 3068 non
3731 3009 3981 3070 vendan-

2468 3101 2573 3158 tur
2598 3097 2796 3174 pretio
2830 3096 2986 3157 adeo
3018 3098 3360 3174 excessivo,
3393 3103 3466 3161 ut
3487 3118 3752 3161 necesse
3778 3102 3858 3162 sit
3878 3121 3981 3162 em-

2470 3194 2714 3271 ptorem
2742 3190 2946 3251 officio
2967 3190 3164 3267 abuti,
3197 3196 3266 3253 ut
3285 3192 3558 3271 pretium
3588 3195 3862 3257 solutum
3886 3195 3981 3255 sibi

2472 3285 3150 3363 compensetcouarta,
3186 3289 3254 3346 ut
3280 3285 3342 3345 id
3371 3285 3486 3347 fiat
3537 3288 3625 3348 ob
3651 3289 3982 3368 reipublice

2473 3376 2906 3438 necessitatem
2931 3422 2946 3451 ,
3004 3376 3106 3437 cui
3151 3376 3331 3439 aliter
3378 3380 3624 3440 consuli
3678 3381 3840 3441 bene
3880 3400 3980 3441 non

2472 3469 2685 3549 possit.
2722 3469 3013 3542 Quintam
3041 3468 3220 3530 addit
3237 3471 3548 3550 vasquez,
3584 3480 3658 3534 ut
3687 3474 3753 3534 hi
3783 3475 3981 3535 officia-

2469 3563 2559 3623 les
2588 3562 2713 3622 suis
2742 3562 3131 3640 temporibus
3179 3564 3622 3625 examinentur
3662 3572 3727 3627 et
3754 3568 3979 3628 visiten-

2467 3658 2591 3731 tur,
2627 3658 2696 3714 ut
2724 3657 2967 3715 constet
2995 3673 3074 3714 au
3104 3655 3262 3715 bene
3294 3656 3356 3715 in
3387 3657 3517 3716 suis
3546 3658 3776 3718 officiis
3806 3678 3868 3719 se
3891 3678 3980 3738 ge-

2466 3752 2630 3823 rant,
2664 3746 2945 3825 Deniquc
2976 3746 3219 3809 addunt
3245 3748 3442 3827 aliqui
3473 3750 3756 3811 officium
3779 3752 3980 3831 judicis

2467 3858 2791 3921 nunquam
2819 3858 3001 3918 posse
3030 3840 3197 3901 licite
3227 3842 3448 3916 vendi,
3496 3846 3566 3903 ut
3587 3862 3736 3903 cum
3767 3846 3908 3906 Soto
3931 3848 3981 3904 et

2466 3934 2603 3994 aliis
2657 3933 2888 3993 fatetur
2931 3932 3100 3992 idem
3128 3935 3418 4012 vasquez
3443 3981 3459 4010 ,
3522 3940 3586 3996 et
3637 3937 3810 3997 idem
3859 3955 3978 3997 cum

2467 4026 2638 4102 aliis,
2698 4043 2855 4104 quos
2882 4026 3100 4102 affert,
3160 4027 3391 4088 sentire
3430 4028 3683 4090 videtur
3718 4031 3980 4091 Sanchex

2465 4137 2637 4180 num.
2672 4122 2731 4179 6.

2537 4210 2828 4274 Secunda
2855 4210 3160 4272 sententia
3192 4215 3384 4289 negat
3411 4210 3551 4272 haec
3578 4213 3791 4275 officia
3815 4214 3978 4275 vendi

2459 4305 2627 4366 licite
2673 4322 2877 4382 posse.
2941 4306 3114 4364 Hanc
3160 4303 3392 4365 docent
3418 4306 3449 4365 J
3460 4323 3700 4367 oannes
3726 4309 3974 4381 Medica,

2463 4397 2798 4471 AdrianuS,
2832 4400 2896 4456 et
2922 4395 3155 4473 Angles
3185 4414 3341 4475 quos
3367 4398 3555 4458 affert
3581 4400 3812 4461 Sanch.
3846 4421 3903 4461 n.
3926 4403 3971 4462 ¹.

2462 4490 2749 4552 Turrian.
2772 4489 2961 4549 etiam
2989 4489 3156 4549 dicto
3188 4488 3250 4549 d.
3275 4504 3345 4550 11.
3375 4508 3440 4549 n.
3465 4493 3526 4551 5.
3561 4496 3626 4552 et
3655 4493 3717 4552 in
3737 4495 3979 4553 revide-

2458 4588 2560 4646 tur
2586 4582 2815 4643 sentire
2845 4583 3013 4642 Less.
3048 4581 3215 4642 dicto
3247 4599 3385 4659 cap.
3420 4584 3672 4645 XXXII.
3719 4586 3868 4648 dub.
3898 4603 3971 4646 tv.

2462 4695 2635 4738 num.
2667 4679 2765 4736 29.
2800 4674 2904 4754 qui
2933 4673 3083 4735 licet
3107 4675 3298 4753 priori
3329 4678 3659 4739 sententiat
3678 4680 3976 4740 adhaereat

2462 4786 2632 4829 num.
2667 4771 2766 4829 25.
2801 4771 3020 4846 postea
3048 4772 3258 4829 tamen
3304 4766 3467 4828 inter
3507 4770 3662 4831 alias
3689 4772 3976 4833 conditio·

2461 4881 2571 4922 nes
2601 4860 2824 4939 exigit,
2861 4859 3028 4939 quod
3057 4860 3415 4921 vendantur
3441 4861 3748 4940 digniori,
3797 4884 3972 4944 quare

2458 4954 2660 5032 magis
2689 4971 2801 5031 pro
2840 4952 2960 5013 hac
2989 4969 3180 5031 quam
3209 4971 3321 5030 pro
3354 4953 3549 5031 priori
3576 4958 3875 5017 sententia
3899 4958 3972 5017 ci·

2458 5048 2573 5109 tari
2605 5046 2810 5107 debet.
2858 5046 2987 5105 Imo
3027 5045 3239 5122 plures
3281 5063 3357 5105 ex
3383 5048 3742 5109 auctoribus
3771 5052 3970 5127 prime

2460 5138 2783 5201 sententiae
2813 5138 3069 5200 tandem
3097 5138 3406 5215 fatentur,
3439 5140 3590 5202 licet
3614 5144 3968 5222 speculative

2458 5232 2737 5293 venditio
2769 5230 2904 5290 haec
2930 5229 3102 5291 licita
3129 5230 3229 5305 sit,
3263 5234 3326 5291 et
3353 5234 3703 5294 secundum
3731 5255 3798 5295 se
3827 5255 3968 5315 prae-

2458 5326 2584 5388 cise
2615 5344 2737 5386 non
2767 5323 2849 5384 sit
2871 5323 3074 5395 mala;
3105 5324 3378 5401 practice
3405 5328 3644 5401 tamen,
3677 5335 3734 5388 et
3760 5329 3824 5387 iu
3851 5329 3964 5408 plu-

2456 5419 2686 5480 rimum
2711 5435 2849 5477 esse
2876 5416 3179 5496 iniquam,
3211 5420 3274 5476 et
3301 5416 3452 5494 quia
3480 5420 3747 5481 actiones
3777 5440 3964 5481 mora·

2459 5512 2551 5572 les
2573 5509 2932 5591 judicandas
2960 5513 3104 5570 sunt
3130 5513 3317 5586 prout
3343 5509 3407 5569 in
3437 5511 3719 5589 pluribus
3745 5515 3955 5587 evenit,

4015 1391 4087 1534 ss».-
