4263 6376
460 667 545 716 dis.
565 681 585 707 v

462 726 756 818 maceriis.
806 782 906 824 res
938 782 1173 838 omnes,
1211 781 1367 840 quos
1395 766 1746 841 sequuntur
1773 763 2038 839 Molina,
2091 763 2197 823 ubi
2240 784 2343 824 su-

812 309 925 371 164

516 506 636 559 Quid.
670 506 706 550 ιι
809 487 921 547 sed
951 485 1142 548 etiam
1168 485 1366 546 libera
1398 485 1741 561 voluntate,
1775 484 1898 564 leg.
1941 485 2134 547 Unum
2154 505 2228 546 ex
2253 486 2344 567 fa-

463 561 760 657 {ss'e‘ffg‘ffl
810 579 1012 654 milia,
1053 579 1177 656 leg.
1224 576 1276 638 C
1278 598 1374 637 am
1402 576 1659 658 quidam,
1694 581 1792 638 24.
1830 579 1891 639 ss.
1935 577 2005 639 dc
2034 579 2238 659 leyatis
2270 596 2338 640 ιι.

588 668 760 776 {23³2
808 676 934 750 teg.
976 671 1190 745 Unum,
1222 671 1279 748 §.
1316 688 1357 731 1.
1396 673 1455 730 ff.
1491 668 1560 729 de
1586 669 1752 730 rebus
1768 669 1975 731 dubiis.
2011 673 2100 732 lta
2119 671 2341 733 docto-

807 876 922 936 pra
949 857 1006 935 §.
1040 856 1103 916 E
1107 855 1272 916 lectio
1300 853 1369 915 de
1397 854 1720 935 aliquibus,
1769 862 1832 916 et
1862 858 2144 936 vasquez
2175 856 2339 918 dicto

803 949 989 1029 capit.
1014 949 1169 1010 v111.
1200 949 1255 1026 ἓ.
1285 965 1377 1007 ιιι.
1413 947 1562 1009 dub.
1588 952 1644 1008 2.
1683 952 1973 1010 num.43.
2009 968 2131 1028 quo
2165 968 2334 1011 casu.

803 1043 855 1104 si
883 1042 1101 1103 electio
1133 1040 1560 1102 committatur
1588 1041 1802 1101 libera}
1834 1043 2177 1119 voluntati,
2230 1061 2342 1102 va-

800 1135 925 1195 lide
955 1135 1143 1212 eliget
1168 1134 1498 1212 indignum
1534 1155 1546 1194 :
1581 1134 1631 1193 si
1661 1139 1872 1195 autem
1903 1135 2186 1211 arbitrio,
2231 1135 2340 1195 de-

798 1227 906 1289 bet
950 1228 1181 1306 eligere
1225 1227 1608 1304 digniorem,
1673 1227 1768 1287 vel
1827 1234 1995 1288 certe
2046 1228 2332 1307 dignum.

798 1322 952 1383 Item
983 1320 1032 1379 si
1053 1325 1197 1380 ante
1219 1319 1589 1380 electionem
1611 1319 1842 1380 factam
1865 1320 2193 1398 moriatur,
2229 1321 2339 1381 de-

800 1413 908 1475 bet
936 1412 1131 1472 dividi
1159 1412 1324 1473 inter
1351 1429 1568 1471 omnes
1588 1458 1603 1488 ,
1634 1429 1710 1472 ex
1741 1412 1968 1492 quibus
1998 1412 2215 1473 electio
2245 1413 2337 1474 fa-

796 1505 1019 1565 cienda
1047 1508 1204 1580 erat,
1230 1503 1409 1583 juxta
1437 1504 1671 1565 dictam
1700 1504 1822 1583 leg.
1856 1504 2049 1566 Unum
2071 1524 2146 1565 ea:
2159 1506 2333 1588 sami-

797 1597 899 1676 lia,
931 1600 987 1678 ἓ.
1011 1597 1196 1677 8090,
1233 1600 1294 1657 et
1323 1597 1555 1657 dictam
1584 1598 1705 1675 leg.
1746 1595 1895 1659 Cum
1915 1597 2174 1678 quidam,
2208 1600 2335 1658 ele-

796 1691 1000 1752 ctione
1045 1696 1254 1751 autem
1292 1690 1495 1766 facta,
1532 1708 1658 1750 non
1688 1696 1980 1752 censetur
2006 1692 2241 1753 electus
2268 1692 2331 1752 id

796 1784 1077 1863 accipere
1105 1784 1185 1844 ab
1203 1783 1492 1862 eligente,
1528 1783 1636 1844 sed
1661 1803 1736 1844 ex
1758 1788 2131 1846 testamento
2163 1803 2330 1845 com-

792 1877 1128 1949 mittentis;
1178 1894 1372 1955 quare
1419 1876 1469 1935 si
1513 1875 1702 1953 eligat
1742 1876 1939 1936 filium
1981 1878 2326 1956 proprium,

793 1988 913 2030 non
938 1974 1335 2047 computatur
1362 1968 1480 2029 hoc
1501 1969 1555 2028 ei
1579 1968 1640 2028 iu
1658 1969 2003 2047 legitimam
2025 1969 2324 2047 debitam,

794 2064 940 2142 quia
957 2081 1081 2123 non
1102 2062 1181 2121 ab
1201 2080 1274 2122 eo
1296 2060 1545 2139 accipit,
1570 2060 1682 2121 sed
1704 2061 1783 2120 ab
1801 2061 1944 2137 alio,
1969 2067 2031 2122 et
2047 2062 2326 2122 inomni-

791 2155 908 2216 bus
937 2174 1002 2216 se
1033 2154 1226 2214 habet
1254 2154 1414 2214 sicut
1446 2152 1495 2212 si
1528 2172 1563 2212 a
1595 2158 1889 2215 testatore
1918 2155 2151 2215 electus
2182 2155 2326 2215 fuis-

790 2253 888 2309 set
917 2268 930 2308 :
966 2252 1152 2326 atque
1181 2245 1340 2306 adeo
1371 2264 1588 2305 servus
1618 2264 1730 2324 per
1744 2246 1932 2306 talem
1957 2247 2327 2308 electionem

789 2339 1207 2400 manumissus
1249 2357 1374 2397 non
1420 2333 1834 2399 aestimabitur
1876 2338 2158 2417 ingratus
2201 2340 2327 2399 ele-

789 2433 966 2508 ctori,
1000 2431 1110 2492 sed
1138 2430 1444 2505 testatori,
1480 2449 1515 2489 a
1537 2448 1659 2509 quo
1689 2429 2043 2492 libertatem
2072 2431 2318 2511 accipit.

788 2527 865 2586 Et
893 2525 1112 2586 electio
1143 2524 1278 2584 haec
1308 2528 1514 2602 potest
1541 2523 1671 2583 sive
1702 2523 1764 2582 in
1797 2528 2170 2584 testamento
2193 2571 2208 2599 ,
2241 2525 2322 2585 si-

786 2637 861 2678 ve
892 2623 1068 2679 extra
1085 2621 1529 2679 testamentum
1557 2633 1769 2676 coram
1791 2616 2035 2677 duobus
2057 2617 2322 2678 testibus

785 2712 944 2787 fieri,
1004 2711 1082 2772 de
1134 2710 1360 2789 quibus
1407 2709 1607 2769 videri
1665 2713 1926 2788 possunt
1952 2710 2212 2787 Molina,
2263 2713 2326 2771 et

786 2808 1069 2884 Vasquez
1089 2850 1105 2880 ,
1153 2803 1258 2883 qui
1302 2803 1457 2863 alios
1488 2804 1758 2863 afferunt
1787 2818 1802 2865 τ
1853 2803 1906 2863 si
1953 2807 2165 2863 autem
2215 2803 2325 2862 de-

784 2902 887 2958 tur
930 2898 1191 2957 facultas
1240 2894 1512 2974 eligendi
1560 2913 1635 2952 ex
1686 2912 1920 2973 genere
1978 2896 2280 2957 latissimo
2300 2942 2317 2974 ,

783 2989 870 3050 ita
896 2994 966 3050 ut
987 2989 1264 3067 legatum
1295 2988 1457 3048 iuter
1484 2987 1624 3046 illos
1655 3005 1872 3046 omnes
1902 2987 2174 3048 divisum
2204 3007 2317 3067 pro

785 3082 979 3142 nihilo
1010 3083 1408 3159 reputaretur
1432 3125 1447 3154 ‚
1501 3097 1626 3139 non
1655 3079 1896 3140 valeret
1936 3080 2317 3159 commissio,

786 3180 856 3236 ut
883 3193 1024 3235 cum
1053 3173 1222 3234 Tello
1255 3175 1430 3234 notat
1457 3173 1645 3251 Vasq.
1680 3192 1740 3231 n.
1775 3175 1874 3233 45.

868 3268 1094 3341 Quinto
1126 3266 1725 3345 excipiturlegatum
1748 3266 2051 3328 libertatis
2080 3265 2143 3326 in
2173 3267 2316 3329 alte·

716 3422 737 3432 ,
786 3362 915 3422 rius
936 3361 1320 3421 voluntatem
1343 3359 1660 3433 collatum,
1697 3359 1866 3437 quod
1894 3359 2108 3419 favore
2136 3359 2318 3420 liber-

720 3486 731 3505 ·
786 3454 929 3516 tatis
958 3452 1235 3513 validum
1276 3456 1402 3527 est,
1449 3451 1573 3529 leg.
1606 3449 2201 3528 Fidet'commzssam'a,
2251 3454 2313 3514 ss.

784 3546 855 3607 de
889 3544 1339 3627 fideicommissi,
1394 3543 1583 3604 libert.
1635 3548 1704 3604 ut
1749 3563 1891 3604 cum
1939 3545 2323 3606 Covarruvia

783 3643 958 3700 notat
986 3637 1151 3697 idem
1175 3638 1463 3716 vasquez
1503 3655 1606 3696 nu.
1640 3640 1739 3696 42.
1777 3637 1884 3715 qui
1914 3637 2079 3697 idem
2102 3637 2320 3699 dicunt

781 3733 859 3792 de
887 3732 1094 3810 legato
1125 3729 1288 3791 dotis
1316 3747 1506 3789 causa
1535 3729 1731 3805 fact0,
1778 3728 1888 3788 sed
1920 3730 2158 3790 nullum
2187 3733 2316 3790 tex-

780 3831 911 3887 tum
942 3826 1209 3884 afferunt
1238 3822 1319 3881 ad
1350 3822 1413 3881 id
1443 3821 1862 3900 probandum.

861 3919 1140 3991 Sexto‚et
1152 3915 1365 3977 ultimo
1382 3914 1776 3993 potissimum
1791 3914 2318 3992 excipiunturdis-

779 4009 1113 4089 positiones
1134 4007 1212 4067 ad
1236 4008 1368 4086 pias
1385 4024 1627 4081 causam,
1655 4025 1793 4086 quae
1818 4008 1878 4065 in
1899 4006 2187 4083 haeredis,
2215 4008 2315 4068 vel

776 4102 1031 4164 alterius
1058 4099 1425 4176 arbitrium,
1477 4102 1586 4159 aut
1626 4099 1892 4159 liberam
1923 4099 2312 4162 voluntatem

777 4194 1042 4258 conferri
1073 4197 1355 4273 possunt,
1390 4196 1460 4253 ut
1483 4192 1752 4252 diximus
1781 4192 2011 4271 disput.
2045 4209 2197 4254 xxu.
2233 4194 2311 4255 de

776 4286 1164 4348 contractibus
1210 4286 1267 4345 in
1310 4303 1553 4365 qenere,
1607 4290 1760 4345 sect.
1799 4302 1880 4345 ix.
1935 4290 1996 4345 et
2020 4285 2311 4347 doctores

775 4382 1075 4460 colligunt
1102 4378 1520 4441 communiter
1562 4396 1638 4438 ex
1669 4377 1854 4458 capit.
1908 4376 2056 4439 Cum
2085 4379 2209 4452 tibi,
2242 4378 2313 4439 de

774 4471 1145 4547 testamentis,
1180 4476 1243 4533 et
1272 4490 1348 4532 ex
1376 4471 1499 4549 leg.
1532 4470 1609 4531 Id
1632 4469 1790 4551 quod
1809 4470 2166 4552 pauperibus
2189 4518 2204 4547 ,
2239 4473 2304 4535 C.

771 4567 844 4628 de
868 4566 1146 4648 episcopis
1186 4574 1239 4625 et
1267 4562 1516 4624 clericis.
1566 4562 1870 4625 Videatur
1910 4564 2144 4625 Molina
2170 4564 2307 4626 loco

772 4662 961 4723 citato
981 4705 996 4736 ,
1054 4660 1111 4738 ἓ.
1166 4657 1485 4737 Leeqatum,
1558 4665 1621 4716 ut
1692 4654 1937 4716 hoeredis
1992 4656 2302 4734 instz'tutzb,

771 4760 834 4816 et
862 4752 1142 4815 Sanchez
1172 4750 1339 4810 dicto
1369 4749 1477 4810 lib.
1514 4764 1600 4810 ιν.
1638 4748 1861 4811 Consil.
1896 4768 2033 4827 cap.
2067 4751 2114 4810 1.
2150 4749 2300 4811 dub.

768 4862 907 4907 va.
945 4844 1051 4925 qui
1082 4843 1237 4904 alios
1266 4843 1557 4902 afferunt.
1599 4842 1779 4903 Unde
1811 4842 2167 4902 commissio
2196 4861 2308 4920 ge-

770 4939 998 5001 neralis
1026 4935 1209 4998 alicui
1254 4936 1420 4995 sacta
1440 4980 1455 5010 ,
1490 4938 1558 4994 ut
1586 4933 1878 5011 disponat
1905 4935 1982 4994 de
2014 4935 2304 4995 omnibus

768 5032 904 5113 ejus
932 5030 1144 5105 bonis,
1190 5027 1400 5089 valida
1444 5026 1841 5087 existimatur
1876 5046 1888 5087 ε
1938 5026 2083 5105 quia
2125 5046 2305 5087 mens

766 5123 1080 5188 testatoris
1109 5124 1421 5196 censetur,
1460 5119 1628 5197 quod
1650 5118 1943 5197 disponat
1970 5118 2048 5178 ad
2080 5138 2304 5180 causas

768 5217 926 5297 piaS,
960 5220 1021 5276 et
1047 5216 1109 5275 in
1141 5215 1379 5275 bonum
1406 5229 1539 5272 suae
1571 5211 1797 5271 animae
1825 5258 1839 5288 ,
1894 5215 1955 5272 et
2004 5210 2123 5272 hoc
2170 5212 2302 5272 sive

768 5308 1057 5382 arbitrio,
1099 5306 1229 5367 sive
1258 5305 1477 5365 liberae
1514 5303 1817 5364 voluntati
1846 5304 2295 5365 committatur.

768 5405 981 5480 Neque
1022 5399 1128 5459 illa
1165 5400 1456 5458 censetur
1498 5414 1634 5455 esse
1678 5395 2035 5456 commissio
2067 5396 2146 5455 ad
2177 5400 2302 5457 tes-

766 5493 1051 5569 tandum,
1086 5491 1194 5552 sed
1224 5491 1428 5569 potius
1454 5488 1535 5550 ad
1565 5487 1997 5550 distribuenda
2025 5506 2100 5549 ex
2129 5489 2298 5549 bona

1912 309 2014 370 DE
2055 306 2409 372 JUSTITIA
2454 307 2554 369 ΕΤ
2595 306 2794 370 JURE

2445 485 2768 546 voluntate
2799 482 3110 560 defuncti,
3142 484 3249 564 qui
3270 483 3407 563 jam
3434 487 3697 546 testatus
3723 483 3961 547 videtur

2445 576 2838 656 disponendo
2877 576 2956 635 ad
2994 596 3144 636 usus
3174 577 3308 655 pios
3338 577 3416 637 ‹le
3447 577 3738 638 omnibus
3768 577 3957 654 bonis,

2443 674 2511 730 ut
2540 673 2716 731 notat
2742 670 2906 731 idem
2941 670 3224 731 Sanchez
3255 689 3424 731 num.
3458 674 3519 732 5.
3572 670 3731 742 Quid
3764 675 3961 731 autem

2439 763 2611 841 leges
2654 763 2943 842 Hispanae
2990 764 3305 842 peculiare
3350 763 3587 825 addant
3627 764 3798 823 circa
3838 763 3961 823 haec

2441 856 2836 935 omnia‚‘quae
2868 856 2948 915 ad
2979 857 3445 917 commissarios
3476 857 3814 935 pertinent,
3848 861 3966 918 tra-

2439 952 2568 1009 ctat
2594 948 2716 1010 late
2747 951 3033 1028 vasquez
3072 950 3258 1029 capit.
3294 966 3379 1011 1x.
3432 950 3502 1010 de
3530 959 3755 1010 testam.
3815 951 3871 1028 §.
3902 954 3954 1010 2.

2440 1059 2552 1118 per
2581 1045 2812 1117 totum,
2867 1042 3034 1119 apud
3078 1061 3265 1121 quem
3296 1043 3615 1121 proedictae
3645 1043 3820 1122 leges
3842 1090 3858 1118 ,
3905 1047 3963 1104 et

2439 1152 2652 1193 earum
2692 1134 3123 1213 interpretatio
3155 1135 3353 1195 videri
3386 1141 3650 1215 possunt
3682 1155 3695 1197 :
3746 1140 3811 1195 et
3837 1136 3959 1195 haec

2436 1226 2750 1288 sufficiant
2790 1245 2903 1306 pro
2955 1227 3264 1306 theologis
3312 1228 3390 1287 de
3431 1228 3824 1290 testamentis
3860 1246 3961 1288 no-

2436 1323 2621 1396 tasse,
2657 1325 2884 1382 caetera
2905 1319 3147 1400 juristis
3177 1321 3615 1401 relinquimuS.

2676 2268 3370 2366 DISPUTATIO
3436 2271 3689 2366 XXV.

2835 2633 2911 2677 nr.
2948 2633 3172 2696 murno,
3210 2635 3284 2679 er
3311 2635 3530 2682 usmis.

2424 2917 2644 2977 Sne-no
2672 2918 2718 2977 1.
2749 2923 2835 2980 De
2862 2926 3117 2997 mutuo,
3152 2920 3328 3004 qaid,
3386 2931 3443 2984 et
3472 2922 3825 3006 quotuplex
3846 2922 3939 2998 sit,

2501 3017 2559 3072 et
2588 3009 2702 3094 qai
2726 3030 2798 3074 ex
2824 3010 2960 3095 ¹ipso
2998 3011 3285 3096 obliyari
3304 3015 3571 3099 possim.

2421 3166 2644 3227 Sec-no
2673 3167 2748 3227 ΙΙ.
2809 3172 2895 3229 De
2934 3186 3174 3245 usura,
3234 3166 3394 3253 quid
3438 3177 3520 3234 stt
3565 3177 3623 3234 et
3651 3191 3783 3255 qao
3808 3190 3944 3255 pure

2489 3257 2843 3342 prohibita.

2419 3413 2639 3473 Sem-10
2669 3414 2770 3474 111.
2825 3420 3048 3477 Utrum
3087 3434 3212 3498 pro
3258 3413 3658 3501 oblt'yateone
3684 3440 3825 3484 ‘non
3850 3439 3940 3483 re·

2487 3506 2748 3589 petendi
2779 3516 3076 3571 mutuum
3095 3528 3215 3591 per
3244 3529 3524 3586 annam,
3576 3532 3635 3577 υ.
3661 3532 3765 3596 qr.
3795 3534 3936 3597 pos-

2493 3598 2574 3662 sit
2597 3599 2851 3683 aliquid
2869 3600 3049 3664 ultra
3075 3614 3309 3665 sort-em
3336 3623 3533 3683 «τιμε.

2417 3756 2637 3815 Sscr1o
2667 3756 2766 3816 IV.
2818 3755 2902 3820 De
2927 3776 3067 3840 spe,
3108 3769 3222 3821 aut
3251 3759 3610 3823 mantione
3638 3759 3826 3839 lucri,
3858 3781 3936 3825 an

2491 3847 2695 3924 faciat
2744 3868 3011 3912 usuram
3041 3851 3378 3914 mentalem
3415 3872 3563 3916 cum
3591 3872 3786 3917 onere
3823 3873 3935 3917 res-

2497 3941 2791 4006 timenda

2413 4099 2634 4158 Ssscrm
2664 4100 2736 4160 V.
2793 4105 2875 4162 De
2903 4099 3114 4182 pactis
3159 4108 3387 4165 mutuo
3429 4100 3741 4177 addictas,
3800 4120 3933 4188 quae

2487 4190 2767 4255 reddant
2803 4199 3206 4257 contractam
3230 4213 3637 4258 usurariam.

2411 4348 2634 4406 SECTI‘)
2664 4348 2769 4409 VI.
2831 4356 2930 4411 An
2977 4346 3233 4412 ratione
3276 4347 3499 4413 damn-t
3544 4350 3924 4434 eni-erqentis,

2482 4439 2777 4518 periculi,
2812 4440 2909 4504 vel
2939 4440 3110 4504 lucri
3139 4442 3436 4506 cessantis
3457 4442 3624 4526 eaeiyi
3638 4444 3837 4528 possit
3864 4444 3928 4507 in

2487 4541 2714 4597 mutuo
2746 4533 3004 4618 aliq-nid
3025 4553 3221 4617 supra
3248 4543 3504 4598 sortem.

2493 4652 2547 4733 ἓ.
2588 4657 2643 4716 4.
2678 4661 2762 4717 De
2787 4654 2966 4717 lucro
2991 4661 3292 4731 cessante,
3328 4654 3652 4739 quomodo
3677 4666 3928 4741 propter

2564 4746 2739 4810 illud
2765 4745 3021 4831 aliquid
3046 4746 3228 4811 ultra
3267 4757 3494 4812 sortem
3514 4750 3716 4831 possit
3741 4749 3922 4835 αἰψ’.

2485 4868 2539 4947 ξ.
2572 4871 2630 4930 2.
2669 4874 2890 4931 Utrum
2918 4866 3099 4931 licita
3125 4867 3296 4932 sitin
3323 4876 3549 4933 mutuo
3567 4889 3760 4953 poena
3787 4890 3922 4934 con·

2565 4958 2952 5023 ventionalis
2969 5008 2984 5035 ,
3010 4979 3202 5043 quam
3233 4961 3672 5025 mutuatarius
3695 4960 3923 5026 solvere

2569 5060 2876 5128 teneatur,
2912 5051 2969 5116 si
2996 5052 3178 5117 intra
3210 5052 3401 5118 talem
3434 5054 3771 5118 terminum
3795 5075 3920 5119 non

2562 5145 2937 5211 restituerit.

2403 5303 2624 5364 Sec-rio
2653 5302 2782 5363 VII.
2824 5300 3048 5364 Utrum
3073 5300 3243 5364 licite
3263 5311 3631 5385 apponatur
3644 5311 3913 5386 pactum,

2479 5401 2550 5458 ut
2581 5393 3022 5457 minuatam-as
3072 5393 3368 5457 restituat
3403 5394 3474 5457 in
3503 5396 3716 5459 eadem
3759 5416 3917 5459 men·

2479 5505 2657 5556 sara.
2695 5485 2792 5550 vet
2818 5486 2891 5549 isa
2934 5484 3148 5550 eodem
3175 5503 3405 5567 ymera
3429 5497 3707 5551 monetae.
