4263 6376
559 478 776 521 Probabile

544 532 667 574 etiam
702 538 784 584 est,

571 586 650 627 hnc
667 598 759 627 esse

517 646 657 681 conum
668 640 815 681 inuuu-

571 693 756 737 nitatem.

600 4480 628 4539 1
642 4479 715 4538 46

538 4616 692 4699 ¹„ff”'¹

519 4672 670 4752 ¹gemui·

587 4765 671 4806 ben

865 290 983 347 656

863 480 964 522 res
993 460 1214 540 bonOS,
1248 463 1317 522 ut
1346 459 1646 535 vidimuS,
1680 464 1744 521 et
1768 460 2076 521 rationem
2108 478 2123 525 ε
2159 462 2305 541 quia
2334 462 2396 521 in

862 555 962 616 his
988 555 1238 616 casibus
1284 554 1533 615 videtur
1576 553 1806 614 auferri
1854 554 2095 615 clericis
2143 555 2397 617 libertas

862 648 1275 711 contrahendi
1321 665 1463 708 cum
1510 648 1684 706 laicis
1718 668 1731 708 :
1784 667 1931 707 nam
1961 667 2032 708 eo
2064 649 2197 727 ipso
2230 648 2396 727 quod

860 742 1200 822 imponitur
1216 741 1372 801 laico
1403 740 1648 818 gabella
1675 740 1738 800 in
1760 741 2025 818 ipsomet
2045 746 2393 818 contractu,

861 835 1232 914 prohibetur
1256 835 1455 894 laicus
1503 853 1580 893 ne
1610 833 1940 895 contrabat
1968 853 2111 894 cum
2143 835 2391 911 clerice,

860 928 975 987 nisi
1007 946 1153 988 cum
1183 928 1286 987 illo
1318 946 1507 987 onere
1538 927 1819 987 solvendi
1849 927 2161 1005 gabellam
2206 948 2218 988 :
2269 946 2395 988 non

859 1021 1108 1081 videtur
1162 1025 1371 1081 autem
1427 1038 1608 1099 posse
1666 1020 1982 1098 prohiberi
2037 1025 2395 1081 contractus

858 1114 988 1191 uni,
1021 1114 1171 1193 quin
1200 1119 1464 1192 uterque
1496 1112 1871 1173 contrahens
1899 1120 2217 1192 gravetur,
2252 1132 2393 1173 cum

857 1211 1216 1268 contractus
1246 1205 1704 1265 indivisibiliter
1731 1207 2023 1285 respiciat
2060 1212 2393 1285 utrumque

857 1298 1352 1360 contrahentem.
1389 1298 1562 1360 Sicut
1590 1317 1623 1358 e
1654 1303 1890 1375 contra,
1928 1299 2178 1377 quando
2211 1299 2396 1360 datur

857 1392 1119 1453 facultas
1147 1390 1558 1453 contrahendi
1590 1391 1730 1467 uni,
1783 1406 2073 1451 censetur
2121 1391 2266 1452 data
2305 1391 2395 1451 al-

859 1484 999 1561 teri,
1057 1488 1316 1564 propter
1345 1483 1632 1543 eamdem
1662 1483 1967 1545 rationem
1992 1530 2008 1562 ,
2061 1489 2123 1545 et
2162 1485 2302 1544 ideo
2343 1484 2392 1543 si

857 1579 1075 1639 Petrus
1105 1577 1502 1655 dispensatur
1526 1577 1602 1636 ad
1637 1576 1988 1637 ducendam
2019 1577 2395 1656 consangui-

856 1689 1039 1731 neam
1067 1669 1128 1729 in
1160 1688 1449 1745 uxorem,
1483 1669 1618 1747 ipsa
1648 1670 2113 1749 consanguinea
2142 1690 2267 1731 non
2294 1671 2394 1730 in-

855 1762 1028 1841 diget
1055 1763 1177 1824 alia
1206 1762 1671 1841 dispensatione
1693 1810 1708 1835 ,
1743 1763 1892 1841 quia
1921 1764 2390 1824 matrimonium

854 1854 1042 1916 debet
1069 1856 1150 1915 ab
1179 1860 1444 1934 utroque
1473 1854 1631 1915 fieri.
1684 1854 1979 1916 Similiter
2008 1875 2157 1934 ergo
2175 1903 2190 1933 ,
2240 1857 2391 1916 dum

853 1947 1047 2008 laicus
1076 1947 1446 2026 prohibetur
1477 1946 1845 2007 contrahere
1877 1948 2064 2008 etiam
2094 1968 2236 2008 cum
2265 1950 2390 2009 cle-

850 2040 1007 2110 rice.
1039 2040 1157 2101 nisi
1185 2040 1303 2100 sub
1333 2040 1442 2101 tali
1472 2058 1661 2101 onere
1681 2087 1695 2116 ,
1731 2040 1981 2101 videtur
2010 2041 2236 2101 clerieo
2278 2061 2389 2102 au-

852 2132 997 2194 terri
1052 2137 1327 2212 potestas
1368 2132 1778 2194 contrahendi
1826 2134 2018 2194 libere
2066 2153 2211 2194 cum
2260 2135 2384 2212 illo,

853 2244 1043 2306 quam
1087 2226 1260 2305 prius
1291 2226 1582 2287 habebat.
1646 2227 1795 2300 Quae
1842 2228 2000 2288 ratio
2047 2228 2389 2307 probabilis

851 2322 946 2379 est
1001 2338 1015 2379 :
1076 2319 1187 2378 sed
1230 2319 1291 2379 in
1336 2320 1716 2380 contrarium
1746 2320 1994 2382 videtur
2035 2340 2171 2381 esse
2220 2322 2388 2402 quod

851 2411 1103 2490 quando
1131 2413 1377 2491 gabella
1406 2413 1698 2491 imposita
1728 2417 1821 2474 est
1848 2414 2194 2490 venditori,
2226 2435 2284 2475 v.
2320 2435 2382 2494 g.

848 2504 935 2564 illi
967 2505 1176 2580 etiam,
1213 2505 1317 2584 qui
1347 2505 1629 2565 vendunt
1656 2506 1990 2582 nobilibus,
2026 2507 2152 2567 imo
2184 2513 2245 2569 et
2272 2507 2386 2587 ipsi

848 2596 980 2675 regi
1011 2597 1261 2659 solvunt
1285 2616 1360 2657 ex
1389 2597 1497 2658 tali
1526 2597 1886 2659 venditione
1915 2599 2267 2677 gabellam,
2322 2606 2390 2663 ut

848 2694 1091 2752 constat
1142 2709 1216 2750 ex
1266 2692 1307 2752 l.
1341 2692 1445 2752 IV.
1480 2690 1572 2751 tit.
1625 2707 1781 2753 xvn.
1815 2691 1923 2753 lib.
1959 2710 2043 2753 lx.
2079 2695 2387 2773 recopila-

848 2783 1032 2844 tionis
1062 2784 1120 2844 in
1145 2782 1288 2862 jure
1318 2784 1630 2863 Hispane,
1682 2789 1744 2844 et
1790 2784 1868 2845 de
1914 2804 1986 2846 eo
2032 2787 2139 2865 qui
2171 2788 2388 2850 vendit

846 2876 1213 2955 gabellario,
1248 2876 1480 2937 debere
1511 2876 1625 2956 ipsi
1659 2883 1879 2956 postea
1907 2879 2151 2940 solvere
2178 2882 2388 2959 gabel-

844 2970 973 3029 lam
1028 2988 1101 3029 ex
1131 2969 1490 3031 venditione
1546 2969 1650 3030 illa
1674 3016 1689 3046 ,
1744 2970 2017 3031 fatentur
2069 2972 2381 3051 doctoreS,

848 3080 1005 3142 quos
1034 3064 1216 3124 affert
1244 3067 1306 3123 et
1332 3062 1615 3141 sequitur
1643 3062 1803 3142 disp.
1838 3067 1975 3127 678.
2011 3086 2071 3125 n.
2097 3070 2156 3127 6.
2191 3087 2385 3147 quare

848 3174 970 3216 non
1001 3155 1251 3218 videtur
1278 3154 1638 3217 immunitas
1686 3156 1868 3218 unius
1911 3178 1982 3219 ex
2014 3160 2386 3222 contrahen-

845 3248 1012 3309 tibus
1068 3249 1334 3309 reddere
1388 3249 1732 3310 immunem
1791 3245 2125 3331 utrumque
2173 3254 2233 3314 in
2268 3254 2386 3316 hac

846 3341 1127 3403 materia.

1325 3768 1751 3853 stcho
1825 3770 1902 3853 X.

845 4072 909 4134 Ε
907 4093 952 4134 a:
979 4072 1190 4155 quibus
1221 4073 1639 4149 contractibus,
1690 4075 1785 4135 vel
1810 4074 1981 4136 rebus
2007 4076 2279 4139 solvenda
2307 4077 2384 4138 sit

1493 4180 1742 4260 yabella.

923 4445 1099 4507 Circa
1131 4444 1265 4505 haec
1312 4463 1437 4506 non
1479 4451 1683 4525 potest
1713 4447 1847 4508 dari
1878 4448 2094 4526 regula
2123 4467 2382 4526 genera-

843 4538 919 4598 lis
944 4585 959 4614 ,
993 4556 1137 4599 cum
1166 4538 1229 4597 id
1259 4543 1459 4600 totum
1489 4541 1762 4619 pendeat
1791 4562 1861 4600 ex
1895 4541 2084 4601 variis
2111 4541 2375 4620 legibus,

842 4633 1069 4712 quibus
1099 4631 1158 4690 in
1191 4632 1450 4710 singulis
1480 4633 1817 4711 provinciis
1845 4633 1966 4710 hae,
2000 4635 2095 4694 vel
2125 4635 2246 4695 511ae
2275 4655 2382 4714 ga-

841 4725 1020 4785 bellae
1051 4724 1283 4803 imponi
1316 4730 1598 4802 possunt.
1634 4728 2074 4787 Potesttamen
2097 4729 2383 4790 doctrina

838 4817 1147 4898 generalis
1174 4817 1310 4877 fieri
1339 4819 1643 4878 tradendo
1673 4820 1920 4896 regulas
1947 4822 2272 4897 generales
2298 4822 2381 4883 ad

839 4909 1381 4989 cognoscendum,
1445 4912 1696 4991 quando
1754 4917 1816 4971 et
1860 4912 2085 4991 quibus
2131 4914 2380 4976 casibus

839 5003 1087 5085 gabella
1139 5002 1447 5065 debeatur
1470 5050 1485 5080 ‚
1540 5004 1793 5083 quando
1826 5005 1928 5064 illa
1960 5005 2256 5083 imposita
2283 5012 2377 5069 est

836 5095 1293 5175 vendentibus,
1345 5098 1444 5157 vel
1493 5097 1864 5158 ementibus,
1926 5100 2002 5159 Et
2043 5099 2103 5158 in
2135 5100 2373 5178 primiS,

838 5190 986 5271 quia
1013 5189 1278 5249 materia
1305 5190 1521 5251 tributi
1552 5189 1771 5250 odiosa
1791 5195 1903 5267 est,
1929 5191 2115 5252 debet
2144 5193 2375 5271 emptio

2024 287 2123 346 DE
2166 286 2521 347 JUS'rl'rlA
2570 287 2666 346 ΕΤ
2708 288 2906 348 JURE

2498 462 2580 522 tio
2614 462 3088 538 permutationis
3115 509 3130 539 ,
3165 480 3287 522 non
3318 462 3653 525 debebitur
3680 484 3754 525 ex
3785 466 3888 527 illa
3912 469 4010 531 hoc

2496 554 2821 628 tributum,
2844 556 2952 614 sed
2984 574 3055 615 ex
3076 556 3209 615 sola
3226 556 3585 616 venditione
3615 564 3805 637 prout
3830 580 3863 619 a
3894 582 4013 639 per-

2496 648 2842 709 mutatione
2874 648 3468 727 eundistinguuntur
3489 696 3505 726 ‚
3557 655 3628 712 ut
3657 651 3843 713 docet
3868 653 4011 714 idem

2496 739 2777 800 Sanchez
2809 741 3061 802 ibidem.

2576 833 2835 906 Quando
2881 839 3091 895 tamen
3138 834 3387 911 gabella
3431 834 3698 897 debetur
3743 838 3924 898 etiam
3951 860 4012 900 ex

2493 927 2950 1004 permutatione
2981 935 3043 989 ct
3062 947 3134 987 ex
3170 929 3548 1006 venditione,
3567 937 3753 1007 prout
3774 932 4018 993 debetur

2493 1017 2777 1078 Alcavala
2805 1019 2866 1078 in
2898 1019 3236 1098 Hispania,
3296 1040 3485 1099 quam
3533 1023 3702 1082 solus
3747 1026 4017 1086 venditor

2492 1112 2735 1172 solvere
2767 1117 3044 1185 tenetur;
3077 1113 3138 1172 in
3160 1113 3616 1192 permutatione
3640 1121 3848 1177 tamen
3879 1123 4017 1179 uter·

2494 1222 2613 1282 que
2644 1210 3006 1283 permutans
3038 1206 3279 1265 solvere
3310 1206 3499 1267 dohet
3521 1254 3536 1280 ,
3592 1209 3741 1286 quia
3769 1217 4014 1290 uterque

2493 1316 2558 1356 se
2588 1296 2778 1357 habet
2806 1301 2875 1358 ut
2920 1297 3231 1358 venditor.
3295 1299 3360 1359 Si
3390 1304 3603 1361 tamen
3635 1301 3796 1362 alter
3827 1303 3930 1366 det
3951 1305 4015 1365 li·

2491 1390 2676 1450 brum
2705 1395 2767 1450 et
2796 1391 3128 1468 pecuniam
3155 1410 3268 1470 pro
3299 1398 3508 1467 veste,
3557 1394 3745 1457 debet
3791 1397 4015 1458 solvere

2492 1501 2563 1541 ex
2592 1483 2751 1543 libro
2801 1501 2988 1562 quem
3028 1488 3376 1561 permutat,
3443 1503 3567 1546 non
3616 1505 3691 1548 ex
3738 1491 4011 1567 pecunia,

2491 1575 2638 1653 quia
2668 1575 2773 1636 illa
2794 1594 2918 1637 non
2938 1576 3247 1653 venditur,
3272 1578 3381 1639 sed
3406 1578 3607 1639 solum
3638 1585 3733 1640 est
3761 1583 4015 1659 pretium

2489 1667 2570 1727 ad
2601 1668 2933 1728 emendam
2964 1669 3313 1747 partialiter
3340 1676 3602 1747 vestem,
3629 1680 3696 1734 ut
3722 1693 3869 1735 cum
3897 1677 4018 1736 aliis

2490 1764 2667 1823 notat
2691 1762 2978 1823 Turrian.
3013 1761 3243 1840 disput.
3279 1766 3460 1826 XLV.
3495 1765 3624 1826 dub
3684 1784 3824 1828 vm.
3859 1788 4013 1830 num.

2488 1856 2547 1916 3.
2585 1858 2646 1916 et
2673 1858 2732 1915 5.
2795 1855 2863 1917 Si
2889 1859 3100 1916 autem
3129 1875 3254 1915 una
3285 1876 3407 1932 res,
3443 1877 3581 1936 quae
3612 1866 4014 1938 permutatur,

2489 1948 2569 2008 sit
2596 1952 2889 2027 exempta
2917 1969 2953 2007 a
2980 1948 3230 2025 gabella
3254 1994 3270 2023 ‚
3332 1955 3394 2010 et
3432 1951 3555 2011 alia
3592 1971 3703 2030 pro
3735 1971 3863 2032 qua
3892 1973 4019 2032 per·

2488 2045 2797 2115 mutatur,
2833 2059 2959 2101 non
2991 2040 3071 2102 sit
3100 2048 3423 2121 exempta;
3460 2044 3560 2103 ille
3590 2045 3763 2106 solus
3792 2047 3896 2125 qui
3923 2047 4019 2109 dat

2488 2152 2622 2193 rem
2654 2153 2777 2194 non
2808 2139 3163 2212 exemptam
3183 2181 3199 2210 ,
3251 2135 3441 2197 debet
3467 2138 3786 2215 gabellam
3817 2141 4018 2200 vendi-

2485 2226 2607 2287 tori
2651 2227 3043 2305 impositam,
3105 2228 3252 2306 quia
3300 2229 3400 2289 ille
3445 2230 3612 2291 solus
3639 2233 3862 2293 vendit
3897 2252 4017 2292 rem

2487 2338 2610 2380 non
2658 2324 3014 2399 exemptam
3036 2365 3052 2396 ,
3105 2325 3171 2381 ut
3213 2324 3390 2382 notat
3423 2322 3591 2384 idem
3621 2326 3909 2386 Turrian.
3942 2326 4019 2386 ibi

2488 2430 2658 2472 num.
2687 2414 2784 2472 16.
3530 2414 3537 2419 ’

2566 2504 2744 2565 Circa
2773 2505 3060 2564 eamdem
3091 2506 3404 2583 gabellam
3451 2527 3526 2568 ex
3567 2512 4017 2588 permutatione
4121 2530 4177 2587 η

2485 2596 2762 2658 debitam
2788 2643 2803 2672 ‚
2837 2596 3161 2658 dubitatur
3188 2599 3389 2676 primo
3414 2646 3430 2678 ,
3483 2606 3691 2662 utrum
3726 2604 4018 2666 debeatur
4057 2652 4139 2704 Μ
4174 2666 4178 2695 ι

2486 2691 2737 2769 quando
2768 2689 2992 2769 aliquis
3005 2690 3278 2753 debebat
3304 2693 3542 2773 aliquid
3572 2696 3707 2773 tibi,
3730 2701 3795 2757 et
3815 2704 4018 2776 postea
4056 2688 4177 2749 &chiso¹

2483 2801 2596 2862 pro
2627 2782 2838 2843 debito
2868 2782 3053 2844 solvit
3080 2784 3397 2845 triticum?
3446 2788 3577 2859 Quo
3624 2807 3779 2850 casu
3809 2791 4012 2870 aliqui,
4057 2764 4165 2802 ἠ’

2484 2894 2641 2955 quos
2671 2878 2853 2937 affert
2885 2876 3167 2937 Sanchez
3199 2876 3364 2939 dicto
3396 2898 3536 2958 cap.
3568 2883 3672 2942 lv.
3709 2883 3863 2943 dub.
3879 2901 4013 2945 xxv.

2485 2969 2701 3029 dicunt
2727 2967 2939 3029 deberi
2970 2969 3307 3047 gabellam,
3333 2972 3453 3032 nisi
3480 2974 3763 3036 solvatur
3789 2978 4017 3054 species

2483 3080 2596 3142 pro
2626 3060 2857 3141 specie,
2878 3066 2946 3122 ut
2975 3081 3100 3121 una
3130 3062 3354 3124 domus
3384 3083 3496 3142 pro
3528 3066 3669 3127 alia.
3704 3069 3851 3145 Alii,
3872 3088 4020 3148 quos

2482 3155 2616 3234 ipse
2642 3154 2925 3235 sequitur
2953 3154 3169 3217 dicunt
3200 3176 3324 3218 non
3354 3157 3591 3221 deberi.
3649 3161 3773 3222 Alii
3804 3163 4013 3223 melius

2483 3249 2876 3328 distinguunt
2903 3254 2969 3310 et
2996 3249 3212 3311 dicunt
3236 3296 3251 3326 ,
3312 3252 3361 3311 si
3410 3253 3602 3314 libere
3651 3260 3718 3317 et
3749 3256 3886 3317 sine
3916 3276 4015 3317 ne-

2484 3342 2773 3403 cessitate
2801 3344 2931 3418 fiat‚
2968 3342 3187 3405 deberi
3216 3345 3551 3422 gabellam,
3582 3348 3733 3427 quia
3752 3350 3803 3410 si
3834 3349 4015 3410 debe-

2481 3435 2669 3496 batur
2696 3434 2988 3513 pecunia,
3024 3435 3127 3494 illa
3157 3442 3252 3497 est
3280 3438 3556 3500 venditio
3584 3441 3814 3518 tritici,
3848 3449 3909 3504 et
3936 3443 4016 3503 ita

2483 3527 2746 3589 debetur
2773 3528 3021 3606 gabella
3050 3548 3125 3588 ex
3155 3529 3514 3592 venditione
3546 3531 3784 3594 debita.
3822 3535 3883 3596 Si
3914 3554 4013 3594 ve-

2481 3641 2551 3683 ro
2583 3640 2682 3681 res
2708 3620 2923 3682 debita
2960 3626 3095 3681 erat
3122 3621 3237 3682 bos
3258 3669 3272 3698 ,
3308 3629 3404 3684 est
3431 3643 3581 3684 vera
3610 3628 4007 3704 permutatim

2481 3715 2568 3776 ita
2593 3717 2850 3774 Lasarte
2874 3760 2888 3788 ,
2941 3733 3129 3794 quem
3161 3717 3343 3777 affert
3388 3722 3449 3778 et
3475 3719 3764 3797 sequitur
3792 3722 4013 3783 Melina

2481 3811 2630 3868 tom.
2669 3824 2736 3868 11.
2773 3807 3005 3884 disput.
3041 3812 3180 3869 566.
3215 3808 3320 3887 qui
3350 3809 3632 3886 addunt,
3673 3813 4015 3892 quandoid

2479 3899 2551 3960 fit
2577 3905 2807 3978 praeter
2852 3900 3238 3962 voluntatem
3285 3921 3361 3962 ex
3390 3906 3764 3966 necessitate
3799 3953 3817 3983 ,
3879 3907 4015 3986 quia

2481 3991 2728 4054 debitor
2759 4011 2881 4053 non
2913 3992 3103 4055 habet
3130 3994 3300 4054 aliud
3332 4015 3456 4075 quo
3486 3998 3722 4075 solvat,
3761 4019 3888 4060 non
3919 4001 4016 4062 de·

2478 4084 2614 4145 beri
2641 4085 2959 4164 gabellam
2982 4132 2998 4159 ‚
3045 4105 3185 4165 quae
3234 4090 3560 4168 responsio
3592 4091 3875 4170 benigna
3904 4101 4012 4169 est„

2480 4179 2629 4257 quia
2682 4197 2756 4238 ex
2812 4179 3156 4240 intentione
3211 4182 3508 4244 solventis
3577 4184 3687 4246 illa
3745 4206 3874 4248 non
3931 4193 4018 4249 est

2477 4271 2856 4351 permutatio
2881 4318 2896 4349 ,
2956 4274 3054 4333 vel
3086 4273 3363 4336 venditio
3384 4322 3399 4352 ,
3461 4277 3572 4337 sed
3620 4297 3803 4339 mera
3832 4280 4016 4340 debiti

2479 4364 2724 4436 solutio,
2761 4368 2822 4426 et
2848 4383 2948 4425 res
2975 4365 3082 4425 illa
3111 4365 3298 4428 datur
3326 4368 3551 4446 solum,
3585 4376 3907 4449 quatenus
3936 4393 4018 4434 a:-

2480 4456 2757 4536 quivalet
2785 4459 3065 4536 pecuniae
3096 4460 3196 4520 vel
3222 4461 3314 4521 rei
3345 4461 3595 4526 debitae.

2559 4551 2892 4612 Dubitatur
2920 4554 3196 4614 secundo
3222 4600 3237 4631 ‚
3271 4574 3352 4615 an
3383 4558 3636 4635 quando
3666 4558 3861 4620 datur
3890 4579 4019 4620 mu-

2479 4648 2585 4705 tuo
2618 4644 2997 4704 frumentum
3026 4650 3226 4722 vetuS,
3260 4652 3328 4708 ut
3354 4654 3572 4726 postea
3590 4651 4019 4712 reddaturno-

2478 4753 2650 4813 vum,
2683 4737 2988 4799 debeatur
3013 4739 3304 4816 gabella?
3336 4744 3795 4821 Respondetur,
3820 4747 3875 4806 si
3898 4763 4020 4805 ma-

2479 4833 2627 4890 neat
2654 4830 2817 4891 intra
2843 4831 3145 4893 terminos
3174 4833 3332 4894 meri
3362 4836 3587 4912 mutui,
3622 4837 3708 4897 ita
3747 4844 3819 4897 ut
3848 4840 4021 4899 dehi—

2477 4925 2577 4982 tor
2603 4922 2804 4982 solum
2847 4923 3074 4987 debeat
3118 4925 3384 4986 reddere
3415 4927 3811 4990 frumentum
3843 4949 4017 5010 atque

2474 5014 2735 5090 bonum,
2769 5015 3211 5097 quodcumque
3251 5019 3406 5080 illud
3436 5020 3553 5097 sit,
3612 5039 3739 5082 non
3805 5024 4018 5085 deberi

2474 5105 2789 5184 gabellam
2823 5126 2837 5168 ε
2895 5108 2945 5168 si
2974 5127 3123 5169 vero
3155 5111 3468 5190 obligetur
3495 5113 3911 5176 determinari
3942 5116 4018 5176 ad

2475 5198 2865 5261 reddendum
2895 5201 3277 5264 frumentum
3306 5224 3558 5284 novum,
3592 5208 3842 5285 deberi,
3875 5211 4019 5289 quia

837 5289 902 5346 et
928 5281 1204 5342 venditio
1233 5283 1444 5344 strIcte
1475 5283 1698 5361 accipi,
1732 5289 1800 5345 ut
1829 5302 1971 5343 eum
2002 5284 2139 5346 aliis
2162 5286 2374 5347 multis
2466 5290 2600 5368 jam
2630 5309 2754 5352 non
2782 5297 2877 5353 est
2910 5311 3156 5356 merum
3192 5301 3504 5376 mutuum,
3537 5300 3645 5361 sed
3690 5307 4018 5380 permuta·

838 5395 996 5459 quos
1026 5373 1238 5452 affert,
1272 5375 1457 5437 docet
1484 5376 1766 5438 Sanchez
1797 5377 1961 5438 dicto
1992 5396 2046 5439 c.
2080 5379 2182 5441 IV.
2218 5379 2367 5442 dub.

836 5488 992 5534 xvn.
1026 5490 1090 5530 n.
1114 5469 1174 5529 3.
1209 5468 1388 5530 Unde
1418 5469 1534 5530 nisi
1566 5470 1627 5530 in
1658 5470 1797 5548 lege
1827 5471 2040 5533 tributi
2069 5473 2181 5535 fiat
2200 5491 2371 5534 men-

2471 5382 2603 5537 gos)
2656 5385 2744 5446 ita
2792 5385 3076 5448 Sanchez
3121 5407 3266 5450 cum
3313 5391 3451 5452 aliis
3495 5393 3660 5456 dicto
3709 5413 3862 5474 cap.
3913 5397 4009 5458 lv.

2521 5496 2558 5537 u
2611 5524 2626 5540 .
2660 5494 2829 5539 xxm.
