4263 6376
587 871 666 930 68

522 997 625 1050 Quid
658 996 709 1040 de

468 1052 583 1094 lucro
601 1052 642 1093 in
653 1062 765 1092 cam-

469 1105 536 1147 bio
564 1105 700 1153 locali.
720 1107 762 1145 et

465 1157 765 1212 provisionibus

587 3768 665 3829 69

511 3893 627 3960 ’Quid
658 3894 710 3937 de

483 3961 574 4004 ejus
604 3961 751 3992 com-

494 4003 735 4058 spondente.

802 322 921 382 414

807 496 1110 557 damnum
1141 496 1358 573 oritur,
1392 498 1455 557 et
1482 514 1519 556 a
1551 514 1673 574 quo
1703 499 1909 576 potest
1936 496 2209 557 creditor
2237 496 2342 557 illa

809 589 1088 651 detracta
1119 594 1329 668 petere
1354 635 1369 665 ,
1417 593 1479 649 et
1508 589 1614 667 qui
1641 589 1912 649 debebat
1940 608 2013 648 ea
2044 589 2121 649 de
2152 607 2341 648 causa

806 682 1045 743 litteras
1075 683 1245 755 dare,
1281 699 1419 761 quae
1453 684 1628 742 1006.
1663 682 2077 758 continerent,
2111 687 2180 743 ut
2208 681 2339 760 ipse

811 778 874 835 et
902 794 1026 836 non
1056 775 1330 836 creditor
1357 775 1657 835 interesse
1688 774 1839 835 illud
1867 774 2157 835 solveret.

891 870 979 928 De
1007 867 1285 927 secunda
1323 866 1457 945 jam
1499 867 1694 928 classo
1737 866 2200 941 bancariorum,
2235 865 2340 945 qui

810 959 983 1039 prius
1011 960 1309 1038 pecunias
1336 959 1689 1038 accipiunt,
1726 964 1789 1020 et
1814 965 2033 1039 postea
2068 959 2222 1019 dant
2248 959 2342 1019 lit-

809 1057 976 1113 teras
1007 1058 1072 1115 ut
1101 1053 1165 1112 in
1197 1053 1316 1113 alio
1346 1053 1483 1114 loco
1512 1054 1869 1114 reddantur
1911 1052 2014 1112 ubi
2057 1070 2344 1130 campsa-

810 1145 938 1206 rius
968 1164 1073 1206 eas
1102 1145 1334 1206 habere
1364 1145 1701 1221 desiderat,
1724 1144 2060 1205 dicendum
2088 1149 2184 1205 est
2200 1162 2344 1223 pos-

808 1256 874 1297 se
904 1254 1012 1297 eos
1028 1237 1283 1316 quidem
1308 1236 1578 1315 pretium
1596 1237 1823 1297 cambii
1842 1256 1917 1297 ex
1939 1255 2186 1297 summa
2205 1235 2347 1295 red-

808 1328 1018 1390 denda
1033 1329 1364 1391 detrahere
1381 1335 1638 1408 propter
1657 1330 2093 1408 trajectionem
2115 1328 2346 1390 virtua-

804 1420 931 1481 lem
962 1426 1024 1483 et
1053 1423 1600 1498 assecurationem,
1632 1425 1703 1481 ut
1731 1440 1918 1500 supra
1950 1421 2185 1482 dictum
2217 1425 2341 1493 est;

807 1515 973 1576 ultra
1000 1514 1119 1575 hoc
1148 1520 1359 1576 tamen
1413 1532 1536 1574 non
1569 1533 1749 1592 posse
1797 1534 1869 1573 ex
1902 1514 2124 1574 eadem
2156 1531 2345 1591 pecu-

808 1608 915 1670 nia
944 1607 1272 1668 detrahere
1303 1606 1690 1685 provisiones
1719 1653 1734 1682 ,
1788 1626 1945 1686 quas
1973 1606 2202 1685 accipit
2242 1623 2348 1665 eo-

808 1719 949 1763 rum
977 1699 1472 1778 correspondens
1502 1698 1606 1778 qui
1637 1699 1698 1757 in
1730 1698 1834 1758 illo
1864 1699 1986 1759 alio
2015 1699 2153 1760 loco
2183 1698 2348 1759 litte-

809 1811 911 1854 ras
939 1791 1126 1854 solvit
1157 1812 1170 1853 :
1208 1792 1325 1852 hoc
1354 1791 1520 1851 enim
1543 1790 1914 1870 obsequium
1936 1797 1997 1851 et
2014 1791 2178 1851 hanc
2203 1808 2347 1868 ope·

807 1903 944 1946 ram
980 1884 1367 1963 respondens
1397 1887 1593 1944 totam
1615 1883 1863 1962 ponitin
1887 1884 2155 1962 gratiam
2177 1901 2347 1942 cam-

809 1978 1031 2059 psoris,
1065 1976 1242 2056 cujus
1271 1976 1508 2037 litteras
1535 1979 1819 2054 acceptat
1835 1982 1896 2037 et
1922 1976 2106 2038 solvit
2127 1976 2345 2036 etideo

808 2072 889 2132 ad
919 2087 1310 2149 campsorem
1363 2074 1425 2130 et
1469 2087 1593 2129 non
1641 2069 1721 2127 ad
1751 2067 2172 2146 campsarium
2202 2086 2345 2146 spe-

807 2169 935 2225 ctat
963 2181 1067 2223 eas
1096 2161 1483 2241 provisiones
1513 2161 1776 2222 solvere.
1838 2161 2135 2239 Alioquin
2182 2178 2347 2220 cam-

808 2257 1052 2337 psarius
1078 2255 1175 2315 bis
1204 2254 1475 2316 solveret
1510 2253 1783 2332 pretium
1810 2253 2197 2331 trajectionis
2225 2252 2346 2312 vir·

808 2348 1016 2424 tualiS,
1043 2366 1185 2407 cum
1207 2346 1269 2405 in
1292 2345 1426 2425 ipsa
1445 2346 1811 2424 trajectione
1835 2364 2023 2425 quam
2037 2345 2350 2424 campsori

806 2441 991 2503 solvit
1019 2439 1377 2500 includatur
1400 2485 1414 2514 ,
1469 2438 1636 2518 quod
1667 2457 1958 2517 campsor
1989 2438 2224 2499 habeat
2251 2457 2349 2498 re-

806 2535 1219 2613 spondentem
1250 2532 1311 2591 in
1342 2532 1463 2592 alio
1496 2531 1633 2591 luco
1658 2577 1673 2607 ,
1727 2531 1905 2610 cujus
1949 2548 2142 2610 opera
2170 2536 2232 2592 et
2258 2531 2349 2590 in-

809 2626 1049 2689 dustria
1077 2624 1356 2703 suppleri
1402 2624 1601 2702 possit
1631 2624 1978 2703 campsoris
2014 2622 2350 2701 praesentia

808 2720 890 2781 ad
917 2718 1318 2799 trajiciendas
1356 2715 1705 2777 virtualiter
1723 2715 2041 2795 pecunias,
2077 2715 2207 2775 Nisi
2227 2715 2348 2775 for-

806 2818 869 2874 te
923 2810 1312 2890 provisiones
1370 2809 1490 2869 illae
1536 2809 1661 2869 sint
1719 2826 1864 2888 pars
1914 2808 2109 2886 ipsius
2164 2808 2348 2887 pretii

808 2903 1039 2966 cambii
1067 2907 1130 2964 et
1157 2900 1583 2981 trajectionis,
1635 2907 1697 2963 et
1743 2901 1884 2961 ideo
1915 2920 2208 2979 campsor
2235 2902 2348 2960 mi-

810 3016 927 3058 nus
952 2996 1112 3057 lucri
1153 3014 1265 3073 pro
1314 2995 1559 3055 cambio
1605 2999 1669 3055 et
1713 2994 2079 3073 trajectione
2112 2993 2342 3073 exigat,

809 3090 959 3170 quia
1002 3087 1387 3166 campsarius
1433 3091 1649 3166 postea
1696 3086 1936 3146 solvere
1967 3087 2287 3148 debuisset
2328 3106 2341 3148 :

810 3201 1004 3263 quare
1033 3185 1182 3243 tunc
1212 3179 1504 3241 standum
1535 3179 1651 3240 erit
1685 3178 1923 3258 judicio
1964 3181 2347 3259 prudentum

807 3279 1252 3350 mercatorum,
1288 3273 1394 3352 qui
1423 3273 1716 3334 arbitrari
1746 3277 2060 3349 poterunt,
2096 3293 2175 3333 an
2205 3292 2350 3352 pre-

807 3368 967 3431 tium
985 3367 1228 3447 justum
1257 3365 1483 3426 cambii
1516 3365 1577 3425 in
1594 3365 1822 3426 talibus
1848 3366 1947 3426 vel
1968 3367 2198 3434 talibus
2227 3367 2348 3427 cir-

810 3460 1200 3524 cumstantiis
1222 3459 1758 3537 comprehendere
1782 3459 1978 3538 possit
1998 3461 2187 3521 etiam
2208 3478 2349 3540 pro-

807 3554 1080 3616 visiones
1108 3552 1512 3631 respondenti
1542 3551 1876 3611 solvendas
1899 3598 1914 3628 ,
1976 3556 2162 3631 atque
2205 3552 2346 3614 ideo

802 3648 971 3729 juste
999 3666 1038 3707 a
1065 3646 1415 3725 campsario
1448 3644 1609 3723 exigi
1646 3645 1910 3723 possint.

891 3743 979 3802 De
1025 3739 1209 3800 tertia
1253 3742 1464 3799 autem
1511 3737 1710 3797 classe
1740 3755 2139 3816 campsorum
2169 3738 2349 3798 aliter

811 3832 1145 3895 dicendum
1175 3835 1305 3908 est,
1340 3849 1446 3891 eos
1473 3830 1639 3891 ultra
1659 3831 1900 3909 justum
1930 3831 2157 3891 cambii
2189 3831 2349 3891 inte-

811 3946 978 3988 resse
1007 3944 1188 4006 posse
1217 3925 1465 4003 exigere
1497 3942 1533 3983 a
1562 3924 1910 4002 campsario
1959 3923 2348 4001 provisiones

813 4019 1054 4080 dandas
1082 4015 1485 4097 respondenti
1516 4016 1861 4094 campsoris
1882 4062 1897 4091 ,
1950 4016 2054 4096 qui
2085 4016 2345 4096 Neapoli

812 4111 1001 4172 debet
1034 4110 1313 4188 recipere
1360 4110 1696 4188 pecunias,
1758 4128 1914 4188 quas
1960 4109 2349 4188 campsarius

813 4207 1028 4266 Romae
1057 4223 1095 4263 a
1123 4221 1450 4281 campsore
1479 4200 1722 4281 accepit
1764 4220 1778 4260 ε
1831 4201 2083 4281 quando
2113 4201 2351 4263 scilicet

814 4297 895 4358 ad
923 4295 1218 4356 eumdem
1266 4296 1609 4373 campsoris
1655 4296 2144 4373 respondentem
2190 4294 2350 4356 litte-

809 4409 897 4451 rae
928 4388 1158 4450 cambii
1190 4387 1596 4466 acampsario
1626 4387 1837 4448 missae
1868 4388 2166 4460 fuissent;
2202 4387 2348 4467 quia

809 4482 1082 4563 provisio
1113 4481 1379 4542 debetur
1427 4481 1484 4541 ei
1515 4480 1592 4540 ad
1625 4498 1811 4559 quem
1838 4480 2059 4541 litterae
2088 4480 2349 4542 mittun-

807 4583 932 4654 tur,
965 4574 1046 4635 ab
1075 4593 1148 4636 eo
1180 4573 1286 4653 qui
1314 4573 1551 4634 litteras
1570 4573 1780 4634 mittit.
1818 4575 2009 4634 Secus
2030 4577 2240 4634 autem
2259 4592 2350 4634 es-

805 4675 903 4731 set
947 4668 1002 4729 si
1029 4667 1418 4745 campsarius
1463 4666 1701 4727 litteras
1743 4666 1952 4728 mittat
1982 4685 2105 4726 non
2139 4669 2216 4726 ad
2248 4685 2349 4727 re-

800 4762 1213 4843 spondentem
1225 4758 1707 4837 campsoris,sed
1720 4759 1800 4818 ad
1815 4759 2005 4818 alium
2020 4778 2202 4819 suum
2219 4778 2352 4821 cor-

803 4855 1289 4936 respondentem
1323 4872 1336 4911 ε
1392 4855 1543 4912 tunc
1571 4851 1736 4911 enim
1767 4851 1911 4911 huic
1934 4852 2193 4915 deberet
2211 4871 2349 4931 pro-

804 4950 1110 5011 visionem
1123 4947 1388 5023 solvere,
1412 4963 1535 5006 non
1554 4944 1958 5023 respondenti
1981 4946 2345 5024 campsoriS,

805 5044 982 5122 cujus
1011 5058 1203 5121 opera
1232 5058 1357 5101 non
1389 5038 1583 5100 utitur
1612 5038 1673 5098 in
1705 5038 2067 5100 executione
2095 5057 2349 5100 suarum

805 5137 1179 5198 litterarum.
1394 5145 1399 5150 '

886 5228 1065 5289 Circa
1094 5225 1440 5288 secundam
1488 5229 1701 5285 tamen
1730 5225 1993 5285 classem
2024 5223 2351 5285 adverten-

808 5320 962 5381 dum
991 5320 1194 5382 obiter
1223 5322 1336 5396 est,
1384 5318 1585 5379 solere
1614 5318 1957 5397 aliquando
1989 5335 2350 5395 campsores

808 5413 971 5474 ultra
999 5412 1300 5472 interesse
1332 5410 1563 5471 cambii
1594 5410 1832 5490 aliquid
1883 5411 2052 5471 aliud
2100 5430 2137 5469 a
2184 5429 2350 5470 cam·

806 5505 1015 5586 psario
1046 5503 1294 5582 exigere
1325 5503 1445 5564 hoc
1472 5503 1673 5564 titulo.
1714 5503 1892 5579 Petit,
1934 5521 1995 5565 v.
2030 5521 2093 5582 g.
2129 5504 2351 5564 Petrus

1977 320 2078 381 DE
2117 321 2471 382 JUSTITlA
2553 323 2652 382 m*
2696 322 2896 383 JURE

2439 516 2477 558 a
2508 498 2699 558 Paulo
2731 516 3057 576 campsore
3087 500 3302 558 anae
3332 496 3654 570 existente,
3685 498 3761 555 ut
3785 511 3972 572 pecu·

2442 591 2575 650 nias
2602 610 2757 669 quas
2782 591 2840 650 ei
2873 593 3083 651 Romae
3113 590 3316 661 offert,
3351 590 3574 649 reddat
3593 587 3890 648 Panormi
3920 584 3976 643 in

2440 683 2671 759 Sicilia,
2705 683 2812 743 ubi
2844 683 2930 743 eis
2960 689 3178 761 petens
3208 683 3470 761 indiget,
3493 682 3702 742 oblato
3725 681 3976 755 insuper

2439 776 2491 835 ei
2524 777 2696 837 lucro
2738 775 2909 855 justo
2943 795 3055 854 pro
3095 776 3365 836 cambio,
3418 774 3646 837 Paulus
3697 788 3976 850 campsa-

2439 867 2566 928 rius
2590 915 2604 943 ,
2651 872 2720 929 ut
2747 869 2885 947 plus
2913 869 3191 928 lucretur
3218 867 3558 947 respondet
3615 887 3628 925 :
3687 867 3825 942 Ego
3855 881 3975 923 non

2441 960 2641 1020 habeo
2671 961 2968 1039 pecunias
2988 960 3304 1035 Panormi,
3320 960 3428 1021 sed
3448 959 3682 1038 rogabo
3702 959 3977 1017 amicum

2443 1053 2521 1112 ad
2552 1072 2738 1132 quem
2767 1053 2878 1114 tibi
2908 1054 3146 1114 litteras
3168 1053 3397 1114 cambii
3427 1052 3613 1124 daho,
3640 1056 3708 1111 ut
3735 1069 3847 1129 pro
3879 1068 3975 1108 me

2442 1147 2643 1207 solvat
2667 1146 2783 1207 'tihi
2818 1147 3131 1207 Panormi.
3167 1146 3322 1218 Ouia
3343 1151 3553 1206 tamen
3583 1145 3685 1203 ille
3713 1143 3977 1221 accipiet

2443 1239 2775 1317 pecuniam
2806 1239 2975 1298 illam
3004 1239 3090 1299 ibi
3137 1239 3216 1298 ad
3259 1238 3577 1298 cambium
3616 1239 3828 1297 Romae
3857 1235 3977 1294 sol-

2442 1330 2718 1390 vendum
2749 1349 2891 1391 cum
2919 1331 3093 1392 lucro
3118 1378 3133 1408 ,
3186 1330 3356 1411 quod
3401 1331 3649 1391 lucrum
3677 1347 3827 1406 ergo
3856 1328 3977 1387 sol·

2443 1442 2588 1482 vere
2621 1423 2861 1483 debebo
2884 1471 2899 1499 ,
2950 1424 3093 1484 volo
3122 1442 3223 1483 me
3261 1442 3427 1484 nunc
3457 1440 3706 1482 servare
3736 1421 3976 1480 indem-

2444 1534 2589 1575 nem
2620 1520 2680 1576 et
2709 1517 2849 1576 ideo
2879 1516 3358 1578 ultrainteresse
3380 1516 3569 1593 primi
3589 1514 3816 1575 cambii
3835 1514 3974 1574 volo

2443 1626 2482 1667 a
2509 1614 2569 1668 te
2595 1607 2827 1667 habere
2852 1609 3088 1687 aliquid
3119 1608 3287 1669 aliud
3309 1627 3422 1687 pro
3443 1609 3742 1668 interesse
3763 1625 3973 1666 secun-

2446 1700 2507 1760 di
2537 1700 2786 1776 cambii,
2820 1700 2988 1779 quod
3018 1719 3136 1779 ego
3155 1700 3216 1759 in
3249 1701 3455 1760 reditu
3479 1701 3829 1761 litterarum
3855 1699 3974 1758 sol-

2443 1811 2589 1852 vere
2622 1795 2836 1853 Romae
2868 1810 3097 1871 cogar:
3136 1793 3240 1871 qui
3266 1811 3437 1868 usuS,
3463 1796 3534 1852 ut
3561 1792 3973 1869 accepi,com-

2443 1885 2650 1945 munis
2705 1885 2855 1945 satis
2912 1890 3005 1946 est
3061 1885 3228 1963 apud
3282 1903 3665 1964 campsores,
3725 1884 3970 1963 quando

2445 1978 2760 2038 cambium
2791 1979 3022 2056 petitur
3048 1979 3128 2038 ad
3160 1979 3434 2056 aliquem
3453 1978 3662 2038 locum
3677 1978 3971 2036 difficilio-

2444 2072 2529 2131 ris
2559 2070 2952 2142 commercii;
3003 2074 3067 2131 et
3110 2070 3360 2131 videtur
3404 2071 3608 2149 prima
3640 2070 3971 2147 facieinju-

2443 2170 2596 2240 stuS,
2631 2183 2773 2223 cum
2804 2163 3193 2242 campsarius
3242 2164 3402 2224 ultra
3455 2164 3721 2240 pretium
3752 2162 3970 2222 cambii

2444 2263 2706 2335 cogatur
2732 2256 2972 2316 solvere
2993 2256 3146 2315 illud
3170 2255 3530 2317 aliudtitulo
3553 2256 3764 2316 damni
3778 2274 3970 2314 emer·

2444 2349 2669 2429 gentiS,
2705 2349 2873 2427 quod
2907 2350 3209 2409 damnum
3238 2367 3406 2427 saepe
3435 2349 3650 2409 fictum
3678 2353 3798 2425 est,
3829 2348 3969 2427 quia

2444 2460 2664 2502 revera
2696 2460 2985 2520 campsor
3012 2441 3310 2519 pecunias
3335 2442 3627 2501 Panormi
3656 2441 3858 2517 hahet,
3875 2440 3968 2500 vel

2445 2540 2611 2595 certe
2638 2552 2762 2594 non
2793 2534 2991 2595 solvet
3018 2536 3319 2594 interesse
3336 2552 3452 2613 pro
3473 2533 3697 2594 litteris
3717 2533 3969 2592 redeun-

2443 2627 2630 2703 tibus,
2667 2628 2813 2707 quia
2842 2626 2977 2706 ejus
3005 2627 3394 2704 respondens
3426 2645 3551 2687 non
3579 2628 3846 2687 remittet
3877 2626 3968 2687 lit-

2445 2725 2613 2781 teras
2643 2722 2908 2780 Romam
2938 2719 3236 2780 solvendo
3266 2720 3603 2795 interesse,
3636 2720 3744 2779 sed
3771 2720 3968 2798 potius

2443 2813 2749 2874 lucrando
2782 2813 2857 2872 de
2888 2830 3048 2872 novo
3080 2812 3249 2871 aliud
3277 2812 3673 2873 interesseab
3699 2813 3839 2888 alio,
3864 2812 3968 2890 qui

2444 2906 2741 2988 pecunias
2771 2905 2826 2965 ei
2859 2906 3151 2965 Panormi
3179 2906 3380 2979 offert,
3413 2909 3484 2966 ut
3510 2907 3719 2965 Romae
3749 2923 3850 2964 eas
3881 2924 3967 2964 re·

2444 2999 2635 3077 cipiat
2657 3044 2672 3073 ,
2724 2998 2931 3059 oblato
2964 2997 3021 3057 ei
3056 2998 3231 3058 lucro
3259 3015 3373 3075 pro
3418 2997 3660 3058 cambio
3688 3002 3752 3057 et
3775 3003 3967 3057 trans-

2442 3092 2675 3152 latione
2706 3108 2835 3151 suae
2867 3090 3171 3168 pecunias.

2523 3183 2748 3246 Adhuc
2771 3187 2978 3244 tamen
3003 3202 3125 3244 non
3147 3181 3395 3243 videtur
3415 3182 3667 3244 omnino
3687 3182 3964 3244 condem·

2446 3277 2691 3339 nandus
2720 3276 2823 3337 hic
2851 3295 3022 3351 usu3‚
3055 3276 3165 3336 sed
3187 3275 3702 3353 distinguendum
3753 3298 3768 3337 :
3828 3295 3962 3336 nam

2444 3369 2772 3448 imprimiS,
2806 3369 2858 3428 si
2892 3386 3114 3428 revera
3143 3367 3444 3427 damnum
3487 3369 3638 3428 illud
3667 3369 3963 3447 campsori

2446 3460 2850 3540 consequitur
2878 3480 2952 3521 ex
2982 3461 3227 3520 cambio
3258 3478 3579 3537 concesse,
3604 3481 3726 3521 non
3749 3471 3840 3521 est
3866 3462 3964 3520 du-

2446 3554 2617 3615 bium
2649 3554 2816 3632 quod
2847 3553 3042 3632 possit
3082 3553 3234 3613 illud
3265 3553 3327 3612 in
3356 3559 3612 3632 pactum
3642 3554 3958 3627 deducere,

2447 3646 2614 3727 quod
2645 3647 2815 3706 idem
2843 3664 2985 3705 cum
3015 3645 3417 3724 proportione
3449 3646 3784 3706 dicendum
3809 3646 3962 3705 vide·

2444 3745 2569 3814 tur,
2603 3738 2855 3817 quando
2887 3739 3187 3797 damnum
3218 3757 3340 3797 uon
3373 3744 3539 3798 esset
3567 3744 3832 3815 certum,
3861 3737 3959 3798 sed

2447 3830 2793 3909 periculum
2839 3829 3037 3902 illius;
3084 3830 3230 3909 quia
3271 3830 3536 3891 fortasse
3585 3849 3708 3892 non
3752 3831 3962 3910 poterit

2448 3941 2736 4002 campsor
2763 3923 3021 3983 modum
3053 3922 3333 3982 invenire
3375 3923 3660 3984 solvendi
3703 3924 3960 3984 debitum

2447 4017 2619 4089 illud,
2654 4016 2772 4075 nisi
2801 4034 2943 4077 cum
2968 4015 3268 4075 interesse
3285 4016 3540 4076 alterius
3560 4018 3785 4077 cambii
3808 4035 3821 4078 :
3850 4033 3957 4095 quo

2449 4109 2637 4170 etiam
2674 4127 2821 4169 casu
2852 4107 3082 4188 poterit
3107 4126 3397 4187 campsor
3416 4110 3599 4188 juxta
3630 4110 3959 4170 aestimatio·

2447 4221 2591 4262 nem
2620 4206 2993 4280 praesentem
3039 4200 3203 4260 illius
3252 4201 3510 4280 periculi
3562 4203 3804 4281 exigere
3838 4201 3956 4280 ejus

2446 4295 2764 4367 valorem3
2810 4312 2933 4373 quo
2964 4294 3156 4353 semel
3184 4298 3397 4355 taxato
3426 4340 3442 4370 ,
3502 4300 3568 4356 et
3612 4296 3864 4355 deducto
3899 4294 3957 4352 in

2446 4392 2722 4467 pactum,
2760 4405 3065 4447 consensu
3110 4387 3439 4465 campsarii
3465 4433 3480 4463 ,
3544 4392 3746 4465 potest
3781 4393 3957 4447 totum

2447 4480 2600 4540 illud
2661 4484 3070 4558 augmentum
3119 4497 3242 4558 quo
3301 4479 3652 4557 periculum
3700 4484 3954 4541 taxatum

2447 4577 2561 4649 est,
2597 4572 2897 4650 recipere,
2933 4571 3174 4632 etiamsi
3207 4576 3442 4649 -postea
3474 4572 3757 4634 inveniat
3789 4572 3957 4631 alium

2446 4665 2706 4726 modum
2736 4665 3016 4725 solvendi
3037 4665 3170 4724 sine
3198 4681 3311 4724 suo
3343 4664 3673 4743 dispendio
3702 4665 3842 4725 illud
3865 4664 3956 4722 de·

2446 4759 2669 4835 bitum,
2703 4758 2828 4818 imo
2859 4761 2922 4819 et
2949 4775 3090 4817 cum
3121 4757 3294 4817 lucro
3322 4778 3335 4817 :
3362 4776 3650 4836 suppono
3674 4759 3955 4831 enim,ex·

2447 4851 2728 4931 posuisse
2779 4869 2845 4911 se
2891 4850 3169 4929 periculo
3217 4850 3530 4910 subeundi
3573 4851 3772 4931 majus
3797 4850 3954 4910 dam·

2449 4963 2621 5020 num,
2659 4962 2847 5024 quam
2877 4945 2958 5004 sit
2983 4943 3046 5002 id
3075 4943 3345 5021 pretium
3368 4943 3539 5022 quod
3568 4963 3679 5022 pro
3707 4942 3951 5023 periculo

2451 5038 2723 5116 accepit;
2761 5055 2952 5117 quare
2982 5056 3103 5097 non
3137 5035 3398 5114 accipit,
3433 5037 3552 5096 nisi
3573 5037 3799 5116 justum
3823 5053 3953 5113 pre-

2448 5131 2628 5207 tium,
2665 5130 2832 5210 quod
2863 5129 3015 5190 illud
3034 5129 3382 5208 periculum
3405 5130 3700 5208 prudenti
3715 5129 3950 5190 aestima·

2449 5224 2620 5284 tione
2650 5222 2920 5284 valebat.

2531 5317 2593 5377 Si
2623 5334 2771 5376 vero
2803 5316 3105 5376 damnum
3132 5315 3284 5375 illud
3313 5315 3653 5377 confictum
3681 5321 3792 5388 est;
3823 5331 3948 5374 rur-

2451 5428 2555 5469 sus
2608 5407 3119 5486 distinguendum
3171 5407 3421 5469 videtur
3473 5430 3487 5469 :
3553 5411 3607 5470 si
3659 5411 3806 5470 enim
3850 5425 3945 5466 re-

2448 5521 2600 5563 vera
2626 5501 2943 5563 cambium
3001 5501 3082 5562 ad
3120 5501 3297 5561 illum
3341 5501 3552 5563 locum
3600 5522 3718 5564 non
3761 5502 3828 5562 sit
3861 5500 3941 5560 ita

4070 3193 4106 3247 Ἡ

3998 3316 4107 3623 titii?

4062 5317 4106 5368 τι

4012 5439 4106 5533 οὲῗέ.
