4263 6376
77 1417 94 1475 u—

64 1646 81 1688 U*

64 1540 189 1689 ἐξ

141 1600 152 1633 v·—

1225 303 1696 365 DISPUTATIO
1741 305 2015 380 XXXVI,
2064 305 2338 366 SECTIO
2384 306 2459 366 X.

257 483 410 547 bella
436 500 509 543 ex
536 479 729 562 priori
779 480 1162 558 venditione,
1202 480 1445 541 etiamsi
1473 481 1770 545 resolutio

257 594 369 637 non
397 575 506 636 fiat
529 574 591 634 in
622 572 986 650 continenti,
1020 592 1137 634 nec
1166 592 1242 633 ex
1270 578 1452 652 pacto
1509 574 1569 633 in
1625 593 1769 634 ven·

257 669 478 730 ditione
513 667 822 745 apposito,
875 667 1107 744 pendet
1146 686 1219 727 ex
1278 667 1479 743 dictis,
1539 686 1618 727 an
1666 668 1770 727 de-

252 763 463 823 beatur
504 760 749 839 gabellu
792 778 867 819 ex
885 759 1267 836 venditione,
1303 764 1446 821 unte
1487 759 1769 822 traditio·

255 872 386 916 nem
413 853 503 913 rei
531 852 823 914 venditae.
852 853 1030 914 Sicut
1070 852 1261 914 etiam
1291 871 1366 914 ex
1393 853 1769 932 supradictis

251 946 490 1027 pendet,
515 965 595 1006 un
622 946 677 1006 si
704 946 1055 1007 resolvatur
1082 949 1441 1007 contractus
1469 949 1615 1007 ante
1663 964 1765 1006 so-

251 1041 437 1101 lutum
457 1038 746 1117 pretium,
779 1038 1084 1099 debeatur
1111 1037 1359 1118 gabella
1388 1057 1463 1099 ex
1509 1038 1636 1115 illo,
1669 1038 1768 1098 vel

254 1151 322 1193 ex
345 1131 731 1207 rescissione,
792 1134 855 1191 et
900 1134 1358 1211 consequenter
1408 1130 1768 1209 negandum

254 1229 339 1286 est
400 1223 638 1301 deberi,
713 1227 901 1303 prout
960 1227 1150 1303 negat
1225 1224 1416 1285 etiam
1486 1222 1767 1285 Sanchez

255 1335 410 1378 num.
447 1320 543 1378 17.

322 1409 648 1471 Dubitatur
671 1409 1112 1486 decimosexto,
1129 1428 1209 1470 an
1239 1408 1408 1470 idem
1428 1408 1766 1469 dicendum

252 1504 341 1579 sit,
372 1504 624 1582 quando
657 1503 928 1565 venditio
976 1520 1101 1563 non
1154 1502 1428 1582 partium
1484 1519 1764 1563 conven-

250 1596 425 1673 tione,
458 1596 569 1656 sed
588 1596 746 1675 legis
785 1595 1092 1657 beneficio
1119 1594 1519 1656 rescinditur.
1555 1597 1768 1656 Potest

250 1688 306 1748 id
333 1689 520 1750 variis
548 1689 754 1750 modis
783 1689 1142 1766 contingere

325 1781 814 1862 Primo,quando
831 1780 1206 1841 rescinditur
1223 1778 1499 1841 venditio
1522 1797 1598 1839 ex
1617 1780 1767 1840 oedi-

250 1875 369 1935 litio
398 1874 602 1936 edicto
626 1874 705 1935 ob
733 1873 953 1935 vitium
975 1873 1066 1932 rei
1099 1872 1367 1934 venditae
1389 1890 1425 1931 u
1445 1872 1767 1935 venditore

247 1968 634 2029 occultatum.
669 1967 800 2041 Quo
832 1984 978 2027 casu
1016 1965 1329 2044 gabellum
1359 1982 1397 2024 a
1442 1966 1765 2027 venditore

245 2060 496 2122 solutam
529 2078 650 2120 non
682 2078 815 2120 esse
844 2079 882 2120 6
909 2058 1251 2138 gabellario
1286 2057 1760 2136 restituendum,

246 2154 457 2215 docent
484 2152 904 2214 communiter
944 2152 1254 2227 doctoreS,
1289 2168 1447 2229 quos
1492 2169 1765 2230 sequun-

245 2252 334 2311 tur
372 2245 654 2308 Sunchez
711 2245 861 2305 dub.
919 2262 1014 2306 xt..
1065 2263 1237 2305 num.
1299 2245 1354 2303 1.
1418 2247 1482 2304 et
1533 2244 1764 2305 Molinu

246 2339 391 2417 disp.
447 2341 589 2400 353.
648 2341 793 2399 ante
851 2338 1100 2400 tertiam
1146 2335 1652 2410 conclusionem;
1703 2342 1767 2400 et

245 2432 604 2511 supponitur
655 2432 723 2491 in
777 2431 819 2492 l.
869 2430 1072 2508 Debet,
1131 2434 1231 2491 27.
1297 2432 1358 2492 ff.
1418 2432 1486 2493 de
1527 2430 1763 2491 oedilitio

243 2524 427 2585 edicto.
467 2524 651 2586 Ratio
684 2528 892 2586 autem
950 2529 1064 2599 est,
1124 2525 1272 2604 quia
1325 2526 1601 2588 venditio
1657 2526 1763 2585 illa

242 2617 435 2678 valida
474 2616 617 2693 fuit,
649 2617 798 2678 licet
851 2622 1099 2695 petente
1151 2623 1434 2698 emptore
1489 2619 1761 2680 rescindi

242 2710 418 2788 possit
443 2728 632 2787 :ergo
661 2709 1041 2788 gabellarius
1072 2712 1406 2793 acquisivit
1445 2713 1544 2793 jus
1579 2712 1761 2772 abso-

238 2804 421 2864 lutum
447 2802 530 2863 ad
563 2821 741 2863 suam
769 2802 1110 2882 gabellum.
1150 2805 1212 2867 Si
1272 2825 1419 2886 ergo
1468 2805 1762 2868 venditor

241 2913 367 2956 eam
391 2896 689 2972 solverat,
723 2915 864 2957 66111
919 2896 1160 2975 perdet.
1196 2898 1260 2960 Si
1316 2918 1465 2960 vero
1517 2902 1761 2977 emptor

239 2989 516 3064 solverat,
553 2987 740 3050 debet
766 2989 1056 3051 venditor
1085 3008 1225 3051 eam
1272 2992 1358 3052 illi
1405 2992 1571 3053 ultra
1617 3009 1758 3071 pre-

238 3080 381 3142 tium
407 3085 739 3159 acceptum
768 3081 1055 3158 reddere,
1117 3087 1187 3146 ut
1229 3102 1374 3145 eum
1421 3088 1628 3146 servet
1673 3084 1760 3144 in—

241 3173 540 3252 demnem,
593 3178 664 3236 ut
691 3178 938 3239 constat
983 3195 1056 3235 ex
1096 3176 1262 3238 dicta
1289 3177 1330 3238 l.
1366 3176 1566 3240 Debet.
1627 3179 1758 3238 Hoc

239 3271 433 3329 tumen
463 3268 742 3346 intelligo
764 3268 842 3329 de
864 3269 1111 3347 gubellu
1155 3288 1229 3330 ex
1263 3271 1462 3350 pretio
1486 3270 1656 3350 justo
1685 3271 1759 3331 il-

238 3359 344 3421 lius
395 3361 509 3438 rei,
544 3379 671 3422 non
702 3361 779 3421 de
825 3362 1024 3439 pretio
1055 3364 1397 3441 excessivo,
1431 3368 1500 3426 ut
1551 3364 1757 3425 dicum

240 3471 372 3515 cusu
402 3453 713 3534 sequenti.

308 3547 596 3610 Secundo
627 3551 830 3625 potest
856 3548 1126 3609 rescindi
1144 3548 1422 3611 venditio
1454 3568 1531 3609 ex
1561 3568 1761 3610 reme·

238 3639 329 3700 dio
370 3641 410 3702 l.
443 3658 515 3702 11.
551 3642 621 3701 C.
656 3639 725 3702 de
764 3640 1011 3702 rescind.
1062 3640 1228 3705 vend.
1280 3648 1537 3721 propter
1563 3643 1759 3704 166510-

237 3750 365 3794 nem
394 3734 560 3795 ultra
590 3733 922 3795 dimidium
971 3733 1125 3813 justi
1182 3736 1388 3813 pretii,
1437 3754 1560 3815 quo
1605 3754 1754 3796 cusu

234 3825 634 3903 gabellarium
666 3844 790 3886 non
820 3827 1049 3887 debere
1107 3828 1420 3906 gubellum
1451 3828 1623 3907 prius
1652 3846 1756 3889 ac·-

235 3922 488 3996 ceptam.
527 3919 713 3980 docet
753 3919 984 3981 Molina
1029 3920 1188 4000 disp.
1222 3923 1361 3982 349.
1411 3921 1467 3999 ἓ.
1502 3920 1756 3982 Dubium

234 4020 324 4084 ese,
357 4012 551 4074 etalii
582 4031 736 4093 quos
784 4013 990 4089 affert,
1047 4017 1109 4075 et
1155 4014 1439 4093 sequitur
1476 4014 1755 4076 Sanohez

235 4104 326 4165 ubi
356 4124 548 4185 supra
590 4124 695 4166 110.
743 4109 800 4166 9..
837 4110 898 4166 et
925 4106 1268 4167 Turriunus
1313 4105 1547 4185 disput.
1607 4124 1749 4168 xtv.

234 4197 371 4259 dub.
406 4215 545 4260 vm.
582 4217 644 4259 n.
703 4202 798 4260 18.
834 4198 983 4279 quia
1037 4199 1227 4260 etiam
1275 4204 1424 4261 tunc
1478 4199 1754 4260 venditio

233 4289 338 4351 suit
362 4291 592 4353 valida.
627 4293 823 4353 Debet
859 4296 1072 4353 autem
1129 4293 1431 4353 damnum
1487 4293 1754 4372 gabelloe

232 4384 551 4461 sustinere,
588 4384 692 4464 qui
733 4383 959 4463 injuste
979 4385 1160 4461 laesit,
1194 4385 1283 4446 ita
1335 4389 1405 4447 ut
1457 4386 1509 4446 si
1537 4385 1756 4447 vendi-

239 4479 329 4537 tor
355 4484 708 4556 emptorem
736 4476 1004 4555 decepit,
1055 4477 1284 4539 debeat
1311 4477 1484 4537 illum
1514 4478 1757 4538 indem-

233 4587 366 4629 nem
392 4588 670 4644 servure,
717 4568 768 4629 si
797 4569 957 4630 forte
1012 4569 1325 4648 gabellum
1382 4570 1658 4647 solverit,
1691 4574 1756 4631 et

233 4678 263 4720 e
288 4666 502 4725 contra
521 4666 767 4740 emptor
784 4662 1176 4723 venditorem
1207 4661 1258 4722 si
1277 4661 1452 4722 illum
1482 4662 1749 4741 decepit,

231 4753 309 4815 itu
337 4756 619 4817 Sanchez
649 4754 754 4815 ubi
785 4773 997 4834 supra.

305 4849 459 4922 Quia
487 4866 637 4910 vero
666 4848 1042 4909 contrahens
1076 4847 1261 4909 laesus
1310 4851 1514 4926 potest
1543 4849 1750 4909 diver-

232 4939 460 5004 simode
502 4941 785 5018 restitui,
845 4940 1356 5021 distinguendum
1416 4946 1512 5005 est
1552 4943 1756 5022 magis

231 5051 362 5094 cum
390 5035 625 5097 Molina
673 5052 687 5098 ε
739 5052 884 5095 num
912 5036 1011 5095 vel
1054 5037 1408 5096 contractus
1436 5036 1606 5114 prior
1633 5037 1755 5097 dis-

230 5127 481 5188 solvitur
509 5126 756 5188 redditu
783 5145 853 5186 re
883 5127 1195 5189 venditori
1219 5174 1234 5204 ,
1286 5132 1349 5190 et
1393 5128 1592 5207 pretio
1623 5148 1755 5189 em-

232 5219 380 5296 ptori
403 5266 419 5296 ,
464 5219 561 5280 vel
589 5219 912 5280 reducitur
937 5224 1292 5281 contractus
1322 5221 1402 5281 ad
1429 5222 1752 5300 {equalita-

232 5313 349 5370 tem
376 5316 562 5373 aucto
595 5311 691 5372 vel
718 5312 1022 5373 diminuto
1052 5313 1273 5392 pretio.
1311 5314 1374 5375 Si
1393 5314 1505 5375 fiat
1523 5314 1641 5375 hoc
1659 5334 1758 5375 se·-

3291 309 3407 369 663

1868 479 1975 562 qui
2007 479 2278 544 solverat
2305 481 2477 560 prius
2506 500 2581 542 ex
2611 484 2787 561 parte
2806 482 3014 562 pretii,
3034 482 3221 544 debet
3243 502 3407 545 nunc

1868 574 2073 635 denuo
2102 573 2345 636 solvere
2375 593 2449 636 ex
2479 580 2815 654 augmento
2837 576 3017 655 pretii
3051 577 3217 655 quod
3243 578 3408 638 acci-

1867 666 1980 745 pit,
2015 667 2268 746 quando
2298 668 2547 746 gubella
2576 672 2669 729 est
2694 687 2842 748 pars
2872 668 3177 749 aliquota,
3210 689 3269 731 v.
3305 690 3401 748 gr.

1868 759 2113 819 decima
2142 760 2324 838 pretii
2355 780 2545 840 quam
2576 761 2866 821 venditor
2894 762 3135 821 solvere
3166 763 3354 824 debet
3385 784 3399 822 ε

1866 852 2026 914 ratio
2059 858 2268 913 autem
2319 858 2413 915 est
2442 854 2610 914 clara
2636 901 2650 931 ,
2706 854 2852 933 quia
2881 854 3001 914 hoc
3032 855 3221 916 etiam
3250 874 3405 935 uug-

1866 949 2149 1007 mentum
2181 946 2451 1024 pertinet
2476 947 2554 1007 ad
2594 947 2863 1025 pretium
2894 947 3269 1007 venditionis
3293 994 3308 1025 ,
3344 954 3407 1009 et

1868 1039 2016 1118 quia
2044 1058 2170 1100 non
2203 1042 2297 1100 est
2325 1039 2599 1101 venditio
2631 1058 2813 1116 nova,
2849 1039 3113 1100 debetur
3141 1040 3276 1101 hoec
3300 1061 3405 1120 gu-

1865 1131 2030 1192 116116
2058 1131 2143 1191 1111
2175 1132 2253 1191 ad
2286 1150 2472 1211 quem
2501 1132 2853 1211 pertinebat
2880 1133 3126 1211 gabellu
3155 1153 3229 1193 ex
3258 1153 3403 1194 vcn-

1866 1224 2102 1285 ditione
2135 1225 2473 1303 praeteritu.
2537 1225 2603 1286 Si
2631 1230 2839 1286 autem
2869 1229 3112 1304 emptor
3153 1226 3270 1287 fuit
3296 1227 3403 1286 166-

1863 1336 1969 1379 505
1999 1317 2300 1378 solvendo
2330 1336 2521 1396 supra
2541 1315 2781 1396 justum
2813 1317 3107 1395 pretium,
3170 1321 3234 1379 et
3261 1317 3401 1379 ideo

1865 1410 2631 1489 venditorrcdditpartem
2650 1410 2832 1488 pretii
2852 1410 3113 1489 accepti,
3131 1411 3401 1471 ‘dubium

1865 1507 1959 1565 est
1987 1521 2065 1563 an
2095 1504 2324 1564 debeat
2351 1503 2559 1564 adhuc
2588 1503 2828 1563 solvere
2857 1502 3172 1581 gabellum
3202 1524 3276 1563 ex
3304 1508 3399 1565 to-

1861 1599 1927 1659 to
1957 1596 2159 1676 pretio
2191 1596 2365 1674 prius
2392 1596 2732 1674 assignatO.
2785 1598 3044 1657 Lusarte
3075 1597 3244 1674 apud
3274 1597 3402 1657 Mo-

1862 1690 2055 1751 linam
2089 1690 2151 1749 id
2183 1689 2353 1765 dicit,
2391 1688 2693 1768 quiajam
2741 1690 2914 1767 prior
2941 1689 3217 1750 venditio
3247 1689 3404 1749 vali-

1864 1783 1946 1844 da
1973 1783 2181 1858 fuerit,
2217 1786 2278 1843 et
2299 1781 2404 1863 jus
2434 1782 2695 1843 dederat
2723 1783 2872 1842 fisco
2896 1781 2975 1841 ad
3006 1786 3200 1842 totum
3229 1782 3399 1842 illam

1861 1875 2197 1955 gabellum.
2250 1874 2481 1937 Molina
2512 1894 2662 1935 vcro
2716 1866 2904 1954 quem
2933 1875 3215 1953 sequitur
3242 1877 3401 1935 Tur-

1861 1969 2094 2045 rianuS,
2157 1968 2221 2028 id
2252 1973 2478 2047 negat,
2538 1968 2685 2048 quia
2714 1967 3010 2046 praesumi
3041 1986 3162 2027 non
3196 1971 3402 2046 potest

1860 2063 2066 2142 legem
2108 2061 2357 2141 exigere
2409 2061 2723 2141 gubellum
2780 2080 2855 2121 ex
2899 2061 3098 2138 pretio
3152 2061 3320 2139 quod
3363 2080 3401 2120 6

1854 2154 2070 2234 judice
2099 2154 2541 2234 pronuntiatur
2569 2153 2870 2233 injustum
2932 2174 2944 2213 ;
2997 2171 3189 2231 quare
3219 2152 3397 2213 addit

1859 2248 2125 2324 Molina,
2179 2246 2593 2325 repetendum
2624 2266 2757 2306 esse
2787 2266 2825 2307 6
2852 2246 3193 2324 gabellurio
3226 2245 3399 2305 illum

1860 2360 2204 2417 excessum,
2242 2341 2294 2399 si
2322 2341 2560 2401 solutus
2588 2340 2812 2414 fuerat,
2840 2339 2964 2399 imo
2996 2339 3161 2399 idem
3193 2337 3399 2399 dicen-

1859 2434 2009 2495 dum
2054 2432 2305 2513 quando
2348 2437 2706 2494 contractus
2753 2430 3115 2492 dissolvitur
3151 2430 3399 2493 redditu

1858 2545 1926 2588 re
1955 2525 2287 2588 venditori.

1938 2623 2069 2681 Hoc
2121 2624 2329 2682 tamen
2381 2622 2825 2698 argumentum
2853 2617 3102 2678 videtur
3133 2617 3397 2678 fortasse

1856 2713 2205 2793 retorqueri
2237 2730 2418 2790 posse
2436 2711 2736 2771 adversus
2759 2709 3051 2770 eumdem
3071 2709 3391 2787 Molinam,

1858 2806 1961 2886 qui
1992 2805 2222 2883 disput.
2255 2807 2392 2866 352.
2444 2803 2507 2863 in
2553 2804 2676 2863 fine
2722 2803 2923 2864 tertiae
2954 2801 3390 2878 conclusioniS,

1856 2903 2084 2978 etpost
2112 2901 2399 2977 quartam
2451 2896 2639 2972 dicit,
2696 2894 2947 2976 quando
2982 2895 3258 2955 venditio
3291 2895 3394 2954 de-

1857 2993 2131 3053 claratur
2158 2990 2433 3051 invalida
2465 2989 2561 3050 vel
2592 2987 2823 3066 injusta
2846 3034 2861 3064 ,
2895 2992 3152 3067 propter
3180 2987 3394 3048 dolum

1855 3087 2090 3145 mulum
2121 3082 2498 3157 venditoriS,
2566 3081 2772 3141 adhuc
2804 3080 3017 3140 deberi
3051 3080 3386 3159 gabellum,

1857 3178 2004 3259 quia
2035 3178 2356 3256 obligabat
2384 3176 2489 3237 illu
2520 3174 2797 3237 venditio
2848 3173 3068 3235 saltem
3098 3173 3386 3235 vendito·

1854 3290 1990 3332 rem
2016 3318 2031 3348 ,
2073 3271 2123 3331 si
2157 3275 2402 3349 emptor
2430 3269 2617 3330 vellet
2646 3286 2786 3328 eam
2814 3267 3137 3339 sustineri;
3199 3285 3393 3346 quare

1854 3365 1970 3427 etsi
1999 3364 2391 3424 rescindatur
2423 3366 2781 3422 contractus
2806 3407 2821 3437 ,
2868 3359 3180 3438 gabellum
3212 3377 3393 3438 posse

1852 3457 2108 3519 retineri
2150 3476 2189 3517 a
2233 3455 2613 3534 gabellario;
2676 3471 2823 3532 ergo
2888 3451 3056 3531 quod
3103 3451 3395 3512 venditor

1853 3570 1977 3612 non
2036 3549 2234 3628 possit
2291 3549 2460 3628 juste
2530 3547 2680 3607 illud
2748 3546 3016 3625 pretium
3080 3545 3388 3622 accipere,

1853 3661 1978 3705 non
2032 3642 2180 3702 fucit
2235 3641 2403 3721 quod
2448 3640 2695 3718 gubella
2744 3658 2817 3698 ex
2865 3638 2970 3698 illa
3026 3637 3390 3698 venditione

1851 3755 1977 3797 non
2020 3734 2364 3810 debeatur,
2426 3732 2574 3812 quia
2620 3736 2688 3793 ut
2733 3733 2866 3809 ipse
2920 3730 3153 3791 Molina
3212 3730 3382 3806 dicit,

1849 3828 2140 3890 venditor
2186 3826 2372 3886 debet
2414 3823 2618 3904 puniri
2661 3823 2724 3883 in
2769 3822 3076 3883 solutione
3126 3823 3388 3901 integrae

1851 3920 2137 4001 gubellae.

1934 4014 1996 4075 Si
2024 4016 2237 4074 autem
2256 4012 2366 4073 fiat
2380 4009 2674 4089 primum,
2701 4013 2764 4070 et
2783 4011 3140 4070 contractus
3160 4007 3389 4068 rescin-

1853 4107 2040 4167 datur
2066 4105 2313 4165 reddita
2343 4122 2410 4163 re
2440 4102 2750 4163 venditori
2776 4122 2788 4162 :
2824 4106 2995 4178 tunc,
3028 4100 3078 4160 si
3103 4100 3392 4161 venditor

1850 4200 2034 4260 laesus
2064 4197 2178 4259 fuit
2205 4200 2268 4258 et
2293 4215 2393 4256 res
2422 4195 2481 4255 ei
2516 4194 2883 4256 restituatur
2908 4240 2923 4269 ,
2987 4198 3233 4272 emptor
3280 4192 3387 4271 qui

1851 4291 2078 4372 injuste
2109 4290 2412 4350 damnum
2441 4287 2667 4363 intulit,
2695 4287 2883 4348 debet
2910 4285 2964 4347 ei
2997 4286 3146 4347 dare
3175 4285 3388 4364 gabel-

1850 4386 1977 4445 lum
2021 4402 2211 4464 quam
2254 4383 2447 4461 ipsius
2493 4380 2791 4459 emptoris
2838 4379 3024 4459 culpa
3090 4379 3382 4439 solverat.

1854 4479 1917 4540 Si
1949 4495 2097 4538 vero
2129 4496 2162 4536 6
2193 4480 2407 4537 contra
2440 4478 2686 4553 emptor
2713 4474 2831 4534 fuit
2859 4475 3067 4550 laesuS,
3100 4472 3391 4533 venditor

1853 4571 2043 4632 debet
2067 4570 2376 4631 sustinere
2407 4567 2707 4627 damnum
2737 4567 3001 4645 gabellae
3031 4566 3253 4626 solutae
3276 4612 3291 4642 ,
3324 4565 3388 4624 in

1854 4683 1977 4744 quo
2028 4662 2218 4724 etiam
2259 4660 2549 4723 convenit
2577 4660 2858 4721 Sanchez
2909 4659 3044 4719 loco
3091 4658 3382 4737 allegato,

1852 4759 1940 4819 Ex
1973 4775 2095 4835 quo
2125 4773 2342 4815 rursus
2385 4751 2734 4832 retorqueri
2782 4753 3008 4814 iterum
3052 4756 3258 4831 potest
3283 4771 3385 4812 ar-

1852 4853 2223 4929 gumentum
2260 4847 2540 4926 proxime
2584 4846 2817 4905 fuctum
2847 4848 3065 4905 contra
3092 4843 3388 4905 Molinam

1853 4942 1933 5003 ud
1964 4940 2305 5018 hominem,
2340 4940 2488 5021 quia
2507 4939 2570 5000 in
2591 4938 2711 4999 hoc
2731 4938 2916 4999 etiam
2949 4956 3096 4998 casu
3117 4937 3388 5016 pretium

1855 5035 2211 5096 declaratur
2236 5033 2538 5112 injustum
2567 5050 2603 5091 6
2624 5030 2838 5111 judice
2864 5075 2882 5102 ‚
2944 5033 3006 5090 et
3034 5033 3244 5090 tumen
3276 5049 3388 5108 ga-

1853 5127 2151 5190 bellarius
2171 5127 2397 5188 retinet
2416 5130 2610 5187 totum
2632 5125 2943 5203 gabellum
2972 5124 3088 5184 sibi
3119 5124 3387 5185 solutum

1856 5240 1893 5282 6
1923 5220 2269 5296 venditore,
2304 5220 2493 5281 etium
2520 5218 2782 5279 rescisso
2806 5221 3149 5294 contractu,
3170 5222 3388 5278 etven-

1859 5315 2025 5376 ditor
2049 5315 2220 5375 1116111
2249 5317 2442 5375 totam
2474 5312 2682 5390 perdit
2706 5332 2718 5371 :
2756 5330 2904 5390 ergo
2928 5310 3094 5391 quod
3117 5310 3385 5390 pretium

232 5405 522 5482 cundum,
553 5410 617 5467 et
643 5404 1141 5467 venditorlaesus
1169 5406 1390 5479 fuerat,
1426 5425 1500 5469 ac
1546 5407 1760 5486 proin-
1858 5408 2210 5469 declaretur
2265 5407 2601 5485 injustum,
2679 5425 2800 5465 non
2873 5404 3033 5466 tollit
3077 5402 3181 5482 jus
3236 5403 3385 5463 fisco

233 5495 306 5557 de
332 5497 600 5578 accipiat
638 5516 962 5561 excessum
1003 5498 1187 5577 pretii
1216 5498 1377 5561 ultra
1418 5500 1752 5580 gabellum,

1856 5500 1938 5564 ad
1964 5500 2281 5580 gabellum
2311 5517 2386 5561 ex
2416 5498 2610 5577 priori
2630 5501 2952 5560 contractu
2968 5496 3381 5559 retinendam.
