<?xml version="1.0" encoding="UTF-8"?>
<!DOCTYPE html PUBLIC "-//W3C//DTD XHTML 1.0 Transitional//EN"
    "http://www.w3.org/TR/xhtml1/DTD/xhtml1-transitional.dtd">
<html xmlns="http://www.w3.org/1999/xhtml" xml:lang="en" lang="en">
 <head>
  <title>
</title>
<meta http-equiv="Content-Type" content="text/html;charset=utf-8" />
  <meta name='ocr-system' content='tesseract 3.04.00' />
  <meta name='ocr-capabilities' content='ocr_page ocr_carea ocr_par ocr_line ocrx_word'/>
</head>
<body>
  <div class='ocr_page' id='page_1' title='image "./joannisdelugodi00lugogoog_0249.png"; bbox 0 0 4263 6376; ppageno 0'>
   <div class='ocr_carea' id='block_1_1' title="bbox 1264 352 3420 436">
    <p class='ocr_par' dir='ltr' id='par_1_1' title="bbox 1264 352 3420 436">
     <span class='ocr_line' id='line_1_1' title="bbox 1264 352 3420 436; baseline -0.006 -13"><span class='ocrx_word' id='word_1_1' title='bbox 1264 361 1733 423; x_wconf 79' lang='lat' dir='ltr'>mSPU&#39;rATlo</span> <span class='ocrx_word' id='word_1_2' title='bbox 1777 361 1966 436; x_wconf 87' lang='lat' dir='ltr'>XXV,</span> <span class='ocrx_word' id='word_1_3' title='bbox 2015 358 2289 419; x_wconf 79' lang='lat' dir='ltr'>SECTlO</span> <span class='ocrx_word' id='word_1_4' title='bbox 2335 357 2492 417; x_wconf 85' lang='lat' dir='ltr'>vm.</span> <span class='ocrx_word' id='word_1_5' title='bbox 3306 352 3420 411; x_wconf 76' lang='lat'>233</span> 
     </span>
    </p>
   </div>
   <div class='ocr_carea' id='block_1_2' title="bbox 283 536 1788 1632">
    <p class='ocr_par' dir='ltr' id='par_1_2' title="bbox 283 536 1788 1632">
     <span class='ocr_line' id='line_1_2' title="bbox 296 536 1783 618; baseline 0 -21"><span class='ocrx_word' id='word_1_6' title='bbox 296 538 361 597; x_wconf 85' lang='lat' dir='ltr'>ad</span> <span class='ocrx_word' id='word_1_7' title='bbox 387 538 510 615; x_wconf 87' lang='lat' dir='ltr'>ejus</span> <span class='ocrx_word' id='word_1_8' title='bbox 539 538 723 598; x_wconf 79' lang='lat' dir='ltr'>vitam</span> <span class='ocrx_word' id='word_1_9' title='bbox 755 545 866 599; x_wconf 86' lang='lat' dir='ltr'>aut</span> <span class='ocrx_word' id='word_1_10' title='bbox 909 558 1264 618; x_wconf 88' lang='lat' dir='ltr'>personam,</span> <span class='ocrx_word' id='word_1_11' title='bbox 1298 540 1458 600; x_wconf 90' lang='lat' dir='ltr'>sicut</span> <span class='ocrx_word' id='word_1_12' title='bbox 1503 542 1647 599; x_wconf 84' lang='lat' dir='ltr'>sunt</span> <span class='ocrx_word' id='word_1_13' title='bbox 1676 536 1783 597; x_wconf 91' lang='lat' dir='ltr'>ali-</span> 
     </span>
     <span class='ocr_line' id='line_1_3' title="bbox 293 632 1787 707; baseline -0.001 -18"><span class='ocrx_word' id='word_1_14' title='bbox 293 635 510 701; x_wconf 76' lang='lat' dir='ltr'>menta;</span> <span class='ocrx_word' id='word_1_15' title='bbox 545 636 604 691; x_wconf 92' lang='lat' dir='ltr'>et</span> <span class='ocrx_word' id='word_1_16' title='bbox 630 649 810 691; x_wconf 89' lang='lat' dir='ltr'>socer</span> <span class='ocrx_word' id='word_1_17' title='bbox 852 651 977 691; x_wconf 79' lang='lat' dir='ltr'>non</span> <span class='ocrx_word' id='word_1_18' title='bbox 1004 632 1248 707; x_wconf 88' lang='lat' dir='ltr'>limitet,</span> <span class='ocrx_word' id='word_1_19' title='bbox 1284 650 1397 692; x_wconf 90' lang='lat' dir='ltr'>nec</span> <span class='ocrx_word' id='word_1_20' title='bbox 1443 632 1787 707; x_wconf 85' lang='lat' dir='ltr'>distinguat</span> 
     </span>
     <span class='ocr_line' id='line_1_4' title="bbox 292 722 1786 803; baseline -0.001 -21"><span class='ocrx_word' id='word_1_21' title='bbox 292 722 743 783; x_wconf 86' lang='lat' dir='ltr'>inconcessione</span> <span class='ocrx_word' id='word_1_22' title='bbox 773 724 1128 803; x_wconf 77' lang='lat' dir='ltr'>illiusjuriS,</span> <span class='ocrx_word' id='word_1_23' title='bbox 1154 743 1277 785; x_wconf 84' lang='lat' dir='ltr'>non</span> <span class='ocrx_word' id='word_1_24' title='bbox 1300 727 1394 786; x_wconf 86' lang='lat' dir='ltr'>est</span> <span class='ocrx_word' id='word_1_25' title='bbox 1421 743 1531 784; x_wconf 85' lang='lat' dir='ltr'>cur</span> <span class='ocrx_word' id='word_1_26' title='bbox 1552 723 1631 782; x_wconf 91' lang='lat' dir='ltr'>ad</span> <span class='ocrx_word' id='word_1_27' title='bbox 1657 722 1786 782; x_wconf 84' lang='lat' dir='ltr'>hae-</span> 
     </span>
     <span class='ocr_line' id='line_1_5' title="bbox 292 816 1787 896; baseline 0.001 -23"><span class='ocrx_word' id='word_1_28' title='bbox 292 816 449 874; x_wconf 86' lang='lat' dir='ltr'>redes</span> <span class='ocrx_word' id='word_1_29' title='bbox 493 834 920 896; x_wconf 84' lang='lat' dir='ltr'>quoscumque</span> <span class='ocrx_word' id='word_1_30' title='bbox 950 819 1057 896; x_wconf 89' lang='lat' dir='ltr'>qui</span> <span class='ocrx_word' id='word_1_31' title='bbox 1085 818 1373 878; x_wconf 86' lang='lat' dir='ltr'>eamdem</span> <span class='ocrx_word' id='word_1_32' title='bbox 1405 835 1663 877; x_wconf 80' lang='lat' dir='ltr'>uxorem</span> <span class='ocrx_word' id='word_1_33' title='bbox 1695 834 1787 875; x_wconf 90' lang='lat' dir='ltr'>re-</span> 
     </span>
     <span class='ocr_line' id='line_1_6' title="bbox 291 909 1787 987; baseline 0 -21"><span class='ocrx_word' id='word_1_34' title='bbox 291 912 641 985; x_wconf 78' lang='lat' dir='ltr'>presentant,</span> <span class='ocrx_word' id='word_1_35' title='bbox 677 927 800 967; x_wconf 91' lang='lat' dir='ltr'>non</span> <span class='ocrx_word' id='word_1_36' title='bbox 849 911 1280 970; x_wconf 80' lang='lat' dir='ltr'>transferatur.</span> <span class='ocrx_word' id='word_1_37' title='bbox 1331 909 1507 981; x_wconf 86' lang='lat' dir='ltr'>Quod</span> <span class='ocrx_word' id='word_1_38' title='bbox 1562 925 1787 987; x_wconf 87' lang='lat' dir='ltr'>suppo-</span> 
     </span>
     <span class='ocr_line' id='line_1_7' title="bbox 290 999 1788 1077; baseline 0.001 -20"><span class='ocrx_word' id='word_1_39' title='bbox 290 1017 414 1059; x_wconf 87' lang='lat' dir='ltr'>nere</span> <span class='ocrx_word' id='word_1_40' title='bbox 442 1000 620 1059; x_wconf 87' lang='lat' dir='ltr'>etiam</span> <span class='ocrx_word' id='word_1_41' title='bbox 653 1000 899 1060; x_wconf 80' lang='lat' dir='ltr'>videtur</span> <span class='ocrx_word' id='word_1_42' title='bbox 927 1002 1124 1077; x_wconf 76' lang='lat' dir='ltr'>SalaS,</span> <span class='ocrx_word' id='word_1_43' title='bbox 1176 1002 1327 1060; x_wconf 89' lang='lat' dir='ltr'>dum</span> <span class='ocrx_word' id='word_1_44' title='bbox 1381 1001 1551 1077; x_wconf 86' lang='lat' dir='ltr'>dicit,</span> <span class='ocrx_word' id='word_1_45' title='bbox 1596 999 1788 1059; x_wconf 89' lang='lat' dir='ltr'>mari-</span> 
     </span>
     <span class='ocr_line' id='line_1_8' title="bbox 289 1091 1784 1172; baseline -0.001 -19"><span class='ocrx_word' id='word_1_46' title='bbox 289 1096 399 1153; x_wconf 87' lang='lat' dir='ltr'>tum</span> <span class='ocrx_word' id='word_1_47' title='bbox 426 1110 539 1151; x_wconf 92' lang='lat' dir='ltr'>non</span> <span class='ocrx_word' id='word_1_48' title='bbox 579 1111 762 1169; x_wconf 71' lang='lat' dir='ltr'>posse</span> <span class='ocrx_word' id='word_1_49' title='bbox 790 1094 1068 1171; x_wconf 87' lang='lat' dir='ltr'>recipere</span> <span class='ocrx_word' id='word_1_50' title='bbox 1089 1095 1324 1153; x_wconf 83' lang='lat' dir='ltr'>fructus</span> <span class='ocrx_word' id='word_1_51' title='bbox 1341 1094 1498 1169; x_wconf 83' lang='lat' dir='ltr'>illos,</span> <span class='ocrx_word' id='word_1_52' title='bbox 1534 1091 1784 1172; x_wconf 89' lang='lat' dir='ltr'>quando</span> 
     </span>
     <span class='ocr_line' id='line_1_9' title="bbox 290 1184 1784 1263; baseline 0.001 -20"><span class='ocrx_word' id='word_1_53' title='bbox 290 1184 461 1243; x_wconf 80' lang='lat' dir='ltr'>haeres</span> <span class='ocrx_word' id='word_1_54' title='bbox 486 1190 595 1244; x_wconf 84' lang='lat' dir='ltr'>aut</span> <span class='ocrx_word' id='word_1_55' title='bbox 630 1186 970 1259; x_wconf 70' lang='lat' dir='ltr'>legatarius</span> <span class='ocrx_word' id='word_1_56' title='bbox 1003 1188 1207 1248; x_wconf 79' lang='lat' dir='ltr'>uxoris</span> <span class='ocrx_word' id='word_1_57' title='bbox 1236 1205 1359 1246; x_wconf 90' lang='lat' dir='ltr'>nou</span> <span class='ocrx_word' id='word_1_58' title='bbox 1390 1192 1483 1247; x_wconf 88' lang='lat' dir='ltr'>est</span> <span class='ocrx_word' id='word_1_59' title='bbox 1508 1206 1521 1258; x_wconf 89' lang='grc'>;</span> <span class='ocrx_word' id='word_1_60' title='bbox 1552 1186 1601 1245; x_wconf 91' lang='lat' dir='ltr'>si</span> <span class='ocrx_word' id='word_1_61' title='bbox 1633 1203 1784 1263; x_wconf 85' lang='lat' dir='ltr'>ergo</span> 
     </span>
     <span class='ocr_line' id='line_1_10' title="bbox 291 1276 1785 1358; baseline 0.002 -23"><span class='ocrx_word' id='word_1_62' title='bbox 291 1276 461 1336; x_wconf 73' lang='lat' dir='ltr'>lueres</span> <span class='ocrx_word' id='word_1_63' title='bbox 481 1283 640 1337; x_wconf 89' lang='lat' dir='ltr'>esset</span> <span class='ocrx_word' id='word_1_64' title='bbox 669 1279 899 1354; x_wconf 79' lang='lat' dir='ltr'>uxoris,</span> <span class='ocrx_word' id='word_1_65' title='bbox 922 1286 1162 1358; x_wconf 85' lang='lat' dir='ltr'>posset;</span> <span class='ocrx_word' id='word_1_66' title='bbox 1196 1284 1259 1340; x_wconf 91' lang='lat' dir='ltr'>et</span> <span class='ocrx_word' id='word_1_67' title='bbox 1276 1298 1785 1357; x_wconf 90' lang='lat' dir='ltr'>perconsequens</span> 
     </span>
     <span class='ocr_line' id='line_1_11' title="bbox 288 1369 1785 1451; baseline 0.003 -23"><span class='ocrx_word' id='word_1_68' title='bbox 288 1369 517 1447; x_wconf 83' lang='lat' dir='ltr'>quilibet</span> <span class='ocrx_word' id='word_1_69' title='bbox 543 1370 701 1429; x_wconf 90' lang='lat' dir='ltr'>alius</span> <span class='ocrx_word' id='word_1_70' title='bbox 732 1371 935 1432; x_wconf 62' lang='lat' dir='ltr'>haeres</span> <span class='ocrx_word' id='word_1_71' title='bbox 966 1374 1209 1450; x_wconf 85' lang='lat' dir='ltr'>poterit,</span> <span class='ocrx_word' id='word_1_72' title='bbox 1244 1391 1386 1433; x_wconf 76' lang='lat' dir='ltr'>cuin</span> <span class='ocrx_word' id='word_1_73' title='bbox 1429 1391 1551 1433; x_wconf 91' lang='lat' dir='ltr'>non</span> <span class='ocrx_word' id='word_1_74' title='bbox 1580 1372 1785 1451; x_wconf 89' lang='lat' dir='ltr'>majus</span> 
     </span>
     <span class='ocr_line' id='line_1_12' title="bbox 283 1460 1779 1546; baseline 0.003 -26"><span class='ocrx_word' id='word_1_75' title='bbox 283 1460 488 1521; x_wconf 84' lang='lat' dir='ltr'>habeat</span> <span class='ocrx_word' id='word_1_76' title='bbox 546 1461 650 1539; x_wconf 80' lang='lat' dir='ltr'>jus</span> <span class='ocrx_word' id='word_1_77' title='bbox 707 1465 994 1540; x_wconf 77' lang='lat' dir='ltr'>marituS,</span> <span class='ocrx_word' id='word_1_78' title='bbox 1047 1473 1354 1546; x_wconf 81' lang='lat' dir='ltr'>quatenus</span> <span class='ocrx_word' id='word_1_79' title='bbox 1410 1464 1610 1524; x_wconf 61' lang='lat' dir='ltr'>haeres</span> <span class='ocrx_word' id='word_1_80' title='bbox 1664 1468 1779 1540; x_wconf 87' lang='lat' dir='ltr'>est,</span> 
     </span>
     <span class='ocr_line' id='line_1_13' title="bbox 285 1554 936 1632; baseline 0.011 -21"><span class='ocrx_word' id='word_1_81' title='bbox 285 1572 445 1632; x_wconf 87' lang='lat' dir='ltr'>quam</span> <span class='ocrx_word' id='word_1_82' title='bbox 466 1554 725 1632; x_wconf 80' lang='lat' dir='ltr'>quilibet</span> <span class='ocrx_word' id='word_1_83' title='bbox 754 1557 936 1618; x_wconf 75' lang='lat' dir='ltr'>aliua.</span> 
     </span>
    </p>
   </div>
   <div class='ocr_carea' id='block_1_3' title="bbox 553 1954 1461 2297">
    <p class='ocr_par' dir='ltr' id='par_1_3' title="bbox 553 1954 1461 2297">
     <span class='ocr_line' id='line_1_14' title="bbox 885 1954 1153 2031; baseline 0.004 -17"><span class='ocrx_word' id='word_1_84' title='bbox 885 1954 943 2031; x_wconf 68' lang='grc' dir='ltr'>ἓ.</span> <span class='ocrx_word' id='word_1_85' title='bbox 976 1954 1153 2017; x_wconf 89' lang='lat' dir='ltr'>Unic.</span> 
     </span>
     <span class='ocr_line' id='line_1_15' title="bbox 553 2214 1461 2297; baseline 0.004 -22"><span class='ocrx_word' id='word_1_86' title='bbox 553 2214 645 2276; x_wconf 83' lang='lat' dir='ltr'>De</span> <span class='ocrx_word' id='word_1_87' title='bbox 658 2224 839 2297; x_wconf 80' lang='lat' dir='ltr'>pacto</span> <span class='ocrx_word' id='word_1_88' title='bbox 869 2216 1010 2296; x_wconf 69' lang='lat' dir='ltr'>leyts</span> <span class='ocrx_word' id='word_1_89' title='bbox 1037 2218 1461 2280; x_wconf 65' lang='lat' dir='ltr'>commissoriae.</span> 
     </span>
    </p>
   </div>
   <div class='ocr_carea' id='block_1_4' title="bbox 75 2477 1785 5435">
    <p class='ocr_par' dir='ltr' id='par_1_4' title="bbox 112 2477 1783 2562">
     <span class='ocr_line' id='line_1_16' title="bbox 112 2477 1783 2562; baseline 0.004 -26"><span class='ocrx_word' id='word_1_90' title='bbox 112 2498 183 2552; x_wconf 73' lang='lat'>¹76</span> <span class='ocrx_word' id='word_1_91' title='bbox 340 2477 427 2538; x_wconf 83' lang='lat' dir='ltr'>Ad</span> <span class='ocrx_word' id='word_1_92' title='bbox 444 2477 560 2538; x_wconf 87' lang='lat' dir='ltr'>boc</span> <span class='ocrx_word' id='word_1_93' title='bbox 573 2478 743 2538; x_wconf 90' lang='lat' dir='ltr'>idem</span> <span class='ocrx_word' id='word_1_94' title='bbox 760 2484 1060 2556; x_wconf 89' lang='lat' dir='ltr'>punctum</span> <span class='ocrx_word' id='word_1_95' title='bbox 1075 2480 1359 2559; x_wconf 82' lang='lat' dir='ltr'>depactis</span> <span class='ocrx_word' id='word_1_96' title='bbox 1371 2482 1537 2543; x_wconf 88' lang='lat' dir='ltr'>circa</span> <span class='ocrx_word' id='word_1_97' title='bbox 1558 2484 1783 2562; x_wconf 83' lang='lat' dir='ltr'>pignus</span> 
     </span>
    </p>

    <p class='ocr_par' dir='ltr' id='par_1_5' title="bbox 76 2568 1783 2672">
     <span class='ocr_line' id='line_1_17' title="bbox 76 2568 1783 2672; baseline 0.004 -44"><span class='ocrx_word' id='word_1_98' title='bbox 76 2621 239 2672; x_wconf 32' lang='lat' dir='ltr'>m&amp;</span> <span class='ocrx_word' id='word_1_99' title='bbox 274 2568 515 2648; x_wconf 80' lang='lat' dir='ltr'>pertinet</span> <span class='ocrx_word' id='word_1_100' title='bbox 542 2576 826 2650; x_wconf 83' lang='lat' dir='ltr'>pactum,</span> <span class='ocrx_word' id='word_1_101' title='bbox 862 2572 1031 2650; x_wconf 89' lang='lat' dir='ltr'>quod</span> <span class='ocrx_word' id='word_1_102' title='bbox 1049 2575 1465 2635; x_wconf 83' lang='lat' dir='ltr'>communiter</span> <span class='ocrx_word' id='word_1_103' title='bbox 1479 2577 1783 2655; x_wconf 86' lang='lat' dir='ltr'>appellari</span> 
     </span>
    </p>

    <p class='ocr_par' dir='ltr' id='par_1_6' title="bbox 75 2663 1783 2742">
     <span class='ocr_line' id='line_1_18' title="bbox 75 2663 1783 2742; baseline 0.005 -22"><span class='ocrx_word' id='word_1_104' title='bbox 75 2664 231 2731; x_wconf 52' lang='lat' dir='ltr'>nasu-522</span> <span class='ocrx_word' id='word_1_105' title='bbox 271 2663 571 2742; x_wconf 86' lang='lat' dir='ltr'>soletlegis</span> <span class='ocrx_word' id='word_1_106' title='bbox 588 2664 1055 2725; x_wconf 77' lang='lat' dir='ltr'>commissoriae.</span> <span class='ocrx_word' id='word_1_107' title='bbox 1072 2668 1332 2727; x_wconf 81' lang='lat' dir='ltr'>Pactum</span> <span class='ocrx_word' id='word_1_108' title='bbox 1354 2667 1550 2728; x_wconf 91' lang='lat' dir='ltr'>hocin</span> <span class='ocrx_word' id='word_1_109' title='bbox 1573 2669 1783 2729; x_wconf 89' lang='lat' dir='ltr'>vendi-</span> 
     </span>
    </p>

    <p class='ocr_par' dir='ltr' id='par_1_7' title="bbox 75 2727 1784 2845">
     <span class='ocr_line' id='line_1_19' title="bbox 75 2727 1784 2845; baseline 0.002 -28"><span class='ocrx_word' id='word_1_110' title='bbox 75 2727 238 2845; x_wconf 37' lang='grc' dir='ltr'>ἓξὲξ,</span> <span class='ocrx_word' id='word_1_111' title='bbox 272 2755 413 2814; x_wconf 88' lang='lat' dir='ltr'>tione</span> <span class='ocrx_word' id='word_1_112' title='bbox 442 2757 802 2835; x_wconf 86' lang='lat' dir='ltr'>appositum</span> <span class='ocrx_word' id='word_1_113' title='bbox 831 2762 945 2833; x_wconf 89' lang='lat' dir='ltr'>est,</span> <span class='ocrx_word' id='word_1_114' title='bbox 969 2758 1136 2836; x_wconf 93' lang='lat' dir='ltr'>quod</span> <span class='ocrx_word' id='word_1_115' title='bbox 1164 2759 1213 2818; x_wconf 91' lang='lat' dir='ltr'>si</span> <span class='ocrx_word' id='word_1_116' title='bbox 1245 2765 1489 2838; x_wconf 83' lang='lat' dir='ltr'>emptor</span> <span class='ocrx_word' id='word_1_117' title='bbox 1515 2762 1784 2839; x_wconf 90' lang='lat' dir='ltr'>pretium</span> 
     </span>
    </p>

    <p class='ocr_par' dir='ltr' id='par_1_8' title="bbox 76 2832 1785 2930">
     <span class='ocr_line' id='line_1_20' title="bbox 76 2832 1785 2930; baseline 0.006 -25"><span class='ocrx_word' id='word_1_118' title='bbox 76 2832 223 2927; x_wconf 41' lang='lat'>³2³2*</span> <span class='ocrx_word' id='word_1_119' title='bbox 273 2866 377 2906; x_wconf 86' lang='lat' dir='ltr'>non</span> <span class='ocrx_word' id='word_1_120' title='bbox 403 2849 606 2910; x_wconf 88' lang='lat' dir='ltr'>solvat</span> <span class='ocrx_word' id='word_1_121' title='bbox 634 2849 797 2909; x_wconf 89' lang='lat' dir='ltr'>intra</span> <span class='ocrx_word' id='word_1_122' title='bbox 824 2849 1158 2909; x_wconf 88' lang='lat' dir='ltr'>terminum</span> <span class='ocrx_word' id='word_1_123' title='bbox 1184 2852 1589 2913; x_wconf 83' lang='lat' dir='ltr'>constitutum</span> <span class='ocrx_word' id='word_1_124' title='bbox 1612 2900 1628 2930; x_wconf 91' lang='lat'>‚</span> <span class='ocrx_word' id='word_1_125' title='bbox 1685 2873 1785 2915; x_wconf 88' lang='lat' dir='ltr'>res</span> 
     </span>
    </p>

    <p class='ocr_par' dir='ltr' id='par_1_9' title="bbox 269 2940 1785 3025">
     <span class='ocr_line' id='line_1_21' title="bbox 269 2940 1785 3025; baseline 0.007 -28"><span class='ocrx_word' id='word_1_126' title='bbox 269 2941 335 3000; x_wconf 85' lang='lat' dir='ltr'>sit</span> <span class='ocrx_word' id='word_1_127' title='bbox 360 2960 476 3001; x_wconf 90' lang='lat' dir='ltr'>non</span> <span class='ocrx_word' id='word_1_128' title='bbox 505 2940 787 3017; x_wconf 81' lang='lat' dir='ltr'>vendita,</span> <span class='ocrx_word' id='word_1_129' title='bbox 825 2942 913 3002; x_wconf 89' lang='lat' dir='ltr'>ita</span> <span class='ocrx_word' id='word_1_130' title='bbox 929 2947 996 3003; x_wconf 90' lang='lat' dir='ltr'>ut</span> <span class='ocrx_word' id='word_1_131' title='bbox 1014 2943 1321 3020; x_wconf 83' lang='lat' dir='ltr'>venditor,</span> <span class='ocrx_word' id='word_1_132' title='bbox 1340 2945 1403 3003; x_wconf 88' lang='lat' dir='ltr'>in</span> <span class='ocrx_word' id='word_1_133' title='bbox 1435 2945 1612 3024; x_wconf 87' lang='lat' dir='ltr'>cujus</span> <span class='ocrx_word' id='word_1_134' title='bbox 1639 2966 1785 3025; x_wconf 81' lang='lat' dir='ltr'>gra-</span> 
     </span>
    </p>

    <p class='ocr_par' dir='ltr' id='par_1_10' title="bbox 270 3033 1782 3114">
     <span class='ocr_line' id='line_1_22' title="bbox 270 3033 1782 3114; baseline 0.005 -23"><span class='ocrx_word' id='word_1_135' title='bbox 270 3033 397 3092; x_wconf 85' lang='lat' dir='ltr'>tiam</span> <span class='ocrx_word' id='word_1_136' title='bbox 427 3039 684 3111; x_wconf 83' lang='lat' dir='ltr'>pactum</span> <span class='ocrx_word' id='word_1_137' title='bbox 714 3034 871 3094; x_wconf 89' lang='lat' dir='ltr'>illud</span> <span class='ocrx_word' id='word_1_138' title='bbox 898 3036 1011 3111; x_wconf 83' lang='lat' dir='ltr'>fit,</span> <span class='ocrx_word' id='word_1_139' title='bbox 1069 3037 1263 3114; x_wconf 83' lang='lat' dir='ltr'>possit</span> <span class='ocrx_word' id='word_1_140' title='bbox 1300 3056 1433 3097; x_wconf 90' lang='lat' dir='ltr'>rem</span> <span class='ocrx_word' id='word_1_141' title='bbox 1464 3040 1782 3101; x_wconf 78' lang='lat' dir='ltr'>venditam</span> 
     </span>
    </p>

    <p class='ocr_par' dir='ltr' id='par_1_11' title="bbox 265 3127 1784 3208">
     <span class='ocr_line' id='line_1_23' title="bbox 265 3127 1784 3208; baseline 0.007 -24"><span class='ocrx_word' id='word_1_142' title='bbox 265 3133 525 3203; x_wconf 87' lang='lat' dir='ltr'>repetere</span> <span class='ocrx_word' id='word_1_143' title='bbox 549 3173 567 3203; x_wconf 88' lang='lat'>‚</span> <span class='ocrx_word' id='word_1_144' title='bbox 604 3127 705 3187; x_wconf 81' lang='lat' dir='ltr'>vel</span> <span class='ocrx_word' id='word_1_145' title='bbox 731 3127 1012 3207; x_wconf 83' lang='lat' dir='ltr'>obligare</span> <span class='ocrx_word' id='word_1_146' title='bbox 1042 3133 1390 3208; x_wconf 80' lang='lat' dir='ltr'>emptorem</span> <span class='ocrx_word' id='word_1_147' title='bbox 1422 3131 1501 3190; x_wconf 84' lang='lat' dir='ltr'>ad</span> <span class='ocrx_word' id='word_1_148' title='bbox 1532 3133 1784 3194; x_wconf 88' lang='lat' dir='ltr'>solutio-</span> 
     </span>
    </p>

    <p class='ocr_par' dir='ltr' id='par_1_12' title="bbox 266 3221 1782 3305">
     <span class='ocr_line' id='line_1_24' title="bbox 266 3221 1782 3305; baseline 0.005 -27"><span class='ocrx_word' id='word_1_149' title='bbox 266 3238 388 3279; x_wconf 88' lang='lat' dir='ltr'>nem</span> <span class='ocrx_word' id='word_1_150' title='bbox 416 3221 627 3298; x_wconf 86' lang='lat' dir='ltr'>pretii,</span> <span class='ocrx_word' id='word_1_151' title='bbox 661 3225 849 3299; x_wconf 89' lang='lat' dir='ltr'>prout</span> <span class='ocrx_word' id='word_1_152' title='bbox 876 3221 1167 3282; x_wconf 85' lang='lat' dir='ltr'>venditor</span> <span class='ocrx_word' id='word_1_153' title='bbox 1195 3223 1509 3300; x_wconf 90' lang='lat' dir='ltr'>maluerit,</span> <span class='ocrx_word' id='word_1_154' title='bbox 1547 3225 1624 3284; x_wconf 92' lang='lat' dir='ltr'>de</span> <span class='ocrx_word' id='word_1_155' title='bbox 1657 3245 1782 3305; x_wconf 91' lang='lat' dir='ltr'>quo</span> 
     </span>
    </p>

    <p class='ocr_par' dir='ltr' id='par_1_13' title="bbox 270 3312 1785 3394">
     <span class='ocr_line' id='line_1_25' title="bbox 270 3312 1785 3394; baseline 0.005 -24"><span class='ocrx_word' id='word_1_156' title='bbox 270 3313 324 3370; x_wconf 89' lang='lat' dir='ltr'>in</span> <span class='ocrx_word' id='word_1_157' title='bbox 365 3317 490 3373; x_wconf 87' lang='lat' dir='ltr'>toto</span> <span class='ocrx_word' id='word_1_158' title='bbox 550 3313 738 3374; x_wconf 86' lang='lat' dir='ltr'>titulo</span> <span class='ocrx_word' id='word_1_159' title='bbox 794 3315 859 3373; x_wconf 82' lang='lat' dir='ltr'>ff.</span> <span class='ocrx_word' id='word_1_160' title='bbox 912 3312 982 3373; x_wconf 84' lang='lat' dir='ltr'>de</span> <span class='ocrx_word' id='word_1_161' title='bbox 1035 3313 1157 3394; x_wconf 75' lang='lat' dir='ltr'>leqe</span> <span class='ocrx_word' id='word_1_162' title='bbox 1210 3317 1621 3378; x_wconf 68' lang='lat' dir='ltr'>commessoria.</span> <span class='ocrx_word' id='word_1_163' title='bbox 1681 3319 1785 3377; x_wconf 93' lang='lat' dir='ltr'>Di-</span> 
     </span>
    </p>

    <p class='ocr_par' dir='ltr' id='par_1_14' title="bbox 264 3404 1785 3488">
     <span class='ocr_line' id='line_1_26' title="bbox 264 3404 1785 3488; baseline 0.005 -24"><span class='ocrx_word' id='word_1_164' title='bbox 264 3404 404 3466; x_wconf 81' lang='lat' dir='ltr'>citur</span> <span class='ocrx_word' id='word_1_165' title='bbox 440 3410 659 3467; x_wconf 88' lang='lat' dir='ltr'>autem</span> <span class='ocrx_word' id='word_1_166' title='bbox 687 3405 784 3466; x_wconf 69' lang='lat' dir='ltr'>lez·</span> <span class='ocrx_word' id='word_1_167' title='bbox 809 3405 1200 3467; x_wconf 66' lang='lat' dir='ltr'>commissoria</span> <span class='ocrx_word' id='word_1_168' title='bbox 1222 3453 1238 3484; x_wconf 93' lang='lat'>,</span> <span class='ocrx_word' id='word_1_169' title='bbox 1283 3409 1430 3488; x_wconf 89' lang='lat' dir='ltr'>quia</span> <span class='ocrx_word' id='word_1_170' title='bbox 1459 3415 1704 3488; x_wconf 83' lang='lat' dir='ltr'>emptor</span> <span class='ocrx_word' id='word_1_171' title='bbox 1731 3411 1785 3471; x_wconf 90' lang='lat' dir='ltr'>si</span> 
     </span>
    </p>

    <p class='ocr_par' dir='ltr' id='par_1_15' title="bbox 264 3498 1785 3580">
     <span class='ocr_line' id='line_1_27' title="bbox 264 3498 1785 3580; baseline 0.007 -25"><span class='ocrx_word' id='word_1_172' title='bbox 264 3498 405 3558; x_wconf 83' lang='lat' dir='ltr'>intra</span> <span class='ocrx_word' id='word_1_173' title='bbox 432 3499 773 3559; x_wconf 86' lang='lat' dir='ltr'>terminum</span> <span class='ocrx_word' id='word_1_174' title='bbox 806 3517 929 3559; x_wconf 92' lang='lat' dir='ltr'>non</span> <span class='ocrx_word' id='word_1_175' title='bbox 959 3500 1146 3560; x_wconf 89' lang='lat' dir='ltr'>solvit</span> <span class='ocrx_word' id='word_1_176' title='bbox 1188 3503 1457 3579; x_wconf 88' lang='lat' dir='ltr'>pretium</span> <span class='ocrx_word' id='word_1_177' title='bbox 1489 3549 1505 3580; x_wconf 91' lang='lat'>,</span> <span class='ocrx_word' id='word_1_178' title='bbox 1565 3504 1785 3565; x_wconf 84' lang='lat' dir='ltr'>incidit</span> 
     </span>
    </p>

    <p class='ocr_par' dir='ltr' id='par_1_16' title="bbox 263 3589 1781 3671">
     <span class='ocr_line' id='line_1_28' title="bbox 263 3589 1781 3671; baseline 0.006 -23"><span class='ocrx_word' id='word_1_179' title='bbox 263 3589 315 3648; x_wconf 91' lang='lat' dir='ltr'>in</span> <span class='ocrx_word' id='word_1_180' title='bbox 338 3593 762 3652; x_wconf 87' lang='lat' dir='ltr'>commissum.</span> <span class='ocrx_word' id='word_1_181' title='bbox 796 3593 927 3652; x_wconf 86' lang='lat' dir='ltr'>Hoc</span> <span class='ocrx_word' id='word_1_182' title='bbox 955 3597 1167 3653; x_wconf 85' lang='lat' dir='ltr'>autem</span> <span class='ocrx_word' id='word_1_183' title='bbox 1197 3599 1449 3671; x_wconf 87' lang='lat' dir='ltr'>pactum</span> <span class='ocrx_word' id='word_1_184' title='bbox 1479 3596 1539 3655; x_wconf 89' lang='lat' dir='ltr'>in</span> <span class='ocrx_word' id='word_1_185' title='bbox 1569 3598 1781 3657; x_wconf 88' lang='lat' dir='ltr'>vendi-</span> 
     </span>
    </p>

    <p class='ocr_par' dir='ltr' id='par_1_17' title="bbox 263 3681 1782 3837">
     <span class='ocr_line' id='line_1_29' title="bbox 264 3681 1782 3762; baseline 0.007 -22"><span class='ocrx_word' id='word_1_186' title='bbox 264 3681 408 3741; x_wconf 80' lang='lat' dir='ltr'>tione</span> <span class='ocrx_word' id='word_1_187' title='bbox 434 3684 679 3744; x_wconf 89' lang='lat' dir='ltr'>licitum</span> <span class='ocrx_word' id='word_1_188' title='bbox 710 3687 771 3743; x_wconf 90' lang='lat' dir='ltr'>et</span> <span class='ocrx_word' id='word_1_189' title='bbox 798 3683 1077 3744; x_wconf 87' lang='lat' dir='ltr'>validum</span> <span class='ocrx_word' id='word_1_190' title='bbox 1107 3691 1201 3746; x_wconf 89' lang='lat' dir='ltr'>est</span> <span class='ocrx_word' id='word_1_191' title='bbox 1227 3733 1242 3762; x_wconf 94' lang='lat'>,</span> <span class='ocrx_word' id='word_1_192' title='bbox 1295 3691 1362 3748; x_wconf 92' lang='lat' dir='ltr'>ut</span> <span class='ocrx_word' id='word_1_193' title='bbox 1391 3706 1608 3749; x_wconf 91' lang='lat' dir='ltr'>omnes</span> <span class='ocrx_word' id='word_1_194' title='bbox 1637 3707 1782 3750; x_wconf 88' lang='lat' dir='ltr'>con-</span> 
     </span>
     <span class='ocr_line' id='line_1_30' title="bbox 263 3775 491 3837; baseline 0.018 -4"><span class='ocrx_word' id='word_1_195' title='bbox 263 3775 491 3837; x_wconf 83' lang='lat' dir='ltr'>cedunt.</span> 
     </span>
    </p>

    <p class='ocr_par' dir='ltr' id='par_1_18' title="bbox 252 3869 1780 5435">
     <span class='ocr_line' id='line_1_31' title="bbox 325 3869 1774 3951; baseline 0.006 -24"><span class='ocrx_word' id='word_1_196' title='bbox 325 3869 530 3928; x_wconf 88' lang='lat' dir='ltr'>Simile</span> <span class='ocrx_word' id='word_1_197' title='bbox 559 3871 819 3947; x_wconf 87' lang='lat' dir='ltr'>pactum</span> <span class='ocrx_word' id='word_1_198' title='bbox 850 3869 910 3927; x_wconf 92' lang='lat' dir='ltr'>in</span> <span class='ocrx_word' id='word_1_199' title='bbox 939 3869 1308 3949; x_wconf 85' lang='lat' dir='ltr'>pignoribus</span> <span class='ocrx_word' id='word_1_200' title='bbox 1348 3873 1483 3933; x_wconf 85' lang='lat' dir='ltr'>fieri</span> <span class='ocrx_word' id='word_1_201' title='bbox 1513 3874 1774 3951; x_wconf 85' lang='lat' dir='ltr'>solebat,</span> 
     </span>
     <span class='ocr_line' id='line_1_32' title="bbox 262 3959 1780 4041; baseline 0.007 -23"><span class='ocrx_word' id='word_1_202' title='bbox 262 3959 385 4021; x_wconf 82' lang='lat' dir='ltr'>dato</span> <span class='ocrx_word' id='word_1_203' title='bbox 414 3963 683 4041; x_wconf 84' lang='lat' dir='ltr'>pignore</span> <span class='ocrx_word' id='word_1_204' title='bbox 711 3979 785 4020; x_wconf 89' lang='lat' dir='ltr'>ea</span> <span class='ocrx_word' id='word_1_205' title='bbox 811 3961 973 4040; x_wconf 87' lang='lat' dir='ltr'>lege,</span> <span class='ocrx_word' id='word_1_206' title='bbox 1010 3968 1077 4024; x_wconf 91' lang='lat' dir='ltr'>ut</span> <span class='ocrx_word' id='word_1_207' title='bbox 1102 3964 1151 4024; x_wconf 88' lang='lat' dir='ltr'>si</span> <span class='ocrx_word' id='word_1_208' title='bbox 1183 3965 1429 4026; x_wconf 85' lang='lat' dir='ltr'>debitor</span> <span class='ocrx_word' id='word_1_209' title='bbox 1458 3968 1620 4028; x_wconf 86' lang='lat' dir='ltr'>intra</span> <span class='ocrx_word' id='word_1_210' title='bbox 1648 3986 1780 4029; x_wconf 91' lang='lat' dir='ltr'>cer-</span> 
     </span>
     <span class='ocr_line' id='line_1_33' title="bbox 261 4054 1775 4140; baseline 0.005 -26"><span class='ocrx_word' id='word_1_211' title='bbox 261 4058 373 4114; x_wconf 86' lang='lat' dir='ltr'>tum</span> <span class='ocrx_word' id='word_1_212' title='bbox 400 4054 743 4115; x_wconf 89' lang='lat' dir='ltr'>terminum</span> <span class='ocrx_word' id='word_1_213' title='bbox 772 4072 897 4114; x_wconf 92' lang='lat' dir='ltr'>non</span> <span class='ocrx_word' id='word_1_214' title='bbox 920 4056 1211 4133; x_wconf 83' lang='lat' dir='ltr'>solveret,</span> <span class='ocrx_word' id='word_1_215' title='bbox 1246 4058 1471 4137; x_wconf 85' lang='lat' dir='ltr'>pignus</span> <span class='ocrx_word' id='word_1_216' title='bbox 1496 4079 1608 4139; x_wconf 89' lang='lat' dir='ltr'>pro</span> <span class='ocrx_word' id='word_1_217' title='bbox 1642 4062 1775 4140; x_wconf 90' lang='lat' dir='ltr'>ipso</span> 
     </span>
     <span class='ocr_line' id='line_1_34' title="bbox 262 4145 1772 4232; baseline 0.008 -28"><span class='ocrx_word' id='word_1_218' title='bbox 262 4145 448 4208; x_wconf 84' lang='lat' dir='ltr'>debito</span> <span class='ocrx_word' id='word_1_219' title='bbox 479 4147 583 4207; x_wconf 81' lang='lat' dir='ltr'>vel</span> <span class='ocrx_word' id='word_1_220' title='bbox 631 4165 742 4224; x_wconf 90' lang='lat' dir='ltr'>pro</span> <span class='ocrx_word' id='word_1_221' title='bbox 791 4155 961 4208; x_wconf 86' lang='lat' dir='ltr'>certo</span> <span class='ocrx_word' id='word_1_222' title='bbox 992 4151 1192 4226; x_wconf 89' lang='lat' dir='ltr'>pretio</span> <span class='ocrx_word' id='word_1_223' title='bbox 1220 4153 1400 4212; x_wconf 88' lang='lat' dir='ltr'>fieret</span> <span class='ocrx_word' id='word_1_224' title='bbox 1426 4154 1772 4232; x_wconf 90' lang='lat' dir='ltr'>creditoris,</span> 
     </span>
     <span class='ocr_line' id='line_1_35' title="bbox 260 4239 1778 4307; baseline 0.006 -9"><span class='ocrx_word' id='word_1_225' title='bbox 260 4239 521 4302; x_wconf 84' lang='lat' dir='ltr'>debitore</span> <span class='ocrx_word' id='word_1_226' title='bbox 576 4239 875 4300; x_wconf 89' lang='lat' dir='ltr'>nimirum</span> <span class='ocrx_word' id='word_1_227' title='bbox 931 4241 1244 4305; x_wconf 83' lang='lat' dir='ltr'>incidente</span> <span class='ocrx_word' id='word_1_228' title='bbox 1285 4245 1346 4304; x_wconf 91' lang='lat' dir='ltr'>in</span> <span class='ocrx_word' id='word_1_229' title='bbox 1375 4248 1778 4307; x_wconf 89' lang='lat' dir='ltr'>commissum</span> 
     </span>
     <span class='ocr_line' id='line_1_36' title="bbox 258 4332 1776 4415; baseline 0.005 -23"><span class='ocrx_word' id='word_1_230' title='bbox 258 4332 567 4394; x_wconf 86' lang='lat' dir='ltr'>amittendi</span> <span class='ocrx_word' id='word_1_231' title='bbox 598 4333 846 4412; x_wconf 81' lang='lat' dir='ltr'>pignuS.</span> <span class='ocrx_word' id='word_1_232' title='bbox 883 4334 1061 4406; x_wconf 91' lang='lat' dir='ltr'>Quod</span> <span class='ocrx_word' id='word_1_233' title='bbox 1093 4342 1344 4413; x_wconf 89' lang='lat' dir='ltr'>pactum</span> <span class='ocrx_word' id='word_1_234' title='bbox 1371 4339 1776 4415; x_wconf 87' lang='lat' dir='ltr'>reprobatum</span> 
     </span>
     <span class='ocr_line' id='line_1_37' title="bbox 257 4424 1769 4507; baseline 0.005 -21"><span class='ocrx_word' id='word_1_235' title='bbox 257 4433 354 4502; x_wconf 88' lang='lat' dir='ltr'>est,</span> <span class='ocrx_word' id='word_1_236' title='bbox 384 4436 447 4487; x_wconf 82' lang='lat' dir='ltr'>et</span> <span class='ocrx_word' id='word_1_237' title='bbox 474 4424 795 4486; x_wconf 86' lang='lat' dir='ltr'>redditum</span> <span class='ocrx_word' id='word_1_238' title='bbox 826 4425 1071 4488; x_wconf 89' lang='lat' dir='ltr'>irritum</span> <span class='ocrx_word' id='word_1_239' title='bbox 1091 4428 1156 4487; x_wconf 91' lang='lat' dir='ltr'>in</span> <span class='ocrx_word' id='word_1_240' title='bbox 1174 4429 1562 4507; x_wconf 76' lang='lat' dir='ltr'>pignoribu3‚</span> <span class='ocrx_word' id='word_1_241' title='bbox 1594 4433 1637 4493; x_wconf 93' lang='grc'>1.</span> <span class='ocrx_word' id='word_1_242' title='bbox 1660 4434 1769 4495; x_wconf 90' lang='lat' dir='ltr'>ult.</span> 
     </span>
     <span class='ocr_line' id='line_1_38' title="bbox 257 4517 1779 4603; baseline 0.005 -25"><span class='ocrx_word' id='word_1_243' title='bbox 257 4521 313 4578; x_wconf 91' lang='lat' dir='ltr'>C.</span> <span class='ocrx_word' id='word_1_244' title='bbox 341 4517 625 4599; x_wconf 80' lang='lat' dir='ltr'>depactis</span> <span class='ocrx_word' id='word_1_245' title='bbox 643 4519 979 4597; x_wconf 60' lang='lat' dir='ltr'>myreorum,</span> <span class='ocrx_word' id='word_1_246' title='bbox 1014 4525 1077 4580; x_wconf 89' lang='lat' dir='ltr'>et</span> <span class='ocrx_word' id='word_1_247' title='bbox 1105 4538 1242 4599; x_wconf 89' lang='lat' dir='ltr'>cap.</span> <span class='ocrx_word' id='word_1_248' title='bbox 1277 4522 1684 4603; x_wconf 59' lang='lat' dir='ltr'>Significatum,</span> <span class='ocrx_word' id='word_1_249' title='bbox 1709 4524 1779 4585; x_wconf 85' lang='lat' dir='ltr'>de</span> 
     </span>
     <span class='ocr_line' id='line_1_39' title="bbox 252 4611 1776 4691; baseline 0.004 -21"><span class='ocrx_word' id='word_1_250' title='bbox 252 4611 603 4691; x_wconf 60' lang='lat' dir='ltr'>pignoribus,</span> <span class='ocrx_word' id='word_1_251' title='bbox 626 4611 688 4670; x_wconf 90' lang='lat' dir='ltr'>in</span> <span class='ocrx_word' id='word_1_252' title='bbox 707 4611 934 4689; x_wconf 87' lang='lat' dir='ltr'>quibus</span> <span class='ocrx_word' id='word_1_253' title='bbox 944 4611 1191 4690; x_wconf 88' lang='lat' dir='ltr'>juribus</span> <span class='ocrx_word' id='word_1_254' title='bbox 1207 4612 1291 4673; x_wconf 88' lang='lat' dir='ltr'>ad</span> <span class='ocrx_word' id='word_1_255' title='bbox 1311 4614 1596 4675; x_wconf 87' lang='lat' dir='ltr'>vitandas</span> <span class='ocrx_word' id='word_1_256' title='bbox 1614 4618 1776 4676; x_wconf 87' lang='lat' dir='ltr'>frau-</span> 
     </span>
     <span class='ocr_line' id='line_1_40' title="bbox 256 4703 1777 4783; baseline 0.005 -21"><span class='ocrx_word' id='word_1_257' title='bbox 256 4703 351 4764; x_wconf 87' lang='lat' dir='ltr'>des</span> <span class='ocrx_word' id='word_1_258' title='bbox 377 4709 436 4765; x_wconf 87' lang='lat' dir='ltr'>et</span> <span class='ocrx_word' id='word_1_259' title='bbox 465 4723 691 4764; x_wconf 86' lang='lat' dir='ltr'>usuras</span> <span class='ocrx_word' id='word_1_260' title='bbox 720 4704 1026 4781; x_wconf 73' lang='lat' dir='ltr'>palliatae,</span> <span class='ocrx_word' id='word_1_261' title='bbox 1060 4709 1123 4765; x_wconf 90' lang='lat' dir='ltr'>et</span> <span class='ocrx_word' id='word_1_262' title='bbox 1147 4707 1513 4783; x_wconf 79' lang='lat' dir='ltr'>gravamina</span> <span class='ocrx_word' id='word_1_263' title='bbox 1542 4708 1777 4770; x_wconf 87' lang='lat' dir='ltr'>debito-</span> 
     </span>
     <span class='ocr_line' id='line_1_41' title="bbox 255 4797 1779 4874; baseline 0.004 -18"><span class='ocrx_word' id='word_1_264' title='bbox 255 4816 397 4869; x_wconf 86' lang='lat' dir='ltr'>mm,</span> <span class='ocrx_word' id='word_1_265' title='bbox 432 4797 555 4856; x_wconf 90' lang='lat' dir='ltr'>hoc</span> <span class='ocrx_word' id='word_1_266' title='bbox 587 4802 841 4874; x_wconf 88' lang='lat' dir='ltr'>pactum</span> <span class='ocrx_word' id='word_1_267' title='bbox 870 4797 1123 4857; x_wconf 90' lang='lat' dir='ltr'>omuino</span> <span class='ocrx_word' id='word_1_268' title='bbox 1146 4798 1460 4860; x_wconf 88' lang='lat' dir='ltr'>sublatum</span> <span class='ocrx_word' id='word_1_269' title='bbox 1487 4805 1548 4861; x_wconf 92' lang='lat' dir='ltr'>et</span> <span class='ocrx_word' id='word_1_270' title='bbox 1571 4802 1779 4862; x_wconf 86' lang='lat' dir='ltr'>irrita-</span> 
     </span>
     <span class='ocr_line' id='line_1_42' title="bbox 255 4889 1777 4953; baseline 0.005 -7"><span class='ocrx_word' id='word_1_271' title='bbox 255 4893 371 4947; x_wconf 90' lang='lat' dir='ltr'>tum</span> <span class='ocrx_word' id='word_1_272' title='bbox 399 4889 540 4950; x_wconf 84' lang='lat' dir='ltr'>fuit.</span> <span class='ocrx_word' id='word_1_273' title='bbox 577 4889 928 4950; x_wconf 80' lang='lat' dir='ltr'>Advertunt</span> <span class='ocrx_word' id='word_1_274' title='bbox 963 4896 1174 4950; x_wconf 88' lang='lat' dir='ltr'>autem</span> <span class='ocrx_word' id='word_1_275' title='bbox 1205 4893 1544 4953; x_wconf 87' lang='lat' dir='ltr'>Panormit.</span> <span class='ocrx_word' id='word_1_276' title='bbox 1595 4893 1658 4953; x_wconf 91' lang='lat' dir='ltr'>in</span> <span class='ocrx_word' id='word_1_277' title='bbox 1688 4893 1777 4953; x_wconf 88' lang='lat' dir='ltr'>di-</span> 
     </span>
     <span class='ocr_line' id='line_1_43' title="bbox 254 4980 1771 5064; baseline 0.005 -25"><span class='ocrx_word' id='word_1_278' title='bbox 254 4986 340 5041; x_wconf 83' lang='lat' dir='ltr'>cto</span> <span class='ocrx_word' id='word_1_279' title='bbox 368 5000 507 5060; x_wconf 86' lang='lat' dir='ltr'>cap.</span> <span class='ocrx_word' id='word_1_280' title='bbox 544 4980 956 5061; x_wconf 69' lang='lat' dir='ltr'>Siqm&#39;ficante,</span> <span class='ocrx_word' id='word_1_281' title='bbox 991 5002 1140 5042; x_wconf 90' lang='lat' dir='ltr'>num</span> <span class='ocrx_word' id='word_1_282' title='bbox 1188 4986 1246 5043; x_wconf 88' lang='grc'>6.</span> <span class='ocrx_word' id='word_1_283' title='bbox 1279 4985 1512 5044; x_wconf 88' lang='lat' dir='ltr'>Molina</span> <span class='ocrx_word' id='word_1_284' title='bbox 1542 4985 1771 5064; x_wconf 85' lang='lat' dir='ltr'>disput.</span> 
     </span>
     <span class='ocr_line' id='line_1_44' title="bbox 253 5074 1773 5156; baseline 0.004 -23"><span class='ocrx_word' id='word_1_285' title='bbox 253 5076 375 5134; x_wconf 69' lang='lat'>324.</span> <span class='ocrx_word' id='word_1_286' title='bbox 408 5081 470 5135; x_wconf 86' lang='lat' dir='ltr'>et</span> <span class='ocrx_word' id='word_1_287' title='bbox 498 5074 629 5150; x_wconf 87' lang='lat' dir='ltr'>alii,</span> <span class='ocrx_word' id='word_1_288' title='bbox 678 5076 951 5135; x_wconf 83' lang='lat' dir='ltr'>validum</span> <span class='ocrx_word' id='word_1_289' title='bbox 983 5080 1043 5135; x_wconf 90' lang='lat' dir='ltr'>et</span> <span class='ocrx_word' id='word_1_290' title='bbox 1071 5076 1307 5136; x_wconf 89' lang='lat' dir='ltr'>licitum</span> <span class='ocrx_word' id='word_1_291' title='bbox 1338 5096 1470 5137; x_wconf 88' lang='lat' dir='ltr'>esse</span> <span class='ocrx_word' id='word_1_292' title='bbox 1499 5085 1773 5156; x_wconf 81' lang='lat' dir='ltr'>pactum,</span> 
     </span>
     <span class='ocr_line' id='line_1_45' title="bbox 254 5167 1771 5248; baseline 0.004 -22"><span class='ocrx_word' id='word_1_293' title='bbox 254 5168 408 5246; x_wconf 90' lang='lat' dir='ltr'>quod</span> <span class='ocrx_word' id='word_1_294' title='bbox 437 5167 725 5228; x_wconf 87' lang='lat' dir='ltr'>debitore</span> <span class='ocrx_word' id='word_1_295' title='bbox 754 5168 918 5228; x_wconf 88' lang='lat' dir='ltr'>intra</span> <span class='ocrx_word' id='word_1_296' title='bbox 946 5169 1287 5229; x_wconf 88' lang='lat' dir='ltr'>terminum</span> <span class='ocrx_word' id='word_1_297' title='bbox 1318 5189 1441 5230; x_wconf 90' lang='lat' dir='ltr'>non</span> <span class='ocrx_word' id='word_1_298' title='bbox 1471 5171 1771 5248; x_wconf 85' lang='lat' dir='ltr'>solvente,</span> 
     </span>
     <span class='ocr_line' id='line_1_46' title="bbox 252 5260 1778 5341; baseline 0.005 -23"><span class='ocrx_word' id='word_1_299' title='bbox 252 5260 464 5338; x_wconf 85' lang='lat' dir='ltr'>pignus</span> <span class='ocrx_word' id='word_1_300' title='bbox 484 5265 739 5320; x_wconf 86' lang='lat' dir='ltr'>maneat</span> <span class='ocrx_word' id='word_1_301' title='bbox 760 5261 1102 5338; x_wconf 86' lang='lat' dir='ltr'>venditum,</span> <span class='ocrx_word' id='word_1_302' title='bbox 1130 5281 1251 5322; x_wconf 92' lang='lat' dir='ltr'>non</span> <span class='ocrx_word' id='word_1_303' title='bbox 1273 5282 1385 5341; x_wconf 89' lang='lat' dir='ltr'>pro</span> <span class='ocrx_word' id='word_1_304' title='bbox 1407 5263 1640 5340; x_wconf 76' lang='lat' dir='ltr'>debito,</span> <span class='ocrx_word' id='word_1_305' title='bbox 1662 5283 1778 5325; x_wconf 87' lang='lat' dir='ltr'>nec</span> 
     </span>
     <span class='ocr_line' id='line_1_47' title="bbox 254 5353 1776 5435; baseline 0.003 -23"><span class='ocrx_word' id='word_1_306' title='bbox 254 5354 435 5431; x_wconf 87' lang='lat' dir='ltr'>pretio</span> <span class='ocrx_word' id='word_1_307' title='bbox 447 5353 660 5431; x_wconf 88' lang='lat' dir='ltr'>aliquo</span> <span class='ocrx_word' id='word_1_308' title='bbox 674 5354 1223 5429; x_wconf 85' lang='lat' dir='ltr'>determinato,sed</span> <span class='ocrx_word' id='word_1_309' title='bbox 1239 5356 1435 5433; x_wconf 89' lang='lat' dir='ltr'>pretio</span> <span class='ocrx_word' id='word_1_310' title='bbox 1442 5355 1613 5435; x_wconf 87' lang='lat' dir='ltr'>justo</span> <span class='ocrx_word' id='word_1_311' title='bbox 1630 5357 1776 5418; x_wconf 90' lang='lat' dir='ltr'>boni</span> 
     </span>
    </p>
   </div>
   <div class='ocr_carea' id='block_1_5' title="bbox 252 5446 1769 5616">
    <p class='ocr_par' dir='ltr' id='par_1_19' title="bbox 252 5446 1769 5616">
     <span class='ocr_line' id='line_1_48' title="bbox 255 5446 1769 5528; baseline 0.007 -25"><span class='ocrx_word' id='word_1_312' title='bbox 255 5447 355 5505; x_wconf 81' lang='lat' dir='ltr'>viri</span> <span class='ocrx_word' id='word_1_313' title='bbox 385 5446 643 5505; x_wconf 85' lang='lat' dir='ltr'>arbitrio</span> <span class='ocrx_word' id='word_1_314' title='bbox 668 5465 682 5505; x_wconf 74' lang='grc' dir='ltr'>ε</span> <span class='ocrx_word' id='word_1_315' title='bbox 710 5446 875 5524; x_wconf 91' lang='lat' dir='ltr'>quod</span> <span class='ocrx_word' id='word_1_316' title='bbox 899 5465 1041 5507; x_wconf 87' lang='lat' dir='ltr'>cum</span> <span class='ocrx_word' id='word_1_317' title='bbox 1061 5447 1194 5508; x_wconf 83' lang='lat' dir='ltr'>aliis</span> <span class='ocrx_word' id='word_1_318' title='bbox 1223 5448 1530 5528; x_wconf 83' lang='lat' dir='ltr'>approbat</span> <span class='ocrx_word' id='word_1_319' title='bbox 1550 5451 1769 5513; x_wconf 88' lang='lat' dir='ltr'>Covar.</span> 
     </span>
     <span class='ocr_line' id='line_1_49' title="bbox 252 5537 869 5616; baseline 0.002 -19"><span class='ocrx_word' id='word_1_320' title='bbox 252 5539 406 5616; x_wconf 86' lang='lat' dir='ltr'>apud</span> <span class='ocrx_word' id='word_1_321' title='bbox 432 5537 730 5599; x_wconf 82' lang='lat' dir='ltr'>Molinam</span> <span class='ocrx_word' id='word_1_322' title='bbox 761 5537 869 5598; x_wconf 88' lang='lat' dir='ltr'>ibi.</span> 
     </span>
    </p>
   </div>
   <div class='ocr_carea' id='block_1_6' title="bbox 1871 530 3425 5618">
    <p class='ocr_par' dir='ltr' id='par_1_20' title="bbox 1881 530 3425 1614">
     <span class='ocr_line' id='line_1_50' title="bbox 1965 530 3422 611; baseline -0.007 -17"><span class='ocrx_word' id='word_1_323' title='bbox 1965 535 2143 595; x_wconf 88' lang='lat' dir='ltr'>Circa</span> <span class='ocrx_word' id='word_1_324' title='bbox 2179 534 2298 594; x_wconf 87' lang='lat' dir='ltr'>hoc</span> <span class='ocrx_word' id='word_1_325' title='bbox 2327 533 2598 593; x_wconf 85' lang='lat' dir='ltr'>dubitari</span> <span class='ocrx_word' id='word_1_326' title='bbox 2620 536 2824 611; x_wconf 87' lang='lat' dir='ltr'>potest</span> <span class='ocrx_word' id='word_1_327' title='bbox 2852 531 3077 609; x_wconf 89' lang='lat' dir='ltr'>primo,</span> <span class='ocrx_word' id='word_1_328' title='bbox 3110 546 3189 587; x_wconf 90' lang='lat' dir='ltr'>an</span> <span class='ocrx_word' id='word_1_329' title='bbox 3219 530 3422 587; x_wconf 86' lang='lat' dir='ltr'>atten—</span> 
     </span>
     <span class='ocr_line' id='line_1_51' title="bbox 1884 617 3421 704; baseline -0.007 -15"><span class='ocrx_word' id='word_1_330' title='bbox 1884 632 1949 689; x_wconf 91' lang='lat' dir='ltr'>to</span> <span class='ocrx_word' id='word_1_331' title='bbox 1976 627 2111 704; x_wconf 78' lang='lat' dir='ltr'>iure</span> <span class='ocrx_word' id='word_1_332' title='bbox 2144 632 2413 702; x_wconf 80' lang='lat' dir='ltr'>naturae,</span> <span class='ocrx_word' id='word_1_333' title='bbox 2461 629 2524 687; x_wconf 91' lang='lat' dir='ltr'>et</span> <span class='ocrx_word' id='word_1_334' title='bbox 2550 625 2794 685; x_wconf 87' lang='lat' dir='ltr'>seclusa</span> <span class='ocrx_word' id='word_1_335' title='bbox 2821 620 3241 702; x_wconf 84' lang='lat' dir='ltr'>prohibitione</span> <span class='ocrx_word' id='word_1_336' title='bbox 3263 617 3421 698; x_wconf 90' lang='lat' dir='ltr'>juris</span> 
     </span>
     <span class='ocr_line' id='line_1_52' title="bbox 1888 712 3423 800; baseline -0.006 -19"><span class='ocrx_word' id='word_1_337' title='bbox 1888 720 2177 800; x_wconf 89' lang='lat' dir='ltr'>positivi,</span> <span class='ocrx_word' id='word_1_338' title='bbox 2225 724 2475 798; x_wconf 89' lang='lat' dir='ltr'>pactum</span> <span class='ocrx_word' id='word_1_339' title='bbox 2508 718 2700 797; x_wconf 89' lang='lat' dir='ltr'>priori</span> <span class='ocrx_word' id='word_1_340' title='bbox 2731 717 2919 776; x_wconf 91' lang='lat' dir='ltr'>modo</span> <span class='ocrx_word' id='word_1_341' title='bbox 2952 719 3116 775; x_wconf 88' lang='lat' dir='ltr'>esset</span> <span class='ocrx_word' id='word_1_342' title='bbox 3141 712 3423 774; x_wconf 87' lang='lat' dir='ltr'>licitum?</span> 
     </span>
     <span class='ocr_line' id='line_1_53' title="bbox 1889 805 3416 888; baseline -0.005 -15"><span class='ocrx_word' id='word_1_343' title='bbox 1889 816 2143 874; x_wconf 88' lang='lat' dir='ltr'>Certum</span> <span class='ocrx_word' id='word_1_344' title='bbox 2174 817 2384 872; x_wconf 90' lang='lat' dir='ltr'>autem</span> <span class='ocrx_word' id='word_1_345' title='bbox 2438 816 2569 886; x_wconf 86' lang='lat' dir='ltr'>est,</span> <span class='ocrx_word' id='word_1_346' title='bbox 2629 810 2678 870; x_wconf 89' lang='lat' dir='ltr'>si</span> <span class='ocrx_word' id='word_1_347' title='bbox 2722 809 2946 888; x_wconf 85' lang='lat' dir='ltr'>pignus</span> <span class='ocrx_word' id='word_1_348' title='bbox 2992 808 3131 886; x_wconf 91' lang='lat' dir='ltr'>plus</span> <span class='ocrx_word' id='word_1_349' title='bbox 3159 805 3416 878; x_wconf 87' lang='lat' dir='ltr'>valeret,</span> 
     </span>
     <span class='ocr_line' id='line_1_54' title="bbox 1891 895 3419 983; baseline -0.007 -18"><span class='ocrx_word' id='word_1_350' title='bbox 1891 923 2079 983; x_wconf 89' lang='lat' dir='ltr'>quam</span> <span class='ocrx_word' id='word_1_351' title='bbox 2110 904 2393 964; x_wconf 88' lang='lat' dir='ltr'>debitum</span> <span class='ocrx_word' id='word_1_352' title='bbox 2417 949 2432 979; x_wconf 88' lang='lat'>,</span> <span class='ocrx_word' id='word_1_353' title='bbox 2478 907 2589 963; x_wconf 88' lang='lat' dir='ltr'>aut</span> <span class='ocrx_word' id='word_1_354' title='bbox 2631 902 2801 961; x_wconf 90' lang='lat' dir='ltr'>aliud</span> <span class='ocrx_word' id='word_1_355' title='bbox 2852 901 3093 961; x_wconf 82' lang='lat' dir='ltr'>lucrum</span> <span class='ocrx_word' id='word_1_356' title='bbox 3124 895 3419 958; x_wconf 85' lang='lat' dir='ltr'>creditori</span> 
     </span>
     <span class='ocr_line' id='line_1_55' title="bbox 1888 989 3416 1068; baseline -0.004 -12"><span class='ocrx_word' id='word_1_357' title='bbox 1888 997 2049 1058; x_wconf 89' lang='lat' dir='ltr'>ultra</span> <span class='ocrx_word' id='word_1_358' title='bbox 2105 1001 2339 1057; x_wconf 88' lang='lat' dir='ltr'>sortem</span> <span class='ocrx_word' id='word_1_359' title='bbox 2396 997 2821 1068; x_wconf 89' lang='lat' dir='ltr'>accresceret,</span> <span class='ocrx_word' id='word_1_360' title='bbox 2896 1012 3030 1052; x_wconf 67' lang='lat' dir='ltr'>esse</span> <span class='ocrx_word' id='word_1_361' title='bbox 3087 989 3368 1051; x_wconf 87' lang='lat' dir='ltr'>illicitum</span> <span class='ocrx_word' id='word_1_362' title='bbox 3402 1004 3416 1050; x_wconf 72' lang='grc' dir='ltr'>ε</span> 
     </span>
     <span class='ocr_line' id='line_1_56' title="bbox 1888 1085 3425 1168; baseline -0.004 -19"><span class='ocrx_word' id='word_1_363' title='bbox 1888 1089 2139 1168; x_wconf 89' lang='lat' dir='ltr'>quando</span> <span class='ocrx_word' id='word_1_364' title='bbox 2170 1094 2379 1149; x_wconf 86' lang='lat' dir='ltr'>autem</span> <span class='ocrx_word' id='word_1_365' title='bbox 2412 1088 2680 1167; x_wconf 85' lang='lat' dir='ltr'>pretium</span> <span class='ocrx_word' id='word_1_366' title='bbox 2701 1086 3083 1164; x_wconf 86' lang='lat' dir='ltr'>assignatum</span> <span class='ocrx_word' id='word_1_367' title='bbox 3108 1102 3226 1143; x_wconf 90' lang='lat' dir='ltr'>uon</span> <span class='ocrx_word' id='word_1_368' title='bbox 3260 1085 3425 1143; x_wconf 86' lang='lat' dir='ltr'>esset</span> 
     </span>
     <span class='ocr_line' id='line_1_57' title="bbox 1884 1176 3416 1260; baseline -0.006 -19"><span class='ocrx_word' id='word_1_369' title='bbox 1884 1182 2090 1241; x_wconf 85' lang='lat' dir='ltr'>minus</span> <span class='ocrx_word' id='word_1_370' title='bbox 2111 1228 2125 1255; x_wconf 92' lang='lat'>,</span> <span class='ocrx_word' id='word_1_371' title='bbox 2180 1200 2368 1260; x_wconf 92' lang='lat' dir='ltr'>quam</span> <span class='ocrx_word' id='word_1_372' title='bbox 2400 1180 2566 1258; x_wconf 90' lang='lat' dir='ltr'>quod</span> <span class='ocrx_word' id='word_1_373' title='bbox 2599 1179 2850 1238; x_wconf 89' lang='lat' dir='ltr'>vendito</span> <span class='ocrx_word' id='word_1_374' title='bbox 2884 1182 3100 1255; x_wconf 86' lang='lat' dir='ltr'>postea</span> <span class='ocrx_word' id='word_1_375' title='bbox 3132 1176 3416 1253; x_wconf 83' lang='lat' dir='ltr'>pignore,</span> 
     </span>
     <span class='ocr_line' id='line_1_58' title="bbox 1881 1266 3420 1353; baseline -0.006 -20"><span class='ocrx_word' id='word_1_376' title='bbox 1881 1280 2093 1352; x_wconf 88' lang='lat' dir='ltr'>posset</span> <span class='ocrx_word' id='word_1_377' title='bbox 2141 1292 2253 1353; x_wconf 90' lang='lat' dir='ltr'>pro</span> <span class='ocrx_word' id='word_1_378' title='bbox 2300 1274 2404 1333; x_wconf 90' lang='lat' dir='ltr'>illo</span> <span class='ocrx_word' id='word_1_379' title='bbox 2434 1291 2474 1333; x_wconf 87' lang='lat' dir='ltr'>a</span> <span class='ocrx_word' id='word_1_380' title='bbox 2502 1271 2783 1332; x_wconf 87' lang='lat' dir='ltr'>debitore</span> <span class='ocrx_word' id='word_1_381' title='bbox 2815 1269 3062 1345; x_wconf 89' lang='lat' dir='ltr'>haberi,</span> <span class='ocrx_word' id='word_1_382' title='bbox 3098 1287 3220 1329; x_wconf 91' lang='lat' dir='ltr'>non</span> <span class='ocrx_word' id='word_1_383' title='bbox 3251 1266 3420 1326; x_wconf 90' lang='lat' dir='ltr'>vide—</span> 
     </span>
     <span class='ocr_line' id='line_1_59' title="bbox 1882 1359 3420 1441; baseline -0.007 -14"><span class='ocrx_word' id='word_1_384' title='bbox 1882 1369 1985 1427; x_wconf 89' lang='lat' dir='ltr'>tur</span> <span class='ocrx_word' id='word_1_385' title='bbox 2013 1366 2293 1427; x_wconf 89' lang='lat' dir='ltr'>illicitum</span> <span class='ocrx_word' id='word_1_386' title='bbox 2321 1412 2337 1441; x_wconf 92' lang='lat'>,</span> <span class='ocrx_word' id='word_1_387' title='bbox 2389 1383 2532 1425; x_wconf 89' lang='lat' dir='ltr'>cum</span> <span class='ocrx_word' id='word_1_388' title='bbox 2580 1369 2726 1424; x_wconf 91' lang='lat' dir='ltr'>tunc</span> <span class='ocrx_word' id='word_1_389' title='bbox 2753 1363 3027 1423; x_wconf 88' lang='lat' dir='ltr'>creditor</span> <span class='ocrx_word' id='word_1_390' title='bbox 3063 1360 3300 1420; x_wconf 87' lang='lat' dir='ltr'>nullum</span> <span class='ocrx_word' id='word_1_391' title='bbox 3331 1359 3420 1418; x_wconf 95' lang='lat' dir='ltr'>lu-</span> 
     </span>
     <span class='ocr_line' id='line_1_60' title="bbox 1884 1452 3419 1538; baseline -0.006 -19"><span class='ocrx_word' id='word_1_392' title='bbox 1884 1476 2058 1519; x_wconf 87' lang='lat' dir='ltr'>crum</span> <span class='ocrx_word' id='word_1_393' title='bbox 2090 1478 2161 1518; x_wconf 81' lang='lat' dir='ltr'>ex</span> <span class='ocrx_word' id='word_1_394' title='bbox 2194 1465 2410 1519; x_wconf 87' lang='lat' dir='ltr'>mutuo</span> <span class='ocrx_word' id='word_1_395' title='bbox 2439 1460 2808 1538; x_wconf 85' lang='lat' dir='ltr'>reportaret,</span> <span class='ocrx_word' id='word_1_396' title='bbox 2844 1461 2912 1517; x_wconf 90' lang='lat' dir='ltr'>ut</span> <span class='ocrx_word' id='word_1_397' title='bbox 2935 1474 3008 1515; x_wconf 80' lang='lat' dir='ltr'>ex</span> <span class='ocrx_word' id='word_1_398' title='bbox 3037 1473 3183 1513; x_wconf 88' lang='lat' dir='ltr'>mox</span> <span class='ocrx_word' id='word_1_399' title='bbox 3214 1452 3419 1512; x_wconf 91' lang='lat' dir='ltr'>dicen-</span> 
     </span>
     <span class='ocr_line' id='line_1_61' title="bbox 1885 1550 2338 1614; baseline 0.004 -3"><span class='ocrx_word' id='word_1_400' title='bbox 1885 1550 1981 1612; x_wconf 86' lang='lat' dir='ltr'>dis</span> <span class='ocrx_word' id='word_1_401' title='bbox 2008 1551 2338 1614; x_wconf 86' lang='lat' dir='ltr'>constabit.</span> 
     </span>
    </p>

    <p class='ocr_par' dir='ltr' id='par_1_21' title="bbox 1871 1636 3422 5618">
     <span class='ocr_line' id='line_1_62' title="bbox 1958 1636 3415 1723; baseline -0.006 -19"><span class='ocrx_word' id='word_1_402' title='bbox 1958 1645 2241 1705; x_wconf 86' lang='lat' dir='ltr'>Dubitari</span> <span class='ocrx_word' id='word_1_403' title='bbox 2271 1650 2480 1705; x_wconf 89' lang='lat' dir='ltr'>tamen</span> <span class='ocrx_word' id='word_1_404' title='bbox 2510 1647 2715 1723; x_wconf 88' lang='lat' dir='ltr'>potest</span> <span class='ocrx_word' id='word_1_405' title='bbox 2742 1641 3017 1703; x_wconf 89' lang='lat' dir='ltr'>secundo</span> <span class='ocrx_word' id='word_1_406' title='bbox 3041 1686 3057 1716; x_wconf 92' lang='lat'>,</span> <span class='ocrx_word' id='word_1_407' title='bbox 3101 1636 3415 1719; x_wconf 90' lang='lat' dir='ltr'>quomodo</span> 
     </span>
     <span class='ocr_line' id='line_1_63' title="bbox 1885 1732 3416 1816; baseline -0.005 -21"><span class='ocrx_word' id='word_1_408' title='bbox 1885 1741 2136 1814; x_wconf 85' lang='lat' dir='ltr'>pactum</span> <span class='ocrx_word' id='word_1_409' title='bbox 2179 1737 2368 1798; x_wconf 88' lang='lat' dir='ltr'>etiam</span> <span class='ocrx_word' id='word_1_410' title='bbox 2415 1736 2745 1816; x_wconf 88' lang='lat' dir='ltr'>posteriori</span> <span class='ocrx_word' id='word_1_411' title='bbox 2789 1733 2976 1794; x_wconf 93' lang='lat' dir='ltr'>modo</span> <span class='ocrx_word' id='word_1_412' title='bbox 3022 1732 3255 1793; x_wconf 87' lang='lat' dir='ltr'>factum</span> <span class='ocrx_word' id='word_1_413' title='bbox 3303 1746 3416 1807; x_wconf 91' lang='lat' dir='ltr'>pro</span> 
     </span>
     <span class='ocr_line' id='line_1_64' title="bbox 1883 1821 3418 1908; baseline -0.005 -20"><span class='ocrx_word' id='word_1_414' title='bbox 1883 1830 2083 1908; x_wconf 90' lang='lat' dir='ltr'>pretio</span> <span class='ocrx_word' id='word_1_415' title='bbox 2097 1829 2578 1890; x_wconf 86' lang='lat' dir='ltr'>indeterminato</span> <span class='ocrx_word' id='word_1_416' title='bbox 2601 1827 2857 1888; x_wconf 87' lang='lat' dir='ltr'>arbitrio</span> <span class='ocrx_word' id='word_1_417' title='bbox 2876 1824 3152 1886; x_wconf 90' lang='lat' dir='ltr'>boniviri</span> <span class='ocrx_word' id='word_1_418' title='bbox 3179 1821 3418 1882; x_wconf 91' lang='lat' dir='ltr'>licitum</span> 
     </span>
     <span class='ocr_line' id='line_1_65' title="bbox 1884 1912 3417 2000; baseline -0.007 -19"><span class='ocrx_word' id='word_1_419' title='bbox 1884 1924 1995 1994; x_wconf 90' lang='lat' dir='ltr'>sit;</span> <span class='ocrx_word' id='word_1_420' title='bbox 2047 1922 2326 2000; x_wconf 83' lang='lat' dir='ltr'>obligare</span> <span class='ocrx_word' id='word_1_421' title='bbox 2372 1921 2538 1981; x_wconf 87' lang='lat' dir='ltr'>enim</span> <span class='ocrx_word' id='word_1_422' title='bbox 2569 1919 2916 1980; x_wconf 90' lang='lat' dir='ltr'>debitorem</span> <span class='ocrx_word' id='word_1_423' title='bbox 2947 1934 3059 1995; x_wconf 89' lang='lat' dir='ltr'>pro</span> <span class='ocrx_word' id='word_1_424' title='bbox 3088 1919 3305 1975; x_wconf 90' lang='lat' dir='ltr'>mutuo</span> <span class='ocrx_word' id='word_1_425' title='bbox 3338 1912 3417 1972; x_wconf 87' lang='lat' dir='ltr'>ad</span> 
     </span>
     <span class='ocr_line' id='line_1_66' title="bbox 1884 2008 3418 2091; baseline -0.007 -17"><span class='ocrx_word' id='word_1_426' title='bbox 1884 2014 2283 2074; x_wconf 87' lang='lat' dir='ltr'>vendendum</span> <span class='ocrx_word' id='word_1_427' title='bbox 2315 2060 2331 2089; x_wconf 92' lang='lat'>,</span> <span class='ocrx_word' id='word_1_428' title='bbox 2391 2013 2489 2073; x_wconf 88' lang='lat' dir='ltr'>vel</span> <span class='ocrx_word' id='word_1_429' title='bbox 2521 2012 2597 2072; x_wconf 90' lang='lat' dir='ltr'>ad</span> <span class='ocrx_word' id='word_1_430' title='bbox 2647 2012 2921 2091; x_wconf 89' lang='lat' dir='ltr'>aliquem</span> <span class='ocrx_word' id='word_1_431' title='bbox 2948 2008 3142 2070; x_wconf 87' lang='lat' dir='ltr'>alium</span> <span class='ocrx_word' id='word_1_432' title='bbox 3173 2011 3418 2067; x_wconf 87' lang='lat' dir='ltr'>contra-</span> 
     </span>
     <span class='ocr_line' id='line_1_67' title="bbox 1884 2097 3414 2181; baseline -0.007 -15"><span class='ocrx_word' id='word_1_433' title='bbox 1884 2112 2055 2167; x_wconf 90' lang='lat' dir='ltr'>ctum</span> <span class='ocrx_word' id='word_1_434' title='bbox 2083 2106 2474 2181; x_wconf 89' lang='lat' dir='ltr'>faciendum,</span> <span class='ocrx_word' id='word_1_435' title='bbox 2510 2105 2791 2166; x_wconf 89' lang='lat' dir='ltr'>illicitum</span> <span class='ocrx_word' id='word_1_436' title='bbox 2823 2108 2918 2164; x_wconf 89' lang='lat' dir='ltr'>est</span> <span class='ocrx_word' id='word_1_437' title='bbox 2945 2106 3007 2162; x_wconf 89' lang='lat' dir='ltr'>et</span> <span class='ocrx_word' id='word_1_438' title='bbox 3036 2097 3414 2174; x_wconf 89' lang='lat' dir='ltr'>usurarium,</span> 
     </span>
     <span class='ocr_line' id='line_1_68' title="bbox 1887 2190 3422 2276; baseline -0.007 -18"><span class='ocrx_word' id='word_1_439' title='bbox 1887 2204 1955 2260; x_wconf 89' lang='lat' dir='ltr'>ut</span> <span class='ocrx_word' id='word_1_440' title='bbox 1980 2218 2168 2276; x_wconf 89' lang='lat' dir='ltr'>supra</span> <span class='ocrx_word' id='word_1_441' title='bbox 2198 2198 2490 2259; x_wconf 88' lang='lat' dir='ltr'>vidimus.</span> <span class='ocrx_word' id='word_1_442' title='bbox 2551 2198 2756 2270; x_wconf 87' lang='lat' dir='ltr'>Quare</span> <span class='ocrx_word' id='word_1_443' title='bbox 2784 2193 3013 2274; x_wconf 86' lang='lat' dir='ltr'>aliqui,</span> <span class='ocrx_word' id='word_1_444' title='bbox 3047 2210 3203 2272; x_wconf 89' lang='lat' dir='ltr'>quos</span> <span class='ocrx_word' id='word_1_445' title='bbox 3231 2190 3422 2250; x_wconf 86' lang='lat' dir='ltr'>refert</span> 
     </span>
     <span class='ocr_line' id='line_1_69' title="bbox 1885 2285 3419 2361; baseline -0.007 -9"><span class='ocrx_word' id='word_1_446' title='bbox 1885 2292 2138 2352; x_wconf 87' lang='lat' dir='ltr'>Covarr.</span> <span class='ocrx_word' id='word_1_447' title='bbox 2173 2292 2250 2351; x_wconf 90' lang='lat' dir='ltr'>de</span> <span class='ocrx_word' id='word_1_448' title='bbox 2280 2291 2381 2351; x_wconf 90' lang='lat' dir='ltr'>illo</span> <span class='ocrx_word' id='word_1_449' title='bbox 2411 2291 2598 2352; x_wconf 88' lang='lat' dir='ltr'>etiam</span> <span class='ocrx_word' id='word_1_450' title='bbox 2628 2288 2915 2349; x_wconf 86' lang='lat' dir='ltr'>dubitare</span> <span class='ocrx_word' id='word_1_451' title='bbox 2945 2287 3256 2347; x_wconf 87' lang='lat' dir='ltr'>videntur.</span> <span class='ocrx_word' id='word_1_452' title='bbox 3280 2285 3419 2361; x_wconf 88' lang='lat' dir='ltr'>lpse</span> 
     </span>
     <span class='ocr_line' id='line_1_70' title="bbox 1882 2377 3419 2460; baseline -0.004 -17"><span class='ocrx_word' id='word_1_453' title='bbox 1882 2387 2092 2443; x_wconf 87' lang='lat' dir='ltr'>tamen</span> <span class='ocrx_word' id='word_1_454' title='bbox 2114 2429 2133 2456; x_wconf 91' lang='lat'>,</span> <span class='ocrx_word' id='word_1_455' title='bbox 2182 2388 2244 2444; x_wconf 89' lang='lat' dir='ltr'>et</span> <span class='ocrx_word' id='word_1_456' title='bbox 2269 2382 2502 2444; x_wconf 86' lang='lat' dir='ltr'>Molina</span> <span class='ocrx_word' id='word_1_457' title='bbox 2527 2381 2942 2460; x_wconf 85' lang='lat' dir='ltr'>respondent,</span> <span class='ocrx_word' id='word_1_458' title='bbox 2976 2378 3256 2439; x_wconf 88' lang='lat' dir='ltr'>illicitum</span> <span class='ocrx_word' id='word_1_459' title='bbox 3286 2377 3419 2438; x_wconf 87' lang='lat' dir='ltr'>fore</span> 
     </span>
     <span class='ocr_line' id='line_1_71' title="bbox 1884 2469 3418 2555; baseline -0.005 -20"><span class='ocrx_word' id='word_1_460' title='bbox 1884 2475 1934 2535; x_wconf 87' lang='lat' dir='ltr'>si</span> <span class='ocrx_word' id='word_1_461' title='bbox 1962 2476 2026 2535; x_wconf 91' lang='lat' dir='ltr'>id</span> <span class='ocrx_word' id='word_1_462' title='bbox 2056 2482 2356 2555; x_wconf 87' lang='lat' dir='ltr'>tanquam</span> <span class='ocrx_word' id='word_1_463' title='bbox 2383 2494 2726 2555; x_wconf 84' lang='lat' dir='ltr'>gravamen</span> <span class='ocrx_word' id='word_1_464' title='bbox 2754 2491 2867 2554; x_wconf 90' lang='lat' dir='ltr'>pro</span> <span class='ocrx_word' id='word_1_465' title='bbox 2889 2478 3106 2533; x_wconf 89' lang='lat' dir='ltr'>mutuo</span> <span class='ocrx_word' id='word_1_466' title='bbox 3137 2469 3418 2549; x_wconf 84' lang='lat' dir='ltr'>injunge-</span> 
     </span>
     <span class='ocr_line' id='line_1_72' title="bbox 1883 2563 3417 2648; baseline -0.005 -19"><span class='ocrx_word' id='word_1_467' title='bbox 1883 2573 2077 2642; x_wconf 90' lang='lat' dir='ltr'>retur,</span> <span class='ocrx_word' id='word_1_468' title='bbox 2111 2571 2211 2629; x_wconf 85' lang='lat' dir='ltr'>vel</span> <span class='ocrx_word' id='word_1_469' title='bbox 2243 2575 2540 2648; x_wconf 90' lang='lat' dir='ltr'>tanquam</span> <span class='ocrx_word' id='word_1_470' title='bbox 2573 2572 2862 2627; x_wconf 90' lang='lat' dir='ltr'>mutuum</span> <span class='ocrx_word' id='word_1_471' title='bbox 2898 2584 2973 2625; x_wconf 85' lang='lat' dir='ltr'>ex</span> <span class='ocrx_word' id='word_1_472' title='bbox 3001 2565 3213 2624; x_wconf 86' lang='lat' dir='ltr'>lucro:</span> <span class='ocrx_word' id='word_1_473' title='bbox 3247 2563 3300 2622; x_wconf 91' lang='lat' dir='ltr'>si</span> <span class='ocrx_word' id='word_1_474' title='bbox 3326 2566 3417 2622; x_wconf 87' lang='lat' dir='ltr'>ta-</span> 
     </span>
     <span class='ocr_line' id='line_1_73' title="bbox 1883 2659 3418 2729; baseline -0.005 -8"><span class='ocrx_word' id='word_1_475' title='bbox 1883 2679 2030 2722; x_wconf 89' lang='lat' dir='ltr'>men</span> <span class='ocrx_word' id='word_1_476' title='bbox 2056 2662 2168 2724; x_wconf 84' lang='lat' dir='ltr'>fiat</span> <span class='ocrx_word' id='word_1_477' title='bbox 2196 2667 2263 2723; x_wconf 92' lang='lat' dir='ltr'>ut</span> <span class='ocrx_word' id='word_1_478' title='bbox 2288 2660 2560 2722; x_wconf 89' lang='lat' dir='ltr'>creditor</span> <span class='ocrx_word' id='word_1_479' title='bbox 2579 2678 2644 2719; x_wconf 90' lang='lat' dir='ltr'>se</span> <span class='ocrx_word' id='word_1_480' title='bbox 2665 2660 3023 2719; x_wconf 88' lang='lat' dir='ltr'>indemnem</span> <span class='ocrx_word' id='word_1_481' title='bbox 3052 2659 3279 2729; x_wconf 88' lang='lat' dir='ltr'>servet,</span> <span class='ocrx_word' id='word_1_482' title='bbox 3314 2673 3418 2714; x_wconf 87' lang='lat' dir='ltr'>ea-</span> 
     </span>
     <span class='ocr_line' id='line_1_74' title="bbox 1886 2746 3416 2833; baseline -0.005 -20"><span class='ocrx_word' id='word_1_483' title='bbox 1886 2773 2006 2833; x_wconf 90' lang='lat' dir='ltr'>que</span> <span class='ocrx_word' id='word_1_484' title='bbox 2039 2754 2140 2813; x_wconf 81' lang='lat' dir='ltr'>via</span> <span class='ocrx_word' id='word_1_485' title='bbox 2168 2754 2230 2813; x_wconf 91' lang='lat' dir='ltr'>in</span> <span class='ocrx_word' id='word_1_486' title='bbox 2271 2753 2538 2814; x_wconf 89' lang='lat' dir='ltr'>termino</span> <span class='ocrx_word' id='word_1_487' title='bbox 2577 2749 3225 2828; x_wconf 88' lang='lat' dir='ltr'>recompensationem</span> <span class='ocrx_word' id='word_1_488' title='bbox 3253 2746 3416 2808; x_wconf 87' lang='lat' dir='ltr'>acci-</span> 
     </span>
     <span class='ocr_line' id='line_1_75' title="bbox 1885 2839 3417 2924; baseline -0.003 -20"><span class='ocrx_word' id='word_1_489' title='bbox 1885 2846 2016 2924; x_wconf 89' lang='lat' dir='ltr'>piat</span> <span class='ocrx_word' id='word_1_490' title='bbox 2041 2847 2130 2906; x_wconf 91' lang='lat' dir='ltr'>rei</span> <span class='ocrx_word' id='word_1_491' title='bbox 2160 2846 2278 2905; x_wconf 88' lang='lat' dir='ltr'>sibi</span> <span class='ocrx_word' id='word_1_492' title='bbox 2308 2846 2533 2906; x_wconf 81' lang='lat' dir='ltr'>debitae</span> <span class='ocrx_word' id='word_1_493' title='bbox 2554 2892 2569 2921; x_wconf 92' lang='lat'>,</span> <span class='ocrx_word' id='word_1_494' title='bbox 2602 2844 2839 2905; x_wconf 90' lang='lat' dir='ltr'>licitum</span> <span class='ocrx_word' id='word_1_495' title='bbox 2868 2861 3024 2903; x_wconf 88' lang='lat' dir='ltr'>esse.</span> <span class='ocrx_word' id='word_1_496' title='bbox 3086 2843 3232 2902; x_wconf 85' lang='lat' dir='ltr'>Haec</span> <span class='ocrx_word' id='word_1_497' title='bbox 3258 2839 3417 2901; x_wconf 90' lang='lat' dir='ltr'>ratio</span> 
     </span>
     <span class='ocr_line' id='line_1_76' title="bbox 1886 2931 3419 3016; baseline -0.005 -18"><span class='ocrx_word' id='word_1_498' title='bbox 1886 2939 2180 3016; x_wconf 85' lang='lat' dir='ltr'>explicari</span> <span class='ocrx_word' id='word_1_499' title='bbox 2211 2938 2397 2999; x_wconf 86' lang='lat' dir='ltr'>debet</span> <span class='ocrx_word' id='word_1_500' title='bbox 2427 2938 2544 2997; x_wconf 86' lang='lat' dir='ltr'>hoc</span> <span class='ocrx_word' id='word_1_501' title='bbox 2573 2937 2761 2998; x_wconf 76' lang='lat' dir='ltr'>modo</span> <span class='ocrx_word' id='word_1_502' title='bbox 2790 2956 2803 2996; x_wconf 88' lang='lat'>:</span> <span class='ocrx_word' id='word_1_503' title='bbox 2837 2940 3090 3014; x_wconf 86' lang='lat' dir='ltr'>pactum</span> <span class='ocrx_word' id='word_1_504' title='bbox 3121 2931 3273 2993; x_wconf 89' lang='lat' dir='ltr'>illud</span> <span class='ocrx_word' id='word_1_505' title='bbox 3304 2932 3419 2991; x_wconf 83' lang='lat' dir='ltr'>illi·</span> 
     </span>
     <span class='ocr_line' id='line_1_77' title="bbox 1883 3024 3421 3106; baseline -0.005 -14"><span class='ocrx_word' id='word_1_506' title='bbox 1883 3033 2076 3093; x_wconf 89' lang='lat' dir='ltr'>citum</span> <span class='ocrx_word' id='word_1_507' title='bbox 2105 3036 2168 3093; x_wconf 92' lang='lat' dir='ltr'>et</span> <span class='ocrx_word' id='word_1_508' title='bbox 2186 3031 2538 3091; x_wconf 89' lang='lat' dir='ltr'>usurarium</span> <span class='ocrx_word' id='word_1_509' title='bbox 2569 3036 2662 3090; x_wconf 90' lang='lat' dir='ltr'>est</span> <span class='ocrx_word' id='word_1_510' title='bbox 2687 3029 2752 3088; x_wconf 91' lang='lat' dir='ltr'>in</span> <span class='ocrx_word' id='word_1_511' title='bbox 2781 3032 3018 3103; x_wconf 81' lang='lat' dir='ltr'>mutue,</span> <span class='ocrx_word' id='word_1_512' title='bbox 3057 3025 3226 3106; x_wconf 89' lang='lat' dir='ltr'>quod</span> <span class='ocrx_word' id='word_1_513' title='bbox 3250 3024 3421 3086; x_wconf 90' lang='lat' dir='ltr'>ordi-</span> 
     </span>
     <span class='ocr_line' id='line_1_78' title="bbox 1885 3118 3419 3199; baseline -0.004 -16"><span class='ocrx_word' id='word_1_514' title='bbox 1885 3130 2067 3185; x_wconf 86' lang='lat' dir='ltr'>natur</span> <span class='ocrx_word' id='word_1_515' title='bbox 2096 3124 2176 3184; x_wconf 88' lang='lat' dir='ltr'>ad</span> <span class='ocrx_word' id='word_1_516' title='bbox 2207 3124 2577 3185; x_wconf 88' lang='lat' dir='ltr'>lucrandum</span> <span class='ocrx_word' id='word_1_517' title='bbox 2620 3142 2695 3182; x_wconf 82' lang='lat' dir='ltr'>ex</span> <span class='ocrx_word' id='word_1_518' title='bbox 2724 3126 2942 3182; x_wconf 90' lang='lat' dir='ltr'>mutuo</span> <span class='ocrx_word' id='word_1_519' title='bbox 2991 3118 3225 3199; x_wconf 90' lang='lat' dir='ltr'>aliquid</span> <span class='ocrx_word' id='word_1_520' title='bbox 3254 3119 3419 3179; x_wconf 85' lang='lat' dir='ltr'>ultra</span> 
     </span>
     <span class='ocr_line' id='line_1_79' title="bbox 1883 3213 3418 3294; baseline -0.005 -14"><span class='ocrx_word' id='word_1_521' title='bbox 1883 3226 2115 3280; x_wconf 85' lang='lat' dir='ltr'>sortem</span> <span class='ocrx_word' id='word_1_522' title='bbox 2173 3239 2186 3279; x_wconf 90' lang='lat'>:</span> <span class='ocrx_word' id='word_1_523' title='bbox 2239 3237 2399 3279; x_wconf 87' lang='lat' dir='ltr'>anne</span> <span class='ocrx_word' id='word_1_524' title='bbox 2442 3223 2650 3279; x_wconf 88' lang='lat' dir='ltr'>autem</span> <span class='ocrx_word' id='word_1_525' title='bbox 2700 3221 2953 3294; x_wconf 88' lang='lat' dir='ltr'>pactum</span> <span class='ocrx_word' id='word_1_526' title='bbox 2997 3215 3163 3293; x_wconf 91' lang='lat' dir='ltr'>quod</span> <span class='ocrx_word' id='word_1_527' title='bbox 3212 3213 3418 3273; x_wconf 87' lang='lat' dir='ltr'>solum</span> 
     </span>
     <span class='ocr_line' id='line_1_80' title="bbox 1884 3306 3417 3373; baseline -0.005 -1"><span class='ocrx_word' id='word_1_528' title='bbox 1884 3312 2209 3373; x_wconf 89' lang='lat' dir='ltr'>ordinatur</span> <span class='ocrx_word' id='word_1_529' title='bbox 2254 3312 2335 3372; x_wconf 88' lang='lat' dir='ltr'>ad</span> <span class='ocrx_word' id='word_1_530' title='bbox 2378 3315 2611 3371; x_wconf 89' lang='lat' dir='ltr'>sortem</span> <span class='ocrx_word' id='word_1_531' title='bbox 2659 3308 3013 3368; x_wconf 87' lang='lat' dir='ltr'>habendam</span> <span class='ocrx_word' id='word_1_532' title='bbox 3043 3306 3142 3367; x_wconf 90' lang='lat' dir='ltr'>vel</span> <span class='ocrx_word' id='word_1_533' title='bbox 3170 3323 3417 3366; x_wconf 87' lang='lat' dir='ltr'>assecu-</span> 
     </span>
     <span class='ocr_line' id='line_1_81' title="bbox 1883 3401 3418 3478; baseline -0.005 -13"><span class='ocrx_word' id='word_1_534' title='bbox 1883 3405 2147 3465; x_wconf 87' lang='lat' dir='ltr'>randam</span> <span class='ocrx_word' id='word_1_535' title='bbox 2174 3404 2414 3466; x_wconf 90' lang='lat' dir='ltr'>licitum</span> <span class='ocrx_word' id='word_1_536' title='bbox 2444 3407 2577 3478; x_wconf 83' lang='lat' dir='ltr'>est,</span> <span class='ocrx_word' id='word_1_537' title='bbox 2638 3420 2782 3462; x_wconf 89' lang='lat' dir='ltr'>cum</span> <span class='ocrx_word' id='word_1_538' title='bbox 2829 3401 3028 3462; x_wconf 88' lang='lat' dir='ltr'>solam</span> <span class='ocrx_word' id='word_1_539' title='bbox 3075 3403 3307 3461; x_wconf 87' lang='lat' dir='ltr'>sortem</span> <span class='ocrx_word' id='word_1_540' title='bbox 3356 3401 3418 3458; x_wconf 91' lang='lat' dir='ltr'>et</span> 
     </span>
     <span class='ocr_line' id='line_1_82' title="bbox 1883 3490 3417 3578; baseline -0.007 -18"><span class='ocrx_word' id='word_1_541' title='bbox 1883 3498 2017 3578; x_wconf 90' lang='lat' dir='ltr'>ejus</span> <span class='ocrx_word' id='word_1_542' title='bbox 2046 3498 2520 3559; x_wconf 85' lang='lat' dir='ltr'>indemnitatem</span> <span class='ocrx_word' id='word_1_543' title='bbox 2556 3497 2815 3571; x_wconf 78' lang='lat' dir='ltr'>afferat,</span> <span class='ocrx_word' id='word_1_544' title='bbox 2875 3493 3142 3571; x_wconf 89' lang='lat' dir='ltr'>ideoque</span> <span class='ocrx_word' id='word_1_545' title='bbox 3179 3490 3417 3552; x_wconf 86' lang='lat' dir='ltr'>licitum</span> 
     </span>
     <span class='ocr_line' id='line_1_83' title="bbox 1882 3584 3417 3666; baseline -0.005 -14"><span class='ocrx_word' id='word_1_546' title='bbox 1882 3597 1977 3653; x_wconf 89' lang='lat' dir='ltr'>est</span> <span class='ocrx_word' id='word_1_547' title='bbox 2005 3591 2169 3652; x_wconf 89' lang='lat' dir='ltr'>nolle</span> <span class='ocrx_word' id='word_1_548' title='bbox 2201 3595 2489 3652; x_wconf 86' lang='lat' dir='ltr'>mutuare</span> <span class='ocrx_word' id='word_1_549' title='bbox 2521 3588 2635 3648; x_wconf 90' lang='lat' dir='ltr'>nisi</span> <span class='ocrx_word' id='word_1_550' title='bbox 2670 3588 2817 3649; x_wconf 85' lang='lat' dir='ltr'>dato</span> <span class='ocrx_word' id='word_1_551' title='bbox 2849 3587 3112 3666; x_wconf 85' lang='lat' dir='ltr'>pignore</span> <span class='ocrx_word' id='word_1_552' title='bbox 3142 3585 3238 3645; x_wconf 89' lang='lat' dir='ltr'>vel</span> <span class='ocrx_word' id='word_1_553' title='bbox 3267 3584 3417 3645; x_wconf 89' lang='lat' dir='ltr'>fide·</span> 
     </span>
     <span class='ocr_line' id='line_1_84' title="bbox 1871 3678 3417 3764; baseline -0.006 -20"><span class='ocrx_word' id='word_1_554' title='bbox 1871 3683 2118 3764; x_wconf 85' lang='lat' dir='ltr'>jussore</span> <span class='ocrx_word' id='word_1_555' title='bbox 2147 3682 2500 3757; x_wconf 82' lang='lat' dir='ltr'>sufficienti,</span> <span class='ocrx_word' id='word_1_556' title='bbox 2533 3686 2745 3761; x_wconf 89' lang='lat' dir='ltr'>petere</span> <span class='ocrx_word' id='word_1_557' title='bbox 2776 3678 3196 3758; x_wconf 83' lang='lat' dir='ltr'>hypothecam</span> <span class='ocrx_word' id='word_1_558' title='bbox 3223 3694 3417 3755; x_wconf 87' lang='lat' dir='ltr'>gene-</span> 
     </span>
     <span class='ocr_line' id='line_1_85' title="bbox 1880 3769 3415 3854; baseline -0.006 -17"><span class='ocrx_word' id='word_1_559' title='bbox 1880 3778 2074 3837; x_wconf 87' lang='lat' dir='ltr'>ralem</span> <span class='ocrx_word' id='word_1_560' title='bbox 2129 3778 2225 3837; x_wconf 85' lang='lat' dir='ltr'>vel</span> <span class='ocrx_word' id='word_1_561' title='bbox 2284 3776 2660 3854; x_wconf 88' lang='lat' dir='ltr'>specialem,</span> <span class='ocrx_word' id='word_1_562' title='bbox 2721 3793 2794 3834; x_wconf 86' lang='lat' dir='ltr'>ex</span> <span class='ocrx_word' id='word_1_563' title='bbox 2841 3773 2902 3832; x_wconf 90' lang='lat' dir='ltr'>vi</span> <span class='ocrx_word' id='word_1_564' title='bbox 2948 3770 3125 3851; x_wconf 88' lang='lat' dir='ltr'>cujus</span> <span class='ocrx_word' id='word_1_565' title='bbox 3170 3769 3415 3848; x_wconf 86' lang='lat' dir='ltr'>cogitur</span> 
     </span>
     <span class='ocr_line' id='line_1_86' title="bbox 1879 3861 3411 3948; baseline -0.005 -19"><span class='ocrx_word' id='word_1_566' title='bbox 1879 3871 2067 3932; x_wconf 89' lang='lat' dir='ltr'>etiam</span> <span class='ocrx_word' id='word_1_567' title='bbox 2096 3870 2340 3931; x_wconf 84' lang='lat' dir='ltr'>debitor</span> <span class='ocrx_word' id='word_1_568' title='bbox 2368 3874 2585 3948; x_wconf 87' lang='lat' dir='ltr'>postea</span> <span class='ocrx_word' id='word_1_569' title='bbox 2620 3866 2892 3928; x_wconf 89' lang='lat' dir='ltr'>vendere</span> <span class='ocrx_word' id='word_1_570' title='bbox 2924 3883 3056 3925; x_wconf 90' lang='lat' dir='ltr'>rem</span> <span class='ocrx_word' id='word_1_571' title='bbox 3098 3861 3411 3940; x_wconf 87' lang='lat' dir='ltr'>hypothe-</span> 
     </span>
     <span class='ocr_line' id='line_1_87' title="bbox 1879 3954 3414 4037; baseline -0.008 -12"><span class='ocrx_word' id='word_1_572' title='bbox 1879 3969 2082 4025; x_wconf 89' lang='lat' dir='ltr'>catam</span> <span class='ocrx_word' id='word_1_573' title='bbox 2129 3964 2209 4023; x_wconf 87' lang='lat' dir='ltr'>ad</span> <span class='ocrx_word' id='word_1_574' title='bbox 2252 3961 2619 4023; x_wconf 88' lang='lat' dir='ltr'>solvendum</span> <span class='ocrx_word' id='word_1_575' title='bbox 2662 3960 2943 4019; x_wconf 90' lang='lat' dir='ltr'>debitum</span> <span class='ocrx_word' id='word_1_576' title='bbox 3003 3977 3015 4017; x_wconf 92' lang='lat'>:</span> <span class='ocrx_word' id='word_1_577' title='bbox 3077 3955 3223 4037; x_wconf 89' lang='lat' dir='ltr'>quia</span> <span class='ocrx_word' id='word_1_578' title='bbox 3278 3954 3414 4014; x_wconf 80' lang='lat' dir='ltr'>hoec</span> 
     </span>
     <span class='ocr_line' id='line_1_88' title="bbox 1877 4048 3413 4128; baseline -0.008 -9"><span class='ocrx_word' id='word_1_579' title='bbox 1877 4058 2088 4119; x_wconf 84' lang='lat' dir='ltr'>omnia</span> <span class='ocrx_word' id='word_1_580' title='bbox 2117 4061 2261 4118; x_wconf 91' lang='lat' dir='ltr'>sunt</span> <span class='ocrx_word' id='word_1_581' title='bbox 2279 4055 2489 4115; x_wconf 89' lang='lat' dir='ltr'>media</span> <span class='ocrx_word' id='word_1_582' title='bbox 2508 4053 2796 4114; x_wconf 89' lang='lat' dir='ltr'>ordinata</span> <span class='ocrx_word' id='word_1_583' title='bbox 2817 4051 2893 4111; x_wconf 91' lang='lat' dir='ltr'>ad</span> <span class='ocrx_word' id='word_1_584' title='bbox 2916 4048 3413 4128; x_wconf 89' lang='lat' dir='ltr'>recuperandam</span> 
     </span>
     <span class='ocr_line' id='line_1_89' title="bbox 1878 4141 3415 4224; baseline -0.007 -13"><span class='ocrx_word' id='word_1_585' title='bbox 1878 4151 2076 4211; x_wconf 89' lang='lat' dir='ltr'>solam</span> <span class='ocrx_word' id='word_1_586' title='bbox 2103 4155 2336 4210; x_wconf 88' lang='lat' dir='ltr'>sortem</span> <span class='ocrx_word' id='word_1_587' title='bbox 2367 4148 2498 4209; x_wconf 89' lang='lat' dir='ltr'>sine</span> <span class='ocrx_word' id='word_1_588' title='bbox 2525 4148 2730 4222; x_wconf 90' lang='lat' dir='ltr'>lucro,</span> <span class='ocrx_word' id='word_1_589' title='bbox 2773 4163 2888 4205; x_wconf 91' lang='lat' dir='ltr'>nec</span> <span class='ocrx_word' id='word_1_590' title='bbox 2914 4147 3121 4224; x_wconf 89' lang='lat' dir='ltr'>potest</span> <span class='ocrx_word' id='word_1_591' title='bbox 3149 4141 3415 4203; x_wconf 87' lang='lat' dir='ltr'>rationa-</span> 
     </span>
     <span class='ocr_line' id='line_1_90' title="bbox 1875 4236 3412 4317; baseline -0.005 -15"><span class='ocrx_word' id='word_1_592' title='bbox 1875 4243 2081 4304; x_wconf 89' lang='lat' dir='ltr'>biliter</span> <span class='ocrx_word' id='word_1_593' title='bbox 2109 4242 2340 4303; x_wconf 87' lang='lat' dir='ltr'>invitus</span> <span class='ocrx_word' id='word_1_594' title='bbox 2370 4259 2503 4302; x_wconf 90' lang='lat' dir='ltr'>esse</span> <span class='ocrx_word' id='word_1_595' title='bbox 2535 4238 2974 4314; x_wconf 87' lang='lat' dir='ltr'>mutuatarius,</span> <span class='ocrx_word' id='word_1_596' title='bbox 3008 4237 3178 4317; x_wconf 91' lang='lat' dir='ltr'>quod</span> <span class='ocrx_word' id='word_1_597' title='bbox 3209 4236 3412 4297; x_wconf 89' lang='lat' dir='ltr'>credi-</span> 
     </span>
     <span class='ocr_line' id='line_1_91' title="bbox 1878 4332 3411 4409; baseline -0.005 -13"><span class='ocrx_word' id='word_1_598' title='bbox 1878 4341 1977 4396; x_wconf 93' lang='lat' dir='ltr'>tor</span> <span class='ocrx_word' id='word_1_599' title='bbox 2015 4336 2164 4396; x_wconf 88' lang='lat' dir='ltr'>velit</span> <span class='ocrx_word' id='word_1_600' title='bbox 2207 4353 2341 4395; x_wconf 90' lang='lat' dir='ltr'>rem</span> <span class='ocrx_word' id='word_1_601' title='bbox 2392 4352 2570 4394; x_wconf 88' lang='lat' dir='ltr'>suam</span> <span class='ocrx_word' id='word_1_602' title='bbox 2617 4337 2785 4394; x_wconf 89' lang='lat' dir='ltr'>certo</span> <span class='ocrx_word' id='word_1_603' title='bbox 2842 4347 3238 4409; x_wconf 87' lang='lat' dir='ltr'>recuperare.</span> <span class='ocrx_word' id='word_1_604' title='bbox 3303 4332 3411 4389; x_wconf 90' lang='lat' dir='ltr'>Pa-</span> 
     </span>
     <span class='ocr_line' id='line_1_92' title="bbox 1879 4422 3409 4508; baseline -0.005 -18"><span class='ocrx_word' id='word_1_605' title='bbox 1879 4434 2048 4491; x_wconf 90' lang='lat' dir='ltr'>ctum</span> <span class='ocrx_word' id='word_1_606' title='bbox 2077 4446 2227 4506; x_wconf 81' lang='lat' dir='ltr'>ergo</span> <span class='ocrx_word' id='word_1_607' title='bbox 2254 4475 2269 4504; x_wconf 94' lang='lat'>,</span> <span class='ocrx_word' id='word_1_608' title='bbox 2324 4429 2491 4508; x_wconf 91' lang='lat' dir='ltr'>quod</span> <span class='ocrx_word' id='word_1_609' title='bbox 2536 4426 2797 4505; x_wconf 86' lang='lat' dir='ltr'>pignus,</span> <span class='ocrx_word' id='word_1_610' title='bbox 2859 4425 3070 4501; x_wconf 87' lang='lat' dir='ltr'>elapso</span> <span class='ocrx_word' id='word_1_611' title='bbox 3120 4422 3409 4498; x_wconf 79' lang='lat' dir='ltr'>terminu,</span> 
     </span>
     <span class='ocr_line' id='line_1_93' title="bbox 1877 4516 3410 4593; baseline -0.005 -10"><span class='ocrx_word' id='word_1_612' title='bbox 1877 4524 2185 4584; x_wconf 84' lang='lat' dir='ltr'>vendatur</span> <span class='ocrx_word' id='word_1_613' title='bbox 2204 4521 2284 4582; x_wconf 82' lang='lat' dir='ltr'>ad</span> <span class='ocrx_word' id='word_1_614' title='bbox 2314 4520 2681 4582; x_wconf 89' lang='lat' dir='ltr'>solvendum</span> <span class='ocrx_word' id='word_1_615' title='bbox 2699 4523 3009 4593; x_wconf 91' lang='lat' dir='ltr'>mutuum,</span> <span class='ocrx_word' id='word_1_616' title='bbox 3035 4516 3273 4578; x_wconf 87' lang='lat' dir='ltr'>licitum</span> <span class='ocrx_word' id='word_1_617' title='bbox 3295 4520 3410 4588; x_wconf 85' lang='lat' dir='ltr'>est;</span> 
     </span>
     <span class='ocr_line' id='line_1_94' title="bbox 1876 4610 3415 4694; baseline -0.004 -19"><span class='ocrx_word' id='word_1_618' title='bbox 1876 4615 2026 4694; x_wconf 89' lang='lat' dir='ltr'>quia</span> <span class='ocrx_word' id='word_1_619' title='bbox 2053 4634 2128 4674; x_wconf 86' lang='lat' dir='ltr'>ex</span> <span class='ocrx_word' id='word_1_620' title='bbox 2158 4634 2223 4675; x_wconf 89' lang='lat' dir='ltr'>se</span> <span class='ocrx_word' id='word_1_621' title='bbox 2255 4632 2378 4674; x_wconf 91' lang='lat' dir='ltr'>non</span> <span class='ocrx_word' id='word_1_622' title='bbox 2404 4613 2730 4675; x_wconf 87' lang='lat' dir='ltr'>ordinatur</span> <span class='ocrx_word' id='word_1_623' title='bbox 2768 4611 2849 4671; x_wconf 92' lang='lat' dir='ltr'>ad</span> <span class='ocrx_word' id='word_1_624' title='bbox 2881 4611 3147 4686; x_wconf 91' lang='lat' dir='ltr'>lucrum,</span> <span class='ocrx_word' id='word_1_625' title='bbox 3181 4610 3291 4670; x_wconf 89' lang='lat' dir='ltr'>sed</span> <span class='ocrx_word' id='word_1_626' title='bbox 3321 4627 3415 4670; x_wconf 88' lang='lat' dir='ltr'>so-</span> 
     </span>
     <span class='ocr_line' id='line_1_95' title="bbox 1875 4703 3406 4785; baseline -0.004 -16"><span class='ocrx_word' id='word_1_627' title='bbox 1875 4710 2005 4769; x_wconf 90' lang='lat' dir='ltr'>lum</span> <span class='ocrx_word' id='word_1_628' title='bbox 2051 4708 2131 4768; x_wconf 90' lang='lat' dir='ltr'>ad</span> <span class='ocrx_word' id='word_1_629' title='bbox 2177 4706 2679 4785; x_wconf 88' lang='lat' dir='ltr'>recuperandam</span> <span class='ocrx_word' id='word_1_630' title='bbox 2725 4708 2957 4765; x_wconf 90' lang='lat' dir='ltr'>sortem</span> <span class='ocrx_word' id='word_1_631' title='bbox 3001 4723 3076 4763; x_wconf 87' lang='lat' dir='ltr'>ex</span> <span class='ocrx_word' id='word_1_632' title='bbox 3123 4703 3406 4782; x_wconf 87' lang='lat' dir='ltr'>pignore.</span> 
     </span>
     <span class='ocr_line' id='line_1_96' title="bbox 1878 4796 3412 4877; baseline -0.004 -16"><span class='ocrx_word' id='word_1_633' title='bbox 1878 4800 2052 4874; x_wconf 89' lang='lat' dir='ltr'>Quod</span> <span class='ocrx_word' id='word_1_634' title='bbox 2085 4799 2135 4860; x_wconf 87' lang='lat' dir='ltr'>si</span> <span class='ocrx_word' id='word_1_635' title='bbox 2166 4799 2578 4860; x_wconf 88' lang='lat' dir='ltr'>mutuatarius</span> <span class='ocrx_word' id='word_1_636' title='bbox 2594 4816 2934 4877; x_wconf 81' lang='lat' dir='ltr'>gravamen</span> <span class='ocrx_word' id='word_1_637' title='bbox 2957 4796 3412 4858; x_wconf 87' lang='lat' dir='ltr'>considerabile</span> 
     </span>
     <span class='ocr_line' id='line_1_97' title="bbox 1878 4889 3413 4969; baseline -0.003 -16"><span class='ocrx_word' id='word_1_638' title='bbox 1878 4893 2136 4953; x_wconf 88' lang='lat' dir='ltr'>sentiret</span> <span class='ocrx_word' id='word_1_639' title='bbox 2163 4911 2237 4952; x_wconf 85' lang='lat' dir='ltr'>ex</span> <span class='ocrx_word' id='word_1_640' title='bbox 2268 4911 2340 4951; x_wconf 88' lang='lat' dir='ltr'>eo</span> <span class='ocrx_word' id='word_1_641' title='bbox 2373 4891 2539 4969; x_wconf 90' lang='lat' dir='ltr'>quod</span> <span class='ocrx_word' id='word_1_642' title='bbox 2571 4891 2796 4968; x_wconf 86' lang='lat' dir='ltr'>pignus</span> <span class='ocrx_word' id='word_1_643' title='bbox 2821 4889 3215 4949; x_wconf 87' lang='lat' dir='ltr'>vendendum</span> <span class='ocrx_word' id='word_1_644' title='bbox 3249 4893 3413 4949; x_wconf 87' lang='lat' dir='ltr'>esset</span> 
     </span>
     <span class='ocr_line' id='line_1_98' title="bbox 1878 4983 3411 5063; baseline -0.005 -16"><span class='ocrx_word' id='word_1_645' title='bbox 1878 4984 2167 5047; x_wconf 90' lang='lat' dir='ltr'>creditori</span> <span class='ocrx_word' id='word_1_646' title='bbox 2216 4983 2422 5063; x_wconf 88' lang='lat' dir='ltr'>potius</span> <span class='ocrx_word' id='word_1_647' title='bbox 2466 5002 2655 5062; x_wconf 87' lang='lat' dir='ltr'>quam</span> <span class='ocrx_word' id='word_1_648' title='bbox 2699 4983 2875 5057; x_wconf 88' lang='lat' dir='ltr'>aliis,</span> <span class='ocrx_word' id='word_1_649' title='bbox 2928 5000 3052 5041; x_wconf 91' lang='lat' dir='ltr'>non</span> <span class='ocrx_word' id='word_1_650' title='bbox 3099 4985 3308 5060; x_wconf 90' lang='lat' dir='ltr'>posset</span> <span class='ocrx_word' id='word_1_651' title='bbox 3338 5000 3411 5040; x_wconf 86' lang='lat' dir='ltr'>ex</span> 
     </span>
     <span class='ocr_line' id='line_1_99' title="bbox 1878 5074 3412 5156; baseline -0.003 -18"><span class='ocrx_word' id='word_1_652' title='bbox 1878 5084 2096 5139; x_wconf 88' lang='lat' dir='ltr'>mutuo</span> <span class='ocrx_word' id='word_1_653' title='bbox 2151 5094 2494 5156; x_wconf 85' lang='lat' dir='ltr'>gravamen</span> <span class='ocrx_word' id='word_1_654' title='bbox 2551 5076 2671 5136; x_wconf 90' lang='lat' dir='ltr'>hoc</span> <span class='ocrx_word' id='word_1_655' title='bbox 2722 5074 2991 5153; x_wconf 89' lang='lat' dir='ltr'>imponi,</span> <span class='ocrx_word' id='word_1_656' title='bbox 3050 5074 3162 5133; x_wconf 91' lang='lat' dir='ltr'>sed</span> <span class='ocrx_word' id='word_1_657' title='bbox 3210 5074 3412 5135; x_wconf 91' lang='lat' dir='ltr'>solum</span> 
     </span>
     <span class='ocr_line' id='line_1_100' title="bbox 1881 5167 3413 5250; baseline -0.003 -19"><span class='ocrx_word' id='word_1_658' title='bbox 1881 5170 2044 5250; x_wconf 91' lang='lat' dir='ltr'>quod</span> <span class='ocrx_word' id='word_1_659' title='bbox 2078 5169 2457 5229; x_wconf 88' lang='lat' dir='ltr'>venderetur</span> <span class='ocrx_word' id='word_1_660' title='bbox 2484 5169 2622 5248; x_wconf 90' lang='lat' dir='ltr'>plus</span> <span class='ocrx_word' id='word_1_661' title='bbox 2643 5168 2948 5228; x_wconf 77' lang='lat' dir='ltr'>offerenti.</span> <span class='ocrx_word' id='word_1_662' title='bbox 2984 5167 3413 5228; x_wconf 80' lang='lat' dir='ltr'>communiter</span> 
     </span>
     <span class='ocr_line' id='line_1_101' title="bbox 1878 5259 3412 5337; baseline -0.005 -11"><span class='ocrx_word' id='word_1_663' title='bbox 1878 5271 2088 5326; x_wconf 82' lang='lat' dir='ltr'>tamen</span> <span class='ocrx_word' id='word_1_664' title='bbox 2119 5261 2365 5322; x_wconf 90' lang='lat' dir='ltr'>debitor</span> <span class='ocrx_word' id='word_1_665' title='bbox 2391 5280 2466 5321; x_wconf 88' lang='lat' dir='ltr'>ex</span> <span class='ocrx_word' id='word_1_666' title='bbox 2494 5261 2598 5320; x_wconf 89' lang='lat' dir='ltr'>illa</span> <span class='ocrx_word' id='word_1_667' title='bbox 2619 5259 3087 5321; x_wconf 87' lang='lat' dir='ltr'>circumstantia</span> <span class='ocrx_word' id='word_1_668' title='bbox 3114 5278 3237 5320; x_wconf 91' lang='lat' dir='ltr'>nou</span> <span class='ocrx_word' id='word_1_669' title='bbox 3268 5277 3412 5337; x_wconf 85' lang='lat' dir='ltr'>gra-</span> 
     </span>
     <span class='ocr_line' id='line_1_102' title="bbox 1880 5352 3410 5434; baseline -0.003 -18"><span class='ocrx_word' id='word_1_670' title='bbox 1880 5362 2101 5426; x_wconf 85' lang='lat' dir='ltr'>vatur;</span> <span class='ocrx_word' id='word_1_671' title='bbox 2154 5355 2301 5434; x_wconf 88' lang='lat' dir='ltr'>quia</span> <span class='ocrx_word' id='word_1_672' title='bbox 2342 5354 2392 5413; x_wconf 90' lang='lat' dir='ltr'>si</span> <span class='ocrx_word' id='word_1_673' title='bbox 2421 5354 2552 5432; x_wconf 88' lang='lat' dir='ltr'>ipse</span> <span class='ocrx_word' id='word_1_674' title='bbox 2583 5352 2861 5413; x_wconf 87' lang='lat' dir='ltr'>inveniat</span> <span class='ocrx_word' id='word_1_675' title='bbox 2889 5357 3237 5431; x_wconf 90' lang='lat' dir='ltr'>emptorem</span> <span class='ocrx_word' id='word_1_676' title='bbox 3266 5370 3410 5412; x_wconf 78' lang='lat' dir='ltr'>erm</span> 
     </span>
     <span class='ocr_line' id='line_1_103' title="bbox 1877 5444 3410 5528; baseline -0.001 -21"><span class='ocrx_word' id='word_1_677' title='bbox 1877 5448 2103 5528; x_wconf 89' lang='lat' dir='ltr'>majori</span> <span class='ocrx_word' id='word_1_678' title='bbox 2133 5446 2332 5526; x_wconf 88' lang='lat' dir='ltr'>pretio</span> <span class='ocrx_word' id='word_1_679' title='bbox 2358 5493 2373 5522; x_wconf 91' lang='lat'>,</span> <span class='ocrx_word' id='word_1_680' title='bbox 2424 5447 2654 5526; x_wconf 86' lang='lat' dir='ltr'>poterit</span> <span class='ocrx_word' id='word_1_681' title='bbox 2696 5445 2859 5506; x_wconf 89' lang='lat' dir='ltr'>nolle</span> <span class='ocrx_word' id='word_1_682' title='bbox 2907 5449 3071 5506; x_wconf 88' lang='lat' dir='ltr'>staro</span> <span class='ocrx_word' id='word_1_683' title='bbox 3100 5444 3299 5522; x_wconf 89' lang='lat' dir='ltr'>pretio</span> <span class='ocrx_word' id='word_1_684' title='bbox 3331 5445 3410 5506; x_wconf 88' lang='lat' dir='ltr'>ab</span> 
     </span>
     <span class='ocr_line' id='line_1_104' title="bbox 1874 5538 3413 5618; baseline -0.003 -15"><span class='ocrx_word' id='word_1_685' title='bbox 1874 5542 2008 5603; x_wconf 86' lang='lat' dir='ltr'>aliis</span> <span class='ocrx_word' id='word_1_686' title='bbox 2038 5545 2270 5618; x_wconf 88' lang='lat' dir='ltr'>taxat0,</span> <span class='ocrx_word' id='word_1_687' title='bbox 2304 5540 2414 5599; x_wconf 91' lang='lat' dir='ltr'>sed</span> <span class='ocrx_word' id='word_1_688' title='bbox 2445 5541 2667 5602; x_wconf 83' lang='lat' dir='ltr'>offerre</span> <span class='ocrx_word' id='word_1_689' title='bbox 2699 5538 2979 5600; x_wconf 88' lang='lat' dir='ltr'>debitum</span> <span class='ocrx_word' id='word_1_690' title='bbox 2997 5538 3310 5614; x_wconf 86' lang='lat' dir='ltr'>creditori,</span> <span class='ocrx_word' id='word_1_691' title='bbox 3352 5543 3413 5599; x_wconf 89' lang='lat' dir='ltr'>et</span> 
     </span>
    </p>
   </div>
   <div class='ocr_carea' id='block_1_7' title="bbox 3570 529 3684 587">
    <p class='ocr_par' dir='ltr' id='par_1_22' title="bbox 3570 529 3684 587">
     <span class='ocr_line' id='line_1_105' title="bbox 3570 529 3684 587; baseline 0.009 -1"><span class='ocrx_word' id='word_1_692' title='bbox 3570 529 3684 587; x_wconf 83' lang='grc'>177</span> 
     </span>
    </p>
   </div>
   <div class='ocr_carea' id='block_1_8' title="bbox 3471 651 3766 751">
    <p class='ocr_par' dir='ltr' id='par_1_23' title="bbox 3471 651 3766 751">
     <span class='ocr_line' id='line_1_106' title="bbox 3471 651 3766 707; baseline 0.007 -12"><span class='ocrx_word' id='word_1_693' title='bbox 3471 653 3573 705; x_wconf 83' lang='lat' dir='ltr'>Quid</span> <span class='ocrx_word' id='word_1_694' title='bbox 3593 653 3645 696; x_wconf 84' lang='lat' dir='ltr'>de</span> <span class='ocrx_word' id='word_1_695' title='bbox 3673 651 3766 707; x_wconf 78' lang='lat' dir='ltr'>iure</span> 
     </span>
     <span class='ocr_line' id='line_1_107' title="bbox 3538 714 3709 751; baseline 0.006 -1"><span class='ocrx_word' id='word_1_696' title='bbox 3538 714 3709 751; x_wconf 73' lang='lat' dir='ltr'>natura.</span> 
     </span>
    </p>
   </div>
   <div class='ocr_carea' id='block_1_9' title="bbox 3552 1638 3666 1698">
    <p class='ocr_par' dir='ltr' id='par_1_24' title="bbox 3552 1638 3666 1698">
     <span class='ocr_line' id='line_1_108' title="bbox 3552 1638 3666 1698; baseline 0.009 -2"><span class='ocrx_word' id='word_1_697' title='bbox 3552 1638 3666 1698; x_wconf 83' lang='lat'>178</span> 
     </span>
    </p>
   </div>
   <div class='ocr_carea' id='block_1_10' title="bbox 3468 1762 3765 1967">
    <p class='ocr_par' dir='ltr' id='par_1_25' title="bbox 3468 1762 3765 1925">
     <span class='ocr_line' id='line_1_109' title="bbox 3468 1762 3765 1807; baseline 0.007 -2"><span class='ocrx_word' id='word_1_698' title='bbox 3468 1764 3532 1805; x_wconf 73' lang='lat' dir='ltr'>An</span> <span class='ocrx_word' id='word_1_699' title='bbox 3550 1762 3672 1805; x_wconf 71' lang='lat' dir='ltr'>liceat</span> <span class='ocrx_word' id='word_1_700' title='bbox 3685 1764 3765 1807; x_wconf 83' lang='lat' dir='ltr'>hoc</span> 
     </span>
     <span class='ocr_line' id='line_1_110' title="bbox 3489 1823 3743 1871; baseline 0.004 -13"><span class='ocrx_word' id='word_1_701' title='bbox 3489 1823 3650 1871; x_wconf 71' lang='lat' dir='ltr'>pactum</span> <span class='ocrx_word' id='word_1_702' title='bbox 3669 1830 3743 1871; x_wconf 84' lang='lat' dir='ltr'>pro</span> 
     </span>
     <span class='ocr_line' id='line_1_111' title="bbox 3481 1870 3751 1925; baseline -0.004 -12"><span class='ocrx_word' id='word_1_703' title='bbox 3481 1872 3614 1925; x_wconf 79' lang='lat' dir='ltr'>pretio</span> <span class='ocrx_word' id='word_1_704' title='bbox 3631 1870 3751 1912; x_wconf 82' lang='lat' dir='ltr'>inde·</span> 
     </span>
    </p>

    <p class='ocr_par' dir='ltr' id='par_1_26' title="bbox 3507 1925 3740 1967">
     <span class='ocr_line' id='line_1_112' title="bbox 3507 1925 3740 1967; baseline 0.004 -1"><span class='ocrx_word' id='word_1_705' title='bbox 3507 1925 3740 1967; x_wconf 75' lang='lat' dir='ltr'>terminato,</span> 
     </span>
    </p>
   </div>
  </div>
 </body>
</html>
