4263 6376
1151 287 1623 349 DISPUTATIO
1667 285 1943 364 XXXVI,
1994 289 2267 351 SECTIO
2308 291 2382 350 X.
2452 358 2455 363 ⁴
3242 294 3357 352 657

81 470 148 530 118
301 463 608 525 Dubitatur
631 462 848 539 tertio,
884 481 964 523 an
995 482 1068 523 ex
1099 463 1569 525 contractibus
1553 481 1728 524 mno-
1823 464 1935 525 sed
1965 465 2140 545 quasi
2172 485 2285 545 per
2311 467 2685 528 sententiam
2713 466 3022 545 prolatam
3052 484 3089 526 a
3119 466 3363 545 litigan-

64 596 202 647 tffl„
234 556 448 617 minatis
475 555 782 616 debeatur
809 555 1101 633 gabella?
1155 556 1627 633 Respondetur,
1677 555 1731 617 si
1826 558 1993 618 tibus
2022 559 2337 620 communi
2368 578 2674 620 consensu
2705 578 2805 620 res
2834 559 3107 637 litigiosa
3137 560 3365 620 dividi-

64 650 181 749 fflg
236 653 552 710 contractus
580 648 679 724 sit,
712 647 785 708 do
813 656 877 707 ut
902 648 1115 753 facias,
1146 648 1303 728 facio
1332 656 1398 708 ut
1424 647 1541 724 des,
1571 646 1729 728 facio
1824 654 1929 711 tur
1956 650 2031 710 iis
2060 652 2167 730 qui
2190 650 2294 730 jus
2323 652 2818 730 praetendebant.
2852 653 2966 712 Vel
3007 671 3109 713 res
3151 657 3366 713 manet

64 757 199 801 amco.
235 748 286 800 ut
304 740 493 820 factus,
527 759 651 801 non
682 741 934 817 deberi,
979 740 1127 820 quia
1156 758 1359 820 neque
1390 745 1484 801 est
1511 739 1731 800 vendi·
1824 746 1959 804 tota
1987 744 2155 822 apud
2186 762 2402 821 unum,
2435 749 2498 805 et
2524 744 2700 806 alteri
2739 744 2927 805 datur
2970 744 3236 823 pecunia
3282 743 3365 803 acl

233 833 303 895 tio
329 851 515 911 neque
543 833 941 910 permutatio,
979 832 1041 893 Si
1075 852 1223 893 vero
1255 833 1372 910 sit,
1418 832 1491 891 do
1518 841 1583 892 ut
1607 831 1723 906 (103,
1826 837 2389 915 compensandum;
2448 841 2511 898 et
2562 843 2710 899 tunc
2764 836 3028 897 debetur
3091 837 3361 916 3000110,

233 931 284 986 et
304 944 413 985 non
442 924 520 986 sit
547 944 697 985 vere
744 931 1035 986 mutuum
1059 970 1075 1002 ‚
1128 924 1343 987 deberi
1389 925 1724 1003 gabellam,
1829 928 1976 1008 quia
2005 932 2099 989 est
2123 929 2398 991 venditio
2422 930 2605 1009 juris,
2638 930 2736 989 vel
2782 928 2874 988 rei
2916 948 3030 1007 pro
3074 929 3362 1009 pecunia,

233 1018 355 1098 quia
381 1017 426 1077 si
455 1018 641 1078 datur
666 1036 767 1078 res
795 1035 908 1096 pro
937 1016 1238 1095 pecunia,
1291 1017 1389 1077 vel
1420 1037 1453 1078 e
1483 1023 1723 1095 contra,
1828 1021 1915 1082 ita
1944 1023 2012 1082 P.
2049 1024 2335 1101 vasquez
2364 1022 2528 1084 dicto
2557 1023 2612 1101 ἓ.
2657 1038 2724 1082 11.
2761 1021 2910 1082 dub.
2960 1039 3071 1083 v11.
3123 1041 3230 1083 nu.
3263 1024 3366 1084 33.

232 1114 309 1170 est
330 1109 614 1185 venditio,
649 1110 749 1169 vel
778 1109 1035 1188 emptio,
1069 1109 1123 1168 si
1151 1109 1338 1170 datur
1363 1128 1464 1170 res
1495 1128 1606 1188 pro
1633 1128 1725 1186 re,
1830 1117 1893 1175 et
1920 1132 2095 1193 seqq.
2131 1133 2319 1194 quem
2350 1115 2631 1195 sequitur
2657 1113 3001 1176 Turrianus
3032 1115 3192 1193 disp.
3226 1129 3363 1176 XLV.

231 1207 309 1263 est
329 1202 693 1281 permutatio
716 1222 728 1262 ε
749 1201 1100 1281 praesertim
1128 1201 1181 1261 si
1209 1202 1309 1261 lex
1339 1221 1415 1262 ex
1445 1202 1729 1282 qualibet
1831 1206 1981 1268 dub.
2014 1211 2074 1267 7.

229 1294 683 1356 commutatione
713 1294 905 1373 exigit
930 1294 1268 1373 gabellam.
1325 1296 1417 1357 Ita
1449 1294 1732 1357 Sanchez
1911 1301 2060 1360 Haec
2103 1301 2316 1359 tamen
2372 1298 2686 1361 distinctio
2741 1298 3010 1360 difficilis
3065 1304 3180 1376 est,
3224 1299 3373 1379 quia

231 1406 351 1448 cum
376 1387 505 1449 aliis
533 1388 797 1449 dubitat.
829 1403 1008 1449 xvm.
1388 1450 1415 1476 .
1833 1391 2021 1453 etiam
2053 1392 2303 1471 quando
2335 1391 2636 1452 dividitur
2666 1410 2764 1452 res
2793 1391 3064 1471 litigiosa
3095 1392 3258 1454 inter
3301 1392 3375 1451 li-

295 1481 453 1542 Circa
481 1481 795 1560 gabellam
824 1479 1104 1541 debitam
1136 1500 1212 1540 ex
1239 1480 1601 1541 venditione
1832 1484 2126 1563 tiganteS,
2160 1485 2232 1544 fit
2293 1488 2672 1561 contractus,
2707 1503 2830 1564 quo
2872 1485 3105 1563 singuli
3144 1484 3377 1545 cedunt

71 1586 138 1643 149
295 1572 609 1635 Dubitatur
636 1573 836 1653 primo
860 1619 876 1650 ,
935 1592 1017 1634 an
1047 1573 1353 1634 debeatur
1372 1592 1448 1634 ex
1476 1572 1736 1651 emphy-
1826 1577 1955 1656 juri
1983 1577 2153 1656 quod
2182 1576 2415 1637 habere
2444 1582 2736 1655 poterant
2763 1577 2843 1637 ad
2872 1595 3007 1637 rem
3036 1580 3261 1652 totam,
3313 1581 3377 1638 et

230 1667 385 1741 teusi,
416 1685 526 1727 seu
553 1666 864 1727 locatione
896 1666 978 1726 acl
1006 1666 1264 1744 longum
1294 1669 1563 1744 tempuS.
1614 1666 1737 1726 Ali·
1834 1670 1955 1731 hoc
1983 1687 2108 1729 non
2155 1669 2369 1747 gratiS,
2404 1669 2514 1730 sed
2563 1688 2675 1748 pro
2716 1669 2825 1729 illa
2877 1668 3137 1729 dimidia
3184 1686 3372 1748 quam

64 1763 192 1813 ΜΝ
231 1760 319 1839 qui
345 1777 492 1837 quos
522 1761 704 1819 affert
736 1757 1020 1821 Sanchez
1048 1758 1199 1819 dub.
1232 1775 1359 1819 xlx.
1395 1759 1731 1835 affirmant,
1835 1762 2171 1841 accipiunt,
2236 1766 2300 1822 et
2364 1760 2541 1840 cujus
2604 1761 2728 1840 juri
2804 1762 3122 1823 renuntiat
3169 1762 3327 1822 alius
3357 1782 3372 1822 2

64 1875 188 1917 ιιιεω.
230 1852 355 1932 quia
379 1853 476 1912 ille
506 1856 864 1913 contractus
893 1851 1230 1930 aequivalet
1254 1851 1630 1926 venditioni,
1675 1854 1739 1911 et
1836 1874 2029 1935 quare
2059 1854 2146 1914 ibi
2173 1853 2505 1915 intercedit
2530 1873 2681 1914 vera
2710 1854 3023 1930 alienatio,
3063 1873 3253 1934 quam
3281 1855 3374 1914 fa-

65 1986 140 2019 m
229 1946 327 2005 hac
353 1945 697 2025 prohibita,
751 1949 1042 2006 censetur
1085 1943 1437 2022 prohibitus
1467 1944 1568 2004 ille
1597 1961 1740 2004 con·
1836 1966 1977 2009 cere
2007 1966 2130 2008 non
2174 1950 2379 2027 potest
2406 1946 2505 2006 ille
2536 1947 2644 2024 qui
2689 1946 3042 2026 prohibitus
3086 1952 3180 2009 est
3233 1946 3378 2007 alie-

229 2043 455 2099 tractus.
518 2040 658 2116 lpse
713 2043 924 2097 tamen
973 2036 1257 2099 Sanchez
1311 2037 1533 2097 melius
1591 2055 1738 2096 cum
1837 2058 2009 2116 nare,
2047 2043 2114 2100 ut
2140 2039 2417 2100 fatentur
2461 2038 2772 2115 doctoreS,
2830 2038 2978 2118 quia
3021 2039 3240 2101 dicunt
3281 2057 3379 2099 ec-

227 2131 342 2191 aliis
367 2131 515 2192 dicit
543 2148 669 2190 000
697 2128 953 2204 deberi,
1017 2128 1166 2208 quia
1211 2128 1356 2190 licet
1383 2132 1738 2190 contractus
1835 2132 2212 2195 clesiasticos
2240 2150 2364 2192 000
2422 2149 2603 2210 posse
2644 2131 3016 2210 transigere,
3051 2132 3213 2193 sicut
3255 2149 3378 2192 non

224 2224 291 2285 sit
313 2223 522 2284 similis
549 2221 929 2298 venditioni,
963 2240 1088 2282 non
1120 2226 1216 2283 est
1241 2225 1453 2283 tamen
1485 2221 1738 2300 proprie
1836 2229 2098 2306 possunt
2127 2224 2424 2300 alienare,
2457 2241 2614 2304 quos
2643 2223 2835 2284 refert
2863 2228 2926 2284 et
2950 2224 3235 2304 sequitur
3263 2223 3382 2284 Fil-

223 2322 276 2378 et
299 2316 501 2378 stricte
532 2314 809 2376 venditio
870 2334 884 2375 ε
948 2313 1219 2374 diximus
1267 2319 1478 2375 autem
1527 2314 1590 2374 in
1619 2313 1739 2373 hac
1835 2318 2060 2379 liucius
2089 2318 2151 2377 in
2182 2317 2547 2395 Appendice
2590 2320 2770 2378 tract.
2822 2333 2987 2378 xmv.
3029 2317 3098 2378 de
3141 2316 3377 2378 alienat.

223 2409 463 2471 materia
530 2407 958 2470 venditionem
1025 2406 1239 2468 stricte
1306 2405 1739 2484 accipiendam
1837 2430 1956 2473 rer.
1988 2409 2327 2470 Ecclesiast.
2360 2427 2498 2487 cap.
2533 2410 2607 2470 11.
2640 2408 2696 2487 ἓ.
2729 2424 2800 2469 11.
2837 2428 2941 2488 qu.
2988 2423 3085 2469 111.
3137 2428 3243 2470 nu.
3276 2413 3376 2471 25.

224 2521 359 2563 esse.
1837 2503 2085 2579 gabella
2112 2501 2304 2582 igitur
2334 2520 2409 2561 ex
2438 2504 2764 2563 contractu
2805 2500 3018 2562 debita
3052 2500 3385 2564 debebitur

286 2596 613 2658 Dubitatur
650 2593 949 2670 secundo,
1009 2610 1088 2652 an
1142 2592 1392 2672 quando
1443 2592 1742 2653 fundatur
1839 2596 2028 2657 etiam
2055 2595 2118 2655 in
2150 2595 2253 2656 illo
2284 2612 2454 2655 casu.

220 2707 440 2766 census,
475 2688 784 2750 debeatur
807 2685 1096 2764 gabella?
1117 2685 1553 2762 Respondetur
1571 2685 1742 2745 afflr-
1917 2688 2143 2750 Adhuc
2174 2691 2381 2748 tamen
2412 2686 2750 2747 dicendum
2795 2687 3069 2765 videtur,
3103 2706 3228 2748 000
3272 2687 3383 2747 de·-

219 2783 449 2859 mative,
482 2781 634 2861 quia
663 2779 770 2840 illa
797 2784 892 2841 est
924 2797 1075 2838 vera
1121 2782 1184 2839 et
1237 2777 1490 2857 propria
1519 2777 1743 2839 vendi·
1839 2780 1975 2842 beri
2003 2784 2154 2841 tunc
2181 2779 2496 2857 gabellum
2551 2779 2829 2841 debitam
2889 2798 2965 2839 ex
3019 2780 3380 2843 venditione

217 2876 311 2952 tio,
343 2876 422 2937 ita
446 2873 731 2937 Sanchez
775 2890 917 2932 cum
960 2870 1097 2931 aliis
1142 2870 1289 2931 dub.
1328 2886 1430 2931 xx.
1478 2874 1541 2931 et
1586 2873 1743 2932 Vas-
1842 2879 1950 2935 aut
1993 2873 2475 2952 permutatione,
2537 2872 2685 2951 quia
2747 2872 2891 2933 licet
2934 2874 3270 2934 transactio
3317 2871 3380 2932 in

218 2987 358 3048 quez
386 2968 554 3029 dicto
586 2965 840 3045 cap.V1.
864 2963 933 3024 de
955 2963 1203 3024 restitut.
1223 2964 1279 3042 ἓ.
1315 2981 1382 3024 11.
1417 2963 1566 3024 dub.
1597 2980 1735 3024 v111.
1840 2972 2107 3045 utroque
2136 2984 2282 3025 casu
2316 2965 2395 3025 sit
2434 2984 2620 3025 verus
2683 2968 3062 3042 contractus,
3110 2984 3233 3026 non
3280 2970 3379 3027 ta-

216 3081 269 3123 n.
298 3064 390 3123 49.
440 3059 733 3122 Advertit
774 3063 985 3118 autem
1030 3055 1314 3117 Sanchez
1352 3073 1476 3116 non
1525 3055 1739 3117 deberi
1839 3077 1986 3119 men
2017 3062 2110 3119 est
2139 3057 2387 3135 proprie
2419 3062 2482 3118 et
2518 3058 2729 3118 stricte
2768 3058 3046 3119 venditio
3091 3063 3200 3119 aut
3238 3077 3383 3137 per-

214 3154 510 3234 gabellam
541 3150 801 3232 singulis
831 3150 1031 3227 anniS,
1064 3149 1176 3210 sed
1206 3149 1398 3211 semel
1440 3149 1502 3209 in
1540 3150 1742 3229 prima
1840 3151 2128 3228 mutatiO,
2162 3150 2270 3211 sed
2303 3150 2460 3210 alius
2504 3154 2861 3212 contractus
2907 3151 3329 3213 innominatus
3361 3170 3376 3211 :

211 3247 561 3309 fundatione
593 3261 816 3306 census
849 3262 864 3302 ε
900 3262 980 3302 an
1037 3261 1187 3303 vero
1226 3242 1532 3303 debeatur
1579 3261 1742 3303 nova
1841 3251 1903 3308 et
1932 3245 2071 3305 ideo
2100 3243 2371 3321 gabella,
2405 3261 2545 3322 quae
2577 3262 2654 3302 ex
2682 3246 2816 3304 sola
2864 3243 3227 3306 venditione
3275 3248 3384 3306 aut

213 3341 463 3420 gabella,
499 3338 754 3418 quando
784 3340 1001 3415 postea
1029 3353 1253 3397 census
1276 3334 1625 3413 redimitur,
1653 3335 1743 3395 di-
1841 3337 2301 3418 permutatione
2341 3336 2555 3397 stricta
2613 3336 2900 3414 debetur,
2936 3355 3058 3397 000
3117 3337 3383 3398 debetur

213 3452 409 3495 cemus
438 3433 605 3493 infra
632 3430 830 3490 dubit.
861 3445 990 3490 xvl.
1841 3450 1917 3491 ex
1945 3429 2084 3505 illis,
2119 3432 2189 3488 ut
2216 3447 2360 3488 cum
2390 3429 2528 3489 aliis
2558 3429 2713 3490 dixit
2748 3429 2910 3490 bene
2941 3430 3174 3491 Molina
3215 3431 3383 3492 dicta
3509 3420 3511 3423 ⁴

64 3526 105 3586 10
282 3526 614 3588 Dubitatur
641 3523 849 3598 tertio,
884 3540 964 3581 an
1006 3539 1081 3580 ex
1126 3519 1546 3582 transactione
1600 3537 1740 3599 quae
1841 3523 2073 3601 disput.
2110 3524 2248 3582 556.
2281 3522 2337 3599 ς.
2372 3520 2527 3581 Sunt
2556 3539 2713 3598 vere,
2746 3521 2856 3582 ubi
2879 3521 3042 3582 hanc
3069 3524 3380 3585 rationem

64 3667 111 3697 ,α
211 3621 274 3682 fit
304 3621 383 3681 ad
410 3616 878 3681 terminandam
908 3614 1103 3690 litem,
1138 3614 1441 3675 debeatur
1469 3614 1735 3693 gabella.
1839 3614 2119 3677 adducit.

64 3710 170 3772 Μ·
210 3713 430 3792 Aliqui,
464 3729 628 3791 quos
658 3710 838 3769 affert
883 3705 1167 3770 Sanchez
1212 3705 1363 3766 dub.
1395 3722 1523 3766 xx1.
1571 3706 1741 3766 affir-
1920 3706 2254 3768 Dubitatur
2280 3709 2526 3785 quart0,
2577 3710 2789 3768 utrum
2827 3727 2902 3768 ex
2941 3708 3221 3770 cessione
3267 3710 3634 3783 de-151

64 3775 393 3881 &mant
426 3803 581 3884 quia
612 3801 716 3862 illa
746 3804 840 3861 est
865 3797 1164 3861 venditio.
1198 3797 1321 3857 Alii
1350 3797 1742 3876 distinguunt
1838 3801 2062 3862 beatur
2086 3798 2226 3859 talis
2255 3798 2541 3877 gabella?
2574 3800 3029 3878 Respondetur,
3080 3802 3133 3863 si
3176 3803 3374 3863 cessio
3477 3847 3537 3901 Qu
3542 3848 3596 3899 Ὃ·

208 3904 262 3961 et
300 3899 521 3959 dicunt
565 3894 803 3970 deberi,
837 3891 1090 3997 quando
1131 3891 1384 3967 fundus,
1419 3909 1478 3951 v.
1512 3910 1575 3969 3.
1620 3891 1737 3953 liti·
1838 3894 1949 3955 fiat
1975 3894 2232 3970 propter
2281 3891 2573 3969 pretium,
2627 3892 2865 3969 deberi,
2901 3895 3049 3974 quia
3092 3900 3185 3956 est
3224 3914 3372 3956 vera
3421 3902 3566 3998 ”gruis
3531 3883 3614 3952 1ιὶ.

204 3991 404 4070 giosus
435 3987 791 4068 applicatur
806 3986 860 4045 ei
885 3984 993 4065 qui
1022 4001 1166 4044 eum
1196 4001 1320 4044 non
1349 3983 1732 4063 possidebat,
1837 3984 2135 4047 venditio,
2172 3985 2237 4046 Si
2266 4002 2414 4044 vero
2462 3984 2541 4044 sit
2578 3985 2781 4044 solum
2818 3987 3102 4048 executio
3148 3988 3373 4066 prioris
3446 4021 3547 4066 pm
3488 3863 3720 4055 misti?
3632 3911 3720 4000 :nm

204 4084 338 4145 dato
368 4083 586 4162 aliquo
612 4078 810 4160 pretio
833 4077 1007 4140 alteri
1029 4077 1093 4136 in
1123 4077 1732 4155 compensationem:
1836 4082 2193 4141 contractus
2224 4096 2347 4138 non
2376 4076 2613 4153 deberi,
2643 4082 2711 4140 ut
2738 4079 2790 4138 si
2819 4084 3188 4157 procurator
3207 4087 3376 4143 emat

200 4196 369 4238 secus
397 4174 655 4257 quando
687 4175 970 4233 remanet
997 4170 1165 4249 apud
1220 4169 1548 4248 antiquum
1593 4188 1739 4248 pos·
1833 4190 1968 4234 rem
1998 4170 2250 4233 nomine
2280 4169 2557 4246 alteriuS,
2592 4170 2693 4230 cui
2721 4170 2892 4231 illam
2918 4176 3136 4252 postea
3182 4174 3367 4251 cedit,

200 4288 504 4331 sessorem
544 4267 691 4327 dato
721 4266 928 4344 aliquo
959 4263 1157 4341 pretio
1189 4262 1244 4322 ei
1274 4262 1382 4341 qui
1424 4280 1548 4323 000
1595 4281 1740 4341 pos·-
1836 4285 1963 4327 non
2018 4264 2286 4325 debetur
2340 4282 2415 4323 ex
2471 4263 2752 4324 cessione
2804 4265 3073 4343 gabella,
3110 4270 3178 4327 ut
3229 4285 3372 4327 cum

199 4364 458 4439 sidebat,
496 4361 586 4422 ita
614 4358 1004 4437 Tiraquellus
1032 4355 1101 4417 de
1144 4363 1404 4416 retractu
1428 4355 1733 4434 qentilitzb,
1837 4359 1973 4420 aliis
2002 4359 2188 4419 docet
2216 4355 2445 4418 Sanch.
2481 4356 2647 4417 dicto
2678 4375 2819 4435 cap.
2854 4375 2938 4419 1v.
2973 4358 3127 4423 dub.
3160 4375 3315 4421 xxn.

198 4456 250 4534 ἓ.
295 4474 338 4517 1.
399 4455 599 4534 gloss.
647 4468 778 4513 mv.
830 4470 936 4510 nu.
990 4452 1090 4511 61.
1138 4448 1260 4510 Alii
1304 4448 1542 4525 dicunt,
1593 4449 1740 4510 licet
1917 4451 2250 4512 Dubitatur
2278 4449 2517 4528 quinte,
2551 4468 2631 4509 an
2660 4449 2892 4510 debeas
2934 4450 3267 4530 gabellam‚
3320 4452 3372 4512 si

198 4547 534 4611 transactio
561 4546 641 4606 sit
669 4543 919 4622 proprie
947 4545 1325 4617 contractuS,
1358 4559 1482 4601 non
1521 4540 1738 4601 deberi
1837 4548 2173 4624 postquam
2228 4542 2433 4603 emisti
2484 4542 2893 4620 frumentum,
2929 4545 3096 4622 quod
3145 4544 3370 4623 exiguo

198 4661 265 4702 ex
296 4661 372 4703 ea
398 4639 719 4721 gabellam
750 4635 1028 4697 debitam
1071 4654 1146 4695 ex
1193 4634 1325 4695 sola
1382 4633 1737 4696 venditione
1838 4637 2036 4716 pretio
2095 4635 2410 4710 invenisti,
2445 4638 2507 4696 et
2535 4634 2742 4695 animo
2789 4641 2856 4697 ut
2900 4636 3008 4697 tibi
3052 4641 3114 4698 et
3156 4636 3370 4697 amicis

198 4736 289 4796 vel
314 4732 809 4815 permutatione,
844 4730 990 4809 quia
1018 4732 1113 4790 est
1161 4728 1445 4788 diversus
1490 4732 1738 4788 contra-
1838 4728 2170 4808 providere
2218 4747 2455 4807 possea,
2489 4733 2705 4807 postea
2737 4728 2952 4788 amicis
2988 4729 3098 4789 das
3127 4734 3370 4809 partem

195 4833 347 4904 etue,
383 4829 475 4888 ita
496 4843 643 4886 cum
661 4826 917 4883 Lasarte
946 4820 1179 4883 Melina
1208 4825 1358 4881 tom.
1394 4836 1461 4880 11.
1496 4819 1557 4880 d.
1591 4823 1730 4881 556.
1836 4822 2042 4883 illius?
2071 4820 2430 4901 Respondet
2455 4821 2621 4879 idem
2678 4821 2960 4882 Sanchez
3003 4821 3153 4882 dub.
3187 4839 3364 4883 xxm.

196 4921 434 4981 Padilla
464 4917 681 4992 etiam,
714 4922 777 4977 et
808 4914 1202 4989 ParladoruS,
1236 4931 1392 4993 quos
1430 4914 1629 4990 affert,
1675 4916 1739 4975 et
1834 4916 2018 4991 0000,
2053 4914 2104 4974 si
2134 4933 2208 4974 ex
2235 4914 2534 4975 mandato
2581 4913 2925 4974 amicorum
2968 4914 3192 4992 emisti,
3226 4933 3372 4993 pro—

194 5014 481 5094 sequitur
514 5008 748 5073 Sanch.
783 5008 949 5069 dicto
981 5006 1133 5067 dub.
1165 5022 1291 5067 xxl.
1836 5009 1936 5071 cul
1966 5007 2158 5068 dubio
2191 5026 2316 5067 000
2345 5006 2582 5067 deberi.
2618 5006 2680 5068 Si
2714 5025 2859 5067 vero
2904 5007 3038 5067 sine
3083 5008 3206 5068 ullo
3265 5026 3370 5068 eo-

269 5107 392 5167 Alii
443 5105 634 5166 aliter
676 5101 1112 5178 distinguunt3
1175 5117 1321 5159 nam
1358 5099 1456 5159 vel
1508 5118 1607 5160 res
1655 5099 1737 5168 ,(10
1834 5120 1977 5163 rum
2004 5101 2304 5161 mandato
2357 5100 2546 5162 tacito
2590 5103 2653 5161 et
2693 5119 3023 5179 expresso;
3058 5100 3120 5160 in
3162 5100 3369 5179 rigore

195 5218 316 5279 qua
345 5202 490 5260 erat
518 5197 616 5273 lia,
651 5200 713 5256 et
740 5193 1061 5269 dividitur,
1103 5196 1168 5253 et
1220 5210 1333 5271 per
1386 5192 1740 5253 translatio-
1837 5194 2035 5257 videri
2064 5199 2283 5272 postea
2315 5212 2544 5253 novam
2573 5192 2997 5253 venditionem
3022 5212 3096 5253 ex
3126 5194 3369 5275 quade-

193 5312 336 5355 nem
366 5311 523 5373 pars
574 5290 758 5350 datur
785 5287 915 5364 uni,
949 5291 1013 5348 et
1059 5303 1203 5363 pars
1248 5284 1449 5360 alteri,
1483 5289 1545 5347 et
1590 5290 1738 5347 tunc
1835 5287 2061 5349 beatur
2089 5285 2359 5365 gabella,
2392 5304 2467 5345 ex
2495 5284 2787 5364 aequitate
2840 5290 3052 5347 tamen
3098 5306 3222 5348 non
3265 5287 3370 5347 de·
3402 5360 3406 5364 .

192 5405 315 5447 000
372 5385 652 5447 debetur
705 5380 975 5460 gabella‚
1015 5378 1163 5458 quia
1217 5377 1370 5439 nihil
1421 5378 1735 5456 venditur,
1837 5378 1994 5456 beri,
2029 5379 2177 5460 quia
2224 5378 2456 5440 videris
2511 5377 2683 5456 prius
2740 5377 3036 5458 implicite
3092 5379 3368 5441 anImum

523 5479 679 5538 Τοιι.
713 5475 843 5539 Vll.
2973 5476 3052 5533 42
