4263 6376
856 370 976 430 440
2017 368 2119 428 DE
2161 368 2514 430 JUSTITIA
2558 368 2659 430 ET
2699 368 2899 430 JURE

861 562 1046 603 usum
1072 541 1270 619 tundi,
1303 544 1366 602 et
1392 558 1518 601 non
1538 541 1829 618 fructum,
1857 540 1964 620 qui
1992 544 2160 602 certe
2189 541 2395 602 solum
2495 560 2613 601 nec
2653 543 2883 621 poterit
2927 546 3173 621 partem
3221 539 3591 603 conductori
3649 541 3998 620 relinquere,

862 640 1068 714 potest
1146 634 1426 712 accipere
1481 653 1669 712 poma
1724 639 1786 695 et
1837 635 2006 694 olera
2064 634 2148 694 ad
2207 652 2396 693 suum
2497 652 2614 695 nec
2640 633 2704 693 id
2735 635 2986 712 pacisci,
3021 635 3139 695 nisi
3167 634 3356 696 vellet
3384 653 3460 693 ex
3487 651 3601 694 suo
3627 633 4005 712 supplere,ut

865 747 1069 804 usum,
1103 746 1228 788 non
1255 746 1402 787 vero
1431 727 1664 803 locare,
1699 730 1808 787 aut
1837 726 2131 803 vendere,
2156 731 2225 787 ut
2254 744 2397 787 cum
2496 726 2886 788 tantumdem
2916 727 2977 785 in
3008 727 3113 787 illo
3147 727 3249 806 pio
3272 746 3385 787 usu
3424 726 3802 800 insumatur,
3838 744 4006 805 quan·

863 821 1000 881 aliis
1030 822 1205 878 notat
1231 818 1461 877 Molina
1491 821 1537 880 1.
1571 824 1724 880 tom.
1760 823 1941 880 tract.
1977 836 2045 879 11.
2083 819 2314 897 disput.
2335 822 2394 879 4.
2497 822 2630 879 tum
2661 837 2883 879 revera
2911 820 3312 896 eleemosyna
3339 818 3487 879 data
3515 819 3790 879 valebat.

867 911 1225 975 Conductor
1272 914 1483 972 autem
1522 917 1729 990 potest
1775 930 2029 991 equum,
2062 911 2162 971 vel
2199 911 2403 971 famu·
2582 912 2871 973 Secundo
2945 912 3179 990 injusta
3232 911 3421 973 etiam
3478 916 3644 972 esset
3690 910 3915 971 locatio
3960 915 4011 970 et

794 1040 799 1043 Δ
865 1007 997 1067 lum
1026 1003 1409 1065 conductum
1437 1005 1574 1064 aliis
1602 1006 1810 1065 locare
1842 1006 1923 1065 ad
1950 1005 2244 1066 eumdem
2274 1024 2402 1066 om·
2501 1005 2857 1080 conductio,
2892 1005 3143 1084 quando
3171 1005 3413 1065 locator
3449 1003 3530 1063 ad
3560 1022 3744 1064 suam
3773 1004 4012 1063 necessi·

867 1097 1012 1159 nino
1073 1114 1274 1171 usum,
1325 1101 1393 1156 ut
1446 1100 1692 1158 constat
1738 1116 1814 1157 ex
1870 1098 1912 1158 l.
1963 1097 2170 1170 Nenw,
2219 1100 2286 1158 C.
2338 1096 2407 1157 de
2499 1098 2950 1176 tatemindiget
2976 1097 3122 1157 solis
3151 1102 3424 1173 centum,
3462 1101 3523 1157 et
3550 1097 3725 1157 locat
3755 1115 3866 1174 pro
3894 1114 4016 1155 cen·

869 1191 1078 1265 locate,
1130 1207 1206 1248 ex
1235 1188 1276 1248 l.
1315 1188 1463 1248 Cum
1494 1189 1553 1247 in
1590 1188 1815 1269 plures,
1854 1190 1918 1249 in
1956 1190 2285 1269 principio,
2340 1192 2401 1250 ff.
2502 1196 2635 1252 tum
2686 1191 2913 1268 quibus
2959 1189 3245 1267 indiget:
3281 1194 3430 1250 tunc
3476 1189 3644 1248 enim
3695 1188 4017 1248 conductor

870 1282 1064 1344 locati.
1101 1281 1425 1355 Quomodo
1458 1285 1670 1342 autem
1715 1287 1866 1344 tunc
1906 1284 2073 1344 bona
2100 1283 2230 1359 illa,
2267 1301 2405 1361 quae
2506 1283 2816 1363 quidquid
2849 1282 3010 1342 ultra
3053 1286 3307 1343 centum
3346 1282 3593 1359 accipit,
3626 1280 3862 1359 injuste
3885 1282 4020 1340 acci-

870 1374 1188 1438 secundus
1218 1373 1566 1434 conductor
1592 1374 1837 1436 induxit
1864 1375 1927 1435 in
1957 1374 2216 1436 domum
2243 1376 2409 1435 loca·
2506 1377 2617 1456 pit.
2687 1375 2868 1435 Ratio
2919 1378 3032 1450 est,
3085 1374 3232 1454 quia
3275 1373 3514 1435 locator
3554 1393 3678 1435 non
3732 1374 3930 1452 potuit
3971 1373 4021 1432 in

870 1474 1029 1541 tam,
1093 1467 1217 1528 sint
1266 1466 1691 1544 hypotheca'ta
1738 1468 1940 1546 primo
1991 1467 2254 1529 locatori
2296 1485 2409 1545 pro
2512 1468 2964 1531 conductorem
2994 1468 3334 1528 transferre
3364 1467 3481 1527 nisi
3505 1467 3614 1545 jus
3641 1466 3857 1527 solum
3881 1466 4022 1546 quod

873 1560 1200 1642 pensione,
1237 1558 1289 1619 si
1321 1559 1561 1638 primus
1591 1560 1937 1623 conductor
1966 1578 2107 1620 eam
2137 1577 2261 1620 non
2291 1559 2417 1620 sol·
2512 1561 2786 1623 habebat
2820 1580 2833 1621 ε
2867 1560 2998 1639 ipse
3041 1565 3256 1621 autem
3286 1578 3410 1621 non
3443 1560 3725 1620 habebat
3763 1559 3892 1639 juS,
3929 1560 4023 1619 nisi

876 1657 1004 1730 vat,
1059 1651 1329 1711 diximus
1386 1670 1573 1729 supra
1618 1652 1915 1732 disputat.
1961 1670 2061 1725 xx,
2105 1651 2176 1712 de
2215 1651 2418 1712 ordine
2515 1655 2592 1715 ad
2626 1653 2993 1732 accipienda
3035 1657 3289 1713 centum
3337 1652 3563 1731 quihus
3591 1652 3869 1731 indiget;
3901 1669 4024 1728 ergo

877 1743 1286 1820 restitutionz'S,
1338 1749 1491 1805 sect.
1544 1761 1629 1806 1v.
1666 1746 1911 1823 agendo
1944 1745 2022 1805 de
2065 1745 2270 1806 tacitis
2299 1744 2417 1823 hy·
2515 1765 2640 1807 non
2668 1744 2874 1826 potuit
2899 1744 3236 1805 transferre
3266 1744 3334 1803 in
3359 1744 3818 1805 conductorem
3841 1743 3939 1822 jus
3963 1743 4028 1801 ad

878 1837 1186 1919 pothonis,
2514 1832 2788 1917 petenda
2832 1841 3086 1898 centum
3127 1841 3191 1898 et
3218 1836 3461 1916 viginti,
3497 1838 3617 1897 nisi
3672 1838 3842 1897 torte
3888 1837 4029 1896 loca-

674 1944 711 2004 3
962 1929 1244 1991 Dubitari
1293 1933 1519 2008 potest,
1571 1948 1649 1989 an
1693 1930 1743 1990 si
1792 1929 1931 2009 quis
1960 1929 2193 1991 habeat
2231 1929 2419 1990 licen·
2516 1935 2616 1993 tor
2645 1949 2757 2009 per
2784 1949 2848 1990 se
2891 1930 3095 2007 ipsum
3150 1948 3277 1989 non
3317 1933 3524 2007 posset
3580 1929 4030 2006 eleemosynam

574 2068 652 2121 ou,
673 2068 795 2111 lube,
882 2024 1035 2086 tiam
1062 2024 1272 2101 Papae,
1327 2023 1425 2083 vel
1471 2022 1746 2102 episcopi
1776 2022 1853 2081 ad
1884 2023 2228 2100 petendum
2257 2023 2421 2083 elee-
2518 2026 2925 2104 petere:tunc
2950 2023 3114 2083 enim
3128 2027 3340 2100 posset
3367 2022 3515 2082 dare
3539 2022 3728 2083 alteri
3736 2021 3843 2101 jus
3863 2021 3936 2080 ad
3951 2040 4034 2100 pe·

582 2110 792 2165 lit-,ennam
887 2133 1213 2193 mosynam
1246 2134 1357 2194 per
1385 2133 1450 2175 se
1480 2116 1578 2174 vel
1609 2134 1721 2194 per
1747 2115 1924 2192 alios,
1954 2118 2025 2176 ut
2051 2133 2180 2177 suae
2204 2134 2419 2176 neces·
2520 2116 2779 2178 tendum
2803 2134 2916 2176 suo
2934 2115 3186 2175 nomine
3207 2113 3269 2174 id
3288 2132 3410 2193 quo
3440 2115 3708 2192 indiget,
3737 2120 3805 2174 et
3830 2133 4035 2174 meree-

540 2176 706 2231 petendi
724 2176 839 2217 elec·
921 2209 933 2221 .
1037 2208 1049 2220 .
1645 2208 1656 2219 .
1914 2209 1926 2221 .
2129 2209 2164 2221 ..
2366 2209 2378 2221 .
2764 2207 2775 2219 .
2987 2207 2998 2219 .
3213 2207 3224 2219 .
3745 2207 3758 2217 .
3936 2207 3948 2217 .

541 2239 840 2283 mosynam,an
887 2212 1055 2270 sitati
1111 2208 1433 2284 consulat,
1493 2212 1690 2286 possit
1742 2207 1862 2268 hoc
1901 2227 2007 2287 Jus
2063 2209 2168 2268 alu
2223 2213 2423 2286 pretio
2523 2209 2667 2268 dem
2698 2212 2885 2268 etiam
2908 2227 3001 2268 sui
3032 2209 3468 2281 labor1s3nam
3491 2225 3720 2267 revera
3742 2207 3847 2267 1110
3876 2212 4034 2265 etiam

570 2282 813 2337 9⁰⁸⁸i⁸⁶⁸¹¹¹
888 2304 1119 2364 locare.
1182 2303 1248 2361 P.
1295 2300 1569 2361 Thomas
1612 2299 1893 2362 Sanchez
1945 2301 2052 2361 lib.
2098 2317 2142 2362 1.
2199 2300 2422 2362 Consil.
2525 2301 2723 2380 pretio
2756 2300 2987 2361 laboris
3017 2299 3257 2379 indiget
3300 2300 3562 2376 locator,
3612 2304 3684 2360 ut
3734 2300 4035 2378 solvatpe-

620 2335 773 2379 locare.

893 2414 948 2457 c.
980 2410 1093 2454 v11.
1120 2392 1271 2454 dub.
1306 2410 1375 2452 ιι.
1410 2412 1471 2454 n.
1506 2397 1565 2453 2.
1590 2393 1865 2454 affirmat
1892 2412 2034 2453 cum
2072 2394 2428 2474 Henriquez

891 2488 1001 2548 lib.
1037 2503 1148 2547 vn.
1184 2484 1253 2545 de
1299 2483 1671 2564 indul-qenais
1720 2503 1858 2564 cap.
1905 2503 2088 2548 xxxv.
2125 2505 2186 2547 n.
2221 2490 2281 2548 5.
2317 2486 2425 2565 qui

894 2584 1106 2641 tamen
1136 2579 1337 2638 solum
1369 2579 1527 2639 dixit
1555 2579 1940 2639 contrarium
1970 2598 2095 2640 non
2125 2598 2261 2640 esse
2292 2598 2428 2640 cer-

895 2677 1058 2734 tum.
1103 2671 1334 2732 Probat
1362 2675 1574 2732 autem
1609 2671 1912 2748 Sanchez,
1948 2672 2098 2750 quia
2123 2673 2292 2733 nullo
2325 2691 2433 2731 ex-

895 2783 1110 2844 presso
1152 2763 1295 2843 jure
1325 2764 1533 2823 locare
1563 2763 1954 2840 prohibetur,
2006 2769 2116 2825 aut
2143 2765 2215 2825 fit
2243 2765 2431 2825 inha-

896 2858 1038 2919 bilis
1068 2857 1147 2916 ad
1181 2856 1453 2935 pretium
1499 2855 1827 2916 locationis
1870 2856 2322 2936 recipiendum,
2375 2862 2438 2919 et

898 2950 1067 3011 locat
1089 2949 1188 3029 jus
1226 2949 1377 3009 illud
1407 2948 1574 3028 quod
1607 2948 1818 3025 habet,
1852 2952 1914 3010 et
1941 2954 2035 3010 est
2080 2954 2438 3011 contractus

902 3043 1192 3118 fortunoe,
1241 3059 1363 3120 quo
1408 3044 1671 3120 uterque
1717 3041 1873 3102 lucri
1923 3047 1986 3103 et
2023 3041 2291 3121 jacturae
2333 3062 2437 3121 pe-

903 3136 1100 3197 riculo
1136 3134 1488 3215 exponitur.

987 3229 1108 3290 Alii
1154 3232 1360 3290 tamen
1413 3232 1645 3306 negant
1687 3228 1748 3288 id
1790 3228 2008 3302 licere;
2058 3248 2251 3308 quare
2301 3248 2443 3291 con-

909 3323 1133 3383 ductor
1177 3321 1496 3382 tenebitur
1523 3320 1873 3398 restituere,
1908 3322 2077 3401 quod
2108 3323 2443 3402 acquisivit

910 3416 1073 3476 ultra
1100 3414 1369 3493 pretium
1393 3414 1720 3474 locationis
1751 3414 1917 3494 quod
1951 3414 2156 3491 solvit,
2178 3421 2241 3476 et
2263 3434 2442 3476 suam

910 3507 1448 3583 sustentationem,
1507 3507 1595 3566 illi
1651 3507 1829 3585 cujus
1880 3512 2016 3567 erat
2057 3507 2336 3585 licentia,
2391 3508 2440 3568 si

911 3602 1191 3663 nondum
1246 3599 1381 3679 ejus
1450 3600 1802 3661 necessitati
1862 3600 2217 3660 consultum
2275 3605 2436 3674 erat;

909 3694 1187 3773 alioquin
1217 3693 1597 3772 pauperibus
1620 3692 1754 3752 aliis
1789 3713 1802 3752 ε
1832 3692 1982 3771 quia
2008 3692 2271 3754 intentio
2302 3711 2444 3754 con-

912 3786 1191 3848 cedentis
1241 3785 1559 3845 licentiam
1617 3803 1740 3844 non
1789 3789 1882 3845 est
1921 3789 1991 3845 ut
2033 3785 2294 3847 locetur.
2355 3787 2446 3847 Ita

915 3879 1266 3957 Rodriguez
1315 3878 1377 3937 in
1422 3878 1593 3937 bulla
1635 3877 2100 3955 compositionis
2140 3898 2202 3940 n.
2248 3883 2349 3941 51.
2381 3880 2447 3939 in

916 3975 1061 4046 fine,
1094 3977 1156 4032 ct
1184 3971 1476 4032 Corduba
1497 3971 1559 4030 in
1586 3969 1831 4030 Summa
1853 3971 2201 4049 quaestione
2221 3987 2441 4033 xcvm.

995 4064 1151 4125 Mihi
1177 4068 1345 4123 certe
1372 4063 1621 4138 locatio,
1659 4067 1720 4123 et
1748 4063 2079 4125 conductio
2112 4064 2217 4123 illa
2265 4065 2446 4125 valde

918 4157 1268 4237 periculosa
1302 4156 1577 4228 videtur3
1606 4156 1752 4235 quia
1772 4156 1996 4218 licetin
2026 4157 2237 4236 aliquo
2262 4175 2447 4218 sensu

918 4248 1201 4309 excusari
1247 4249 1404 4308 forte
1455 4254 1665 4326 posset
1692 4249 1772 4309 ab
1802 4247 2111 4327 injustitia
2162 4268 2241 4308 ex
2270 4253 2447 4327 parte

918 4342 1242 4420 utriusque
1276 4360 1289 4400 :
1325 4344 1419 4402 tot
1445 4345 1656 4401 tamen
1687 4341 2174 4401 circumstantiae
2219 4341 2298 4401 ad
2326 4341 2446 4402 hoc

917 4434 1340 4514 requiruntur,
1374 4438 1443 4494 ut
1468 4451 1609 4494 raro
1642 4433 2060 4510 inveniantur,
2112 4438 2176 4495 et
2201 4452 2452 4513 semper

917 4545 1213 4606 magnam
1258 4544 1387 4605 prae
1432 4545 1498 4586 se
1529 4527 1690 4586 ferre
1723 4527 1972 4587 videtur
1999 4526 2442 4605 indecentiam,

916 4621 1164 4701 pietatis
1193 4623 1495 4698 praetextu
1525 4620 1766 4679 lucrum
1797 4638 2101 4699 quaerere.

998 4713 1309 4792 Imprimis
1340 4731 1489 4791 ergo
1540 4730 1662 4773 non
1693 4713 1904 4788 credo,
1938 4712 2002 4771 id
2035 4712 2169 4772 sine
2198 4711 2445 4791 injusti-

916 4807 1004 4869 tia
1032 4807 1165 4867 fieri
1197 4823 1400 4883 posse,
1436 4804 1685 4884 quando
1707 4806 2120 4882 eleemosyna>
2149 4809 2449 4883 petuntur

919 4905 982 4960 et
1008 4900 1257 4976 dantur,
1300 4918 1359 4960 v.
1391 4917 1453 4977 g.
1506 4898 1585 4957 ad
1617 4898 1837 4959 missas
1884 4899 2292 4959 celebrandas
2333 4917 2445 4977 pro

916 4992 1244 5054 animabus
1271 4990 1642 5070 purgatorii,
1677 4991 1776 5051 vel
1821 4991 1901 5051 ad
1934 4991 2083 5070 quid
2124 4991 2347 5068 simile,
2396 4992 2447 5053 si

914 5084 1240 5148 locationis
1269 5102 1456 5144 causa
1484 5083 1691 5143 minus
1721 5084 1783 5143 in
1804 5083 2030 5158 missiS,
2065 5084 2163 5143 vel
2194 5084 2298 5144 illa
2326 5084 2448 5145 alia

914 5179 1017 5258 pia
1047 5195 1235 5238 causa
1265 5177 1677 5255 expendatur,
1711 5195 1901 5255 quam
1936 5177 2016 5236 sit
2046 5176 2448 5256 eleemosyna

916 5272 1121 5348 reipsa
1148 5274 1424 5347 erogata.
1461 5272 1617 5329 Nam
1649 5269 1871 5330 dantes
1902 5268 2073 5328 illam
2105 5270 2446 5349 eleemosy-

916 5383 1061 5424 nam
1090 5363 1424 5423 intendunt
1456 5366 1522 5423 ut
1550 5364 1630 5424 sit
1658 5363 1738 5422 ad
1767 5363 1943 5422 illum
1974 5362 2176 5423 solum
2205 5382 2388 5423 usum
2425 5384 2438 5424 :

917 5475 1111 5537 quare
1157 5456 1318 5517 sicut
1356 5456 1596 5516 locator
1640 5476 1766 5517 non
1808 5459 2019 5533 posset
2048 5461 2292 5533 partem
2339 5476 2446 5516 ex-

915 5550 1188 5632 pendere
1233 5549 1294 5607 in
1341 5547 1495 5608 alios
1544 5568 1711 5626 usus,
1747 5549 1845 5609 vel
1890 5549 2026 5609 aliis
2061 5549 2320 5625 donare,
2353 5549 2442 5610 sic

2524 2393 2682 2455 tenti
2711 2394 3175 2471 eleemosynam
3208 2411 3321 2471 pro
3353 2392 3510 2471 ips0.

2605 2486 2837 2562 Terti0,
2871 2485 2924 2545 si
2953 2485 3303 2546 conductor
3331 2485 3595 2545 deberet
3622 2484 3883 2544 aliunde
3911 2484 4037 2544 dare

2529 2582 2766 2639 certam
2796 2594 3108 2637 summam
3148 2576 3533 2655 pauperibus
3566 2580 3835 2654 propter
3859 2575 4040 2635 dehita

2529 2672 2790 2746 incerta,
2825 2674 2888 2730 et
2915 2674 3247 2749 postquam
3275 2669 3507 2730 locavit
3535 2669 3590 2728 ei
3634 2688 3886 2747 pauper
3911 2669 4042 2728 elee-

2531 2781 2864 2842 mosynam
2906 2763 3347 2841 colligendam,
3395 2762 3587 2822 vellet
3637 2762 3768 2821 sibi
3822 2762 4042 2821 nomine

2533 2858 2697 2917 illius
2727 2857 3020 2935 pauperis
3050 2856 3365 2934 applicare
3398 2872 3719 2915 summam
3751 2874 3938 2934 quam
3962 2855 4044 2914 de·

2534 2951 2661 3026 bet,
2685 2949 2896 3025 cred0,
2922 2948 3090 3028 quod
3121 2948 3185 3008 id
3214 2966 3338 3009 non
3360 2953 3574 3027 posset
3587 2947 3805 3008 facere
3826 2947 4044 3026 quando

2537 3062 2612 3102 ex
2632 3041 3045 3103 conductione
3076 3041 3312 3120 aliquid
3340 3042 3718 3101 lucraretur.
3747 3042 3924 3101 Ratio
3950 3046 4044 3109 est,

2537 3135 2685 3216 quia
2722 3152 2846 3206 non
2896 3133 3285 3195 satisfaceret
3315 3132 3683 3212 obligationi
3726 3151 3916 3212 quam
3957 3133 4050 3191 ha·

2537 3228 2728 3289 hebat
2775 3227 2966 3288 dandi
3013 3226 3398 3306 pauperibus
3438 3229 3634 3287 totam
3680 3226 3860 3286 illam
3911 3243 4047 3285 sum·

2539 3340 2708 3381 mam
2754 3320 3066 3399 integram
3099 3340 3113 3379 ε
3152 3338 3346 3399 quare
3392 3319 3573 3395 sicut,
3617 3320 3870 3379 seclusa
3908 3320 4049 3378 loea-

2538 3415 2729 3490 tione,
2779 3431 2902 3473 non
2933 3416 3144 3492 posset
3170 3412 3400 3492 pacisci
3440 3429 3584 3471 cum
3631 3430 3912 3490 paupere
3955 3412 4048 3470 hoe

2541 3506 2728 3566 modo
2772 3525 2785 3566 :
2838 3507 2969 3584 Ego
3017 3505 3180 3565 dabo
3226 3505 3342 3567 tibi
3388 3509 3635 3565 centum
3685 3525 3830 3583 quae
3878 3505 4049 3564 debeo

2543 3599 2693 3660 dare
2743 3598 3146 3676 pauperibuS,
3190 3597 3243 3658 si
3272 3600 3338 3658 tu
3371 3601 3629 3676 propter
3673 3596 3796 3657 hoc
3845 3598 4048 3657 benefi-

2543 3692 2708 3752 cium
2755 3691 3210 3752 condonaveris
3264 3690 3417 3749 mihi
3475 3690 3936 3769 quinquaginta
3980 3691 4052 3749 fa-

2543 3784 2735 3846 tendo
2765 3788 2826 3845 te
2873 3787 3126 3845 centum
3155 3783 3462 3862 accipere,
3505 3783 3654 3861 quia
3679 3787 3832 3843 tunc
3863 3802 4051 3843 revera

2545 3896 2670 3938 non
2732 3876 2913 3938 daret
2975 3877 3089 3936 nisi
3150 3877 3625 3955 quinquaginta.
3688 3878 3781 3936 Ita
3835 3895 3952 3936 nec
3995 3895 4054 3933 ex

2546 3973 2866 4030 contractu
2895 3970 3224 4030 locationis
3252 3974 3464 4047 posset
3490 3969 3597 4028 illa
3624 3969 4055 4048 quinquaginta

2547 4063 2665 4123 sibi
2706 4063 2954 4139 lucrari,
3008 4062 3155 4141 quia
3200 4068 3351 4123 tunc
3398 4061 3588 4122 etiam
3638 4080 3763 4122 non
3803 4062 4056 4121 dedisset

2545 4155 2807 4235 pauperi
2853 4156 2971 4216 nisi
3026 4154 3484 4235 quinquaginta
3528 4159 3593 4215 et
3638 4154 3871 4215 virtute
3913 4152 4054 4232 pacti

2545 4267 2690 4309 cum
2734 4249 2870 4327 ipso
2915 4248 3054 4309 initi
3097 4249 3399 4310 retineret
3442 4246 3562 4307 sibi
3604 4246 3730 4306 alia
3769 4247 4058 4326 quinqua·

2544 4343 2718 4421 ginta
2787 4348 2975 4421 atque
3048 4342 3190 4403 ideo
3247 4361 3370 4402 non
3424 4341 3816 4402 satisfaceret
3869 4340 4053 4400 debito

2546 4435 2734 4497 dandi
2766 4439 3020 4496 centum
3049 4435 3457 4515 pauperibuS.

2628 4530 2860 4602 Quarto
2910 4547 3033 4589 non
3080 4533 3293 4608 posset
3327 4529 3496 4607 juste
3541 4527 3647 4587 illa
3673 4527 3903 4587 locatio
3943 4524 4054 4585 sine

2545 4621 2848 4700 injustitia
2877 4622 3034 4698 fieri,
3069 4621 3320 4701 quando
3348 4639 3596 4683 summa
3632 4620 3892 4681 locatori
3922 4619 4052 4678 data

2547 4733 2671 4776 non
2727 4715 3130 4794 aequivaleret
3182 4715 3245 4774 in
3316 4713 3607 4792 prudenti
3664 4710 4054 4775 aestimatione

2546 4808 2961 4885 eleemosynae
3016 4826 3129 4886 per
3182 4807 3630 4869 conductorem
3677 4803 4053 4882 colligendae,

2545 4901 2642 4961 vel
2698 4899 2876 4978 cujus
2963 4919 3103 4979 spes
3175 4900 3518 4978 prudenter
3570 4898 3788 4958 haberi
3841 4903 4050 4976 posset.

2545 4993 2863 5072 Alioquin,
2914 4993 2966 5053 si
3010 5011 3254 5072 pauper
3296 5011 3410 5072 per
3454 5011 3520 5052 se
3565 4992 3769 5069 ipsum
3799 4987 4053 5068 petendo

2545 5105 2669 5146 non
2717 5091 3000 5165 speraret
3025 5086 3319 5164 colligere
3348 5086 3468 5145 nisi
3495 5086 3687 5158 mille,
3722 5083 4054 5144 conductor

2543 5182 2753 5240 autem
2782 5179 3044 5240 haberet
3070 5179 3299 5240 multos
3325 5179 3562 5238 amicos
3592 5177 3832 5248 divites,
3867 5194 3904 5233 a
3933 5172 4054 5252 qui·

2542 5271 2660 5331 bus
2701 5276 3002 5349 speraret,
3035 5272 3088 5332 si
3116 5272 3584 5349 eleemosynam
3614 5269 3690 5329 ab
3721 5269 3794 5328 iis
3821 5273 4048 5346 peteret

2544 5383 2656 5442 pro
2705 5382 2973 5442 persona
3004 5365 3248 5424 occulta
3276 5363 3557 5441 graviter
3594 5362 3928 5439 indigente,
3964 5359 4054 5414 eb-

2543 5461 2864 5518 tenturum
2894 5476 2959 5517 se
2989 5457 3208 5518 decem
3244 5457 3463 5532 millia,
3500 5459 3708 5535 posset
3737 5452 3894 5514 datis
3921 5451 4054 5510 solis

2542 5551 2709 5611 mille
2756 5552 3022 5611 retinere
3071 5551 3184 5611 sibi
3230 5569 3459 5610 novem
3509 5549 3702 5609 millia
3733 5566 3839 5628 pro
3869 5546 4048 5608 luem=
