4263 6376
850 252 972 313 550

851 427 1060 488 minus
1091 427 1287 506 digni,
1320 449 1460 508 quae
1492 429 1773 508 praelatio
1800 433 1950 493 tunc
1968 429 2220 492 videtur
2249 448 2386 492 esse

853 519 1246 599 participatio
1292 521 1601 582 bonorum
1652 525 1714 583 et
1752 522 2063 583 honorum
2106 541 2389 584 commu-

853 613 1049 688 nium,
1076 617 1137 673 et
1163 613 1497 691 aliquando
1528 614 1758 692 poterit
1784 633 1921 675 esse
1950 633 2143 694 grave
2174 634 2395 694 pecca-

849 709 1007 781 tum,
1033 706 1283 784 quando
1312 707 1582 768 inversio
1613 708 1715 767 illa
1747 707 1866 768 loci
1895 725 2018 767 non
2050 727 2273 786 parum
2302 709 2392 768 in-

850 801 1102 858 tererat.
1163 799 1342 860 Unde
1374 817 1498 859 non
1528 798 1839 859 immerito
1867 800 1900 860 J
1908 798 2143 859 acobus
2171 799 2391 860 vitium

849 889 1002 950 illud
1032 890 1251 968 carpit,
1286 891 1462 970 quasi
1493 891 1755 953 mortale
1787 896 2137 969 peccatum,
2163 895 2232 952 ut
2265 892 2392 951 col-

848 981 1064 1060 ligitur
1091 1001 1166 1042 ex
1194 983 1402 1043 verbis
1431 983 1958 1062 subsequentibus
2008 1004 2020 1043 :
2083 983 2161 1044 Sa·
2200 991 2391 1043 autem

847 1093 1122 1147 personas
1141 1075 1401 1156 accipitis
1419 1121 1435 1151 ,
1462 1085 1765 1145 peceatum
1796 1076 2152 1156 operamini,
2186 1075 2393 1136 redar-

848 1168 980 1247 9uti
1001 1167 1172 1247 aleqe
1200 1169 1373 1248 quasi
1388 1177 1861 1248 transgressores,
1902 1169 2259 1250 Quicumque
2284 1190 2394 1229 au-

849 1268 963 1321 tem
1000 1269 1180 1321 totam
1207 1261 1388 1340 leyem
1425 1262 1777 1336 servaverit,
1831 1261 2088 1342 offendat
2116 1261 2306 1324 autem
2334 1262 2396 1322 in

850 1374 984 1429 unc,
1015 1355 1208 1434 factus
1234 1362 1319 1415 est
1346 1355 1600 1415 omnium
1628 1375 1761 1418 reas
1779 1374 1805 1431 ,·
1835 1356 2005 1436 quod
2024 1356 2104 1415 de
2135 1360 2392 1434 peccato

848 1447 1076 1507 veniali
1106 1447 1370 1526 intelligi
1400 1465 1524 1507 non
1554 1453 1779 1526 potest.
1837 1449 2268 1512 Communiter
2293 1451 2389 1509 ta-

849 1558 997 1600 men
1036 1540 1284 1616 negatio
1333 1540 1587 1601 honoris
1634 1540 1825 1602 debiti
1874 1560 1999 1601 non
2030 1541 2150 1603 erit
2171 1546 2393 1602 contra

843 1632 1152 1713 justitiam
1200 1632 1684 1710 distributivam,
1706 1634 1819 1694 sed
1862 1639 2084 1694 contra
2112 1651 2395 1695 commu-

851 1726 1111 1788 tativam
1136 1746 1149 1786 ε
1188 1726 1334 1804 quia
1349 1726 1448 1786 vel
1479 1745 1603 1787 non
1633 1732 1769 1788 erat
1795 1726 1999 1787 honor
2017 1726 2397 1787 distribuen-

851 1820 1006 1896 duS,
1041 1823 1103 1880 et
1141 1819 1501 1882 reddendus
1548 1819 1629 1880 ab
1674 1837 1747 1881 eo
1788 1820 1894 1900 qui
1922 1819 2190 1880 reddere
2219 1819 2394 1880 illum

851 1911 1160 1988 debebat,
1213 1912 1391 1991 quasi
1439 1912 1726 1991 publicus
1768 1913 2167 1990 dispensator
2194 1911 2396 1974 bono-

850 2024 991 2066 rum
1021 2005 1472 2080 communium,
1495 2005 1605 2064 sed
1628 2024 1663 2064 a
1684 2023 1953 2084 persona
1973 2005 2221 2084 privata
2245 2026 2258 2065 :
2294 2005 2393 2065 vel

852 2103 1019 2160 certe
1050 2117 1174 2159 non
1209 2102 1343 2159 erat
1371 2098 1572 2159 honor
1600 2097 1848 2159 debitus
1873 2098 2075 2159 solum
2101 2098 2396 2177 respecti·

851 2212 950 2268 ve,
980 2195 1044 2254 et
1070 2195 1325 2270 propter
1352 2190 1706 2271 portionem
1736 2191 1815 2251 ad
1850 2191 2027 2267 alioS,
2079 2191 2190 2251 sed
2220 2191 2397 2252 abso·

848 2285 977 2346 lute
1012 2305 1025 2345 :
1065 2284 1316 2364 quando
1349 2285 1515 2344 enim
1565 2284 1955 2362 superiorem
1996 2304 2119 2345 non
2160 2285 2394 2345 salutas

852 2381 961 2438 aut
986 2375 1315 2453 revereriS‚
1368 2395 1561 2455 negas
1590 2376 1654 2437 id
1685 2377 1855 2455 quod
1885 2376 1944 2436 ei
1971 2376 2166 2437 debes
2213 2377 2393 2437 abso-

851 2471 979 2530 lute
1006 2473 1067 2531 et
1095 2470 1227 2529 sine
1257 2470 1661 2548 proportione
1688 2471 2070 2547 geometrica
2090 2516 2107 2541 ‚
2144 2473 2255 2531 aut
2297 2488 2391 2530 re-

850 2567 1068 2642 spectu
1097 2561 1177 2624 ad
1207 2561 1399 2634 alios;
1457 2561 1621 2641 quod
1654 2561 1704 2622 si
1735 2561 1891 2622 alios
1927 2562 2136 2622 minus
2167 2562 2392 2641 dignos

852 2655 1053 2734 magis
1084 2655 1373 2731 honores,
1398 2656 1547 2733 quia
1564 2654 1675 2715 tibi
1700 2654 1779 2714 ob
1806 2655 1960 2716 alias
1987 2655 2392 2716 circumstan-

851 2749 970 2810 tias
997 2748 1198 2826 magis
1226 2747 1530 2822 arrident,
1568 2751 1630 2808 et
1658 2748 2010 2825 digniorem
2043 2747 2212 2808 hunc
2242 2766 2394 2808 con-

850 2841 1114 2914 temnis;
1159 2841 1352 2900 habes
1381 2839 1568 2900 simul
1616 2840 2045 2919 acceptionem
2092 2857 2390 2918 persona-

852 2953 988 2995 rum
1021 2934 1330 3004 vitiosam,
1367 2951 1491 2993 non
1519 2937 1733 2996 tamen
1762 2932 2011 3012 proprie
2042 2936 2261 2993 contra
2284 2932 2389 3011 ju-

854 3027 1087 3089 stitiam
1116 3025 1609 3100 distributivam,
1645 3025 1792 3104 quia
1814 3043 1939 3085 non
1969 3043 2195 3103 peccas
2225 3025 2393 3086 circa

853 3119 1358 3181 distributionem
1385 3118 1697 3180 bonorum
1728 3117 2192 3195 communium,
2240 3137 2390 3198 quo-

853 3232 993 3274 rum
1026 3212 1380 3273 distributio
1411 3230 1487 3274 ex
1517 3211 1720 3271 officio
1744 3211 1823 3270 ad
1852 3217 1911 3274 te
1944 3216 2201 3290 spectet.

936 3309 1137 3381 Petes‚
1164 3309 1382 3366 contra
1411 3322 1599 3384 quam
1630 3304 1927 3366 virtutem
1955 3309 2177 3383 peccat
2205 3304 2390 3365 homo

854 3398 1156 3479 privatuS,
1181 3398 1288 3477 qui
1309 3397 1586 3458 convivis
1615 3397 1742 3457 suis
1771 3397 2249 3476 quosinvitavit‚
2268 3415 2393 3457 non

855 3491 1169 3553 distribuit
1209 3490 1389 3553 sedes
1428 3489 1606 3568 juxta
1635 3490 2109 3568 proportionem
2138 3491 2395 3551 merito-

851 3602 993 3646 rum
1020 3582 1438 3661 singulorum,
1488 3581 1800 3661 siquidem
1830 3601 1956 3642 non
1991 3587 2218 3661 peccat
2246 3601 2393 3660 pro·

851 3678 984 3758 prie
1007 3680 1224 3738 contra
1244 3674 1550 3756 justitiam
1578 3674 2067 3750 distributivam,
2096 3674 2242 3754 quia
2265 3693 2392 3735 non

851 3772 1162 3833 bonorum
1202 3768 1630 3829 communium
1675 3771 1769 3829 est
1813 3766 2221 3829 distributor?
2278 3771 2395 3829 Re-

850 3864 1163 3943 spondeo,
1208 3860 1549 3940 aliquando
1581 3878 1845 3938 peccare
1876 3859 2134 3938 quidem
2162 3865 2393 3922 morta-

850 3958 993 4018 liter
1021 3960 1237 4018 contra
1279 3953 1591 4033 justitiam
1640 3953 2182 4026 commutativam,
2245 3955 2394 4033 quia

850 4055 1227 4130 postponere
1256 4048 1393 4108 loco
1424 4065 1484 4108 v.
1524 4065 1588 4125 g.
1623 4045 1791 4108 hunc
1822 4046 2172 4124 digniorem
2203 4052 2266 4109 et
2291 4065 2395 4107 no-

850 4142 1137 4203 biliorem
1167 4140 1303 4200 aliis
1343 4139 1780 4216 interioribus,
1831 4139 2230 4217 reputabitur
2259 4159 2388 4200 me-

848 4235 967 4296 rito
999 4253 1111 4312 pro
1141 4233 1517 4295 contumelia
1545 4232 1644 4293 vel
1670 4231 2016 4312 ignominia
2042 4232 2243 4309 gravi,
2277 4251 2389 4311 pro

849 4345 974 4407 qua
1004 4326 1120 4387 erit
1151 4325 1341 4386 etiam
1369 4325 1663 4403 obligatio
1692 4328 1911 4402 postea
1937 4325 2384 4387 satisfaciendi.

848 4419 1200 4499 Aliquando
1246 4417 1491 4497 peccari
1557 4417 1747 4478 etiam
1795 4418 2025 4496 poterit
2061 4417 2390 4478 venialiter

844 4519 1063 4576 contra
1115 4510 1402 4571 eamdem
1465 4509 1773 4589 justitiam
1842 4510 2382 4588 commutativam,

845 4607 994 4687 quia
1019 4604 1219 4665 levius
1248 4603 1420 4664 laedit
1447 4603 1754 4664 honorem
1776 4603 2081 4664 debitum.
2115 4603 2185 4661 In
2216 4606 2385 4665 utro-

845 4719 967 4780 que
996 4702 1209 4760 autem
1241 4715 1390 4757 casu
1423 4695 1756 4758 intercedit
1802 4695 2144 4758 similitudo
2176 4696 2388 4775 aliqua

835 4794 1095 4869 justitiae
1125 4790 1537 4852 distributivae
1558 4835 1573 4865 ‚
1630 4793 1939 4869 quatenus
1968 4789 2170 4850 honor
2197 4790 2298 4849 ille
2324 4795 2387 4853 et

842 4888 1015 4947 locus
1054 4904 1178 4946 non
1211 4888 1305 4945 est
1334 4882 1582 4944 debitus
1610 4881 1894 4943 absolute
1923 4881 2099 4958 huic,
2140 4882 2251 4944 sed
2283 4901 2384 4944 re-

842 4979 1115 5057 spective
1146 4983 1208 5039 et
1236 4977 1298 5036 in
1327 4994 1640 5037 concursu
1670 4975 1898 5036 horum
1928 4975 2337 5037 convivarum
2363 4996 2376 5036 :

844 5091 1036 5152 quare
1070 5072 1319 5132 videtur
1349 5069 1588 5131 attendi
1617 5069 1698 5129 ad
1720 5068 2191 5147 proportionem
2236 5087 2383 5147 geo-

843 5165 1192 5225 metricam.
1242 5163 1370 5226 Sed
1415 5165 1480 5223 in
1527 5163 1664 5223 loco
1695 5161 1881 5222 citato
1931 5161 2203 5223 diximus
2253 5181 2380 5223 non

845 5276 979 5319 esse
1007 5260 1229 5318 contra
1256 5256 1564 5316 rationem
1594 5254 1856 5333 justitiae
1884 5255 2372 5331 commutativae,

2000 254 2102 314 DE
2143 253 2501 315 JUSTITIA
2546 254 2647 315 ΕΤ
2688 255 2890 317 ΠΙΒΕ

2484 432 2566 493 do
2587 451 2714 494 non
2738 432 3025 496 intendat
3049 431 3819 510 formalitoraequafflatem
3844 431 3993 492 ium

2484 527 2936 602 geometricam
2973 526 3250 605 plurium
3287 525 3453 586 inter
3498 543 3564 584 se
3587 570 3604 599 ,
3657 523 3771 584 sed
3801 524 3993 585 ultimo

2483 617 2772 679 intendat
2800 637 2851 679 ae
2870 619 3224 698 lualitatem
3257 623 3321 678 et
3344 615 3805 696 proportionem
3834 618 3997 676 arith-

2485 711 2781 771 meticam
2810 711 2975 772 inter
3003 711 3067 772 id
3111 709 3281 789 quod
3329 708 3477 768 huic
3506 707 3805 783 debetur,
3852 714 3913 769 et
3945 709 3998 769 id

2489 802 2657 881 quod
2686 804 2744 862 ei
2771 804 3077 864 redditur.
3105 803 3209 865 Sic
3228 807 3442 863 autem
3473 819 3539 860 se
3568 800 3759 861 habet
3785 802 3844 860 in
3875 820 3998 861 casn

2486 895 2624 970 illo;
2683 913 2832 955 nam
2886 894 3273 976 comparatio
3333 894 3521 972 hujus
3568 894 3847 953 convivae
3882 913 4003 953 cum

2488 989 2728 1050 meritis
2752 989 3017 1049 aliorum
3045 989 3248 1050 tendit
3275 987 3357 1047 ad
3386 987 3530 1062 hoc,
3552 992 3620 1047 ut
3645 985 3801 1046 scias
3830 987 4004 1064 qualis

2487 1080 2663 1141 locus
2693 1082 2750 1141 ei
2779 1087 3095 1160 competat
3109 1082 3207 1141 vel
3228 1080 3537 1141 debeatur
3564 1080 3630 1138 in
3658 1079 3753 1138 his
3773 1079 4002 1139 circum-

2489 1174 2764 1250 stantiiS‚
2800 1179 2860 1235 et
2890 1175 3056 1234 hunc
3093 1174 3147 1233 ei
3179 1173 3407 1233 reddas
3444 1190 3457 1229 z
3507 1190 3636 1231 non
3664 1171 3810 1250 qnia
3837 1175 3902 1231 tu
3927 1171 4006 1230 in-

2491 1266 2711 1327 tendas
2738 1267 2975 1328 bonum
3010 1265 3185 1341 illud,
3210 1265 3377 1343 quod
3405 1264 3647 1323 scilicet
3673 1263 3933 1342 aequales
3958 1263 4004 1322 in

2485 1349 2793 1436 ‘dignitate
2823 1378 3002 1438 aeque
3033 1358 3412 1437 participent
3444 1356 3522 1415 de
3543 1355 3728 1415 bonis
3755 1374 4005 1415 commn-

2493 1449 2697 1527 nibuS,
2727 1455 2787 1511 et
2812 1451 3158 1530 inaequales
3184 1448 3607 1529 inaequaliter,
3642 1447 3810 1527 quod
3838 1449 4007 1508 inten-

2489 1542 2583 1603 dit
2603 1543 2845 1622 justitia
2876 1544 3311 1614 distributiva3
3371 1540 3485 1602 sed
3528 1541 3680 1620 quia
3715 1542 3909 1601 solum
3933 1543 4008 1600 in-

2488 1636 2693 1696 tendis
2722 1636 3144 1715 aequalitatem
3172 1652 3428 1696 servare
3457 1652 3608 1694 cum
3638 1633 3796 1712 ipso,
3827 1633 4007 1693 dando

2490 1727 2548 1788 ei
2567 1732 2769 1789 totum
2795 1729 2860 1789 id
2891 1729 3061 1808 quod
3090 1729 3152 1788 in
3179 1728 3276 1787 his
3304 1726 3800 1787 circumstantiis
3824 1727 4008 1787 stricte

2490 1819 2546 1880 ei
2576 1819 2841 1881 debetur
2862 1867 2878 1897 ,
2925 1824 2988 1881 et
3033 1821 3115 1880 ad
3146 1820 3314 1900 quod
3362 1819 3559 1880 habet
3589 1838 3808 1879 verum
3828 1817 3927 1897 jus
3949 1837 4009 1878 ex

2481 1911 2725 1992 justitia
2791 1914 3263 1974 commutativa.
3340 1912 3630 1991 Denique
3700 1911 4007 1990 aliquando

2489 2006 2664 2065 nulla
2693 2006 2812 2066 erit
2839 2006 3119 2084 acceptio
3152 2023 3570 2084 personarum
3587 2051 3606 2080 ,
3655 2003 3711 2063 si
3735 2004 3870 2063 aliis
3893 2021 4009 2063 om-

2486 2097 2673 2158 nibus
2701 2098 3004 2159 bonorem
3036 2098 3318 2158 debitum
3347 2096 3713 2167 tribuendO,
3735 2096 3915 2156 alicui
3938 2103 4009 2155 ta-

2487 2208 2634 2250 men
2653 2209 2733 2251 ex
2758 2191 3131 2252 liberalitate
3149 2192 3397 2270 majora
3425 2196 3491 2250 et
3516 2190 3818 2269 specialia
3845 2189 4012 2248 hono-

2484 2283 2573 2344 ris
2619 2283 2799 2361 signa
2843 2284 3126 2355 tribuas;
3179 2284 3533 2363 praesertim
3584 2282 3638 2342 si
3670 2283 3734 2342 id
3778 2301 3896 2342 non
3921 2282 4012 2341 fiat

2487 2376 3005 2437 concurrentibus
3034 2375 3171 2436 aliis
3202 2394 3381 2456 aeque
3410 2376 3624 2454 dignis
3655 2396 3672 2434 ε
3704 2394 3847 2435 raro
3871 2375 4012 2433 enim

2487 2469 2553 2528 in
2583 2468 2847 2529 aliorum
2877 2468 3231 2547 praesentia,
3253 2469 3361 2548 qui
3389 2468 3719 2546 digniores
3740 2468 3838 2526 vel
3864 2484 4010 2544 aque

2483 2561 2665 2640 digni
2707 2562 2865 2638 sint,
2920 2561 2982 2621 id
3029 2562 3140 2621 fiet
3180 2562 3313 2621 sine
3374 2579 3599 2622 eorum
3647 2560 4010 2639 praejudicio,

2489 2653 2638 2733 quia
2658 2671 2729 2715 eo
2759 2654 2896 2732 ipso
2927 2653 3097 2732 quod
3124 2654 3450 2715 meliorem
3478 2653 3717 2728 locum,
3735 2672 3799 2712 v.
3813 2672 3875 2731 g.
3895 2652 4010 2710 hnic

2488 2745 2759 2821 dederis,
2819 2746 2994 2817 facie,
3054 2746 3224 2824 quod
3271 2746 3379 2807 alii
3421 2745 3759 2805 inferiores
3802 2746 3929 2805 loco
3968 2746 4010 2802 ei

2488 2842 2821 2914 maneant,
2871 2839 3040 2917 quod
3071 2856 3194 2899 non
3237 2839 3444 2899 solum
3474 2837 3796 2898 redundat
3843 2839 3902 2896 in
3928 2837 4009 2895 lm

2481 2931 2586 3011 jus
2613 2931 2940 3006 honorem,
2973 2932 3085 2991 sed
3113 2932 3307 2994 etiam
3333 2931 3399 2991 in
3425 2930 3701 2991 aliorum
3731 2930 4013 2990 humilita-

2487 3030 2639 3087 tem.

2570 3118 2684 3191 Qui
2734 3136 2881 3178 vero
2912 3118 3039 3178 sint
3064 3117 3247 3194 tituli,
3282 3116 3364 3177 ob
3410 3134 3572 3195 quos
3601 3115 3798 3176 alicui
3841 3115 4011 3175 honor

2488 3212 2774 3288 debetur,
2808 3214 3138 3272 enumerat
3181 3228 3328 3271 cum
3367 3210 3505 3271 aliis
3537 3209 3795 3270 hessius
3824 3210 3924 3270 lib.
3947 3210 4007 3268 ll.
4069 3260 4088 3303 ὓ

2488 3323 2543 3365 c.
2568 3321 2761 3365 xxxu.
2795 3305 2947 3366 dub.
2981 3320 3050 3365 11.
3084 3323 3254 3364 num.
3291 3308 3357 3364 9.
3387 3303 3687 3362 nimirum
3717 3302 4009 3371 sauctitas,
4045 3310 4089 3373 qd

2489 3398 2818 3476 sapientia,
2868 3396 3175 3471 doctrina,
3219 3395 3633 3474 principatus,
3675 3395 4008 3472 dignitates,
4057 3376 4089 3457 ἰ

2490 3491 2792 3568 potentia,
2829 3493 2982 3551 aetas
3012 3489 3393 3563 diuturnior,
3427 3487 3878 3566 supet-inritas,
3905 3506 4014 3546 ma·

2488 3584 2653 3643 xime
2683 3602 2823 3662 quae
2845 3601 2881 3643 a
2898 3582 3274 3659 naturaipsa
3301 3580 3675 3660 parentibus
3702 3599 3862 3659 erga
3883 3581 4010 3639 libe-

2488 3694 2592 3737 ros
2613 3676 2761 3736 data
2784 3680 2896 3737 est.
2924 3674 3159 3748 Quibus
3190 3673 3354 3734 adde
3383 3691 3461 3732 ea
3490 3673 3729 3749 omnia,
3764 3692 3904 3753 quae
3923 3672 4011 3732 ho-

2488 3769 2725 3829 minem
2777 3768 3056 3828 reddunt
3108 3767 3311 3844 magis
3357 3766 3713 3844 perfectum
3737 3811 3756 3840 ,
3790 3767 3871 3825 ad
3899 3783 4012 3844 quae

2487 3861 2804 3941 pertinent
2830 3860 3018 3921 etiam
3063 3859 3392 3920 facultates
3423 3859 3750 3920 naturales
3770 3905 3788 3935 ‚
3837 3866 3902 3920 ut
3933 3878 4012 3918 ex·

2487 3954 2778 4014 cellentia
2805 3954 2870 4014 in
2903 3953 3060 4028 visu,
3093 3952 3158 4012 in
3188 3970 3364 4027 voce,
3397 3952 3462 4011 in
3485 3955 3704 4027 cantu,
3737 3951 3804 4011 in
3831 3970 4008 4022 cursu,

2485 4046 2552 4107 in
2581 4046 2933 4119 scribendo,
2967 4044 3258 4124 legendo,
3298 4050 3361 4105 et
3389 4045 3530 4105 aliis
3575 4044 3826 4104 actibus
3852 4044 4010 4104 etiam

2487 4138 2907 4212 mechanicis3
2941 4139 3106 4199 vires
3135 4137 3327 4197 etiam
3354 4155 3684 4214 corporeae
3713 4143 3778 4198 et
3805 4138 3923 4197 alia
3943 4137 4007 4196 si·

2486 4232 2680 4308 milia,
2726 4250 2866 4311 quae
2893 4232 3054 4293 sicut
3083 4230 3404 4293 hominem
3429 4229 3652 4309 aliquo
3681 4230 3872 4291 modo
3898 4247 4011 4307 pes-

2485 4325 2705 4387 ficiunt
2751 4325 2817 4385 in
2858 4324 3079 4386 ordine
3125 4323 3207 4384 ad
3251 4322 3659 4402 operationes
3703 4322 4008 4391 humanas,

2484 4416 2571 4478 ita
2600 4415 2907 4495 majorem
2939 4416 3216 4495 aliquem
3246 4415 3556 4475 honorem
3601 4434 3750 4475 cum
3781 4432 4009 4493 propor—

2484 4509 2654 4571 tione
2682 4510 2961 4587 exigunt,
2984 4526 3127 4571 eum
3158 4507 3362 4569 honor
3388 4508 3616 4568 nonsit
3643 4508 3820 4568 aliud
3848 4523 4008 4587 quam

2483 4602 2854 4681 significatio
2878 4605 3107 4664 nostrae
3132 4599 3613 4663 existimationis
3633 4600 3715 4661 de
3734 4600 4007 4661 excellen-

2481 4696 2565 4759 tia
2598 4696 2873 4759 alterius,

2560 4792 2659 4851 An
2686 4807 2836 4851 vero
2883 4787 3117 4849 divitiae
3159 4788 3431 4849 reddant
3475 4786 3748 4849 divit-em
3797 4785 4004 4865 majun'

2482 4884 2720 4945 honore
2752 4882 3012 4960 dignum
3036 4929 3051 4958 ,
3084 4882 3331 4942 videtur
3367 4880 3429 4939 id
3462 4880 3691 4960 negari
3726 4900 3762 4942 a
3792 4880 4002 4943 Jacobo
4065 4926 4088 4961 ι

2479 4976 2779 5055 Apostolo
2809 4976 3017 5036 verbis
3043 4974 3273 5051 relatis,
3295 4974 3403 5034 ubi
3424 4974 3862 5051 acceptionem
3889 4992 4002 5052 pe·-
4035 4990 4088 5027 ιε.-

2479 5088 2778 5131 sonarum
2808 5068 3097 5130 vitiosam
3126 5067 3411 5146 agnoscit
3441 5067 3508 5125 in
3539 5085 3617 5127 eo
3648 5067 3820 5146 quod
3848 5067 3997 5127 dives

2477 5161 2738 5240 pauperi
2769 5162 3139 5240 praeferatur
3169 5181 3182 5222 ε
3215 5178 3409 5239 quare
3441 5176 3573 5219 non
3605 5177 3834 5237 parum
3852 5158 3999 5218 laho-

2479 5260 2622 5316 rant
2645 5255 2893 5316 Lessius
2920 5255 3028 5316 ubi
3055 5272 3244 5333 supra
3271 5271 3451 5314 num.
3485 5256 3548 5314 9.
3585 5259 3652 5314 et
3679 5252 3994 5314 Turi-ianus

843 5351 1013 5430 quod
1041 5348 1327 5411 attendat
1350 5348 1433 5409 ad
1463 5347 1931 5427 proportionem
1960 5352 2023 5409 et
2051 5347 2375 5426 aequalita-
2474 5348 2635 5426 disp.
2670 5348 2887 5409 XXIV.
2921 5347 3069 5407 dub.
3104 5364 3147 5407 1.
3183 5363 3357 5406 num.
3393 5348 3492 5407 10.
3520 5348 3710 5407 etii.
3744 5351 3815 5407 ut
3838 5344 3994 5424 expli·

841 5449 968 5505 tem
994 5442 1441 5521 geometricam
1469 5441 1743 5521 plurium
1772 5441 1937 5503 inter
1963 5458 2051 5516 se,
2086 5440 2377 5505 dnmmo-

2476 5445 2639 5517 cent,
2673 5440 2989 5520 quomodo
3020 5439 3214 5518 possit
3242 5437 3419 5499 dives
3449 5438 3591 5499 sine
3634 5438 3792 5501 vitio
3834 5438 3992 5500 hono-
