4263 6376
42 2587 104 2645 Ξ

42 2710 63 2804 ....

86 2710 176 2805 {⁸

54 4622 134 4681 161

43 4747 166 4790 mide

42 4801 179 4842 naticae

42 4854 213 4900 avda

42 4863 169 4959 :pan

1192 364 1662 426 msPU'rA'rlo
1707 364 1924 438 XXIII,
1973 364 2247 425 SECTIO
2292 365 2366 424 X.

187 538 307 600 dieo
333 538 493 601 vobis
511 548 863 624 receperunt
881 539 1193 602 mercedem
1221 536 1407 601 suem.
1447 541 1526 603 Te
1544 549 1733 601 autem

187 631 427 712 faciente
451 632 903 716 eleemosynam,
933 632 1154 694 nesciat
1178 632 1421 693 sinistro
1440 642 1562 708 tua,
1596 631 1741 713 quid

187 724 363 804 saecat
389 724 642 787 dez-tera
669 737 774 788 tua
801 746 825 786 .·
851 735 916 787 ut
940 726 1016 787 sit
1029 725 1387 807 eleemosyna
1414 735 1516 787 tua
1541 726 1602 785 in
1629 725 1733 786 ab-

188 816 459 893 scondito,
492 827 551 880 et
578 829 765 900 pater
792 829 944 895 tuus,
977 818 1084 900 qui
1106 817 1261 879 videt
1289 818 1350 878 in
1377 816 1728 891 abscondito,

191 909 383 971 reddet
409 911 540 973 tibi.
576 913 647 973 Si
678 930 831 991 ergo
859 912 958 972 lex
986 911 1183 973 civilis
1211 911 1364 972 velit
1390 911 1735 988 eleemosy-

193 1020 333 1064 nam
375 1002 716 1065 liberalem
761 1004 896 1064 fieri
944 1021 1066 1065 non
1115 1021 1297 1082 posse
1343 1004 1614 1076 firmam,
1677 1007 1738 1063 et

194 1096 422 1175 absque
452 1100 772 1173 potestate
819 1114 959 1157 eam
1002 1114 1039 1154 a
1068 1113 1344 1175 paupere
1387 1095 1729 1173 repetendi,

195 1188 308 1249 nisi
332 1187 612 1249 donator
638 1189 794 1250 tuba
839 1194 1027 1250 canat
1068 1195 1130 1249 et
1175 1188 1256 1247 ad
1296 1187 1578 1266 judicem
1625 1207 1738 1266 pu-

194 1281 344 1342 blice
370 1281 613 1357 veniat,
664 1286 727 1342 et
755 1299 969 1343 coram
998 1282 1241 1342 notario
1280 1298 1355 1341 ac
1380 1281 1644 1343 testibus
1674 1279 1734 1338 in

196 1373 428 1435 actibus
457 1373 737 1451 publicis
766 1377 1147 1453 protestetur
1173 1392 1238 1433 se
1267 1373 1440 1433 illam
1470 1373 1738 1433 eleemo-

196 1483 410 1543 synam
439 1465 626 1541 dare,
681 1485 807 1527 non
855 1485 1182 1544 possemus
1228 1464 1738 1526 consiliumillud

197 1558 417 1620 Christi
463 1559 772 1637 amplecti
814 1558 894 1619 de
948 1564 1186 1621 secreto
1236 1558 1629 1637 procurando
1677 1558 1738 1617 in

198 1651 599 1729 eleemosyna
628 1651 977 1730 largienda.
1026 1651 1185 1725 Quid
1216 1670 1366 1730 ergo
1396 1650 1445 1711 si
1476 1650 1740 1730 proximi

200 1744 532 1804 necessitas
563 1748 738 1805 esset
764 1744 1029 1819 occulta,
1082 1743 1164 1804 ad
1192 1762 1383 1822 quam
1414 1744 1654 1804 occulte
1684 1746 1746 1802 et

201 1836 328 1897 sine
356 1838 493 1915 ejus
521 1837 762 1898 rubore
793 1842 857 1897 et
883 1835 1248 1898 confusione
1292 1834 1744 1897 sublevandam

203 1947 450 1990 necesse
480 1936 676 2006 esset,
706 1929 876 2010 quod
909 1928 967 1989 ei
995 1929 1164 1989 mille
1196 1947 1419 1989 aureos
1448 1945 1747 2006 suggere-

204 2022 340 2083 res?
384 2026 558 2084 certe
589 2022 851 2084 donatio
884 2040 1029 2083 cum
1074 2021 1491 2082 insinuatione
1522 2039 1747 2099 parum

205 2115 365 2176 utilis
392 2119 548 2176 tunc
574 2121 747 2177 esset
773 2116 853 2176 ad
882 2115 1164 2194 proximo
1195 2113 1695 2175 subveniendum
1729 2133 1742 2172 :

208 2228 327 2269 non
354 2214 449 2271 est
495 2227 654 2288 ergo
704 2208 1024 2285 credibile,
1077 2208 1353 2286 potuisse
1403 2207 1541 2285 lege
1584 2206 1747 2266 civili

210 2301 567 2379 hujusmodi
599 2301 973 2363 Christianae
1023 2300 1269 2378 pietatis
1318 2317 1511 2378 opera
1556 2298 1749 2375 impe-

211 2394 344 2455 diri.

286 2486 626 2548 Dubitatur
667 2485 965 2561 secund0‚
1010 2504 1089 2546 an
1137 2486 1513 2547 renuntiatio
1541 2485 1631 2546 rei
1661 2486 1753 2546 fu-

217 2586 363 2642 turae
393 2597 538 2659 quae
571 2579 688 2640 tibi
718 2597 841 2639 non
872 2578 1171 2656 competit
1198 2579 1275 2639 de
1295 2579 1609 2658 praesenti,
1643 2578 1754 2638 sed

218 2673 291 2733 de
317 2673 529 2733 futuro
585 2671 869 2751 indigeat
896 2672 1357 2733 insinuatione?
1393 2675 1595 2751 Negat
1623 2676 1752 2732 An-

218 2774 340 2828 ton.
375 2768 631 2828 GomeS.
682 2769 742 2826 2.
772 2770 925 2826 tom.
987 2765 1209 2826 variar.
1259 2765 1432 2826 resol.
1483 2784 1620 2843 cap.
1664 2782 1753 2830 lv,

218 2878 383 2920 num.
419 2862 519 2920 10.
578 2858 803 2919 Melius
856 2862 1065 2919 tamen
1113 2858 1344 2919 Molina
1383 2858 1549 2919 dicta
1591 2858 1752 2936 disp.

218 2954 350 3014 279.
382 2970 563 3012 num.
619 2954 718 3012 13.
768 2968 956 3029 quem
1004 2950 1251 3012 videtur
1295 2950 1468 3030 sequi
1511 2950 1758 3010 Lessius

223 3063 385 3105 num.
422 3046 563 3106 100.
600 3043 951 3121 distinguit,
1003 3047 1071 3103 ut
1104 3046 1254 3104 tunc
1282 3043 1484 3103 solum
1514 3060 1638 3103 non
1680 3042 1761 3102 sit

221 3135 575 3198 necessaria
625 3135 988 3211 insinuatio,
1023 3134 1274 3215 quando
1323 3136 1471 3215 jura
1522 3134 1758 3215 aliquid

221 3231 325 3291 tibi
345 3231 638 3292 tribuunt
666 3229 1271 3308 dependenteratua
1299 3228 1756 3307 acceptatione,

223 3341 395 3384 secus
423 3342 459 3383 e
487 3327 734 3383 contra.
792 3321 970 3383 Unde
997 3321 1049 3380 si
1077 3325 1295 3382 mutuo
1331 3319 1572 3398 dedisti,
1593 3320 1762 3380 mille

227 3415 526 3476 solvenda
558 3414 676 3475 tibi
722 3417 863 3493 post
906 3430 1163 3487 annum,
1213 3431 1341 3473 non
1389 3412 1621 3490 poteris
1661 3430 1762 3472 re-

229 3509 512 3570 nuntiare
543 3507 693 3567 huic
722 3505 1038 3580 solutioni,
1072 3522 1212 3584 quoe
1240 3505 1356 3565 tibi
1386 3504 1622 3584 absque
1643 3504 1768 3564 alia

228 3602 655 3679 acceptatione
683 3599 968 3673 debetur,
1002 3598 1153 3676 quia
1190 3597 1311 3658 hoc
1339 3602 1501 3657 esset
1548 3597 1766 3657 remit-

230 3698 353 3754 tere
381 3692 672 3753 debitum
707 3710 721 3752 :
756 3689 1039 3750 remissio
1084 3696 1297 3751 autem
1325 3689 1517 3750 debiti
1565 3689 1767 3750 dona-

230 3787 312 3847 tio
338 3790 453 3862 est,
486 3790 560 3847 ut
589 3784 890 3855 diximus3
916 3801 951 3841 e
983 3786 1200 3843 contra
1229 3800 1400 3858 vero,
1426 3781 1473 3841 si
1507 3781 1772 3842 haeredi-

232 3883 323 3940 tas
347 3878 458 3940 tibi
491 3877 777 3938 defertur
804 3880 868 3936 et
891 3874 1231 3949 renuntieS,
1280 3891 1396 3934 nec
1444 3879 1771 3952 acceptare

235 3971 402 4047 velis,
423 3969 806 4033 etiamsihoc
822 3967 1015 4029 facias
1035 3967 1096 4026 in
1113 3967 1382 4045 gratiam
1428 3966 1767 4040 substituti,

238 4064 313 4124 ad
340 4082 530 4144 quem
564 4060 921 4141 pertinebit,
958 4079 1084 4120 non
1116 4064 1210 4121 est
1237 4060 1593 4119 necessaria
1622 4059 1771 4119 insi-

241 4156 444 4218 nuatio
480 4176 495 4217 :
530 4155 683 4235 quia
710 4158 861 4215 tunc
890 4171 1015 4214 non
1064 4153 1262 4213 donas
1308 4151 1542 4231 aliquid
1573 4156 1772 4227 tuum,

242 4249 346 4310 sed
372 4267 550 4309 mere
604 4266 727 4308 non
765 4245 1038 4326 acquiris
1067 4244 1235 4324 quod
1281 4245 1605 4324 acquirere
1636 4262 1780 4323 pos-

243 4362 375 4403 ses:
400 4342 588 4421 plura
615 4340 739 4401 alia
766 4339 1051 4418 exempla
1081 4337 1363 4416 congerit
1387 4336 1619 4397 Molina
1640 4337 1777 4397 loco

248 4435 451 4508 citato,
483 4451 627 4513 quae
659 4432 826 4512 apud
853 4432 1061 4510 ipsum
1085 4430 1283 4490 videri
1313 4434 1595 4508 possunt.

323 4528 661 4589 Dubitatur
702 4525 913 4600 tertiO,
948 4524 1028 4583 de
1071 4522 1407 4584 donatione
1448 4540 1573 4600 qua
1601 4520 1782 4581 femi-

254 4639 344 4681 nae
371 4619 560 4680 alicui
597 4618 795 4679 donas
825 4617 1059 4691 dotem,
1092 4615 1191 4675 vel
1222 4615 1304 4675 ad
1334 4615 1585 4692 nuptias
1633 4632 1783 4674 con-

254 4712 591 4775 trahendas
619 4729 763 4771 cum
791 4710 946 4781 611ος
983 4713 1045 4768 et
1072 4707 1319 4768 videtur
1346 4711 1583 4767 certum
1616 4705 1785 4785 quod

255 4806 303 4866 si
330 4805 528 4867 donas
569 4804 795 4864 marito
843 4802 1079 4876 dotem,
1128 4804 1198 4861 ut
1224 4818 1366 4861 cum
1397 4799 1503 4859 illa
1540 4802 1787 4860 contra-

259 4899 381 4976 hat,
430 4917 561 4959 non
590 4897 671 4957 sit
715 4894 1069 4957 necessaria
1096 4891 1456 4968 insinuatio,
1489 4891 1636 4971 quia
1683 4890 1790 4951 illa

259 4991 502 5071 proprie
530 5008 656 5051 non
688 4993 783 5050 est
805 4987 1087 5062 donati0,
1121 4986 1232 5047 sed
1260 4989 1616 5046 contractus
1645 5001 1790 5044 one-

263 5102 453 5145 rosus.
507 5083 576 5144 Si
603 5087 816 5143 autem
846 5081 1042 5142 dones
1085 5079 1206 5158 ipsi
1231 5078 1479 5139 feminae
1519 5076 1650 5136 sive
1679 5075 1793 5136 do-

261 5182 405 5252 tem,
435 5178 571 5238 sive
598 5176 681 5237 ad
708 5174 989 5254 nuptiae,
1015 5172 1151 5252 jam
1180 5170 1366 5232 hodie
1396 5187 1522 5230 non
1552 5168 1797 5248 indiget

265 5269 676 5331 insinuatione
721 5286 798 5328 ex
838 5269 959 5345 leg.
1012 5265 1124 5326 ult.
1178 5264 1243 5324 in
1296 5261 1561 5341 princip.
1608 5263 1675 5324 C.
1726 5259 1797 5322 de

259 5361 390 5442 jare
414 5360 660 5436 dotium,
710 5359 864 5421 etin
893 5357 1274 5420 Antheutica
1327 5353 1409 5416 Ut
1450 5352 1795 5434 sponsalitia

272 5453 530 5534 Iarqitas,
554 5454 620 5514 in
649 5451 980 5532 principio.

344 5547 676 5611 Dubitatur
704 5550 951 5626 quarto,
984 5542 1063 5604 de
1092 5542 1451 5618 donatione,
1484 5558 1607 5622 qua
1635 5539 1799 5601 filius

3286 364 3365 425 39

1831 543 2114 618 tempore
2163 558 2286 620 quo
2333 541 2764 619 emancipatur
2791 559 2828 600 a
2854 543 3030 619 patre
3060 540 3118 600 ei
3146 540 3358 613 donat,

1836 910 2112 990 alioquin
2155 911 2334 972 facile
2372 930 2514 973 esca
2555 911 2660 971 illa
2709 911 3225 1016 emancipationis
3258 929 3370 990 pa-

1835 1007 2043 1064 rentes
2071 1004 2277 1064 afiliis
2324 1005 2694 1065 donationes
2741 1004 3089 1065 excessivas
3162 1008 3369 1082 capta-

1836 1100 1997 1157 rent.
2033 1097 2348 1174 Secundo,
2382 1097 2529 1176 quia
2550 1098 2685 1175 jam
2715 1097 2849 1174 ipso
2878 1096 3021 1174 jure
3052 1096 3370 1157 communi

1837 1189 1998 1267 patri
2028 1190 2217 1249 datur
2255 1190 2582 1269 praemium
2612 1190 2692 1250 ob
2733 1190 3110 1250 beneficium
3158 1194 3373 1250 eman-

1839 1281 2190 1360 cipationis,
2239 1300 2464 1360 nempe
2514 1282 2843 1343 dimidium
2894 1282 3282 1343 ususfructus
3311 1281 3372 1340 in

1839 1374 2019 1435 bonis
2066 1375 2208 1435 tiliis
2254 1375 2632 1438 adventitiis,
2679 1375 2910 1451 TertiO,
2962 1375 3110 1454 quia
3155 1375 3218 1434 in
3247 1376 3369 1451 leg.

1839 1467 2021 1541 Data,
2067 1470 2134 1528 C.
2182 1467 2252 1528 de
2291 1467 2489 1529 donat.
2537 1486 2660 1528 non
2712 1468 2939 1544 minus,
3001 1467 3126 1528 imo
3173 1467 3377 1545 magis

1843 1560 2110 1638 exigitur
2139 1560 2494 1636 insinuatio,
2529 1561 2781 1640 quando
2829 1561 2990 1621 filius
3038 1561 3232 1622 donat
3271 1578 3377 1639 pa-

1842 1654 2145 1728 rentibuS,
2181 1672 2371 1733 quam
2401 1654 2453 1714 si
2482 1654 2617 1713 aliis
2648 1654 2860 1715 donet.

1924 1746 2046 1806 Alii
2077 1751 2284 1806 tamen
2317 1747 2484 1826 apud
2532 1747 2786 1807 eosdem
2832 1751 3118 1807 auctores
3147 1752 3381 1824 negant

1846 1839 2263 1899 necessariam
2291 1858 2426 1900 esse
2469 1839 2975 1915 insinuationem,
3010 1840 3158 1919 quia
3186 1840 3383 1899 dona-

1847 1932 1931 1993 tio
1962 1931 2071 1991 filii
2101 1931 2597 1992 renumeratoris
2626 1936 2777 1992 tunc
2797 1938 2890 1994 est
2918 1932 2997 1993 ob
3029 1932 3383 2012 emancipa-

1847 2024 2033 2086 tionis
2062 2024 2457 2084 beneficium.
2512 2024 2689 2097 Quod
2719 2026 2928 2086 verius
2959 2025 3169 2102 credo,
3205 2025 3257 2085 si
3282 2044 3384 2086 re-

1847 2117 2271 2177 muneratoria
2291 2117 2515 2178 merita
2530 2136 2652 2176 non
2685 2118 2947 2179 excedat
2962 2137 2976 2190 ;
2994 2121 3199 2196 potest
3217 2117 3383 2177 enim

1848 2210 2011 2270 filius
2041 2229 2153 2268 sua
2200 2210 2490 2287 cupidine
2539 2210 2762 2271 ductus
2805 2210 2999 2288 pluris
3047 2210 3379 2285 aestimare,

1852 2320 2041 2380 quam
2071 2301 2300 2362 debeat
2346 2302 2700 2363 libertatem
2740 2302 3239 2381 emancipatione
3282 2321 3387 2361 ac-

1853 2399 2130 2473 ceptam,
2175 2412 2369 2473 quare
2425 2393 2634 2474 quoad
2665 2413 2987 2455 excessum
3025 2394 3387 2474 imprudens

1853 2487 2207 2566 requiretur
2235 2486 2589 2549 insinuatiO.

1935 2580 2135 2655 DieeS,
2169 2580 2731 2659 emancipationem
2761 2580 3260 2642 inaestimabilem
3289 2598 3387 2640 es-

1855 2691 1944 2748 se,
1997 2672 2143 2750 quia
2186 2672 2386 2752 patria
2427 2681 2679 2752 potestas
2724 2672 3140 2733 inoestt'mabilis
3185 2682 3288 2749 est,
3323 2675 3392 2733 ut

1858 2764 2083 2826 dicitur
2114 2764 2176 2823 in
2203 2765 2328 2842 leg.
2354 2764 2823 2846 Fz'lz‘ussamt’lt'aS‚
2857 2781 3071 2826 cxv111.
3095 2767 3151 2844 ς.
3172 2764 3389 2825 Secun-

1857 2858 1993 2919 dum
2034 2857 2323 2937 vulqares,
2370 2859 2432 2919 ff.
2465 2857 2535 2919 de
2581 2858 2756 2939 leqat.
2791 2875 2835 2919 1.
2872 2859 2980 2919 ubi
3009 2858 3236 2919 dicitur
3264 2858 3389 2919 hae-

1858 2950 2074 3011 redem
2102 2954 2455 3028 gravatum,
2504 2954 2572 3011 ut
2598 2951 2829 3011 liberos
2856 2969 3003 3011 suos
3032 2950 3388 3028 emancipa-

1857 3049 1973 3118 ret,
2008 3061 2130 3103 non
2163 3062 2298 3103 esse
2326 3043 2407 3103 ad
2437 3043 2499 3103 id
2550 3044 2927 3121 cogendum,
2963 3044 3111 3123 quia
3159 3043 3392 3104 inresti-

1858 3137 2087 3200 mabile
2137 3141 2232 3199 est
2260 3137 2426 3218 quod
2471 3136 2549 3198 ab
2590 3154 2663 3198 eo
2708 3137 2957 3217 petitur,
2998 3143 3187 3219 atque
3234 3137 3391 3198 adeo

1860 3236 2160 3311 gravatur
2200 3232 2364 3292 ultra
2391 3230 2667 3292 valorem
2696 3232 2786 3292 rei
2818 3232 2902 3291 illi
2929 3231 3185 3292 relictae.
3241 3233 3397 3291 Res-

1860 3326 2131 3405 ponde0‚
2167 3324 2229 3383 in
2259 3322 2476 3403 primis
2505 3343 2581 3384 ex
2610 3324 2729 3386 hoc
2756 3324 2890 3402 ipso
2922 3323 3172 3404 probari
3193 3323 3395 3402 magis

1864 3418 2265 3478 donationem
2297 3416 2361 3475 in
2391 3435 2538 3477 casu
2569 3423 2779 3477 nostro
2811 3416 3393 3491 remuneratoriam‚

1865 3511 1914 3571 si
1964 3510 2219 3589 quidem
2264 3510 2557 3570 meritum
2589 3509 3105 3589 emancipationis
3135 3508 3270 3589 ejus
3293 3528 3399 3568 va-

1864 3604 2063 3664 lorem
2092 3607 2369 3680 superat.
2421 3602 2659 3662 Deinde
2690 3602 2766 3663 ad
2798 3603 3001 3680 legem
3037 3602 3208 3663 illam
3236 3602 3397 3674 dice,

1870 3698 2013 3757 licet
2042 3695 2119 3756 de
2163 3696 2371 3774 rigore
2418 3699 2481 3755 et
2525 3695 2872 3755 secundum
2899 3694 3222 3772 vulgarem
3278 3694 3407 3754 for-

1867 3807 2038 3850 mam
2061 3788 2245 3867 juriS‚
2278 3798 2347 3848 ut
2374 3786 2461 3847 ibi
2514 3787 2761 3862 dicitur,
2795 3805 2918 3847 non
2965 3786 3284 3865 cogendus
3329 3785 3410 3846 sit

1871 3884 2072 3944 haeres
2102 3880 2180 3941 ad
2211 3880 2372 3941 filios
2414 3880 2902 3958 emancipandos
2939 3882 3194 3958 propter
3222 3878 3408 3940 ratio-

1874 3994 2017 4036 nem
2046 3973 2133 4035 ibi
2164 3974 2577 4052 assignatam:
2632 3992 2708 4033 ex
2737 3971 3029 4052 oequitate
3069 3978 3280 4033 tamen
3309 3990 3411 4033 ra-

1873 4067 2059 4131 tionis
2114 4066 2468 4145 cogendum
2517 4084 2652 4126 esse
2684 4065 2765 4124 ad
2823 4065 3246 4126 conditionem
3290 4065 3409 4125 im-

1877 4161 2194 4241 plendam,
2226 4160 2326 4220 vel
2356 4159 2792 4222 abstinendam
2820 4158 2900 4219 ab
2930 4157 3318 4234 haereditate,
3344 4162 3417 4219 ut

1877 4254 2134 4315 tandem
2180 4252 2574 4314 concluditur
2600 4253 2662 4311 in
2714 4252 2837 4330 leg.
2889 4250 2966 4311 Si
2990 4250 3087 4311 eui
3108 4254 3206 4311 91.
3242 4252 3305 4312 ff.
3347 4249 3418 4312 de

1880 4344 2318 4420 conditionibus,
2347 4334 2401 4405 e't
2432 4344 2807 4405 danmzstrat.
2843 4344 3123 4423 Denique
3152 4343 3314 4404 adde
3342 4343 3420 4403 li-

1881 4445 1981 4501 cet
2032 4439 2237 4520 patria
2282 4442 2557 4518 potestas
2603 4436 3054 4499 inaestimabilis
3095 4437 3176 4498 sit
3221 4437 3282 4496 in
3342 4455 3416 4498 eo

1884 4551 2092 4608 sensu,
2126 4536 2196 4593 ut
2240 4550 2362 4592 non
2410 4532 2490 4592 sit
2535 4530 2853 4609 cogendus
2895 4536 3074 4608 pater
3116 4528 3271 4591 tanti
3320 4530 3419 4591 vel

1885 4626 2041 4687 tanti
2087 4643 2225 4685 eam
2258 4626 2588 4699 aestimare,
2623 4626 2692 4684 ut
2722 4641 2795 4683 ea
2823 4641 2888 4683 se
2916 4623 3141 4702 privet,
3178 4623 3326 4702 quia
3352 4642 3421 4683 re

1886 4717 2001 4779 sihi
2032 4717 2401 4779 charissima
2446 4735 2512 4777 se
2541 4716 2767 4796 privat,
2802 4733 3027 4794 nempe
3058 4715 3235 4788 filiis;
3283 4734 3419 4775 esse

1884 4816 2097 4874 tamen
2127 4810 2560 4871 aestimabilem
2590 4809 2669 4869 ab
2698 4808 2832 4887 ipso
2862 4808 3012 4884 filia,
3046 4808 3152 4888 qui
3183 4826 3257 4868 ex
3285 4826 3423 4887 gra-

1888 4904 2155 4966 titudine
2185 4907 2388 4983 potest
2424 4920 2563 4962 eam
2592 4919 3019 4977 remunerare,
3041 4901 3258 4979 quanti
3285 4920 3427 4980 pru-

1890 4996 2113 5057 denter
2139 4995 2402 5057 aestimet
2428 4995 2940 5070 emolumentum,
2964 4993 3133 5073 quod
3162 4993 3294 5072 ipse
3318 5011 3431 5072 per

1893 5087 2455 5167 emancipationem
2485 5086 2747 5166 accepit.

3512 544 3628 604 162

1835 651 1914 692 an
1970 632 2247 711 indigeat
2300 632 2762 694 insinuatione?
2816 633 2996 694 Arias
3056 634 3359 709 PinelluS,
3414 669 3518 720 Qu’a
3549 668 3710 716 quando

1833 726 2010 804 cujus
2064 726 2436 787 sententiam
2484 727 2660 805 sequi
2688 727 2937 787 videtur
2983 726 3211 787 Molina
3257 725 3365 785 ubi
3434 722 3666 839 ⁰¹p¹ss⁸rilo¹¹⁸
3643 726 3685 763 ss

1834 837 2024 896 supra
2055 837 2223 879 num.
2258 822 2315 880 8.
2345 820 2548 895 docet,
2600 818 2902 895 indigere.
2958 820 3185 895 Primo,
3222 819 3365 898 quia
3417 828 3713 924 εωιιῃῗὲιιῑίο-
