4263 6376
67 617 198 676 132

91 2699 200 2758 133

1327 262 1796 324 DISPUTATIO
1839 262 2056 340 xxm,
2106 265 2380 326 SECTIO
2424 266 2527 327 IX.
2734 264 2737 269 ’
3437 279 3514 339 29

338 438 585 500 restitui
632 438 720 499 illi
766 439 869 500 cui
923 441 1166 503 rest-itui
1224 441 1539 503 debuisset
1593 441 1656 502 id
1713 441 1881 521 quod

341 533 517 610 prius
545 533 850 594 donatum
880 535 1106 596 fuerat.

423 625 686 686 Probari
716 626 874 687 solet
899 628 1196 704 secundo,
1231 647 1305 687 ex
1332 629 1454 708 leg.
1484 626 1651 702 Quod
1664 636 1877 703 autem,

341 718 398 797 ξ.
435 718 513 779 Si
539 719 665 795 vir,
705 720 770 780 ff.
806 720 877 780 ‹le
903 719 1100 782 donat.
1139 721 1289 780 inter
1315 723 1505 781 virum
1533 729 1588 781 et
1615 739 1876 792 uaeorem,

343 811 448 871 ubi
506 811 737 872 dicitur
783 813 1001 891 positis
1059 814 1499 875 donationibus
1543 814 1776 874 mutuis
1823 816 1884 874 et

343 904 684 983 reciprocis
727 905 893 965 inter
921 905 1254 985 conjuges,
1309 907 1534 986 quibus
1578 906 1882 985 aequalem

343 1016 660 1058 summam
699 998 817 1058 sibi
860 999 1130 1059 invicem
1175 1001 1527 1075 donarunt,
1592 1003 1883 1059 neutrum

341 1108 527 1168 posse
557 1096 778 1169 postea
805 1096 1088 1170 repetere
1119 1092 1287 1171 quod
1318 1091 1607 1169 donavit,
1641 1090 1884 1151 etiamsi

341 1202 506 1243 uuus
536 1183 706 1243 solus
735 1201 953 1243 eorum
982 1184 1350 1263 locupletior
1379 1185 1579 1245 factus
1620 1184 1729 1259 sit,
1775 1182 1882 1262 qui

341 1294 478 1335 rem
500 1275 801 1337 donatam
821 1277 1237 1354 conservavit,
1271 1296 1394 1338 non
1419 1277 1575 1337 alter
1604 1276 1709 1355 qui
1740 1294 1882 1335 con-

340 1369 630 1446 sumpsit.
666 1368 846 1430 Unde
874 1368 1121 1429 videtur
1142 1370 1309 1448 quod
1332 1388 1404 1430 ea
1425 1370 1626 1431 solum
1640 1369 1881 1429 ratione

342 1461 599 1521 donatio
628 1462 733 1522 illa
762 1463 1166 1538 sustineatur,
1202 1462 1349 1542 quia
1375 1460 1880 1523 remuneratoria

341 1553 481 1627 fuit,
516 1558 579 1614 et
605 1554 747 1614 ideo
781 1573 905 1614 non
934 1555 1317 1633 intelligatur
1337 1553 1790 1633 comprehensa
1818 1552 1881 1613 in

341 1646 768 1725 prohibitione
799 1647 1097 1707 donandi.

425 1741 559 1800 Hoc
586 1745 796 1799 tamen
824 1744 1266 1818 argumentum
1287 1759 1359 1799 ex
1381 1740 1679 1818 praedicto
1709 1743 1880 1801 textu

342 1832 667 1891 infirmare
697 1838 961 1893 conatur
979 1833 1248 1892 Pinellus
1276 1833 1445 1911 apud
1476 1833 1758 1894 Sanchez
1787 1832 1883 1892 di-

345 1930 448 1986 cta
477 1924 635 2004 disp.
674 1942 758 1986 w.
793 1945 856 1986 n.
892 1929 947 1985 1.
983 1926 1217 2002 dicem,
1271 1925 1674 1986 donationem
1704 1926 1875 1985 illam

344 2036 472 2077 non
502 2018 818 2093 sustineri,
854 2017 1000 2096 quia
1029 2018 1524 2078 remuneratoria
1554 2022 1736 2094 esset,
1770 2017 1880 2077 sed

343 2110 494 2189 quia
524 2116 747 2171 neuter
790 2111 1084 2171 donando
1134 2110 1471 2188 pauperior
1511 2111 1712 2171 factus
1762 2115 1875 2186 est,

342 2221 488 2263 cum
519 2202 810 2282 utrinque
858 2203 1284 2281 compensatio
1328 2202 1458 2262 fiat.
1518 2204 1716 2275 Quam
1746 2221 1877 2262 res·

339 2294 711 2375 ponsionem
757 2295 960 2374 rejicit
1006 2295 1172 2355 idem
1205 2295 1485 2356 Sanchez
1532 2314 1675 2355 cum
1718 2295 1875 2371 aliis,

341 2407 502 2468 quos
533 2390 732 2464 affert,
780 2395 843 2448 et
870 2388 1150 2467 sequitur
1180 2407 1282 2447 nu.
1320 2390 1381 2448 11
1401 2434 1414 2447 .
1448 2387 1663 2448 dicens
1693 2388 1877 2449 susti-

341 2481 478 2542 neri
509 2481 876 2559 praedictam
933 2480 1333 2541 donationem
1382 2499 1458 2540 ex
1503 2499 1575 2541 eo
1621 2480 1879 2560 praecise

343 2574 495 2653 quia
524 2573 1019 2633 remuneratoria
1047 2572 1182 2633 fuit.

425 2667 560 2744 Ego
616 2685 765 2725 sane
823 2670 1108 2725 neutram
1159 2665 1634 2744 explicationem
1690 2667 1877 2728 credo

342 2756 683 2819 convenire
705 2758 959 2818 omnino
981 2776 1162 2836 posse
1184 2758 1479 2836 praedicto
1501 2760 1716 2820 textui.
1742 2762 1878 2819 Non

341 2851 605 2931 quidem
633 2850 900 2929 primam
931 2849 1170 2926 Pinelli,
1229 2851 1376 2929 quia
1423 2851 1473 2911 si
1522 2853 1749 2930 conjux
1779 2851 1878 2911 cui

341 2944 521 3023 prius
543 2943 842 3003 donatum
864 2942 1087 3017 fuerat,
1121 2943 1305 3021 etqui
1328 2943 1563 3003 donum
1578 2943 1711 3023 jam
1733 2963 1882 3005 con-

340 3026 723 3115 sumpserat,
751 3040 968 3113 postea
983 3036 1373 3095 tantumdem
1396 3037 1743 3113 redonavit,
1770 3055 1883 3096 ne·-

340 3130 485 3208 gari
536 3147 658 3188 nan
706 3132 912 3207 potest
953 3128 1120 3207 quod
1170 3147 1280 3207 per
1327 3128 1488 3190 hanc
1539 3130 1878 3193 secundam

341 3224 753 3285 donationem
782 3222 1120 3300 pauperior
1147 3222 1347 3283 factus
1376 3223 1562 3285 fuerit
1607 3243 1796 3304 quam
1828 3226 1880 3285 si

342 3335 472 3377 non
504 3317 797 3376 donasset
852 3332 866 3379 :
923 3333 1046 3375 non
1078 3334 1226 3393 ergo
1274 3315 1613 3377 sustinetur
1647 3317 1752 3376 illa
1784 3337 1882 3378 se-

341 3409 556 3471 cunda
603 3407 855 3469 donatio
914 3426 988 3466 ex
1035 3407 1155 3468 hoc
1201 3408 1478 3486 praecise,
1540 3410 1708 3489 quod
1756 3429 1880 3471 non

340 3501 690 3562 reddiderit
752 3500 1091 3561 donantem
1165 3501 1626 3579 pauperiorem.
1702 3503 1879 3575 Quod

340 3595 494 3657 item
527 3593 885 3654 confirmari
923 3598 1127 3672 potest
1167 3614 1241 3653 ex
1277 3594 1402 3673 leg.
1442 3594 1589 3656 Cum
1629 3595 1724 3656 lzic
1765 3606 1882 3656 sta-

340 3699 458 3765 tus,
485 3688 793 3766 xxxl11.‘§.
827 3685 905 3746 Si
927 3686 1192 3762 maritus,
1227 3705 1390 3747 vers,
1430 3687 1596 3762 Quod
1610 3689 1715 3765 ait,
1750 3687 1874 3750 eod.

340 3783 438 3845 tit.
474 3782 582 3842 ubi
615 3781 864 3856 dicitur,
897 3780 950 3839 si
970 3779 1216 3859 conjux,
1252 3780 1356 3859 qui
1383 3800 1510 3841 rem
1532 3782 1650 3842 sibi
1680 3801 1715 3841 a
1737 3801 1882 3844 con-

332 3877 492 3957 juge
524 3874 821 3934 donatam
841 3877 1315 3950 consumpserat
1338 3892 1460 3933 non
1487 3873 1686 3935 factus
1712 3876 1880 3935 locu-

339 3967 594 4049 pletior,
627 3966 953 4027 donaverit
971 3963 1222 4043 conjugi
1246 3966 1658 4043 tantumdem,
1691 3967 1879 4046 idque

341 4067 517 4123 extet
541 4059 848 4120 moriente
879 4057 1154 4118 secundo
1185 4058 1535 4136 donatario‚
1568 4078 1751 4139 posse
1784 4080 1881 4121 se-

341 4154 626 4215 cundum
657 4151 1027 4212 donatorem
1057 4154 1341 4228 repetere
1374 4150 1458 4227 id,
1493 4153 1659 4230 quod
1688 4153 1880 4215 dona·

340 4251 544 4308 verat.
598 4247 733 4305 Non
764 4261 913 4323 ergo
945 4243 1284 4304 sustinetur
1329 4243 1433 4303 illa
1462 4246 1735 4305 secunda
1767 4246 1883 4315 do-

312 4341 516 4401 ‚natio
545 4357 623 4398 ex
651 4356 725 4398 eo
755 4336 923 4416 quod
950 4354 1359 4396 remunerans
1405 4355 1516 4416 pro
1546 4338 1740 4416 priori
1769 4338 1882 4398 do-

341 4432 598 4494 natione
629 4449 752 4491 non
792 4433 1120 4490 censeatur
1146 4429 1280 4489 fieri
1310 4431 1645 4508 pauperior
1676 4448 1690 4494 ε
1724 4431 1878 4492 alio·

342 4526 494 4606 quin
526 4542 652 4584 non
683 4526 893 4602 posset
933 4526 1181 4582 mortuo
1212 4520 1478 4600 conjuge
1526 4540 1658 4582 rem
1691 4523 1880 4583 dona-

344 4626 475 4680 tam
507 4621 823 4676 e:.lantem
859 4618 1165 4693 repetere,
1202 4614 1349 4693 quia
1379 4614 1629 4675 donatio
1661 4634 1733 4675 ex
1758 4635 1882 4695 qua

347 4710 578 4790 conjux
607 4708 945 4788 pauperior
973 4726 1096 4768 non
1125 4708 1214 4782 fit,
1247 4725 1496 4784 semper
1514 4707 1628 4768 suit
1647 4709 1875 4785 valida,

350 4809 413 4864 et
439 4800 893 4876 irrevocabilis,
944 4806 1013 4862 ut
1048 4803 1290 4861 constat
1336 4801 1501 4860 clare
1550 4820 1624 4860 ex
1651 4801 1773 4879 leg.
1809 4801 1886 4862 Si

345 4914 611 4978 sponsali,
657 4912 719 4955 v.
754 4893 918 4954 circa
946 4893 1224 4952 medium
1253 4894 1316 4953 ff.
1351 4891 1541 4953 eodem
1569 4893 1764 4970 titula,
1816 4893 1880 4954 in

349 4991 465 5051 illis
494 4987 705 5048 verbis
738 5005 752 5050 ε
796 5009 824 5043 «
851 4989 982 5047 Hoc
1009 4989 1219 5047 autem
1241 5004 1317 5046 ex
1345 5004 1418 5047 eo
1450 4987 1676 5064 evenit,
1712 4987 1879 5066 quod

349 5081 594 5142 deliniri
625 5081 784 5140 solet
814 5097 829 5142 ε
881 5097 1020 5139 eam
1051 5078 1305 5139 demum
1332 5079 1734 5142 donationem
1763 5080 1882 5139 im-

343 5175 544 5253 pediri
576 5173 801 5247 solere,
835 5190 973 5251 quae
1005 5176 1066 5232 et
1084 5170 1421 5233 donantem
1442 5171 1879 5251 pauperiorem

345 5271 407 5329 et
432 5268 849 5346 accipientem
877 5264 1114 5324 faceret
1138 5264 1632 5343 locupletiorem.
1666 5287 1693 5322 »

424 5359 547 5422 Sed
585 5375 787 5437 neque
834 5356 1109 5417 secunda
1156 5357 1483 5435 explicatio
1531 5361 1677 5437 apta
1705 5357 1879 5418 vide·-

347 5458 465 5530 tur,
517 5447 688 5532 quod
724 5450 960 5510 scilieet
988 5449 1356 5510 donationes
1384 5449 1503 5510 illoe
1534 5451 1877 5512 sustinean-

1978 444 2082 501 tur
2113 442 2261 521 quia
2288 444 2804 506 remuneratori‘ae
2849 451 3015 509 sunt.
3077 448 3236 522 Quia
3271 449 3335 511 in
3365 470 3513 514 casu

1977 533 2141 593 illius
2172 535 2324 614 legis
2356 555 2479 596 non
2511 538 2627 599 fuit
2657 542 2921 618 utraque
2943 539 3198 602 donatio
3220 562 3512 605 remune-

1980 627 2231 704 ratoria,
2266 628 2375 688 sed
2396 630 2591 689 altera
2612 631 2765 707 sola,
2801 632 3036 694 scilicet
3054 634 3217 696 illius
3249 637 3356 715 qui
3374 657 3514 717 pos-

1979 718 2174 779 terior
2201 720 2457 783 donavit
2511 742 2525 783 :
2575 724 2676 783 ille
2708 723 2872 783 enim
2904 725 3011 804 qui
3039 726 3211 805 prior
3239 729 3516 790 donave-

1978 815 2096 887 rat,
2148 813 2343 890 gratis
2373 815 2626 875 omnino
2658 821 2722 877 et
2765 812 3003 897 absque
3033 820 3157 880 ullo
3185 823 3516 900 gratitudi-

1981 903 2074 963 nis
2105 903 2315 965 debito
2348 907 2606 969 donavit
2651 928 2665 968 :
2718 928 2866 988 ergo
2900 911 3153 972 donatio
3198 914 3359 975 illius
3388 935 3513 976 non

1978 995 2094 1057 fuit
2120 997 2245 1057 ullo
2276 999 2462 1059 modo
2514 1002 3032 1080 remuneratoria,
3085 1024 3201 1067 nec
3231 1026 3303 1068 eo
3335 1009 3512 1071 titulo

1978 1089 2271 1150 sustineri
2307 1091 2642 1154 debuisset.
2680 1095 3173 1177 confirmarique
3207 1106 3413 1177 potest
3439 1121 3516 1162 ex

1979 1181 2146 1241 dicto
2174 1183 2228 1261 ς.
2264 1182 2627 1263 Se‘marieus,
2660 1205 2822 1248 vers.
2862 1187 3028 1261 Quod
3050 1190 3134 1250 ait
3168 1210 3182 1252 ε
3229 1192 3338 1252 ubi
3370 1211 3515 1255 con-

1972 1272 2084 1353 jux
2113 1281 2428 1354 superstes
2459 1285 2743 1357 repetere
2772 1285 2978 1359 potest
3006 1282 3407 1345 donatiouem
3439 1305 3514 1347 ex

1981 1385 2103 1446 qua
2133 1367 2356 1448 conjux
2380 1370 2691 1431 decedens
2715 1371 3086 1451 locupletior
3104 1382 3337 1455 manet,
3371 1378 3517 1442 licet

1977 1459 2109 1539 ipse
2140 1467 2452 1540 superstes
2481 1464 2653 1542 prius
2682 1464 2760 1523 ab
2792 1465 3015 1526 eodem
3058 1467 3351 1531 defuncto
3381 1476 3515 1533 tan-

1979 1553 2259 1612 tumdem
2290 1554 2454 1615 dono
2487 1556 2801 1634 acceperit
2833 1578 2846 1618 ε
2881 1577 3007 1619 non
3029 1579 3177 1638 ergo
3202 1562 3516 1624 validatur

1979 1644 2231 1705 donatio
2263 1648 2539 1708 secunda
2581 1667 2657 1707 ex
2686 1667 2758 1709 eo
2801 1651 2969 1729 quod
3016 1657 3516 1718 remuneratoria

1978 1736 2165 1797 fuci-it
2207 1737 2286 1797 ad
2330 1740 2863 1817 compensandam
2915 1744 3188 1821 priorem
3236 1748 3518 1811 donatio-

1978 1824 2145 1905 neni,
2197 1830 2472 1909 alioquin
2517 1851 2641 1892 nen
2689 1838 2899 1911 posset
2925 1836 3152 1917 conjux
3198 1846 3515 1921 superstes

1979 1940 2118 1982 eam
2148 1926 2367 1999 postea
2397 1925 2780 1987 rescindere.

2057 2015 2254 2074 Aliter
2301 2034 2449 2094 ergo
2496 2016 2690 2078 verba
2736 2019 2982 2080 illarum
3028 2022 3238 2101 legum
3293 2026 3514 2087 intelli·

1977 2106 2184 2183 genda
2214 2107 2525 2186 videntur,
2579 2130 2653 2169 ex
2702 2112 2926 2190 quibus
2975 2115 3126 2176 nihil
3155 2137 3269 2196 pro
3301 2120 3512 2181 valore

1979 2198 2333 2259 donationis
2380 2205 2914 2282 remuneratoriae,
2969 2225 3084 2267 nec
3129 2210 3211 2269 ad
3240 2213 3515 2290 proban-

1978 2290 2124 2349 dam
2155 2292 2503 2355 doctrinam
2559 2299 2787 2356 nostrae
2844 2299 3260 2362 conclusionis
3306 2305 3515 2384 colligi

1977 2382 2244 2445 videtur.
2306 2386 2601 2457 Quamvis
2639 2387 2805 2447 enim
2846 2408 3067 2450 verum
3114 2393 3194 2454 sit
3234 2395 3514 2459 donatio-

1977 2495 2121 2535 nem
2143 2480 2703 2540 remuneratoriam
2726 2500 2849 2541 non
2869 2500 3002 2543 esse
3027 2487 3278 2548 omnino
3299 2490 3512 2552 stricte

1978 2572 2041 2628 et
2067 2569 2318 2649 proprie
2348 2570 2774 2646 donationem,
2829 2593 3033 2654 neque
3064 2597 3203 2638 eam
3233 2598 3512 2662 compre-

1976 2660 2171 2721 hendi
2199 2662 2260 2721 in
2290 2663 2706 2741 prohibitione
2736 2666 3045 2741 donandi;
3081 2672 3268 2733 credo
3298 2678 3510 2736 tamen

1978 2755 2460 2832 prohibitionem
2508 2756 2779 2819 donandi
2809 2760 2889 2820 ad
2936 2761 3204 2824 invicem
3229 2767 3513 2848 conjugi-

1977 2847 2094 2907 bus
2123 2847 2355 2908 faetam
2383 2847 2588 2909 locum
2620 2850 2912 2913 habuisse
2941 2856 3295 2932 specialiter
3322 2862 3511 2922 etiam

1976 2940 2039 2999 in
2069 2940 2508 3001 donationibus
2540 2947 3069 3009 remuneratoriis.
3108 2950 3264 3021 Quia
3290 2954 3507 3032 prohi-

1975 3033 2129 3095 bitio
2162 3034 2266 3094 illa
2295 3052 2417 3094 non
2450 3039 2585 3096 erat
2613 3037 2812 3096 solum
2862 3039 3139 3102 donandi
3168 3046 3419 3124 proprie
3450 3053 3513 3110 et

1959 3127 2211 3204 stricte,
2231 3126 2341 3186 sed
2363 3126 2695 3207 cujuslibet
2714 3129 3510 3221 donationiS,quaecumque

1976 3219 2081 3279 illa
2111 3224 2293 3296 esset,
2329 3239 2401 3280 ex
2433 3239 2555 3299 qua
2591 3228 2653 3284 et
2682 3222 2921 3285 donans
2952 3230 3286 3308 pauperior
3313 3238 3376 3295 et
3404 3233 3512 3295 do-

1980 3313 2257 3375 natarius
2283 3314 2654 3393 locupletior
2671 3316 2870 3394 fieret,
2905 3324 2974 3382 ut
2994 3328 3238 3386 constat
3267 3344 3343 3385 ex
3371 3347 3513 3389 ver-

1975 3406 2073 3467 bis
2103 3425 2293 3484 supra
2342 3407 2626 3468 adductis
2670 3409 2729 3468 in
2762 3409 2822 3471 d.
2876 3412 2997 3491 leg.
3033 3413 3390 3496 Sisponsus,
3444 3439 3505 3485 v.

1978 3500 2144 3560 circa
2197 3500 2497 3560 medium.
2575 3502 2750 3562 Ratio
2809 3509 3020 3565 autem
3073 3510 3512 3587 prohibitionis

1976 3592 2115 3665 fuit,
2168 3596 2301 3652 tum
2343 3612 2420 3652 ne
2449 3597 2666 3656 mutuo
2697 3613 2909 3658 amore
2952 3617 3019 3660 se
3064 3600 3332 3664 invicem
3372 3625 3512 3687 spo-

1976 3685 2223 3761 liarent,
2276 3685 2717 3748 donationibus
2747 3708 2871 3750 non
2903 3698 3346 3775 temperanteS,
3396 3701 3509 3761 sed

1976 3779 2233 3857 profusa
2261 3797 2410 3857 erga
2431 3798 2497 3840 se
2525 3780 2822 3842 facilitate
2843 3788 3122 3859 utentes;
3157 3792 3291 3849 tum
3320 3792 3509 3854 etiam

1979 3890 2055 3930 ne
2103 3870 2382 3932 studium
2436 3872 2594 3933 filios
2640 3875 2846 3951 potius
2904 3878 3215 3941 educandi
3255 3883 3510 3964 aliquod

1979 3963 2425 4025 detrimentum
2451 3971 2795 4044 pateretur,
2849 3974 2910 4030 et
2939 3989 3015 4030 ne
3045 3971 3302 4036 daretur
3330 3996 3512 4041 occa-

1979 4056 2069 4116 sio
2123 4055 2500 4117 dissolvendi
2545 4058 2905 4139 frequenter
2955 4065 3354 4130 matrimonia
3398 4091 3512 4151 per

1978 4149 2340 4226 divortium,
2373 4151 2425 4210 si
2453 4169 2577 4211 non
2608 4148 2874 4214 donaret
2901 4155 2951 4216 is
2973 4157 3080 4235 qui
3100 4166 3333 4238 posset,
3369 4182 3510 4243 quoe

1979 4241 2256 4303 rationes
2285 4244 2633 4305 afferuntur
2660 4244 2723 4305 in
2757 4246 2879 4326 leg.
2915 4266 2957 4309 1.
2992 4266 3060 4311 11.
3098 4256 3160 4312 et
3188 4270 3280 4315 111.
3316 4255 3510 4320 eodem

1980 4335 2173 4413 titula,
2220 4335 2297 4395 de
2328 4336 2769 4400 donationibus
2810 4341 2974 4402 inter
3016 4344 3220 4406 virum
3264 4352 3325 4410 et
3355 4369 3511 4413 uxo·-

1978 4446 2134 4504 rem,
2165 4433 2230 4489 et
2254 4429 2351 4488 hae
2382 4448 2599 4490 omnes
2626 4432 2899 4494 rationes
2927 4438 3275 4513 procedunt
3299 4441 3363 4501 in
3394 4443 3509 4504 do·

1979 4520 2336 4582 nationibus
2363 4526 2894 4602 remuneratoriiS‚
2938 4528 3165 4607 quibus
3188 4531 3236 4592 si
3267 4533 3504 4613 liceret,

1978 4633 2101 4674 non
2130 4614 2338 4674 minus
2365 4615 2488 4677 imo
2536 4617 2737 4696 magis
2776 4625 3031 4698 possent
3075 4641 3211 4684 sese
3240 4624 3509 4689 invicem

1978 4707 2275 4786 spoliare,
2337 4726 2479 4768 cum
2533 4710 2848 4788 gratitudo
2905 4714 3241 4777 accedente
3294 4738 3507 4782 amore

1979 4798 2315 4879 conjugali,
2375 4803 2576 4881 magis
2622 4803 2914 4866 incitaret
2953 4806 3035 4866 ad
3071 4808 3507 4874 redonandum

1979 4892 2231 4972 conjugi
2258 4891 2539 4971 donanti,
2592 4899 2654 4957 et
2680 4898 2886 4976 major
2932 4903 3097 4961 esset
3143 4905 3398 4980 querela
3446 4912 3523 4969 et¹

1978 4986 2229 5047 divortii
2259 4987 2524 5064 occasio,
2575 4989 2622 5049 si
2655 4990 2879 5069 conjux
2928 4992 3034 5071 qui
3075 4993 3310 5056 donum
3338 5015 3510 5060 acce-

1976 5082 2157 5156 perat
2185 5097 2306 5139 non
2354 5079 2738 5143 redonasset.
2801 5083 3002 5156 Quare
3049 5085 3271 5148 merito
3310 5088 3510 5150 dona-

1976 5171 2177 5231 tiones
2198 5190 2414 5233 omnes
2436 5172 2623 5233 etiam
2644 5177 3154 5239 remuneratoriae
3182 5179 3345 5241 inter
3364 5200 3507 5245 con-

1970 5262 2156 5343 juges
2184 5264 2515 5342 prohibitae
2547 5267 2816 5330 fuerunt.

2056 5358 2184 5417 Nec
2229 5357 2436 5420 obstat
2475 5358 2642 5420 dicta
2682 5360 2780 5419 lex
2809 5359 2887 5420 Si
2927 5361 3156 5440 mulier,
3209 5381 3296 5427 VI.
3326 5367 3381 5446 ἓ.
3433 5368 3514 5429 Si

1973 5449 2243 5527 maritus,
2266 5450 2375 5510 ubi
2395 5457 2656 5530 negatur
2674 5452 2958 5531 repetitio
2989 5453 3341 5519 donationis
3360 5478 3506 5522 con-

3662 2041 3776 2100 134
