4263 6376
1312 347 1781 409 DISPUTATIO
1825 346 1976 421 XLI,
2026 346 2300 408 SECTIO
2345 348 2418 407 ΙΙ.

3323 369 3437 428 797

268 536 591 579 excessum
621 518 908 597 recipiet
948 519 1227 581 retineri.
1263 520 1512 598 Quinto,
1548 520 1802 599 quando
1901 522 2035 579 tum
2092 519 2415 597 publicum
2466 527 2918 590 mutuatarium
2975 533 3055 593 ad
3102 537 3439 604 solvendas

263 610 751 672 instrumentum
803 611 914 673 tali
968 615 1267 692 tantoque
1309 613 1523 673 labore
1570 614 1679 689 fit,
1741 615 1809 673 ut

267 707 713 765 testamentum
744 704 1111 765 moribundi
1138 706 1242 765 vix
1289 710 1352 767 et
1403 722 1648 766 morose
1695 723 1808 784 po-

270 796 459 857 tentis
487 796 679 875 loqui,
712 798 812 858 vel
842 798 1094 876 quando
1122 802 1369 876 oportet
1395 799 1654 876 longum
1688 797 1808 858 iter

272 906 459 967 agere
495 889 574 948 ad
629 890 1113 951 instrumentum
1168 891 1650 967 conficiendum,
1710 891 1808 950 vel

269 999 507 1060 ponere
549 983 817 1044 multum
846 983 1035 1044 studii
1106 988 1167 1045 et
1237 983 1580 1060 industriae,
1641 983 1808 1044 ultra

271 1074 551 1134 notarios
604 1075 1004 1136 mediocriter
1058 1077 1308 1154 peritOS,
1360 1081 1428 1139 ut
1472 1077 1537 1136 in
1583 1077 1810 1137 instru-

272 1170 487 1226 mento
527 1166 688 1229 dotis
710 1172 773 1229 et
799 1168 1076 1246 capitum
1107 1170 1694 1231 matrimonialium:
1745 1169 1808 1228 in

266 1257 637 1320 fundatione
665 1260 1030 1341 majoratus,
1067 1261 1164 1322 vel
1192 1261 1456 1342 alicujus
1477 1262 1685 1340 operis
1714 1261 1807 1321 in-

273 1351 470 1430 signis
496 1372 508 1412 ε
540 1371 653 1431 pro
675 1353 770 1414 his
792 1355 957 1413 enim
987 1360 1194 1433 partes
1213 1355 1483 1416 libenter
1510 1372 1810 1433 magnum

276 1444 549 1522 pretium
578 1446 883 1523 tribuunt,
918 1452 982 1508 et
1007 1448 1256 1508 misceri
1285 1449 1444 1509 solet
1471 1447 1708 1528 aliquid
1736 1447 1811 1507 li-

275 1537 642 1614 beralitatiS,
672 1543 861 1619 atque
890 1539 1032 1600 ideo
1076 1546 1336 1619 possunt
1390 1541 1674 1620 accipere
1729 1539 1810 1601 ad

278 1630 609 1691 arbitrium
638 1632 787 1692 boni
823 1633 942 1692 viri
967 1633 1244 1712 pensatis
1299 1634 1805 1710 circumstantiiS‚

277 1722 533 1799 laboriS,
608 1723 1088 1803 habilitationiS‚
1165 1726 1462 1802 scientiae,
1513 1727 1812 1806 qualitate

280 1815 469 1876 etiam
500 1834 933 1895 personarum,
969 1824 1090 1881 etc.
1125 1819 1239 1880 nisi
1270 1820 1390 1881 hoc
1429 1821 1619 1881 etiam
1675 1838 1814 1899 pre-

280 1908 436 1969 tium
465 1908 545 1969 ad
575 1909 688 1971 hos
717 1929 898 1972 casus
928 1919 1090 1974 esset
1116 1913 1253 1991 lege
1295 1913 1611 1992 obligante
1639 1917 1816 1974 taxa-

280 2005 438 2063 tum.

361 2094 694 2157 Dubitatur
746 2102 943 2175 sexto,
978 2103 1187 2160 utrum
1246 2100 1523 2160 notarius
1579 2100 1814 2161 faciens

283 2188 551 2250 scienter
568 2189 1054 2251 instrumentum
1083 2210 1195 2270 pro
1229 2197 1552 2254 contractu
1596 2212 1812 2253 usura-

95 2267 216 2350 {am
282 2281 397 2355 ric,
431 2287 720 2344 teneatur
747 2284 1071 2346 restituere
1101 2285 1188 2345 illi
1217 2286 1320 2365 qui
1370 2290 1587 2364 postea
1632 2287 1817 2376 solvit

95 2470 203 2520 ario,

92 2530 209 2565 satur

92 2589 196 2619 nere.

287 2376 589 2436 usuram?
634 2377 939 2437 Convenit
966 2377 1134 2456 apud
1189 2397 1429 2452 omneS,
1479 2379 1530 2438 si
1585 2379 1816 2440 instru-

286 2471 566 2529 mentum
599 2487 887 2548 expresse
914 2471 1230 2532 contineat
1257 2475 1645 2532 contractum
1673 2491 1818 2533 usu·

288 2561 546 2639 rarium‚
579 2580 704 2622 000
734 2581 996 2641 peccare
1028 2569 1247 2625 contra
1267 2563 1578 2643 justitiam
1634 2568 1813 2626 nota-

285 2654 448 2714 rium
477 2655 849 2733 regulariter
875 2655 1212 2735 loquendo,
1243 2657 1390 2736 quia
1407 2657 1632 2718 virtute
1653 2657 1817 2717 illius

284 2747 680 2809 instrumenti
693 2748 887 2827 judex
908 2767 1030 2810 non
1049 2749 1354 2827 obligabit
1368 2750 1818 2811 mutuatarium

286 2840 369 2901 ad
396 2840 652 2920 aliquod
692 2841 1082 2919 solvendum,
1138 2842 1287 2905 licet
1342 2842 1593 2903 aliunde
1643 2847 1819 2904 nota-

284 2933 414 2994 rius
435 2937 672 3012 peccet.
706 2934 1007 2995 Convenit
1037 2935 1247 3011 etiam,
1279 2935 1532 3014 quando
1566 2954 1691 2996 non
1714 2955 1813 3012 ex-

286 3027 575 3105 plicatur,
608 3027 719 3087 sed
767 3027 1058 3104 palliatur
1086 3030 1442 3090 contractus
1497 3029 1818 3090 usurarius

287 3119 406 3179 sub
435 3119 686 3180 nomine
717 3119 971 3179 alterius
1027 3119 1241 3197 debiti,
1301 3124 1449 3181 tunc
1505 3121 1818 3181 notarium

287 3232 553 3293 peceare
592 3217 809 3274 contra
848 3212 1158 3291 justitiam
1215 3214 1606 3275 conficiendo
1666 3215 1817 3276 illud

287 3306 794 3381 instrumentum,
829 3324 951 3385 quo
985 3311 1202 3385 postea
1254 3308 1668 3368 mutuatarIus
1718 3328 1816 3369 eo·

285 3405 472 3477 getur
494 3399 735 3461 solvere
764 3398 917 3458 illud
948 3398 1249 3475 debitum,
1286 3401 1537 3478 quando
1584 3400 1818 3461 instru-

284 3496 568 3554 mentum
598 3511 723 3553 000
769 3492 1094 3553 conficitur
1147 3496 1397 3571 petente
1455 3492 1565 3553 sed
1622 3494 1816 3555 invito

286 3585 422 3665 ipso
452 3582 854 3647 mutuatariO.
889 3585 1129 3665 Duplex
1159 3589 1253 3647 est
1280 3586 1634 3648 difficultas
1685 3588 1820 3648 Pri-

285 3698 414 3755 ma,
448 3698 529 3740 an
558 3678 608 3739 si
635 3680 748 3740 fiat
772 3678 1020 3739 volente
1043 3683 1106 3739 et
1135 3683 1383 3757 petente
1411 3680 1813 3754 mutuatariO,

289 3772 497 3832 adhuc
565 3776 784 3852 peccet
836 3770 1114 3833 notarius
1196 3776 1414 3833 eontra
1455 3771 1763 3851 justitiam
1790 3773 1820 3833 ⁶?

289 3866 600 3943 Secunda,
635 3884 714 3925 an
745 3865 996 3944 quando
1027 3864 1507 3926 instrumentum
1552 3866 1820 3945 explicat

285 3962 676 4021 contractum
725 3957 1103 4035 usurarium,
1136 3956 1372 4035 obliget
1401 3960 1610 4018 tamen
1639 3964 1817 4020 nota·

287 4052 452 4112 rium
482 4052 560 4112 ad
592 4051 1072 4127 restitutionem,
1134 4050 1182 4110 si
1240 4052 1352 4111 fiat
1404 4050 1466 4110 in
1519 4069 1593 4111 eo
1648 4051 1813 4129 loce,

287 4144 394 4206 ubi
411 4144 657 4224 judices
678 4144 885 4228 ‘solent
913 4143 1191 4222 obligare
1213 4143 1293 4203 ad
1313 4143 1642 4205 solvendas
1671 4164 1820 4205 usu-

197 4244 204 4253 '
287 4237 439 4299 ras?

372 4331 550 4392 Circa
581 4330 848 4409 primam
881 4329 1312 4391 difficultatem
1360 4331 1710 4392 communis
1759 4336 1824 4393 et

289 4442 445 4485 vera
468 4422 776 4484 sententia
807 4423 1013 4500 docet,
1051 4424 1363 4484 notarium
1393 4443 1655 4503 peceare
1686 4426 1821 4504 qui-

148 4547 204 4599 ,0
291 4519 439 4579 dem
484 4522 636 4578 tuno
684 4520 903 4577 contra
938 4515 1367 4596 juramentum
1416 4518 1584 4597 quod
1614 4518 1818 4579 facere

87 4602 215 4633 lno-

289 4612 495 4673 solent
542 4611 602 4670 in
652 4608 966 4689 plerisque
1014 4609 1166 4669 locis
1214 4609 1621 4687 suscipientes
1666 4611 1818 4671 illud

289 4704 568 4767 officium
616 4703 693 4762 de
724 4721 851 4763 non
881 4701 1287 4762 conficiendis
1333 4701 1561 4764 talibus
1589 4703 1820 4765 instru-

284 4797 553 4869 mentis;
588 4814 713 4857 non
743 4799 952 4856 tamen
985 4794 1183 4856 teneri
1211 4794 1292 4855 ad
1321 4795 1816 4871 restitutionem

286 4891 437 4970 quia
459 4889 691 4969 petenti
725 4893 787 4950 et
807 4888 1036 4949 volenti
1061 4907 1183 4949 000
1209 4889 1279 4948 fit
1305 4887 1554 4975 injuria.
1590 4891 1822 4951 Contra

285 4984 408 5045 hoc
429 4987 639 5044 tamen
662 4980 845 5059 objici
868 4984 1091 5059 potest,
1127 4980 1273 5061 quia
1290 4981 1607 5041 usurarius
1631 4983 1819 5042 etiam

286 5076 528 5154 obligat
573 5073 1021 5136 mutuatarium
1054 5074 1367 5135 volentem
1416 5077 1478 5133 et
1504 5077 1816 5151 petentem

286 5170 371 5230 ad
394 5167 726 5230 solvendas
747 5186 990 5244 usuraS,
1017 5165 1431 5230 mutuatarius
1454 5166 1620 5244 enim
1641 5169 1821 5229 offert

287 5267 510 5342 sponte
529 5262 697 5322 illam
717 5261 1182 5337 obligationem,
1204 5263 1481 5320 ettamen
1502 5260 1821 5321 usurarius

286 5359 509 5434 peceat
538 5357 754 5415 contra
766 5352 1073 5432 justitiam
1095 5349 1656 5430 accipiendoillam
1680 5370 1820 5430 pro-

287 5448 686 5522 missionem;
729 5464 877 5526 ergo
912 5445 1195 5509 similiter
1225 5443 1502 5506 notarius
1532 5444 1820 5521 peccabit

288 5546 508 5604 contra
529 5540 858 5621 justitiam,
915 5539 1250 5619 obligando
1297 5549 1413 5618 per
1440 5533 1818 5599 instrumen-

1904 629 2124 671 usuras
2176 611 2486 690 palliataS,
2544 616 2695 681 licet
2735 622 2971 702 obliget
3013 628 3328 692 volentem
3379 639 3442 697 et

1904 707 2243 781 petentem.
2280 707 2719 785 Respondetur
2737 718 2947 778 tamen
2972 725 3261 799 negando
3294 743 3439 787 con-

1904 797 2320 874 sequentiam,
2357 800 2504 878 quia
2534 807 2860 868 usurarius
2888 811 3024 873 vult
3048 815 3297 894 exigere
3330 838 3442 898 po-

1904 893 2039 949 stea
2059 907 2284 950 usuras
2303 909 2341 951 a
2364 893 2612 956 nolente
2635 916 2740 958 eas
2762 900 3028 981 solvere,
3057 910 3118 967 et
3138 907 3199 966 in
3222 910 3440 972 ordine

1908 982 1988 1041 ad
2019 981 2188 1042 hunc
2215 984 2405 1043 finem
2436 994 2723 1066 acceptat
2749 996 3233 1071 promissionem
3265 1003 3441 1063 obla-

1906 1077 2034 1135 tam
2066 1093 2103 1134 a
2131 1076 2380 1137 volente
2429 1079 2740 1144 redimere
2788 1105 2969 1148 suam
3016 1092 3436 1173 vexationem,

1908 1184 2051 1226 cum
2082 1171 2292 1245 posset
2336 1170 2488 1231 dare
2516 1178 2825 1253 mutuum,
2881 1181 3048 1259 quod
3078 1182 3440 1247 indifferen-

1907 1262 2002 1320 ter
2029 1261 2261 1338 petitur
2290 1261 2478 1323 etiam
2507 1265 2640 1327 sine
2669 1269 2800 1330 ullo
2833 1290 3054 1348 onere;
3092 1295 3285 1356 quare
3316 1300 3439 1343 non

1911 1351 2149 1431 obligat
2182 1355 2513 1435 volentem,
2565 1360 2677 1420 sed
2708 1367 3200 1430 consentientem
3230 1373 3312 1433 ad
3341 1393 3442 1434 re—

1910 1443 2272 1506 dimendam
2327 1450 2742 1514 vexationem.
2817 1460 2898 1518 At
2949 1478 3097 1521 vero
3153 1465 3442 1527 Notarius

1909 1555 2032 1597 non
2067 1537 2259 1600 habet
2310 1542 2591 1603 animum
2648 1547 2942 1626 exigendi
2985 1558 3203 1631 postea
3252 1575 3288 1617 a
3328 1578 3443 1619 no-

1907 1628 2096 1706 lente,
2130 1649 2247 1692 nec
2275 1634 2464 1695 modo
2497 1637 2735 1717 obligat
2761 1641 3048 1720 invitum,
3083 1647 3194 1706 sed
3223 1656 3438 1727 peten-

1910 1725 2037 1783 tem
2067 1723 2483 1788 determinate
2540 1728 2619 1789 ab
2665 1731 2801 1810 ipso
2849 1733 3020 1795 illam
3065 1739 3442 1819 scripturam

1910 1832 2036 1892 qua
2066 1815 2408 1895 obligatum
2444 1838 2569 1880 non
2592 1822 2760 1882 enim
2778 1826 2936 1904 petit
2964 1847 3001 1888 a
3021 1832 3265 1894 notario
3296 1837 3443 1897 scri-

1910 1911 2162 1985 pturam
2191 1909 2624 1974 indifferenter
2676 1916 2786 1975 sed
2829 1917 3265 2003 determinate,
3328 1947 3442 1990 nec

1909 1999 2043 2078 ipse
2072 2005 2278 2078 potest
2328 2004 2478 2064 dare
2509 2007 2673 2084 quod
2705 2008 2939 2087 petitur
2984 2013 3103 2073 nisi
3150 2034 3293 2078 cum
3338 2020 3442 2083 illo

1911 2110 2125 2156 onere.
2162 2095 2365 2167 Quare
2397 2096 2587 2160 habet
2633 2119 2698 2160 se
2747 2103 3001 2165 omnino
3044 2106 3106 2166 in
3163 2128 3235 2170 eo
3269 2131 3439 2192 casu,

1912 2186 2094 2264 sicut,
2156 2188 2260 2266 qui
2317 2190 2626 2251 Joannem
2674 2193 2990 2256 volentem
3037 2203 3099 2260 et
3126 2205 3444 2280 petentem

1912 2278 2137 2358 ligaret
2186 2280 2373 2342 hodie
2416 2283 2480 2343 in
2512 2285 2698 2346 domo
2732 2288 2919 2366 Petri,
2973 2296 3042 2353 ut
3068 2312 3206 2355 cras
3234 2303 3446 2375 posset

1913 2390 1950 2431 a
2006 2375 2189 2434 Petro
2245 2373 2472 2452 injuste
2520 2378 2862 2441 verberari.
2927 2385 3145 2446 Petrus
3190 2390 3444 2468 quidem

1913 2470 2204 2542 peccaret
2251 2484 2389 2527 cras
2432 2475 2652 2530 contra
2669 2473 2977 2550 justitiam
3006 2478 3439 2558 verberand03

1913 2557 2016 2616 ille
2045 2562 2257 2618 tamen
2287 2560 2394 2639 qui
2426 2560 2613 2624 hodie
2644 2564 2799 2642 ligat
2822 2567 3132 2630 ‚Ioannem
3161 2573 3223 2632 id
3247 2575 3444 2637 deter-

1912 2650 2146 2711 minate
2177 2656 2516 2730 petentem,
2570 2673 2693 2716 non
2745 2664 2965 2736 peccat
3014 2668 3232 2726 contra
3258 2669 3447 2745 justi-

1913 2743 2099 2816 tiam3
2138 2743 2222 2804 sic
2252 2746 2544 2806 Notarius
2563 2746 2718 2826 ligat
2745 2749 2848 2812 illo
2876 2751 3291 2821 instrumento
3312 2780 3444 2822 mu·

1914 2835 2255 2897 tuatarium
2282 2842 2353 2897 ut
2379 2842 2600 2916 postea
2618 2842 2818 2903 solvat
2847 2863 3088 2925 usuras,
3123 2869 3279 2929 quas
3307 2855 3447 2933 qui-

1916 2928 2061 2988 dem
2087 2932 2308 3007 postea
2354 2931 2677 2993 usurarius
2722 2934 2949 3014 injuste
2981 2941 3220 3020 exiget;
3274 2952 3446 3008 nota-

1915 3021 2043 3081 rius
2064 3027 2272 3081 tamen
2295 3040 2420 3083 non
2441 3029 2661 3102 peccat
2685 3033 2903 3089 contra
2915 3029 3222 3110 justitiam
3244 3038 3446 3117 ligans

1914 3114 2102 3175 hodie
2150 3114 2256 3176 illa
2302 3117 2612 3196 scriptura
2656 3120 2911 3182 Petrum
2939 3124 3004 3185 id
3033 3126 3446 3198 determinate

1916 3208 1995 3270 ab
2023 3208 2159 3287 ipso
2188 3213 2528 3288 petentem,
2564 3216 2628 3274 et
2652 3214 2989 3280 volentem.

1996 3301 2174 3362 Circa
2220 3302 2562 3364 secundam
2611 3304 3065 3390 difficultatem,
3119 3314 3312 3397 aliqui
3352 3319 3448 3380 di-

1915 3398 2085 3471 cunt,
2120 3394 2365 3456 etiamsi
2386 3397 2539 3456 illud
2567 3396 3050 3464 instrumentum
3081 3426 3207 3468 non
3227 3410 3338 3473 fiat
3366 3413 3447 3473 ad

1915 3487 2281 3566 petitionem
2309 3490 2695 3568 mutuatarii‚
2744 3494 2951 3558 adhuc
2981 3501 3292 3564 notarium
3322 3525 3447 3567 non

1915 3580 2182 3658 obligari
2225 3580 2306 3640 ad
2336 3582 2814 3663 restitutionem,
2874 3590 3023 3668 quia
3068 3592 3201 3671 ipse
3244 3599 3446 3659 solum

1915 3672 2089 3734 dedit
2113 3673 2353 3733 nudum
2372 3674 2803 3737 testimonium
2822 3681 3121 3761 veritatis,
3148 3689 3315 3765 quod
3335 3709 3450 3769 per

1915 3766 2208 3827 accidens
2236 3767 2552 3828 concurrit
2582 3769 2658 3829 ad
2689 3770 2992 3835 damnum
3022 3777 3298 3860 alteriuS‚
3332 3785 3446 3845 sci-

1912 3862 2060 3922 licet
2089 3879 2165 3920 ex
2194 3861 2433 3922 malitia
2445 3859 2676 3940 judicis
2706 3865 3017 3929 abutentis
3046 3870 3152 3932 illo
3178 3875 3450 3939 testimo-

1915 3955 2042 4031 nio,
2091 3957 2154 4014 et
2183 3953 2661 4017 condemnantis
2702 3958 2784 4017 ad
2822 3960 3199 4024 solutionem
3226 3987 3449 4032 usura-

1914 4066 2079 4109 rum.
2127 4049 2219 4108 Ita
2246 4048 2521 4109 Joannes
2550 4049 2802 4110 Medina
2839 4053 2905 4113 C.
2940 4052 3009 4115 de
3030 4058 3221 4118 usuris
3258 4079 3319 4140 q.
3357 4080 3442 4126 ιν.

1913 4143 1970 4222 ξ.
2004 4141 2073 4202 de
2100 4140 2560 4221 cooperantibus,
2622 4147 2683 4205 et
2723 4144 2958 4226 Joseph
2996 4150 3230 4230 Angles
3281 4175 3449 4235 quae-

1916 4235 2116 4297 stione
2148 4234 2218 4294 de
2244 4234 2603 4295 restitutione
2628 4235 2922 4301 Advocat.
2955 4241 3323 4310 difficultate
3356 4268 3443 4313 vl.

1917 4326 2313 4390 conclusione
2360 4330 2417 4387 3.
2482 4330 2808 4391 Contraria
2866 4338 3076 4395 tamen
3141 4344 3451 4406 sententia

1916 4440 2066 4482 vera
2093 4424 2207 4493 est,
2255 4423 2318 4480 et
2362 4422 2713 4483 communis
2754 4426 2922 4503 apud
2952 4427 3232 4493 Silvestr.
3268 4437 3442 4500 verb.

1916 4534 2096 4575 usura
2142 4515 2271 4575 v11.
2337 4518 2557 4593 quaest.
2611 4533 2720 4578 vn.
2780 4519 3062 4579 Lessium
3117 4540 3256 4604 cap.
3311 4530 3442 4592 XX.

1919 4608 2069 4669 duh.
2105 4624 2232 4667 xxl.
2266 4624 2370 4666 nu.
2410 4610 2544 4668 180.
2596 4608 2882 4669 Toletum
2913 4610 3019 4673 lib.
3054 4615 3129 4676 V.
3164 4617 3445 4700 Summoe,

1917 4720 2055 4780 cap.
2091 4717 2212 4760 Lxl.
2249 4702 2502 4759 Petrum
2532 4702 2878 4761 Navarram
2907 4704 3016 4767 lib.
3044 4722 3137 4769 111.
3173 4707 3242 4770 de
3260 4715 3443 4777 restit.

1917 4813 2056 4873 cap.
2092 4795 2166 4855 11.
2202 4796 2362 4873 part.
2402 4808 2470 4853 11.
2507 4791 2657 4853 dub.
2691 4811 2751 4855 x.
2798 4814 2954 4874 quos
2986 4801 3268 4879 sequitur
3295 4808 3451 4870 Mal-

1916 4887 2106 4948 derus
2138 4888 2318 4947 tract.
2344 4887 2418 4948 V.
2454 4903 2592 4964 cap.
2620 4902 2713 4947 111.
2748 4887 2897 4949 dub.
2926 4906 3095 4954 xxiv.
3123 4897 3279 4958 Nam
3303 4900 3444 4979 hoc,

1919 4979 2090 5060 quod
2143 4983 2237 5039 est
2267 4977 2444 5057 sequi
2476 4980 2768 5040 effectum
2798 4998 2874 5041 ex
2902 4983 3140 5047 malitia
3166 4990 3445 5074 alteriuS,

1918 5090 2042 5133 non
2072 5072 2299 5133 liberat
2338 5090 2374 5130 a
2420 5070 2661 5132 malitia
2708 5071 3025 5152 injustitias
3056 5088 3447 5162 cooperatio-

1918 5184 2063 5226 nem
2090 5165 2262 5224 illam
2292 5162 2765 5226 antecedentem
2801 5185 2815 5225 :
2847 5186 2907 5228 v.
2932 5188 3027 5247 gr.
3065 5172 3113 5231 si
3144 5176 3304 5237 scias
3331 5182 3451 5242 Pe-

1917 5263 2085 5320 trum
2144 5275 2425 5337 quaerere
2491 5256 2815 5320 inimicum
2882 5262 2963 5321 ad
3035 5266 3449 5334 occidendum

1920 5370 2087 5428 eum,
2122 5354 2186 5411 et
2213 5349 2458 5429 aperias
2491 5348 2576 5409 illi
2606 5350 2712 5410 ubi
2743 5352 2842 5429 sit,
2885 5355 3234 5421 testificaris
3262 5365 3447 5443 plane

1916 5463 2159 5521 verum,
2193 5443 2395 5504 sciens
2416 5446 2626 5504 tamen
2647 5445 2901 5506 Petrum
2929 5446 3033 5509 illa
3054 5453 3272 5516 notitia
3293 5460 3448 5521 abu-

1916 5557 2131 5600 surum
2181 5536 2260 5598 ad
2292 5536 2702 5599 homicidium
2749 5557 2822 5599 ex
2852 5559 2967 5604 sua
2994 5545 3267 5623 malitia;
3322 5573 3445 5615 non
