4263 6376
1249 310 1719 372 DISPUTATIO
1764 307 1888 386 xL,
1938 307 2210 370 snorlo
2254 307 2355 372 ιν.

215 486 646 552 mutilationis.
680 487 801 549 Alii
829 486 1016 549 licere
1047 491 1190 549 ante
1221 487 1594 550 sententiam
1621 504 1747 547 non

217 600 367 644 vero
407 584 549 660 post
603 581 998 644 sententiam.
1049 583 1352 642 Auctores
1414 599 1560 641 vero
1610 579 1752 640 vide

221 674 389 753 apud
443 673 727 737 Lessium
782 673 845 733 in
903 673 1197 752 praesenti
1254 674 1402 735 dub.
1464 693 1524 734 v.
1579 673 1754 735 Salas

222 766 294 829 de
320 766 491 846 qut'b.
528 767 757 845 disput.
792 769 922 829 XV.
962 771 1113 830 sect.
1148 784 1259 830 vn.
1294 770 1556 829 n.87.et
1573 784 1749 845 seqq.

226 864 290 922 et
317 861 597 922 Sanchez
629 860 690 922 d.
725 860 831 923 lib.
868 862 969 923 VI.
1022 860 1239 922 Consil.
1279 878 1418 939 cap.
1470 877 1557 922 ιν.
1600 859 1749 920 dub.

223 973 350 1018 vn.
389 957 449 1014 et
479 972 656 1033 seqq.

303 1048 375 1110 In
405 1047 524 1110 hoc
552 1051 781 1125 puncto
812 1046 875 1107 in
896 1047 1113 1126 primis
1134 1047 1468 1108 dicendum
1483 1046 1751 1120 videtur,

87 1188 175 1218 m-
228 1158 406 1202 reum
436 1140 541 1220 qui
590 1139 758 1219 juste
798 1141 1138 1220 requiritur
1183 1146 1246 1203 et
1287 1138 1759 1220 comprehendi-

86 1230 174 1272 ω’·
227 1237 350 1310 tur,
406 1252 529 1294 non
574 1252 755 1312 posse
797 1233 924 1294 vim
980 1234 1208 1295 inferre
1263 1233 1626 1295 custodibus
1660 1231 1759 1291 vel

92 5379 174 5420 ssit

92 5494 149 5530 188

92 5553 188 5591 70¹².

228 1327 529 1389 ministris
550 1326 828 1408 justitiae,
863 1332 931 1389 ut
963 1345 1182 1388 eorum
1208 1328 1455 1388 vincula
1476 1326 1754 1403 effugiat,

231 1424 417 1500 atque
448 1421 588 1482 ideo
621 1439 744 1482 non
776 1439 958 1500 posse
989 1439 1096 1482 eos
1143 1421 1339 1499 ligare
1366 1467 1381 1496 ,
1416 1421 1514 1480 vel
1545 1438 1613 1480 os
1642 1418 1760 1478 illis

231 1515 556 1575 obstruere
585 1532 662 1576 ne
713 1514 1005 1576 clament.
1053 1516 1144 1575 Ita
1188 1516 1337 1576 Soto
1369 1516 1442 1574 V.
1475 1511 1546 1572 de
1583 1511 1763 1592 justi-

232 1607 314 1668 tia
366 1611 586 1687 quoest.
652 1626 742 1668 vr.
808 1610 924 1668 art.
985 1611 1044 1667 4.
1105 1606 1185 1666 ad
1255 1609 1313 1666 2.
1374 1624 1497 1667 non
1550 1609 1762 1666 tamen

233 1705 396 1762 esset
414 1700 540 1780 jus,
573 1700 676 1760 vel
717 1699 867 1779 quid
914 1699 1135 1776 simile,
1191 1698 1242 1759 si
1285 1697 1581 1778 fugiendo
1637 1702 1765 1757 tra·-

233 1794 411 1858 heret
436 1798 578 1873 post
606 1812 673 1854 se
695 1791 966 1853 carceris
982 1792 1305 1854 custodem
1329 1793 1531 1872 ipsum
1551 1794 1764 1852 tenen-

233 1890 383 1952 tem.

313 1979 550 2044 Deinde
579 1982 786 2058 potest
813 1997 889 2040 ex
919 1997 1170 2042 carcere
1202 1979 1417 2058 fugero
1440 1976 1569 2038 sive
1593 1980 1759 2055 ante,

236 2075 365 2135 sive
395 2078 536 2152 post
564 2073 960 2149 sententiam,
1008 2073 1058 2133 si
1081 2075 1257 2133 timet
1286 2072 1502 2133 mortis
1518 2071 1769 2132 velmu-

235 2166 536 2229 tilationis
565 2184 841 2245 poenam.
894 2167 1003 2227 Est
1048 2164 1397 2226 communis
1449 2165 1579 2224 fere
1630 2182 1760 2224 om-

239 2259 431 2334 nium,
492 2263 554 2320 et
608 2259 906 2321 fundatur
963 2258 1026 2319 in
1082 2257 1351 2319 naturali
1401 2256 1543 2335 jure
1598 2255 1767 2336 quod

239 2352 664 2431 unusquisque
722 2351 912 2412 habet
957 2351 1036 2410 ad
1081 2351 1541 2431 procurandam
1588 2367 1768 2410 suam

237 2445 431 2506 vitam
476 2448 539 2505 et
583 2444 1170 2508 conservationem:
1206 2463 1400 2524 quare
1442 2461 1563 2504 non
1607 2446 1771 2503 esset

231 2537 412 2616 juxta
432 2538 772 2600 humanam
786 2537 1205 2600 conditionem
1221 2537 1369 2597 illud
1387 2541 1770 2615 praeceptum

242 2631 525 2710 obligans
555 2630 635 2689 ad
666 2649 788 2692 non
819 2630 1189 2709 fugiendum
1218 2648 1362 2690 cum
1390 2631 1607 2708 possit,
1659 2628 1770 2690 sed

243 2724 323 2785 ad
354 2723 808 2802 expectandam
845 2727 1115 2784 mortem
1137 2769 1152 2798 ,
1198 2725 1299 2784 vel
1345 2724 1771 2785 membrorum

242 2817 700 2880 mutilationem
748 2834 762 2880 ε
811 2816 959 2878 licet
1015 2815 1184 2876 enim
1239 2817 1302 2876 in
1359 2817 1568 2895 aliquo
1625 2833 1771 2875 casu

247 2910 740 2974 extraordinario
795 2914 1082 2972 teneatur
1122 2909 1272 2969 civis
1325 2908 1644 2988 propriam
1687 2907 1774 2969 vi-

247 3008 376 3067 tam
419 3021 729 3082 exponere
785 3019 897 3082 pro
953 3003 1151 3064 salute
1207 3002 1521 3063 communi
1571 3001 1778 3080 reipu-

247 3096 425 3158 blicae
461 3115 475 3157 ε
524 3114 647 3157 non
675 3100 886 3156 tamen
914 3095 1280 3174 regulariter
1309 3100 1372 3156 et
1408 3095 1473 3155 in
1504 3095 1782 3174 quolibet

251 3208 420 3253 casu.
1033 3212 1038 3219 ⁴

330 3284 562 3361 Tertio,
596 3282 764 3345 idem
812 3282 1061 3344 videtur
1104 3281 1480 3358 dicendum,
1530 3279 1780 3361 quando

253 3377 442 3441 debet
472 3377 683 3442 subire
721 3376 908 3438 aliam
936 3394 1186 3456 poenam
1210 3394 1468 3455 gravem
1490 3375 1778 3434 similem.

253 3472 622 3550 Exemplum
652 3488 787 3531 esse
816 3474 1022 3549 potest
1049 3470 1128 3530 de
1158 3469 1560 3529 damnatione
1578 3468 1656 3527 ad
1679 3467 1782 3528 tri·

250 3584 477 3641 remes,
510 3583 650 3644 quse
680 3564 868 3625 etiam
895 3562 1143 3623 videtur
1170 3580 1357 3641 poena
1385 3561 1778 3641 gravissima.

251 3661 408 3722 Item
438 3659 516 3720 de
546 3656 949 3718 damnatione
979 3655 1061 3715 ad
1091 3655 1355 3715 verbera
1377 3700 1394 3731 ,
1451 3655 1586 3715 haec
1617 3653 1784 3714 enim

252 3755 399 3814 sunt
450 3769 654 3831 poenae
683 3749 865 3811 valde
916 3766 1162 3827 graves.
1221 3749 1376 3809 Item
1431 3748 1511 3807 ad
1568 3764 1785 3808 omncs

253 3846 405 3906 alias
436 3862 655 3923 poenas
681 3842 870 3904 etiam
900 3840 1313 3920 pecuniariae,
1339 3846 1402 3902 et
1420 3841 1499 3901 ad
1529 3858 1657 3916 eos,
1679 3839 1788 3919 qui

255 3942 551 4001 tenentur
576 3936 640 3997 in
668 3935 935 3997 vinculis
981 3939 1240 4014 propter
1268 3933 1480 3995 debita
1510 3932 1791 3995 extendit

253 4032 407 4093 satis
452 4027 860 4109 probabiliter
915 4045 1059 4088 cum
1113 4030 1372 4089 Navarr.
1417 4026 1646 4088 Sanch.
1682 4026 1786 4086 ubi

256 4142 449 4204 supra
476 4122 626 4185 dub.
661 4139 818 4184 vin.
853 4123 952 4182 An
980 4138 1130 4180 vero
1159 4119 1260 4180 ille
1286 4120 1395 4199 qui
1427 4120 1562 4198 ¹iam
1605 4119 1789 4180 estin

255 4217 637 4292 triremibus,
693 4214 892 4293 possit
944 4212 1091 4273 inde
1137 4214 1304 4275 bona
1332 4214 1658 4275 occasione
1699 4212 1791 4271 fu-

255 4330 431 4390 gere,
465 4314 655 4388 negat
682 4310 872 4387 Vasq.
906 4309 963 4368 1.
998 4311 1058 4368 2.
1093 4306 1251 4385 disp.
1289 4309 1422 4367 174.
1460 4326 1519 4367 n.
1553 4310 1612 4367 7.
1646 4323 1789 4365 cum

258 4404 398 4464 aliis
439 4402 673 4477 multiS,
725 4419 883 4480 quos
938 4402 1120 4461 affert
1174 4398 1404 4460 Sanch.
1455 4399 1563 4459 lib.
1596 4401 1698 4459 VI.
1731 4397 1792 4457 in

258 4495 540 4576 Decoloq.
580 4514 635 4557 c.
671 4511 808 4556 vm.
843 4512 1014 4555 num.
1054 4496 1147 4553 ¹6.
1181 4491 1793 4571 probabiliustamen

257 4591 580 4651 affirmant
632 4588 900 4662 Lessius,
961 4586 1252 4648 Corduba
1274 4631 1289 4662 ,
1351 4587 1626 4662 BanneS,
1683 4587 1796 4647 Le·

261 4684 503 4759 desma,
562 4685 625 4742 et
676 4681 781 4740 alii
816 4696 972 4758 quos
1014 4681 1196 4738 affert
1232 4681 1295 4739 et
1321 4678 1602 4756 sequitur
1627 4678 1796 4737 idem

263 4776 547 4840 Sanchez
595 4774 720 4847 ibi;
781 4776 945 4833 esset
996 4772 1162 4831 enim
1207 4770 1597 4832 intolerabile
1645 4770 1797 4832 illud

261 4871 653 4950 praeceptum
685 4886 699 4926 ε
732 4866 917 4941 satis,
951 4864 1000 4925 si
1028 4864 1408 4925 damnentur
1451 4864 1532 4925 ad
1562 4864 1799 4943 patien-

261 4967 362 5025 ter
409 4961 733 5030 ferendam
787 4958 957 5019 illam
1012 4956 1470 5036 detentionem,
1513 4957 1675 5019 sicut
1720 4956 1800 5017 ad

262 5055 578 5134 patienter
605 5052 929 5115 ferendam
975 5053 1242 5113 mortem
1266 5096 1282 5127 ,
1313 5050 1413 5112 vel
1441 5051 1803 5130 flagellatio-

265 5167 414 5209 nem
427 5190 442 5207 .

354 5243 611 5316 QuartO,
647 5239 899 5319 quando
926 5237 1073 5299 licet
1101 5237 1339 5315 fugere,
1375 5237 1586 5299 licebit
1613 5238 1801 5298 etiam

269 5334 645 5411 regulariter
673 5351 966 5411 rumpere
983 5331 1082 5391 vel
1102 5331 1436 5408 effringere
1457 5349 1797 5406 carcerem,

93 5446 139 5483 τ’.
172 5438 218 5476 et
267 5426 487 5489 fodere
543 5427 869 5506 parictem,
934 5429 997 5487 et
1049 5424 1296 5485 similia.
1355 5425 1448 5485 Ita
1502 5426 1651 5486 Soto
1695 5423 1800 5483 ubi

266 5538 464 5598 supra
491 5521 750 5584 Navarr.
788 5537 925 5596 cap.
959 5537 1125 5579 xvii.
1162 5534 1337 5578 num.
1382 5518 1518 5578 101.
1567 5520 1630 5576 et
1658 5533 1797 5594 cap.

3265 313 3379 373 783

1851 506 1953 547 xv.
1990 505 2050 547 n.
2086 489 2187 548 38.
2223 486 2413 547 etalii
2448 486 2885 565 communiter,
2919 505 3075 572 quos
3112 490 3292 550 affert
3319 493 3380 550 et

1853 580 2138 658 sequitur
2169 580 2451 641 Sanchez
2481 580 2541 640 d.
2580 580 2727 641 dub.
2762 600 2854 641 ix.
2890 582 3039 660 quia
3083 582 3184 642 cui
3210 583 3381 644 licita

1855 675 1948 732 est
1975 673 2146 750 fuga,
2178 673 2325 734 licet
2353 673 2540 734 etiam
2568 691 2892 734 removere
2935 675 3384 753 impedimenta

1856 765 1932 824 ad
1964 765 2213 843 fugam;
2247 785 2450 845 neque
2480 767 2644 826 enim
2675 767 2737 826 in
2770 768 2889 829 hoc
2903 768 3134 830 resistit
3153 769 3385 830 forma·

1855 857 2001 919 liter
2020 856 2244 936 judici,
2298 858 2406 918 sed
2453 859 2613 937 fugit
2662 861 3008 938 periculum
3042 881 3056 922 t
3090 862 3252 923 sicut
3278 862 3384 941 qui

1857 951 2194 1012 damnatur
2221 952 2300 1011 ad
2330 951 2598 1028 bestiae,
2648 957 2855 1030 potest
2884 954 3219 1015 defendere
3249 974 3315 1015 se
3348 973 3387 1014 a

1854 1044 2144 1105 leonibus
2192 1063 2300 1105 eos
2347 1045 2733 1118 occidend03
2794 1047 2911 1108 boc
2943 1048 3109 1107 enim
3141 1066 3263 1109 non
3296 1050 3388 1108 est

1858 1136 2145 1197 resistere
2167 1136 2389 1217 judici,
2421 1138 2531 1198 sed
2559 1139 2777 1218 fugere
2798 1145 3064 1202 mortem
3087 1140 3387 1220 quamdiu

1860 1234 2085 1308 potest.
2122 1230 2263 1290 Dixi
2305 1236 2538 1306 tamen,
2598 1231 2951 1313 requlariter
3004 1233 3123 1294 hoc
3151 1234 3382 1306 licere;

1861 1323 2006 1402 quia
2036 1322 2371 1401 aliquando
2401 1328 2607 1404 potest
2635 1325 2956 1405 damnum,
2992 1327 3157 1405 quod
3183 1327 3392 1406 sequi·

1860 1418 1962 1476 tur
2015 1416 2376 1494 reipublicoe
2431 1418 2528 1480 vel
2587 1420 2829 1480 custodi
2875 1439 2946 1480 ex
2996 1421 3261 1481 carceris
3302 1422 3393 1480 ef-

1861 1508 2185 1585 fractione,
2248 1528 2382 1571 esse
2440 1512 2599 1572 adeo
2654 1531 2989 1591 magnum,
3050 1517 3118 1575 ut
3167 1514 3394 1574 debeat

1861 1602 2142 1679 proeferri
2200 1603 2433 1663 damno
2489 1605 2734 1683 privato
2791 1606 2984 1684 ipsius
3041 1608 3154 1682 rei,
3214 1605 3394 1685 cujus

1861 1695 2123 1755 fortasse
2180 1714 2304 1756 non
2361 1697 2517 1758 tanti
2574 1697 2833 1760 interest
2870 1700 3041 1778 fuga,
3095 1705 3164 1760 ut
3200 1699 3397 1778 possit

1865 1804 2004 1846 eam
2036 1804 2180 1848 cum
2208 1792 2382 1850 tanto
2438 1789 2701 1850 aliorum
2749 1790 3121 1854 detrimento
3169 1810 3395 1870 procu-

1864 1898 2030 1942 care.

1947 1974 2104 2034 Huic
2152 1975 2481 2036 assertioni
2525 1982 2924 2055 opponuntur
2971 1979 3141 2057 leges
3183 1978 3394 2040 civiles

3539 1983 3616 2041 45

1865 2070 2214 2128 statuentes
2258 2086 2479 2145 poenas
2514 2070 2915 2147 gravissimas
2944 2072 3004 2131 in
3038 2074 3397 2133 effractores
3479 2108 3700 2153 &mmm

1867 2178 2213 2238 carcerum,
2247 2166 2317 2222 ut
2344 2162 2406 2221 in
2435 2163 2476 2222 l.
2512 2181 2533 2221 1
2549 2207 2563 2222 .
2599 2165 2661 2223 ff.
2682 2161 2753 2224 de
2778 2163 3130 2243 effractor-ib.
3156 2173 3211 2226 et
3237 2164 3399 2246 81·ρὶ-
3458 2163 3725 2219 obiectiones.

1866 2252 2169 2330 latoribus,
2206 2253 2310 2314 ubi
2340 2254 2681 2332 imponitur
2696 2275 2882 2335 poena
2912 2258 3151 2337 capitis,
3170 2264 3232 2321 et
3252 2258 3399 2319 alibi

1868 2347 2278 2423 imponuntur
2307 2347 2442 2407 alite
2465 2366 2690 2426 poenae.
2717 2350 3153 2428 Respondetur
3172 2352 3395 2431 prime,

1870 2456 1976 2499 eas
2003 2439 2175 2517 leges
2214 2440 2476 2500 sortasse
2508 2447 2675 2503 ortus
2721 2443 2912 2504 fuisse
2960 2463 2998 2504 a
3044 2445 3402 2507 tenentibus

1871 2533 2244 2593 sententiam
2274 2536 2673 2612 contrariam,
2717 2537 2885 2616 quod
2913 2539 3151 2600 scilicet
3179 2557 3302 2600 non
3325 2538 3405 2599 sit

1871 2626 2041 2686 licita
2071 2627 2342 2688 carceris
2370 2629 2671 2690 etii-actio.
2724 2631 3038 2707 Secundo,
3083 2650 3188 2692 eas
3232 2632 3404 2711 leges

1872 2717 2080 2797 quoad
2109 2737 2362 2797 poenam
2394 2722 2632 2801 capitis,
2658 2722 2756 2783 vel
2785 2724 3240 2786 mutilationem
3269 2744 3404 2786 esse

1873 2810 2156 2889 injustae,
2189 2819 2377 2890 atque
2406 2814 2565 2875 adeo
2597 2834 2719 2877 non
2750 2835 2883 2877 esse
2913 2817 2975 2876 in
3007 2836 3143 2878 usu.
3171 2819 3401 2895 Tertio,

1875 2904 2083 2983 quoad
2113 2904 2267 2965 alias
2297 2924 2515 2983 poenas
2541 2909 2819 2969 mitiores
2847 2909 3093 2972 admitti
3121 2915 3402 2990 possunt,

1875 3015 1936 3057 v.
1969 3015 2033 3075 g.
2068 2998 2277 3076 quoad
2322 2999 2842 3076 flagellationem3
2890 3002 3027 3064 haec
3071 3004 3238 3064 enim
3283 3022 3406 3065 non

1876 3094 2007 3151 tam
2035 3094 2200 3151 esset
2226 3109 2412 3168 poena
2442 3092 2504 3152 in
2532 3093 2871 3155 vindictam
2894 3096 3192 3174 criminis,
3220 3115 3410 3178 quam

1879 3187 2083 3245 terror
2138 3202 2215 3245 ne
2270 3184 2497 3246 iterum
2545 3187 2823 3250 audeant
2869 3188 2933 3250 id
2962 3191 3218 3252 facere:
3254 3191 3412 3252 sicut

1880 3277 2173 3337 dominus
2200 3278 2380 3355 punit
2408 3296 2659 3341 servum
2687 3282 3046 3360 fugitivum,
3072 3284 3180 3362 qui
3199 3288 3411 3347 tamen

1875 3368 2056 3449 juxta
2084 3371 2473 3449 probabilem
2522 3376 2895 3435 sententiam
2937 3377 3276 3458 aliquando
3317 3378 3415 3438 fu-

1882 3481 2031 3541 gere
2059 3467 2284 3542 potest,
2319 3482 2465 3523 nam
2494 3466 2599 3527 illa
2626 3486 2751 3529 non
2782 3473 2874 3530 est
2894 3470 3133 3548 punitio
3163 3471 3413 3551 proprie

1883 3556 2084 3628 dicta;
2121 3556 2231 3616 sed
2267 3562 2362 3618 est
2388 3559 2613 3620 modus
2641 3563 2969 3622 coercendi
3016 3568 3078 3626 et
3102 3565 3416 3626 retinendi

1883 3667 2157 3726 servum,
2190 3668 2267 3709 ne
2297 3650 2525 3711 iterum
2570 3653 2800 3731 fugiat3
2854 3655 3014 3717 sicut
3043 3676 3273 3736 equum
3303 3658 3416 3719 ba-

1884 3743 2024 3804 culo
2054 3742 2317 3803 ferimus
2347 3744 2598 3823 quando
2646 3747 2874 3806 cecidit
2914 3766 2991 3808 ne
3040 3750 3265 3811 iterum
3309 3770 3412 3812 ca-

1887 3835 2015 3912 dat,
2052 3854 2177 3896 non
2224 3836 2285 3895 in
2342 3856 2593 3916 poenam
2651 3840 2900 3919 proprie
2952 3841 3184 3904 dictam
3214 3845 3323 3904 sed
3353 3844 3417 3905 in

1885 3928 2294 3990 monitionem
2328 3948 2342 3989 ε
2376 3930 2464 3990 sic
2494 3931 2786 3991 dominus
2806 3979 2821 4008 ,
2870 3931 3030 3994 sieut
3056 3941 3267 4014 posset
3294 3957 3419 3999 ser·

1887 4040 2035 4082 vum
2093 4021 2335 4082 cautius
2391 4022 2617 4082 deinde
2672 4026 3008 4104 custodire,
3057 4031 3119 4090 et
3156 4029 3419 4090 vinculis

1888 4115 2300 4177 strictioribus
2328 4116 2631 4189 retinere;
2667 4118 2753 4177 sic
2783 4124 2986 4197 potest
3027 4139 3170 4181 eum
3198 4123 3422 4183 verbe·

1887 4226 2051 4284 rare,
2085 4225 2209 4269 non
2238 4207 2301 4267 in
2332 4226 2606 4286 poenam,
2638 4210 2745 4270 sed
2769 4215 2838 4271 ut
2857 4212 3188 4274 verberum
3217 4220 3421 4278 metus

1890 4319 2143 4362 servum
2196 4301 2335 4361 loco
2390 4302 2784 4363 vinculorum
2840 4307 3158 4369 contineat
3211 4328 3288 4369 ne
3336 4310 3425 4369 fu-

1890 4395 2042 4474 giat.
2083 4394 2186 4456 Sic
2215 4394 2406 4455 etiam
2428 4395 2626 4474 judex
2652 4403 2910 4476 propter
2957 4401 3246 4460 eamdem
3274 4420 3424 4463 cau-

1891 4507 2023 4550 sam
2068 4491 2277 4567 potest
2333 4488 2668 4549 verberare
2723 4509 2899 4551 reum
2941 4492 3302 4571 fugitivum,
3363 4497 3427 4555 et

1893 4582 2166 4644 carceris
2219 4582 2646 4655 effractorem,
2717 4587 2786 4643 ut
2844 4588 3047 4644 metus
3091 4586 3423 4647 verberum

1895 4675 2072 4755 quasi
2100 4674 2352 4735 vincula
2378 4693 2558 4734 reum
2587 4675 2904 4735 contineat
2932 4695 3009 4735 ne
3040 4677 3258 4756 fugiat.

1976 4769 2192 4841 Dices3
2227 4786 2377 4845 ergo
2408 4767 2725 4844 similiter,
2757 4774 2963 4847 potest
2983 4768 3179 4849 judex
3202 4771 3423 4833 minari

1896 4862 2018 4923 reis
2046 4864 2316 4922 mortem
2360 4860 2570 4921 animo
2619 4862 3007 4940 exequendi,
3068 4864 3119 4924 si
3159 4864 3422 4944 fugiant,

1897 4974 2022 5017 non
2052 4955 2115 5014 in
2145 4972 2437 5032 poenam,
2479 4953 2589 5013 sed
2632 4957 2701 5015 ut
2729 4959 2932 5016 metus
2958 4957 3176 5018 mortis
3203 4957 3426 5019 futuroe

1900 5068 2006 5111 eos
2036 5048 2361 5123 cohibeat,
2422 5051 2485 5107 et
2512 5051 2724 5108 teneat
2768 5065 2845 5107 ne
2876 5067 3193 5110 carcerem
3225 5053 3429 5113 effrin-

1899 5148 2071 5223 gant.
2137 5144 2417 5219 Negatur
2456 5141 2711 5219 sequela
2737 5186 2752 5217 ,
2813 5143 2960 5220 quia
2988 5144 3091 5204 ille
3121 5145 3287 5206 solus
3313 5146 3431 5207 erit

1899 5241 2104 5296 metus
2130 5234 2332 5314 justus
2363 5233 2441 5292 ad
2472 5233 2888 5293 coercendum
2918 5255 3168 5297 servum
3192 5284 3208 5315 ,
3268 5257 3327 5299 V.
3362 5258 3423 5319 g.

1904 5348 1980 5388 ne
2034 5328 2268 5406 fugiat,
2322 5327 2574 5404 quando
2620 5327 2854 5385 malum
2902 5331 3070 5407 quod
3134 5332 3433 5411 infligitur

1903 5441 2029 5483 non
2058 5421 2304 5481 excedit
2330 5424 2703 5498 potestatem
2736 5419 3012 5499 domini,
3072 5443 3196 5503 qua
3225 5429 3436 5503 posset

1902 5515 2168 5575 vinculis
2194 5516 2409 5575 tenero
2437 5530 2690 5574 servum
2719 5532 2797 5574 ne
2824 5514 3040 5593 fugiat.
3077 5519 3292 5580 Posset
3319 5519 3435 5580 ita·
