4263 6376
573 1899 650 1960 93

520 2021 747 2068 Pensiones

484 2077 591 2121 solvi
625 2078 775 2122 debent

529 2142 604 2184 pru
633 2136 720 2174 rata

531 2184 729 2250 tempori-s

518 2237 727 2281 misormi.

562 3124 640 3184 94

575 3252 654 3295 udo
675 3253 754 3296 do-

602 3310 618 3348 t
634 3306 756 3352 solvi.

556 4144 635 4203 95

459 4268 609 4322 emuna
635 4268 757 4313 buna

513 4322 712 4366 clausula.

830 228 949 294 368
1996 234 2099 296 DE
2141 234 2495 299 JUSTITIA
2542 235 2642 299 ET
2684 234 2883 299 JURE

915 406 1039 469 Sed
1086 406 1240 468 mihi
1276 408 1467 470 verba
1504 408 1609 470 illa
1652 410 1909 489 planum
1951 429 2203 472 sensum
2258 412 2371 472 ha-

832 499 982 561 bere
1011 500 1324 577 videntur,
1380 505 1442 563 et
1485 502 1686 563 solum
1729 503 2067 581 prohibere
2112 523 2190 564 ne
2219 523 2371 563 veu-

834 592 998 654 ditor
1026 596 1283 672 cogatur
1297 593 1639 674 anticipare
1659 595 2031 657 solutionem
2053 596 2369 675 pensionis

833 685 1084 762 debitae,
1116 705 1259 765 mg.
1290 686 1343 746 si
1372 687 1710 766 cogaturin
1737 688 2041 768 principio
2073 688 2219 748 anni
2250 688 2367 748 sol-

831 795 976 838 vere
1023 778 1386 856 pensionem
1440 779 1630 841 totius
1692 780 1862 857 anni,
1900 780 1993 841 vel
2049 780 2367 842 semestris

827 870 1172 950 sequentis;
1207 871 1356 950 quia
1383 889 1494 950 per
1523 871 1642 933 hoc
1663 872 1951 933 venditor
1978 871 2189 933 minus
2220 890 2367 951 pre-

827 963 900 1024 tii
945 962 1263 1024 videretur
1290 964 1595 1042 accipere,
1645 982 1787 1025 cum
1834 963 2046 1027 statim
2102 968 2368 1043 cogatur

827 1059 1071 1134 partem
1098 1056 1281 1135 pretii
1307 1057 1572 1118 reddere
1593 1076 1706 1137 pro
1726 1057 2025 1137 pensione
2054 1057 2361 1137 sequenti3

829 1166 1021 1227 quare
1049 1149 1102 1209 si
1131 1153 1385 1228 pactum
1414 1151 1611 1227 fieret,
1650 1153 1716 1210 ut
1743 1168 1856 1228 pro
1888 1154 2161 1229 quatuor
2187 1168 2367 1210 men-

826 1239 1018 1317 sibuS,
1051 1241 1156 1320 qui
1187 1242 1297 1302 soli
1343 1242 1528 1322 hujus
1575 1243 1721 1302 anni
1759 1248 2113 1322 supersunt,
2167 1243 2368 1305 solvat

824 1333 1190 1413 pensionem
1243 1334 1553 1413 integram
1600 1354 1895 1412 annuam,
1941 1335 2003 1395 id
2048 1353 2173 1396 non
2203 1339 2365 1397 esset

823 1429 1040 1487 contra
1067 1426 1229 1487 hanc
1258 1427 1621 1504 clausulam,
1653 1445 1779 1488 non
1810 1428 1976 1489 enim
2005 1434 2168 1490 esset
2205 1429 2365 1490 anti-

822 1518 1027 1598 cipata
1060 1518 1306 1596 solutio,
1356 1519 1466 1580 sed
1498 1524 1660 1581 esset
1686 1524 1904 1582 contra
1941 1520 2046 1601 jus
2092 1524 2356 1597 naturae,

823 1630 965 1672 cum
996 1612 1350 1691 exigeretur
1377 1613 1594 1692 pensio
1623 1613 1868 1692 integra
1895 1632 2007 1691 pro
2039 1632 2203 1674 anno
2236 1633 2359 1675 non

820 1704 1086 1783 integro,
1121 1705 1217 1766 cui
1265 1704 1550 1784 pensioni
1579 1706 1848 1784 pretium
1878 1725 2102 1768 census
2129 1725 2256 1768 non
2280 1725 2360 1769 ae-

821 1798 1186 1878 quivaleret.

898 1891 1170 1952 Advorte
1215 1894 1427 1951 tamen
1454 1891 1654 1970 primo
1686 1911 1828 1953 cum
1878 1893 2098 1954 eodem
2127 1893 2361 1955 Molina

821 1983 931 2061 ibi,
961 1985 1327 2063 pensionem
1373 2003 1617 2061 census,
1639 1985 1944 2065 quidquid
1991 1985 2071 2048 sit
2105 1986 2183 2046 de
2236 1987 2360 2046 fru-

833 2076 1033 2138 ctibus
1087 2095 1298 2137 rerum
1353 2076 1618 2137 aliarum
1676 2096 1815 2156 quae
1872 2083 2185 2155 emuntur,
2247 2079 2359 2138 de-

825 2170 974 2231 bere
1032 2170 1187 2231 solvi
1243 2188 1355 2248 pro
1412 2174 1550 2231 rata
1628 2171 1820 2232 solius
1870 2173 2203 2250 temporiS‚
2269 2172 2358 2234 ita

823 2267 913 2340 ut,
946 2263 996 2323 si
1026 2262 1241 2342 pensio
1272 2263 1351 2323 sit
1401 2263 1736 2323 duodecim
1795 2264 1991 2341 aurei,
2045 2265 2146 2325 vel
2202 2264 2353 2324 duo·

820 2357 1027 2417 decim
1056 2374 1365 2416 mensurae
1391 2355 1520 2415 vini
1563 2374 1674 2434 pro
1728 2357 1989 2436 singulis
2032 2357 2355 2418 mensibus

817 2449 1127 2511 debeatur
1155 2467 1315 2509 unus
1344 2467 1591 2525 aureus,
1618 2449 1715 2510 vel
1744 2468 1869 2510 una
1887 2468 2182 2511 mensura
2200 2450 2349 2527 vini,

820 2560 935 2604 nec
963 2541 1202 2603 attendi
1232 2541 1461 2601 debere
1490 2547 1735 2621 tempus
1763 2543 2101 2619 fructuum,
2117 2544 2217 2604 vel
2245 2544 2354 2605 ali·

814 2634 964 2715 quid
995 2633 1185 2710 aliud,
1220 2633 1329 2694 sed
1360 2652 1503 2695 cum
1544 2634 1767 2714 aequali
1817 2636 2219 2715 proportione
2262 2637 2356 2698 di-

810 2727 1151 2790 videndam
1178 2745 1311 2788 esse
1339 2726 1702 2807 pensionem
1716 2727 1897 2807 juxta
1925 2730 2190 2790 totidem
2204 2749 2354 2810 par-

811 2824 906 2884 tes
934 2820 1078 2880 anni
1107 2820 1342 2899 absque
1372 2820 1497 2880 ulla
1542 2820 1909 2891 differentia,
1947 2827 2015 2883 ut
2043 2841 2188 2884 cum
2217 2825 2352 2885 aliis

813 2915 1107 2976 observat
1142 2912 1553 2974 Covarruvias
1595 2914 1761 2992 apud
1803 2914 2036 2976 Melina
2076 2917 2217 2978 loco
2268 2918 2354 2977 ci-

814 3011 968 3070 tato.

894 3099 1169 3162 Adverto
1200 3097 1495 3175 secundo,
1528 3098 1643 3160 nisi
1673 3100 1843 3161 aliud
1873 3101 1936 3161 in
1961 3106 2217 3182 pactum
2245 3102 2354 3164 de-

816 3193 1102 3269 ducatur,
1121 3195 1366 3271 tempus
1396 3193 1673 3254 solvendi
1689 3196 2056 3273 pensionem
2077 3214 2154 3256 ex
2164 3214 2353 3257 censu

818 3306 953 3348 esse
982 3285 1044 3346 in
1073 3286 1197 3346 fine
1226 3285 1395 3363 anni,
1443 3304 1585 3346 cum
1628 3288 1902 3365 Salonio,
1937 3292 1998 3350 et
2040 3291 2122 3350 Sa
2179 3292 2355 3352 notat

818 3380 996 3442 Salas
1026 3378 1176 3441 dub.
1226 3394 1372 3440 xm.
1425 3380 1840 3442 communiter
1891 3383 2104 3442 tamen
2151 3382 2350 3443 solere

813 3476 1068 3551 pactum
1094 3471 1253 3548 fieri,
1288 3475 1355 3534 ut
1383 3471 1712 3533 dimidium
1740 3472 2056 3552 pensionis
2075 3475 2353 3537 solvatur

812 3566 1023 3644 elapso
1064 3563 1320 3626 dimidio
1369 3583 1531 3625 anno
1566 3585 1580 3627 ε
1614 3565 1951 3644 aliquando
1984 3566 2173 3628 etiam
2202 3567 2350 3628 assi-

807 3658 990 3738 gnari
1022 3658 1181 3719 solet
1207 3657 1429 3736 triplex
1458 3659 1782 3736 terminuS,
1803 3663 1871 3720 ut
1898 3659 1962 3719 in
1989 3659 2113 3719 fine
2142 3659 2351 3740 cujus-

805 3751 962 3814 libet
991 3750 1468 3831 quadrimestris
1496 3752 1777 3814 solvatur
1809 3752 1995 3814 tertia
2023 3771 2168 3832 pars
2195 3772 2351 3833 pen-

805 3844 998 3908 sionis
1045 3861 1294 3920 annuae,
1328 3862 1469 3924 quoe
1497 3847 1687 3922 pacta
1732 3862 1854 3906 non
1910 3845 2343 3925 prohibentur,

806 3957 951 4000 cum
1001 3957 1126 3999 non
1157 3936 1519 3999 contineant
1547 3937 1738 3998 ullam
1784 3937 2108 4001 solutionis
2136 3939 2351 4000 antici-

803 4032 1143 4113 pationem.

890 4124 1125 4197 Quarta
1140 4122 1417 4184 clausula
1444 4122 1534 4184 sic
1558 4122 1750 4185 habet
1780 4142 1794 4183 :
1843 4144 1872 4179 «
1891 4124 2350 4186 conventiones

806 4216 1066 4292 directe,
1109 4219 1220 4277 aut
1272 4215 1575 4279 indirecte
1629 4216 1979 4295 obligantes
2033 4218 2115 4279 ad
2169 4236 2348 4280 casus

805 4308 1093 4371 fortuitos
1124 4325 1290 4385 eum,
1328 4308 1436 4387 qui
1464 4308 1618 4369 alias
1647 4327 1723 4369 ex
1744 4313 1970 4371 natura
1990 4314 2348 4374 contractus

804 4421 930 4464 non
959 4404 1268 4477 teneatur,
1294 4401 1463 4463 nullo
1492 4402 1681 4463 modo
1727 4403 1938 4463 valere
1967 4402 2275 4467 volumus.
2309 4427 2337 4464 ι)

802 4496 893 4556 De
921 4512 1070 4556 vero
1117 4513 1301 4555 sensu
1331 4494 1519 4574 hujus
1547 4495 1839 4558 clausulae
1889 4495 2159 4558 diximus
2198 4496 2347 4560 satis

803 4590 955 4651 sect.
990 4589 1094 4650 lv.
1128 4587 1280 4649 dub.
1314 4605 1374 4650 v.

3144 723 3203 800 ς.
3231 725 3288 784 ι.

2664 984 2754 1047 De
2780 983 2984 1066 quinta
3014 984 3296 1062 clausula,
3326 1004 3426 1048 seu
3453 985 3795 1048 conditione.

2546 1237 2770 1312 Quinto
2800 1239 3081 1301 clausula
3108 1240 3302 1301 Bullae
3343 1240 3433 1302 sic
3488 1241 3724 1303 habet:
3770 1262 3799 1298 α
3840 1243 4002 1314 Que-
4106 1247 4159 1307 96

2462 1332 2872 1393 madmodum
2899 1353 3016 1394 nec
3043 1334 3333 1395 volumus
3360 1334 3570 1395 valere
3610 1339 3867 1415 pactum
3894 1353 4001 1395 au·
4037 1370 4192 1422 amm„

2460 1425 2688 1502 serem,
2721 1430 2830 1487 aut
2855 1427 3239 1505 restringens
3283 1427 3645 1489 facultatem
3685 1428 4000 1489 alienandi
4037 1426 4192 1479 “hssffl

2458 1534 2594 1578 rem
2622 1518 2838 1579 censui
2865 1520 3276 1599 suppositam.
3330 1520 3487 1593 Quia
3519 1520 3830 1597 volumuS‚
3864 1539 3998 1581 rem
4037 1482 4192 1586 latei-⁸3³

2459 1610 2659 1689 ipsam
2715 1630 2983 1691 semper,
3026 1617 3089 1673 et
3132 1613 3349 1689 libere,
3408 1631 3483 1674 ac
3531 1613 3663 1673 sine
3694 1613 3999 1675 solutione
4034 1598 4192 1693 diffisi

2458 1703 2778 1781 laudemii‚
2828 1724 2937 1765 seu
2982 1706 3540 1786 quinquagesimae,
3592 1710 3702 1768 aut
3745 1707 3999 1768 alterius
4110 1695 4187 1739 ’Μ

2460 1797 2847 1876 quantitatis„
2882 1798 2981 1858 vel
3029 1798 3141 1873 rei,
3201 1803 3333 1861 tam
3388 1799 3551 1861 inter
3577 1799 3774 1876 viVOS,
3809 1818 3998 1879 quam

2457 1890 2517 1949 in
2550 1888 2769 1950 ultima
2798 1891 3117 1952 voluntate
3146 1891 3427 1954 alienari.
3463 1892 3584 1954 Ubi
3613 1896 3826 1953 autem
3854 1911 3998 1952 ven-

2459 1981 2668 2042 denda
2696 1982 3093 2059 sit,volumus
3124 1985 3449 2046 dominum
3464 2003 3686 2045 census
3705 1985 3843 2045 aliis
3874 2004 3999 2046 om-

2458 2074 2641 2135 nibus
2698 2076 3002 2155 praeferri,
3056 2077 3237 2157 eique
3302 2076 3656 2138 denuntiari
3699 2078 3999 2140 conditio-

2455 2186 2588 2243 neS‚
2648 2168 2875 2246 quibus
2927 2170 3259 2231 vendenda
3303 2170 3403 2246 sit,
3463 2176 3526 2233 et
3551 2188 3665 2248 per
3715 2189 3998 2230 mensem

2455 2261 2789 2339 expectari.
2836 2284 2863 2319 »
2917 2265 3153 2323 Horum
3181 2263 3520 2325 verborum
3544 2281 3762 2323 sensus
3792 2263 3998 2325 clarus

2455 2358 2569 2430 est,
2617 2354 2844 2432 quibus
2893 2356 3173 2417 Pontifex
3200 2356 3397 2417 voluit
3433 2374 3760 2425 occurrere
3791 2356 3999 2416 oneri-

2453 2446 2591 2523 buS,
2616 2447 2845 2525 quibus
2864 2449 3222 2510 venditores
3251 2467 3551 2511 censuum
3571 2448 3818 2528 gravari
3836 2450 3993 2510 sole-

2450 2537 2624 2615 bant,
2661 2542 2722 2600 et
2749 2540 3099 2602 consentire
3130 2543 3521 2620 cogebantur
3538 2546 3607 2603 ut
3634 2540 3993 2604 necessitati

2451 2632 2744 2710 praesenti
2772 2632 3177 2695 subvenirent
3207 2655 3220 2697 :
3257 2638 3318 2696 et
3334 2635 3640 2715 quamviS‚
3673 2635 3991 2715 loquendo

2452 2724 2530 2785 de
2581 2724 2724 2804 jure
2781 2730 3042 2804 naturae,
3101 2727 3453 2807 potuissent
3519 2728 3734 2789 addito
3790 2729 3993 2807 pretio

2454 2816 2759 2897 ejusmodi
2806 2824 2991 2899 pacta
3025 2820 3378 2899 justificari,
3430 2821 3657 2901 quibus
3701 2821 3997 2882 venditor

2453 2929 2675 2972 census
2706 2912 3109 2992 obligaretur,
3143 2914 3223 2974 ad
3271 2932 3395 2975 non
3424 2914 3823 2975 alienandam
3855 2933 3994 2975 rem

2454 3004 2665 3064 censui
2695 3005 3043 3084 subjectam
3085 3006 3216 3067 sine
3246 3025 3555 3069 consensu
3585 3007 3821 3068 domini
3852 3026 3995 3067 cen-

2452 3115 2579 3173 suS,
2610 3098 2711 3158 vel
2738 3098 2818 3158 ad
2867 3099 3237 3161 solvendum
3283 3100 3694 3168 laudemium,
3745 3104 3857 3160 aut
3887 3099 3995 3160 ali-

2453 3209 2641 3270 quam
2670 3191 2851 3270 pretii
2870 3197 3133 3271 partem,
3154 3195 3397 3274 quoties
3430 3194 3762 3255 alienanda
3781 3196 3990 3254 esset:

2452 3284 2600 3362 quia
2638 3289 2848 3346 tamen
2864 3286 2999 3347 haec
3029 3288 3237 3347 omnia
3265 3291 3449 3366 pacta
3470 3305 3595 3348 non
3616 3290 3795 3348 erant
3811 3285 3998 3365 juxta

2451 3382 2739 3438 naturam
2786 3382 3144 3441 contractus
3173 3380 3502 3454 censuaIiS,
3562 3384 3625 3444 et
3666 3379 3814 3458 quia
3859 3398 3997 3439 ma-

2449 3488 2644 3548 gnum
2673 3475 2808 3533 erat
2834 3472 3184 3552 periculum
3211 3472 3528 3552 injustitias
3556 3472 3621 3533 in
3650 3472 3747 3534 his
3768 3491 3994 3551 grava-

2448 3561 2743 3639 minibuS‚
2770 3563 2994 3642 quibus
3023 3565 3391 3626 necessitate
3435 3565 3739 3644 compulsi
3768 3564 3992 3625 vendi-

2449 3659 2614 3716 tores
2645 3656 3031 3734 cogebantur
3058 3657 3431 3734 consentire,
3455 3657 3679 3718 merito
3702 3657 3995 3718 Pontifex

2449 3746 2584 3808 haeo
2612 3748 2822 3810 omnia
2868 3750 3209 3828 prohibuit,
3257 3750 3475 3811 volens
3518 3749 3771 3811 aliunde
3815 3766 3995 3809 com-

2449 3856 2713 3919 pensare
2757 3843 3143 3920 emptoribus
3183 3862 3509 3920 censuum,
3561 3843 3712 3904 etin
3771 3860 3999 3902 eorum

2448 3934 2727 3995 favorem
2777 3936 3221 4016 praeeipiendo,
3270 3936 3440 4017 quod
3488 3935 3768 4017 praeferri
3805 3934 3999 3995 debe·

2447 4032 2588 4090 rent
2615 4028 2752 4089 aliis
2782 4028 3092 4108 omnibuS,
3127 4031 3381 4110 quando
3407 4049 3509 4092 res
3538 4029 3753 4091 censui
3782 4029 4002 4108 subje-

2449 4124 2550 4182 cta
2573 4122 2969 4184 venderetur.

2528 4214 2687 4274 Hine
2736 4215 3022 4292 infertur,
3070 4235 3194 4278 non
3243 4218 3513 4296 possein
3547 4222 3810 4298 pactum
3844 4217 3998 4298 jam

2449 4306 2695 4381 deduci,
2731 4327 2809 4368 ne
2838 4327 2940 4370 res
2970 4310 3183 4370 censui
3225 4310 3506 4390 subjecta
3533 4312 3842 4373 vendatur
3884 4329 4003 4390 po-

2449 4399 2725 4477 tentiori,
2778 4405 2850 4463 ut
2895 4407 3116 4464 contra
3156 4403 3403 4483 aliquos
3452 4423 3607 4484 quos
3643 4405 3829 4466 tacito
3886 4422 4007 4465 no-

2445 4492 2614 4554 mine
2643 4494 2857 4571 refert,
2891 4496 3117 4573 probat
3147 4496 3379 4557 Melina
3437 4497 3597 4578 disp.
3641 4500 3778 4559 390.
3822 4515 3899 4559 n.
3935 4500 4002 4557 8.

2447 4586 2595 4665 quia
2632 4587 2780 4650 licet
2818 4587 2883 4648 in
2924 4592 3248 4650 contractu
3295 4589 3766 4670 emphyteutico
3807 4589 3884 4650 id
3929 4587 4008 4650 li-

2446 4682 2608 4756 ceat,
2656 4680 2723 4740 in
2770 4681 3047 4742 censuali
3087 4685 3298 4743 tamen
3336 4682 3725 4763 prohibitum
3765 4687 3892 4760 est,
3943 4688 4012 4744 et

2445 4772 2692 4850 merito,
2728 4773 2877 4853 quia
2905 4773 3198 4835 dominus
3231 4793 3456 4837 census
3496 4795 3624 4838 non
3654 4776 3849 4838 habet
3880 4776 4013 4838 do-

2444 4865 2707 4926 minium
2738 4867 2829 4928 rei
2858 4868 3134 4945 censitae,
3168 4887 3285 4931 nec
3314 4869 3564 4932 debitor
3590 4873 3762 4933 tanto
3790 4887 4011 4932 onere

2449 4959 2703 5036 gravari
2730 4959 3019 5023 debebat.

2554 5050 2886 5112 Dubitatur
2913 5053 3137 5131 primo,
3173 5073 3251 5114 an
3282 5055 3334 5115 si
3361 5054 3649 5117 venditor
3687 5074 3811 5117 non
3855 5076 4019 5119 mo-
4164 5080 4192 5136 ss

2467 5148 2614 5206 neat
2649 5145 2972 5206 dominum
3010 5166 3254 5225 censuS‚
3303 5149 3555 5228 quando
3591 5168 3721 5209 rem
3763 5150 4013 5211 censui
4067 5191 4192 5237 05¹5,

2466 5236 2814 5317 subjectam
2858 5240 3093 5317 vendit,
3144 5241 3380 5303 incidat
3423 5243 3487 5301 in
3545 5242 4020 5304 commissum?
4103 5247 4192 5344 'fflss

2459 5330 2895 5409 Respondetur
2932 5333 3219 5412 negative
3266 5353 3411 5396 cum
3449 5334 3680 5398 Molina
3705 5334 3851 5397 loco
3889 5336 4012 5398 cit.
4070 5363 4192 5416 pem

2444 5422 2591 5502 quia
2616 5424 2754 5486 talis
2784 5443 2971 5502 pmna
3000 5444 3122 5487 non
3154 5426 3467 5489 invenitur
3492 5429 3770 5508 apposita
3832 5448 3971 5493 nec
3996 5478 4013 5508 ,
4120 5413 4192 5503 {22
