4263 6376
104 3130 138 3166 ei

1192 394 1663 454 mSPUTA·r10
1709 393 1982 468 XXXVI,
2032 394 2304 453 Sssc'rlo
2350 395 2423 456 V.

223 564 453 645 possint,
490 565 724 628 debent
752 585 824 627 ex
858 569 997 647 1636
1028 587 1104 630 60
1136 569 1409 630 vendere
1444 589 1458 631 :
1492 575 1556 632 et
1583 574 1730 632 tunc

223 677 325 718 non
351 657 569 721 dubito
602 660 751 739 quin
783 660 1057 722 debeant
1081 662 1393 742 gabellam
1423 683 1499 724 ex
1518 664 1730 724 vendi-

221 750 360 811 tione
390 752 634 812 solvere
659 798 674 828 ,
731 753 784 813 si
821 753 1074 813 aliunde
1103 759 1404 834 tanquam
1433 756 1723 816 ecclesia-

219 842 360 904 sticae
377 863 662 923 personae
681 845 989 907 immunes
1007 865 1129 907 non
1147 846 1288 908 sint.
1312 849 1609 928 Idemque
1634 850 1704 909 di

219 937 461 997 cendum
491 937 758 1015 videtur,
794 939 1047 1017 quando
1072 940 1296 1019 aliquis
1324 941 1405 1001 ad
1425 942 1728 1003 solvenda

218 1029 404 1089 debita
432 1030 699 1108 cogitur,
731 1032 831 1091 vel
850 1051 889 1092 a
913 1033 1166 1111 propria
1188 1034 1590 1111 conscientia,
1626 1036 1724 1097 vel

217 1123 378 1183 etiam
407 1140 445 1181 a
467 1121 683 1201 judice
713 1123 987 1184 vendere
1035 1127 1244 1206 aliqua
1291 1127 1458 1188 bona
1478 1175 1492 1202 ,
1551 1134 1621 1190 ut
1649 1115 1724 1188 ex

215 1215 387 1294 pretio
418 1215 833 1276 creditoribus
861 1217 1144 1280 satisfiat.
1179 1222 1334 1280 Nam
1365 1220 1426 1279 in
1459 1221 1555 1281 his
1571 1222 1725 1282 casi-

212 1307 312 1368 bus
338 1307 552 1368 vendit
597 1307 661 1368 in
699 1308 791 1368 sui
822 1311 1092 1388 gratiam
1116 1357 1131 1387 ,
1195 1317 1259 1373 et
1301 1313 1442 1373 ideo
1476 1333 1600 1375 non
1632 1319 1723 1376 est

213 1419 306 1461 cur
330 1405 662 1462 excusetur
681 1402 760 1460 ab
781 1403 1078 1464 oneribus
1097 1405 1494 1468 venditionis,
1530 1408 1722 1468 Seeus

212 1512 338 1553 vero
358 1493 698 1554 dicendum
718 1495 967 1557 videtur
982 1542 997 1573 ,
1041 1499 1294 1576 quando
1316 1500 1560 1578 cogitur
1580 1519 1720 1560 ven·

212 1586 337 1646 dere
366 1605 546 1646 suam
579 1586 837 1648 domum
866 1635 882 1665 ,
940 1608 1002 1649 v.
1035 1608 1130 1667 gr.
1164 1590 1226 1649 in
1264 1592 1533 1670 gratiam
1565 1593 1718 1654 alte-

209 1678 319 1738 rius
347 1698 362 1737 z
410 1683 563 1739 tunc
592 1679 760 1739 enim
789 1684 995 1758 potest
1021 1699 1245 1761 cogere
1276 1689 1623 1763 emptorem
1654 1690 1723 1747 ut

209 1789 328 1831 eum
358 1770 721 1832 indemnem
754 1777 992 1846 servet3
1041 1776 1187 1854 quia
1228 1794 1301 1836 eo
1331 1795 1481 1836 casu
1509 1783 1722 1856 posset

208 1865 456 1945 pretium
504 1865 695 1927 etiam
744 1884 974 1945 augere
1030 1873 1287 1947 propter
1314 1870 1615 1930 damnum
1645 1891 1718 1930 ex

208 1958 550 2019 venditione
580 1976 907 2037 emergens
930 2004 945 2034 ,
1006 1961 1105 2021 vel
1141 1966 1397 2040 propter
1427 1964 1719 2023 affectum

205 2052 592 2129 peculiarem,
635 2070 823 2130 quem
853 2052 1044 2115 habet
1074 2054 1154 2115 ad
1184 2073 1317 2114 rem
1346 2074 1558 2129 suam,
1594 2074 1719 2136 qua

203 2162 258 2203 se
289 2144 496 2223 privat
543 2144 604 2205 in
661 2144 929 2222 gratiam
978 2146 1230 2207 alterius
1264 2168 1276 2209 :
1339 2167 1531 2227 quare
1560 2149 1721 2210 610111

203 2236 334 2296 illud
365 2237 549 2315 pretii
581 2241 990 2314 augmentum
1022 2256 1145 2299 non
1175 2241 1420 2301 excedit
1448 2242 1716 2319 pretium

196 2330 419 2409 justum
449 2330 510 2389 in
541 2329 659 2389 illis
688 2329 1188 2408 circumstantiis,
1224 2334 1311 2394 sic
1332 2352 1371 2394 a
1398 2336 1638 2396 fortiori
1667 2335 1716 2394 si

201 2423 432 2501 cogitur
451 2423 692 2483 solvere
711 2422 1046 2501 gabellum,
1081 2427 1310 2503 poterit
1328 2445 1559 2505 augere
1580 2447 1716 2508 pre-

200 2516 336 2576 tium
368 2520 633 2595 propter
677 2515 977 2576 damnum
1008 2517 1160 2578 illud
1192 2537 1521 2597 emergens
1545 2567 1559 2596 ,
1622 2521 1716 2580 vel

199 2613 347 2669 certe
378 2609 704 2687 imponere
751 2609 1013 2686 emptori
1060 2628 1217 2671 onus
1245 2611 1557 2689 gabellam
1587 2614 1715 2674 sol-

197 2701 394 2779 vendi,
430 2702 490 2760 in
522 2700 702 2780 cujus
729 2702 999 2779 gratiam
1029 2704 1280 2782 vendit,
1333 2709 1395 2765 et
1423 2725 1535 2785 per
1565 2725 1716 2767 con-

199 2813 454 2875 sequens
485 2798 692 2872 potest
731 2796 868 2873 ejus
915 2797 1203 2880 expensis
1251 2815 1316 2858 se
1356 2798 1716 2860 indemnem

197 2888 267 2949 ab
293 2906 368 2949 eo
401 2888 632 2949 damno
663 2906 935 2949 servare.

265 2981 600 3042 Dubitatur
627 2982 810 3042 tertio
830 3027 846 3058 ‚
899 3000 977 3042 an
1008 2985 1344 3062 paupertas
1375 2988 1625 3045 excuset
1651 2985 1714 3046 in

195 3073 567 3136 conscientia
594 3092 631 3133 0
652 3074 948 3137 solvenda
969 3075 1255 3153 gabella?
1282 3077 1718 3156 Respondetur

105 3192 132 3222 s.
193 3167 557 3230 affirmative
595 3168 647 3228 61
689 3186 748 3228 v.
783 3186 878 3247 gr.
928 3169 1154 3249 aliquis
1182 3169 1397 3232 solutis
1427 3170 1710 3249 30061116,

192 3284 307 3325 000
359 3266 571 3342 001661
625 3281 769 3323 cum
824 3263 1128 3324 mediocri
1176 3264 1350 3325 lucro
1381 3265 1588 3327 adhuc
1616 3284 1716 3326 re-

190 3362 381 3418 stante
402 3374 493 3432 se,
528 3373 799 3436 suosque
819 3357 980 3418 filios
999 3357 1190 3433 alere,
1227 3357 1323 3417 vel
1345 3358 1492 3437 quia
1518 3359 1717 3420 multa

188 3448 393 3510 debita
420 3449 772 3526 contraxit,
833 3449 930 3509 vel
978 3455 1237 3528 propter
1265 3450 1416 3510 alias
1445 3470 1667 3512 causas
1697 3472 1710 3512 τ

188 3541 353 3621 01106
395 3541 566 3602 60110
596 3541 785 3604 (16061
811 3544 1077 3622 propriae
1109 3545 1460 3606 necessitati
1491 3563 1716 3606 consu-

185 3635 307 3695 lere
337 3653 531 3714 quam
583 3635 793 3714 regiae.
857 3637 952 3697 Ita
989 3636 1271 3696 Sanchez
1327 3637 1388 3698 d.
1432 3656 1570 3717 cap.
1605 3641 1708 3700 lv.

186 3727 331 3788 dub.
364 3745 468 3788 xv,
523 3745 666 3788 cum
697 3728 931 3800 610660,
967 3729 1238 3805 11011010,
1274 3730 1539 3807 Rosella,
1573 3731 1715 3791 Bal-

185 3819 283 3897 do,
319 3820 556 3896 Felin0‚
593 3821 954 3899 Hippolyte,
987 3823 1280 3882 Panorm.
1307 3824 1530 3899 Baeza,
1565 3823 1713 3883 Ifer-

184 3914 306 3985 nia,
330 3912 639 3988 Rolanclo,
665 3913 876 3989 Decio,
909 3918 970 3974 et
989 3913 1125 3974 aliis
1146 3914 1249 3995 qui
1274 3915 1489 3976 dicunt
1510 3915 1713 3994 ipsum

183 4006 369 4066 etiam
416 4006 662 4084 regium
707 4007 1065 4067 ministrum
1108 4024 1291 4085 posse
1335 4008 1713 4086 pauperibus

183 4099 523 4171 remittere,
560 4099 789 4178 quibus
819 4099 898 4159 ab
928 4100 1065 4178 ipsa
1092 4099 1231 4177 1636
1263 4104 1325 4161 61
1352 4105 1583 4162 6101010
1614 4121 1715 4161 re-

183 4192 372 4253 missa
401 4192 671 4253 videtur.

261 4286 599 4348 Dubitatur
625 4290 884 4365 quarte,
919 4306 996 4347 an
1032 4306 1107 4347 ex
1136 4287 1324 4346 rebus
1354 4287 1540 4348 etiam
1572 4305 1716 4366 pro-

107 4431 137 4459 „
182 4379 398 4441 bibitis
429 4380 659 4440 debeat
688 4380 842 4440 solvi
874 4380 1146 4458 gabella,
1181 4400 1240 4441 v.
1275 4400 1369 4459 gr.
1407 4381 1718 4441 debentur

181 4473 405 4533 decem
452 4473 592 4553 julii
644 4492 757 4552 pro
813 4474 1062 4551 gabella
1119 4492 1192 4533 ex
1238 4474 1518 4553 quolibet
1547 4473 1713 4534 dolio

183 4567 312 4625 vini
339 4613 353 4641 ,
405 4566 570 4646 quod
621 4566 682 4626 in
740 4567 960 4626 urbem
989 4568 1247 4628 affertur
1280 4588 1292 4628 ε
1353 4567 1719 4646 prohibetur

178 4663 392 4719 tamen
428 4679 504 4719 ne
534 4659 672 4738 quis
699 4660 912 4720 vinum
960 4678 1033 4719 ex
1062 4659 1169 4721 tali
1201 4661 1296 4720 vel
1329 4680 1404 4720 ex
1434 4661 1542 4721 tali
1575 4661 1712 4721 loco

178 4753 408 4812 afferat
439 4769 453 4814 :
507 4753 810 4831 quan-itur
832 4798 847 4826 ‚
902 4771 982 4812 an
1012 4753 1061 4812 si
1092 4759 1312 4814 contra
1342 4753 1717 4833 prohibitio-

176 4862 328 4905 nem
356 4846 655 4905 afferatur
677 4892 693 4922 ,
746 4845 973 4907 debeat
1002 4865 1073 4905 ex
1107 4846 1210 4906 illo
1240 4846 1393 4906 solvi
1423 4846 1666 4924 3006110
1688 4846 1719 4906 ?

176 4938 516 4999 Affirmant
559 4937 748 5017 aliqui
783 4939 950 5016 'apud
983 4939 1212 5000 Sanch.
1263 4939 1392 4998 dub
1421 4955 1548 4999 xv1.
1582 4939 1714 5017 1066

170 5036 393 5090 tamen
423 5035 638 5109 negat,
673 5031 790 5091 nisi
819 5031 1067 5108 3006110
1098 5032 1391 5110 imposita
1421 5031 1607 5092 etiam
1640 5032 1718 5092 sit

173 5124 330 5184 vino
361 5124 465 5200 illi,
501 5124 602 5184 cui
635 5125 959 5185 sententioe
992 5125 1207 5186 favent
1232 5125 1483 5186 Medina
1514 5130 1577 5186 et
1603 5128 1714 5185 Co·

168 5236 432 5278 varruv.
468 5217 550 5277 ab
581 5218 803 5277 eodem
833 5217 1112 5278 adducti.
1171 5218 1385 5278 Praxis
1429 5219 1618 5280 etiam
1651 5219 1716 5279 id

171 5311 558 5370 confirmare
588 5309 867 5386 videtur,
902 5328 1049 5370 nam
1079 5311 1332 5389 quando
1365 5311 1715 5390 deprehen-

170 5404 356 5464 ditur
380 5404 592 5464 vinum
623 5403 797 5477 illud,
833 5423 957 5464 non
987 5405 1145 5464 solet
1175 5404 1299 5482 0611
1330 5405 1575 5480 gabello
1605 5405 1715 5464 sed

171 5515 395 5574 poena.
470 5496 654 5557 Ratio
726 5496 916 5558 etiam
990 5496 1240 5558 videtur
1308 5516 1442 5557 6666
1464 5544 1479 5574 ,
1572 5497 1718 5577 quia

169 5589 429 5668 3006110
471 5589 710 5672 1100001
742 5589 990 5653 videtur
1016 5591 1328 5653 merc-ibus
1359 5608 1498 5671 quae
1529 5591 1716 5654 intro·

3249 401 3365 460 629

1829 569 1973 630 duci
2003 574 2286 649 possunt,
2321 573 2384 631 et
2413 570 2744 649 peripsam
2765 572 3029 649 gabellae
3057 572 3364 652 acceptio·

1829 682 1996 739 nem,
2021 662 2568 743 videturprinceps
2588 664 3116 726 introductionem
3141 685 3363 745 appro-

1828 757 1978 817 bare
2016 777 2028 817 :
2064 757 2316 836 quando
2347 775 2495 835 ergo
2518 758 2805 837 princeps
2836 758 3362 820 introductionem

1828 867 1951 909 non
1975 850 2108 911 vult
2133 850 2505 928 approbare,
2539 870 2662 911 000
2693 851 2885 930 exigit
2913 871 2986 912 ex
3016 852 3120 912 illa
3147 853 3364 931 gabel—

1826 942 1952 1002 lam
1971 963 1983 1004 :
2001 961 2123 1002 non
2140 942 2303 1002 enim
2325 943 2507 1003 debet
2521 943 3184 1023 offerrigabellaquam
3198 945 3361 1024 prin-

1826 1054 1971 1113 ceps
2017 1035 2303 1114 accipere
2336 1036 2546 1113 nollet,
2582 1038 2687 1097 sed
2722 1037 3009 1116 princeps
3040 1057 3361 1118 nunquam

1825 1147 1903 1189 ex
1929 1129 2034 1190 tali
2068 1128 2212 1189 vino
2242 1129 2556 1208 gabellam
2585 1129 2852 1191 scienter
2879 1130 3214 1209 acciperet,
3249 1131 3358 1192 sed

1821 1222 2185 1301 prohiberet
2212 1221 2549 1295 introduci;
2577 1241 2726 1300 ergo
2748 1242 2869 1284 non
2892 1229 2985 1285 est
3002 1242 3111 1284 cur
3132 1225 3360 1285 debeat

1825 1315 1878 1375 ei
1910 1314 2141 1375 offerri.
2193 1314 2395 1388 Quare
2426 1315 2749 1394 probabile
2798 1315 2918 1377 hoe
2960 1316 3208 1378 videtur
3237 1315 3353 1377 nisi

1823 1407 2205 1468 contrarium
2235 1408 2373 1486 lege
2404 1408 2767 1487 explicetur.
3502 1423 3576 1480 71

1902 1499 2235 1561 Dubitatur
2262 1500 2505 1579 quinto,
2538 1520 2619 1560 an
2650 1520 2722 1560 ex
2752 1501 2939 1562 rebus
2961 1521 3100 1581 quae
3122 1521 3244 1563 non
3275 1503 3353 1562 ad
3429 1548 3493 1589 A„
3516 1560 3566 1589 ⁰
3599 1558 3664 1597 n,

1826 1593 2334 1671 negotiationem,
2367 1594 2476 1653 sed
2510 1592 2588 1653 ad
2619 1594 2943 1672 proprium
2974 1614 3156 1655 usum
3187 1595 3355 1655 defe-
3403 1612 3490 1664 ‘1⁰5⁸
3526 1602 3577 1643 nd
3598 1614 3698 1653 rm-

1821 1690 2044 1747 runtur
2070 1687 2171 1746 vel
2202 1691 2540 1762 emuntur,
2576 1686 2880 1748 debeatur
2906 1688 3200 1765 gabella?
3240 1691 3354 1748 Ne·
3416 1666 3476 1711 pn
3479 1668 3653 1697 ⁰⁰⁰⁰⁰⁰
3649 1737 3659 1751 .
3656 1668 3683 1697 ¹¹

1819 1782 1973 1857 gant
2000 1779 2234 1857 010166,
2271 1798 2429 1858 quos
2459 1781 2728 1841 afferunt
2758 1781 2990 1841 Sanch.
3026 1781 3176 1841 dub.
3210 1798 3347 1843 xtv.

1822 1878 1881 1932 et
1923 1871 2172 1931 Lessius
2228 1871 2377 1932 dub.
2414 1888 2525 1932 vn.
2586 1872 2705 1932 Alii
2756 1873 2963 1933 verius
3010 1872 3346 1948 affirmant,

1820 1982 1976 2043 quos
2006 1965 2277 2025 afferunt
2330 1970 2392 2026 et
2432 1970 2778 2043 sequuntur
2824 1966 3106 2045 praedicti
3139 1972 3354 2028 aucto-

1819 2076 1940 2134 166,
1976 2061 2039 2118 61
2066 2058 2417 2118 communis
2473 2077 2621 2119 usus
2677 2058 2741 2118 id
2796 2059 3021 2137 probat
3050 2059 3111 2118 in
3140 2059 3352 2120 multis

1817 2150 2087 2211 tributis,
2142 2149 2319 2211 Ratio
2352 2155 2563 2212 autem
2594 2155 2724 2228 est,
2774 2152 2922 2231 quia
2951 2171 3074 2213 non
3105 2171 3355 2231 semper

1817 2244 2167 2319 sufficiunt,
2218 2262 2357 2323 quae
2389 2263 2463 2304 ex
2492 2244 2639 2304 solis
2667 2246 3117 2306 mercatoribus
3147 2246 3350 2325 colligi

1818 2341 2079 2415 possunt
2110 2356 2125 2409 ;
2190 2341 2410 2399 001001
2461 2342 2673 2398 tamen
2728 2338 3006 2417 praedicti
3064 2344 3350 2399 auctores

1818 2431 2088 2509 majores
2143 2449 2363 2491 causas
2426 2430 2658 2510 requiri
2691 2431 2770 2490 ad
2793 2431 3101 2510 justitiam
3135 2431 3347 2493 tributi

1817 2524 1879 2584 in
1912 2524 2007 2583 1116
2035 2524 2224 2583 rebus
2248 2570 2263 2599 ‚
2300 2527 2487 2604 atque
2516 2524 2654 2584 ideo
2686 2524 2928 2584 faeilius
2958 2544 3141 2603 posse
3171 2525 3351 2585 dissi-

1815 2616 2042 2677 mulari
2069 2635 2212 2676 cum
2242 2615 2391 2676 illud
2425 2616 2962 2693 defraudantibus,
2997 2619 3074 2677 de
3107 2636 3229 2696 quo
3261 2616 3349 2677 di-

1817 2709 2018 2769 ximus
2043 2708 2177 2788 jam
2208 2728 2399 2788 supra
2428 2714 2577 2771 sect.
2615 2727 2682 2770 11.
2718 2710 2868 2772 dub.
2906 2714 2961 2773 ⁴.

2307 3158 2716 3246 sEcho
2797 3162 2876 3250 V.

1814 3446 1914 3506 An
1945 3443 2202 3505 creditor
2219 3444 2372 3524 reqis
2391 3444 2675 3524 quisnam
2700 3443 2981 3505 creditum
3002 3463 3350 3526 recuperare

1894 3569 2006 3608 non
2025 3557 2235 3630 potest,
2262 3550 2450 3631 possit
2477 3570 2592 3609 non
2618 3550 2837 3611 solvere
2855 3550 3348 3632 yabellampubli-

1895 3675 2038 3717 cano
2057 3675 2084 3732 ,·
2113 3665 2174 3715 ut
2203 3656 2318 3716 sibi
2338 3665 2681 3738 compenset.

1894 3910 2247 3986 Dubitatur,
2281 3928 2361 3970 an
2393 3909 2666 3971 creditor
2695 3910 2893 3988 regis,
2945 3910 3049 3989 qui
3088 3928 3210 3970 non
3241 3929 3347 3989 po·
3494 3935 3574 3993 72

1813 4010 1937 4070 test
1966 4005 2247 4066 debitum
2278 4022 2685 4083 recuperare,
2720 4004 2918 4083 possit
2947 4023 3068 4064 non
3100 4005 3343 4065 solvere
3410 4061 3474 4103 An
3495 4060 3657 4103 subd‘tu
3660 4073 3681 4103 ι

1813 4100 2150 4179 gabellam,
2185 4102 2252 4158 01
2280 4101 2643 4176 compenset
2671 4097 2785 4158 sibi
2818 4115 2927 4175 pro
2959 4115 3070 4157 suo
3096 4096 3349 4157 debito?
3415 4127 3491 4157 con
3492 4073 3569 4208 ι’«ἷιρ
3560 4126 3679 4206 ιιωςι,

1815 4195 1893 4255 Et
1922 4192 2199 4272 quidem,
2235 4192 2487 4270 quando
2520 4190 2824 4253 tributum
2856 4209 2979 4251 non
3011 4195 3104 4254 est
3133 4190 3347 4252 vendi-
3441 4173 3571 4275 ‘³32⁸'
3519 4221 3569 4262 bn
3573 4201 3628 4264 1'21
3612 4179 3648 4209 ⁸¹

1814 4292 1946 4348 tum
1978 4286 2077 4345 vel
2103 4286 2379 4346 locatum
2424 4285 2605 4346 alteri
2631 4304 2668 4343 a
2696 4301 2843 4363 1636
2868 4331 2883 4360 ,
2934 4284 3089 4345 sed
3076 4303 3206 4364 1066
3238 4303 3348 4345 rex
3426 4277 3467 4319 ¹⁰
3469 4280 3558 4320 ⁰⁸¹³
3576 4280 3656 4320 Μ

1815 4398 1929 4458 per
1957 4398 2102 4440 suos
2131 4378 2451 4439 ministros
2482 4377 2707 4457 exigit,
2757 4379 2925 4440 nulla
2957 4382 3049 4439 est
3080 4378 3349 4439 difficul-

1817 4479 1935 4548 tas,
1972 4477 2033 4534 et
2060 4491 2279 4533 omnes
2306 4472 2581 4533 fatentur
2608 4490 2788 4550 posse
2817 4471 2951 4532 fieri
2983 4490 3353 4550 compensa-

1817 4566 2051 4628 tionem
2082 4584 2117 4624 a
2148 4565 2457 4626 creditore
2487 4565 2673 4643 regis,
2710 4565 2761 4625 si
2785 4568 3030 4626 00616116
3051 4564 3350 4626 conditio-

1819 4679 1929 4720 nes
1957 4658 2033 4719 ad
2047 4659 2284 4735 justam
2315 4658 2888 4736 compensationem
2912 4659 3223 4737 requisita)
3243 4659 3351 4719 ad-

1816 4753 1960 4814 sint.
2015 4752 2360 4812 Difficultas
2408 4755 2500 4812 est
2543 4751 2793 4829 quando
2847 4770 2954 4810 rex
2985 4752 3216 4813 locavit
3245 4771 3352 4830 ga·

1815 4846 2045 4907 bellam
2077 4845 2287 4920 alicui,
2337 4844 2399 4904 in
2430 4845 2608 4922 cujus
2635 4844 3075 4922 praejudicium
3104 4846 3355 4907 videtur

1816 4939 2117 4999 resultare
2160 4938 2264 4997 illa
2295 4937 2719 5016 compensatio
2741 4983 2756 5013 ,
2806 4955 2881 4997 00
2918 4937 3116 5016 006611
3143 4938 3352 4999 adhuc

1817 5031 2090 5092 creditor
2117 5031 2285 5108 regis
2306 5048 2712 5109 compensare
2733 5030 2851 5090 sibi
2881 5050 2952 5090 ex
2974 5031 3221 5108 gabella
3249 5031 3351 5090 de-

1817 5126 1966 5186 bita.
2004 5126 2206 5202 Negat
2234 5124 2526 5185 Corduba
2555 5123 2614 5183 in
2644 5123 2911 5199 Summa,
2948 5126 3168 5201 (1110361.
3205 5140 3344 5186 xcv.

1818 5219 1946 5279 dub
1975 5223 2033 5280 3.
2071 5217 2354 5296 Reginal.
2388 5218 2447 5276 in
2462 5236 2643 5297 prex.
2677 5220 2830 5278 tom.
2856 5220 2901 5278 1.
2938 5217 3044 5278 lib.
3070 5235 3129 5278 x.
3165 5236 3219 5278 0.
3246 5222 3345 5278 24.

1820 5332 1991 5374 num.
2026 5315 2164 5374 383.
2202 5316 2264 5373 61
2291 5312 2488 5373 Jacob
2520 5310 2788 5372 Graffius
2820 5310 2878 5370 in
2899 5309 3022 5372 dee.
3044 5330 3175 5371 aur.
3210 5329 3342 5390 par.

1821 5423 1862 5466 1.
1897 5406 2006 5466 lib.
2039 5409 2174 5467 1⁶25.
2228 5424 2399 5464 num.
2447 5406 2547 5465 39.
2599 5405 2676 5465 Et
2705 5405 2862 5465 ratio
2911 5404 3162 5464 videtur
3191 5421 3348 5479 esse,

1819 5499 1963 5579 quia
1992 5504 2143 5560 tunc
2173 5498 2446 5560 creditor
2493 5516 2617 5559 non
2666 5502 3105 5575 compensaret
3130 5497 3250 5557 sibi
3278 5517 3352 5556 ex

1818 5593 2000 5656 bonis
2028 5591 2195 5672 regis
2215 5638 2231 5669 ‚
2265 5591 2375 5655 sed
2405 5610 2481 5652 ex
2510 5590 2688 5654 bonis
2718 5590 3116 5654 conductoris
3144 5589 3354 5671 gabel-
