4263 6376
603 1355 720 1414 170

556 1479 674 1533 outa,
711 1479 747 1521 si

502 1533 679 1576 clericus
698 1545 800 1575 ven·

557 1587 617 1629 dit
636 1586 745 1640 quod

538 1645 693 1682 emerat
710 1639 761 1681 nd

502 1706 621 1736 suum
662 1705 798 1736 usum.

841 340 962 401 666

845 513 1077 577 emitur
1093 512 1198 594 jus
1223 533 1414 595 super
1439 517 1676 596 praedia
1694 518 2122 599 hypothecata
2137 520 2217 582 ad
2246 539 2385 601 per-

845 607 1200 687 cipiendam
1227 613 1470 688 partem
1490 628 1567 672 ex
1595 611 1902 675 fructibus
1928 632 2042 693 per
2068 617 2269 676 totam
2286 613 2382 675 vi-

844 703 999 777 tam,
1033 701 1193 763 sicut
1219 701 1271 761 si
1319 720 1561 765 emeres
1609 705 2007 769 usufructum
2035 707 2100 769 in
2129 707 2327 769 vitam
2361 724 2377 772 ε

845 796 1003 869 tum,
1037 793 1185 873 quia
1231 813 1353 856 non
1402 800 1499 859 est
1541 815 1797 860 necesse
1846 800 1926 860 ad
1957 800 2383 861 venditionem

849 885 1018 965 quod
1045 904 1147 947 res
1171 905 1312 966 quae
1359 889 1656 951 venditur
1701 892 1782 953 sit
1820 898 2145 972 perpetua;
2180 897 2386 971 potest

849 978 1017 1040 enim
1061 979 1247 1039 vendi
1296 980 1607 1042 creditum
1650 983 1820 1063 quod
1851 984 2046 1046 habes
2083 985 2383 1046 adversus

851 1072 1126 1148 Petrum,
1161 1077 1224 1134 et
1248 1071 1347 1151 jus
1390 1074 1469 1134 ad
1502 1076 1755 1138 unicam
1801 1077 2199 1155 solutionem,
2232 1096 2382 1156 ergo

848 1180 889 1225 a
913 1163 1153 1224 fortiori
1175 1166 1363 1226 vendi
1391 1167 1623 1245 poterit
1642 1169 1747 1249 jus
1780 1169 1858 1230 ad
1890 1170 2103 1249 plures
2130 1170 2383 1232 solutio-

851 1274 962 1317 nes
989 1274 1102 1335 per
1130 1257 1408 1337 singulos
1436 1278 1636 1322 annos
1665 1262 1808 1324 vitae
1837 1263 2158 1341 emptoris.

931 1349 1216 1411 Dubitari
1238 1355 1443 1429 potest
1462 1353 1702 1431 ultime,
1734 1373 1813 1415 an
1836 1356 1941 1435 qui
1963 1357 2167 1417 solum
2197 1356 2386 1418 debet

850 1441 1092 1503 solvere
1119 1441 1436 1521 gabellam
1475 1464 1548 1507 ex
1579 1447 2025 1525 negotiatione,
2060 1449 2263 1529 qualis
2291 1451 2386 1510 est

850 1535 1135 1608 clericus,
1174 1536 1403 1600 debeat
1447 1539 1640 1616 illam,
1675 1542 1925 1620 quando
1955 1542 2194 1622 aliquid
2232 1541 2385 1603 emit

851 1627 932 1693 ad
973 1646 1158 1690 suum
1200 1649 1406 1707 usum,
1464 1635 1527 1693 et
1572 1637 1791 1712 postea
1832 1638 2074 1696 mutato
2122 1633 2382 1696 consilio

848 1719 1001 1780 illud
1054 1720 1282 1802 majori
1352 1724 1550 1802 pretio
1606 1725 1866 1787 vendit?
1922 1727 2378 1805 Respondetur,

849 1831 974 1874 non
1004 1813 1235 1875 dehere
1262 1815 1616 1895 gabellum:
1643 1818 1791 1898 quia
1818 1819 1906 1880 ibi
1936 1838 2062 1880 non
2091 1820 2210 1881 fuit
2239 1838 2385 1881 vera

849 1905 1211 1984 negotiati0‚
1265 1927 1404 1988 quae
1434 1912 1584 1972 tunc
1631 1911 1833 1972 solum
1871 1912 2077 1988 datur,
2128 1912 2383 1992 quando

849 1997 1073 2077 aliquis
1115 1999 1267 2062 emit
1305 2002 1386 2062 ad
1417 2002 1820 2065 vendendum
1866 2008 1929 2066 et
1970 2005 2379 2079 lucrandum3

848 2089 949 2151 hic
966 2096 1199 2169 autem,
1217 2093 1365 2155 lIcet
1392 2099 1612 2172 postea
1625 2096 1982 2159 vendiderit
2008 2117 2153 2159 cum
2182 2099 2381 2171 lucre,

848 2201 974 2245 non
1002 2188 1215 2245 tamen
1246 2186 1399 2248 emit
1425 2187 1505 2247 ad
1530 2187 1706 2248 illum
1734 2190 1946 2251 finem.
1982 2190 2161 2262 Quod
2182 2193 2388 2269 potest

847 2277 1209 2338 confirmari
1255 2298 1329 2339 ex
1377 2278 1474 2356 iis,
1509 2299 1648 2360 quae
1675 2282 1873 2343 tradit
1906 2282 2187 2344 Sanchez
2218 2282 2383 2344 dicto

849 2385 987 2446 cap.
1023 2385 1107 2432 1v.
1142 2368 1292 2432 dub.
1325 2387 1490 2434 xlm.
1525 2373 1631 2433 ubi
1663 2373 1834 2449 dicit,
1859 2374 2172 2452 gabellam
2202 2374 2382 2436 debi-

847 2465 978 2523 tam
1002 2462 1082 2522 ab
1101 2462 1177 2522 iis
1199 2463 1306 2543 qui
1323 2469 1577 2543 portant
1596 2466 1835 2546 aliquid
1854 2466 1933 2526 ad
1955 2467 2380 2543 vendendum,

852 2572 978 2614 non
1027 2553 1243 2616 deberi
1287 2555 1366 2617 ab
1397 2575 1472 2620 eo
1519 2558 1627 2637 qui
1656 2559 1809 2620 emit
1853 2559 1951 2620 vel
1998 2560 2275 2638 portavit
2304 2560 2384 2620 ad

850 2646 1176 2725 proprium
1206 2667 1411 2726 usum,
1444 2649 1592 2712 licet
1617 2656 1859 2731 postea,
1905 2655 2150 2713 mutato
2181 2652 2386 2714 consi-

849 2739 931 2802 lio
963 2740 1024 2800 id
1057 2741 1443 2805 vendiderit:
1470 2744 1637 2823 quod
1660 2744 1886 2823 probat
1913 2764 1988 2806 ex
2012 2744 2138 2824 leg.
2172 2746 2380 2822 unica,

851 2835 918 2896 C.
977 2832 1047 2894 de
1083 2834 1431 2916 imponenda
1471 2837 1684 2898 lucrat.
1738 2836 2113 2920 description.
2168 2838 2276 2900 lib.
2317 2855 2379 2901 x.

851 2924 960 2986 ubi
987 2927 1236 3004 gabella
1290 2929 1586 3007 imposita
1612 2930 1802 2991 rebus
1832 2931 2166 3009 asportatis
2205 2932 2384 2993 titulo

849 3017 1157 3081 lucrativo
1189 3039 1314 3081 non
1341 3021 1625 3097 debetur,
1662 3022 1915 3102 quando
1937 3028 2294 3086 contractus
2320 3024 2383 3085 in

851 3130 966 3173 suo
997 3113 1252 3174 exordio
1282 3133 1410 3175 non
1440 3114 1557 3177 fuit
1580 3115 1945 3192 lucrativu5‚
1994 3116 2143 3179 licet
2169 3122 2384 3197 postea

853 3223 954 3265 res
980 3204 1139 3267 lucri
1176 3206 1352 3268 titulo
1383 3208 1445 3268 in
1476 3208 1824 3270 dominium
1852 3209 2117 3289 alicujus
2146 3210 2385 3272 cecide-

853 3297 936 3359 rit
975 3317 990 3358 :
1026 3298 1173 3377 quia
1203 3299 1378 3377 origo
1409 3304 1473 3361 et
1501 3302 1913 3380 primordium
1931 3303 2383 3364 attendendum

853 3394 967 3452 est.
1002 3392 1130 3452 Nec
1175 3393 1382 3455 obstat
1420 3394 1519 3454 lex
1548 3396 1825 3475 Hispana
1853 3413 1912 3457 v.
1948 3396 2042 3458 tit.
2095 3413 2207 3459 v11.
2240 3415 2386 3477 par·

853 3483 966 3545 tita
1018 3487 1080 3546 5.
1138 3485 1246 3546 ubi
1303 3486 1551 3564 dicitur,
1600 3492 1954 3566 portantem
2010 3489 2247 3569 aliquid
2306 3490 2389 3550 ad

856 3595 1040 3637 suum
1071 3597 1255 3639 usum
1294 3598 1419 3640 non
1473 3580 1704 3641 debere
1732 3580 2069 3659 gabellum,
2101 3583 2223 3643 nisi
2249 3601 2387 3662 pos-

856 3674 959 3731 tea
1003 3670 1155 3732 illud
1199 3672 1572 3736 vendiderit.
1626 3674 2065 3752 Respondetur
2107 3676 2277 3736 enim
2323 3675 2387 3736 id

854 3761 1137 3842 intelligi,
1155 3765 1406 3844 quando
1420 3767 1630 3827 statim
1643 3767 1948 3844 vendidit,
1970 3768 2119 3848 quia
2145 3787 2384 3848 praesu-

856 3855 1047 3917 mitur
1091 3857 1173 3917 ad
1222 3858 1628 3919 vendendum
1669 3864 1975 3938 portasse.
2008 3861 2274 3923 Debebit
2298 3867 2386 3923 ta-

857 3966 1002 4009 men
1031 3950 1343 4028 gahellam
1364 3970 1439 4012 ex
1467 3953 1827 4014 vendItione
1857 3954 2164 4034 sequenti,
2189 3973 2388 4034 quan-

860 4041 942 4103 do
990 4061 1066 4103 ea
1111 4042 1377 4105 debetur
1421 4064 1493 4106 ex
1544 4045 1712 4106 omni
1742 4046 2121 4123 venditione,
2179 4051 2242 4109 et
2283 4048 2386 4109 ille

858 4140 1110 4288 nondest
1153 4136 1407 4198 aliunde
1449 4138 1745 4201 immunis
1773 4158 1812 4200 a
1837 4138 1946 4202 tuli
1974 4139 2224 4219 gabello.
2263 4141 2389 4202 sol-

856 4246 978 4290 ven
1024 4246 1084 4291 a.

1976 344 2079 404 DE
2118 346 2474 408 JUSTITIA
2517 348 2619 409 ΕΤ
2664 349 2697 410 J
2708 348 2863 412 ΗΒΕ

2962 855 3554 943 ssschon.

2481 1156 2573 1219 Dc
2601 1166 2878 1240 tempore,
2909 1158 3051 1234 loco,
3102 1168 3157 1221 et
3201 1160 3334 1222 aliis
3382 1161 3855 1239 circumstantiis,
3892 1184 4009 1246 qm

2717 1264 3016 1345 pertinent
3039 1265 3123 1328 ad
3151 1265 3488 1328 solutionem
3510 1268 3773 1349 yabelloe.

2563 1533 2651 1592 De
2682 1531 2778 1592 his
2823 1532 3004 1610 plura
3034 1551 3290 1595 necesse
3318 1534 3438 1597 fuit
3476 1535 3685 1597 dicere
3731 1537 4005 1600 sectione

2482 1624 2861 1703 praecedenti
2893 1625 3262 1704 explicando
3284 1631 3664 1706 contractus,
3686 1648 3759 1690 ex
3789 1630 4008 1709 quibus

2482 1717 2748 1779 debetur
2773 1718 3020 1797 gabella
3053 1739 3067 1780 :
3101 1738 3268 1780 nunc
3294 1721 3424 1782 alia
3453 1721 3783 1784 addemuS.

4126 1559 4202 1616 17¹

4046 1680 4206 1733 (hodia

4048 1738 4206 1778 madia

4069 1790 4206 1830 adsclntl

2567 1810 2774 1871 Primo
2831 1828 2982 1889 ergo
3020 1810 3482 1874 advertendum
3534 1818 3631 1875 est
3674 1833 3819 1875 cum
3871 1818 4008 1877 Vas·
4048 1843 4206 1897 mei·

2484 1922 2642 1984 quez
2697 1903 2775 1963 de
2828 1920 2966 1981 cap.
3026 1921 3112 1965 vr.
3171 1906 3229 1985 ἓ.
3290 1923 3360 1967 11.
3423 1906 3573 1968 dub.
3630 1924 3745 1969 vn.
3805 1928 3873 1971 n.
3913 1914 4007 1973 47.

2485 1996 2736 2078 quando
2785 1997 3097 2057 sententia
3144 2000 3460 2082 profertur
3491 2018 3528 2059 a
3562 1998 3779 2078 judice
3807 2001 4008 2063 decla-

2484 2093 2663 2151 rante
2694 2093 3084 2151 contractum
3115 2091 3392 2171 aliquem
3420 2092 3701 2152 validum
3716 2112 3879 2169 esse,
3910 2113 4013 2173 ga-

2483 2183 2715 2244 bellam
2741 2182 3109 2244 solvendam
3158 2202 3316 2260 esse,
3366 2203 3490 2245 non
3521 2185 3910 2248 attendendo
3937 2188 4007 2247 ad

2483 2281 2733 2355 tempus
2787 2293 2927 2355 quo.
2968 2276 3277 2338 sententia
3331 2276 3667 2355 profertur,
3726 2279 3841 2340 sed
3898 2298 4011 2359 quo

2485 2372 2841 2430 contractus
2870 2368 3073 2429 factus
3100 2369 3239 2446 fuit,
3275 2372 3338 2430 et
3362 2387 3477 2448 pro
3509 2388 3633 2449 quo
3664 2370 4014 2433 declaratur

2483 2461 2763 2523 validum
2809 2460 3021 2538 fuisse,
3054 2465 3241 2541 atque
3269 2461 3429 2523 adeo
3459 2462 3550 2522 illi
3579 2463 3661 2523 ad
3693 2483 3888 2544 quem
3915 2483 4015 2544 ga-

2483 2554 2650 2616 bella
2676 2554 2785 2616 illo
2811 2558 3097 2633 tempore
3127 2554 3476 2632 spectabat.

2568 2646 2881 2724 Secundo,
2941 2647 3195 2727 quando
3249 2647 3499 2725 gabella
3552 2666 3628 2709 ex
3681 2653 4004 2712 contractu

2484 2742 2694 2822 aliquo
2751 2740 3052 2815 debetur;
3111 2740 3571 2819 inspiciendum
3621 2746 3720 2803 est
3769 2748 4014 2821 tempus

2486 2853 2611 2917 quo
2643 2837 3000 2895 contractus
3035 2832 3379 2911 perficitur,
3410 2837 3481 2895 ut
3507 2833 3782 2896 diximus
3811 2836 4015 2914 dispu-

2485 2927 2721 2991 tatione
2777 2926 3181 3006 praecedenti,
3231 2925 3334 2985 ubi
3364 2926 3639 2988 vidimus
3667 2946 3747 2987 an
3780 2928 3844 2988 in
3875 2947 4016 2989 ven·

2487 3021 2722 3082 ditione
2749 3018 3207 3099 inspiciendum
3236 3019 3316 3080 sit
3342 3023 3591 3098 tempus
3619 3039 3746 3100 quo
3777 3039 3881 3082 res
3902 3025 4018 3083 tra·

2486 3114 2675 3191 ditur,
2711 3113 2809 3176 vel
2839 3131 2963 3193 quo
2994 3113 3267 3193 pretium
3295 3112 3377 3173 ab
3408 3117 3690 3193 emptore
3730 3114 4014 3191 solvitur,

2486 3212 2613 3270 eta
2656 3207 2985 3267 venditore
3031 3205 3351 3284 recipitur,
3401 3225 3542 3286 quae
3590 3225 3713 3268 non
3771 3211 4022 3287 oportet

2485 3319 2654 3363 nunc
2694 3305 3001 3378 repetere.
3057 3300 3321 3373 Quando
3362 3318 3513 3361 vero
3544 3305 3913 3363 contractus
3948 3302 4018 3363 nt

2486 3395 2603 3456 sub
2634 3393 3014 3469 conditione,
3049 3392 3322 3452 diximus
3351 3391 3551 3455 dubit.
3586 3410 3723 3455 xm.
3757 3412 3888 3455 non
3916 3394 4022 3453 de-

2486 3487 2623 3548 beri
2651 3486 2965 3566 gabellam
2995 3485 3310 3563 pendente
3357 3485 3567 3547 adhuc
3608 3486 4020 3551 conditione:

2487 3581 2595 3642 illa
2646 3598 2794 3641 vero
2852 3578 3186 3657 completa,
3242 3578 3579 3639 retrotrahi
3634 3580 3717 3640 ad
3773 3583 4021 3658 tempus

2487 3692 2612 3753 quo
2653 3674 2855 3735 factus
2901 3671 3018 3732 fuit
3065 3673 3445 3746 contractus,
3493 3670 3776 3749 illudque
3824 3672 4016 3750 inspi-

2485 3765 2779 3826 ciendum
2806 3782 2943 3825 esse
2971 3764 3052 3824 ad
3080 3762 3449 3824 solvendam
3473 3762 3811 3842 gabellam.
3849 3766 4023 3825 Nunc

2487 3857 2798 3930 addimus,
2835 3856 3006 3917 aliud
3035 3874 3170 3916 esse
3202 3855 3540 3916 dicendum
3562 3856 3640 3917 de
3662 3857 4025 3919 venditione

2484 3969 2612 4012 non
2636 3948 3060 4025 conditionali,
3095 3949 3206 4009 sed
3236 3949 3404 4010 facta
3421 3949 3539 4010 sub
3555 3950 3768 4026 modo,
3793 3950 4024 4011 modus

2487 4044 2654 4104 enim
2683 4061 2807 4104 non
2836 4042 3162 4121 suspendit
3201 4045 3614 4119 contractum,
3648 4043 3763 4104 sed
3807 4044 4027 4104 statim

2484 4137 2796 4216 perfectus
2816 4140 3006 4216 atque
3045 4135 3204 4196 adeo
3236 4135 3443 4197 statim
3483 4135 3748 4197 debetur
3771 4133 4024 4214 gabella

2486 4249 2561 4291 ex
2582 4229 2710 4306 illo,
2735 4232 2806 4289 ut
2821 4228 3060 4290 notavit
3077 4228 3311 4290 Molina
3329 4244 3425 4289 111.
3444 4232 3599 4290 tom.
3620 4228 3860 4309 disput.
3882 4229 4021 4289 337.

2485 4324 2543 4404 ἓ.
2578 4321 2822 4399 Quando
2850 4330 3063 4382 autem.
3097 4321 3480 4383 Addendum

2566 4415 2799 4488 Terti0,
2842 4416 3094 4494 quando
3138 4415 3583 4476 contrahentes
3623 4413 3852 4475 nolunt
3890 4431 4028 4493 per·

2486 4511 2591 4572 fici
2618 4511 3007 4571 contractum
3038 4507 3153 4568 nisi
3183 4526 3297 4587 per
3314 4507 3710 4585 scripturam,
3731 4506 4030 4585 quamvis

2480 4602 2615 4684 jam
2642 4602 2815 4682 prius
2844 4602 2921 4662 de
2968 4620 3037 4662 re
3073 4605 3206 4662 tota
3260 4600 3688 4676 convenerint,
3742 4617 3882 4660 non
3936 4599 4033 4660 in-

2486 4696 2681 4774 telligi
2728 4698 3117 4757 contractum
3145 4694 3493 4773 perfectum
3521 4694 3725 4755 donec
3757 4694 3881 4754 fiat
3910 4693 4032 4753 ins·

2488 4793 2895 4864 trumentum,
2944 4787 3226 4867 illudque
3269 4791 3520 4864 tempus
3562 4785 4035 4864 inspiciendum

2489 4900 2625 4943 esse
2653 4881 2735 4943 ad
2763 4881 3028 4960 gabellae
3078 4879 3478 4955 solutionem,
3512 4883 3585 4940 ut
3614 4877 3815 4940 tradit
3862 4878 4036 4938 idem

2488 4974 2721 5036 Molina
2747 4974 2834 5033 ibi
2862 4974 2919 5052 ἓ.
2948 4971 3189 5048 Quando
3192 4972 3382 5053 juxta
3409 4970 3756 5047 doctrinam,
3794 4971 3917 5052 qui
3942 4989 4038 5032 re·

2487 5069 2701 5149 gulam
2751 5066 2937 5129 etiam
2979 5066 3174 5129 tradit
3200 5066 3281 5126 ad
3321 5064 3738 5144 judicandum
3770 5063 4035 5145 quando

2488 5161 2932 5224 contrahentes
2974 5160 3310 5222 voluerunt
3351 5158 3732 5238 suspendere
3784 5157 4038 5237 periec—

2486 5255 2723 5318 tionem
2751 5256 3108 5314 contractus
3147 5271 3345 5332 usque
3379 5251 3457 5312 ad
3488 5251 3905 5330 scripturam,
3937 5249 4036 5309 vel

2485 5348 2692 5429 potius
2719 5347 2890 5407 illam
2918 5346 3123 5407 solum
3154 5347 3373 5407 volunt
3397 5345 3481 5406 ad
3512 5343 3857 5404 meliorem
3888 5361 4041 5423 pro·

2484 5441 2828 5505 bationem.
