4263 6376
1189 369 1659 431 DISPUTATIO
1703 366 1948 443 XXVII,
1998 367 2271 429 SECTIO
2317 368 2390 428 11.

248 547 373 619 dat,
415 564 610 605 emere
629 544 734 623 jus
762 545 841 605 ad
873 549 1008 607 110.
1060 550 1199 624 post
1225 545 1381 605 duos
1404 591 1420 621 ,
1471 545 1570 605 vel
1612 548 1739 605 tres

251 657 465 699 menses
491 637 842 716 recipienda
867 687 882 713 ,
933 638 1100 716 quod
1123 636 1228 716 jus
1268 641 1362 697 est
1389 636 1622 716 aliquid
1653 636 1741 695 di-

249 748 469 791 versum
496 730 572 790 ab
602 730 749 808 ipsis
780 733 913 791 ΗΟ.
950 735 1166 808 postea
1194 728 1551 789 reddendiS.

320 822 561 883 Facilius
589 838 761 901 erge,
788 826 849 883 et
876 822 1104 882 clarius
1135 826 1467 881 excusatur
1495 820 1573 880 ab
1603 838 1742 879 usu-

251 935 312 977 ra
336 915 568 994 emmiu,
600 915 890 991 dicende,
924 918 1273 993 emptorem
1303 932 1504 992 neque
1538 931 1744 971 emere

165 1042 191 1102 Γ,
252 1009 457 1069 fructus
507 1026 706 1087 neque
760 1008 947 1068 etiam
1002 1006 1334 1086 pensiones
1378 1006 1476 1066 vel
1520 1004 1625 1084 jus
1666 1005 1744 1065 ad

250 1100 566 1180 pensioneS,
598 1100 709 1159 sed
738 1105 981 1178 partem
1010 1100 1397 1159 ususfructus
1425 1098 1565 1159 talis
1593 1116 1748 1176 pree·

165 1199 169 1207 ’
251 1193 343 1269 dii,
370 1211 545 1270 super
571 1211 694 1272 quo
727 1211 948 1254 census
976 1192 1393 1265 constituitur,
1427 1191 1513 1251 ita
1543 1196 1611 1252 ut
1638 1192 1751 1251 do-

248 1285 480 1346 minium
500 1289 696 1345 totum
718 1285 1023 1345 directum
1055 1284 1273 1363 praedii
1303 1289 1555 1344 maneat
1581 1283 1749 1362 apud

248 1378 638 1450 venditorem3
672 1377 1021 1437 dominium
1048 1382 1259 1439 tamen
1290 1376 1440 1437 utile
1464 1422 1480 1451 ‚
1515 1375 1624 1434 seu
1648 1375 1751 1455 jus

249 1470 599 1531 ususfructus
633 1488 707 1529 ex
725 1474 901 1548 parte
930 1470 1263 1544 vendatur,
1291 1467 1458 1547 quod
1479 1468 1585 1546 jus
1614 1485 1753 1545 par-

248 1563 372 1624 tiale
393 1609 407 1637 ,
445 1581 548 1622 seu
578 1561 927 1622 dominium
957 1562 1106 1622 utile
1135 1560 1401 1641 partiale
1434 1578 1557 1619 non
1588 1559 1756 1619 valet

250 1658 519 1735 quantum
542 1655 783 1716 valeret
810 1659 1009 1715 totum
1039 1653 1348 1733 praedium
1369 1698 1384 1728 ‚
1414 1651 1521 1713 sed
1555 1652 1753 1712 multo

246 1748 446 1823 minuS,
475 1749 544 1808 ut
571 1751 837 1822 constat,
873 1750 935 1806 et
968 1745 1108 1805 ideo
1140 1745 1190 1804 si
1218 1749 1420 1806 totum
1450 1744 1756 1822 praedium

246 1845 430 1920 posset
452 1840 617 1899 mille
663 1839 869 1900 aureis
918 1838 1072 1915 emi,
1132 1837 1361 1917 poterit
1407 1836 1757 1897 dominium

247 1932 375 1993 utile
401 1932 655 2011 partiale
675 1979 691 2009 ,
750 1951 859 1992 seu
900 1932 1004 2010 jus
1052 1931 1439 1991 ususfructus
1471 1929 1757 2008 partialis

240 2025 385 2105 juste
412 2025 739 2105 quingenis
767 2025 919 2098 emi;
947 2041 1070 2102 quo
1100 2022 1297 2101 pretio
1327 2022 1597 2101 acquirit
1625 2040 1755 2081 em-

247 2124 370 2196 ptor
395 2123 631 2196 partem
659 2117 921 2177 dominii
957 2116 1157 2188 utilis;
1209 2119 1425 2194 postea
1459 2132 1607 2174 vero
1640 2114 1759 2172 alin

247 2214 535 2271 contractu
560 2257 574 2285 ‚
613 2209 717 2289 qui
752 2209 1048 2287 implicite
1078 2209 1268 2268 etiam
1299 2206 1655 2267 continetur
1695 2205 1758 2265 in

247 2302 364 2381 ipsa
387 2302 823 2363 constitutione
857 2319 1079 2362 census
1108 2300 1316 2375 reali5‚
1349 2299 1644 2360 convenit
1672 2298 1760 2356 in-

246 2398 328 2455 ter
352 2394 819 2470 contrahentes,
867 2399 935 2455 ut
961 2412 1075 2473 pro
1104 2412 1214 2472 spe
1254 2394 1569 2452 fructuum
1601 2409 1758 2468 quos

246 2491 465 2566 emptor
491 2505 747 2565 sperare
776 2491 988 2565 posset
1032 2505 1107 2545 ex
1142 2486 1245 2546 illo
1288 2484 1563 2545 dominio
1597 2484 1754 2560 utili,

247 2578 457 2657 obliget
482 2598 546 2638 se
576 2579 869 2640 venditor
894 2578 973 2639 ad
1003 2577 1368 2638 solvendam
1388 2578 1578 2637 talem
1608 2594 1761 2653 pen-

246 2670 461 2731 sionem
520 2690 798 2732 annuam
857 2669 1282 2748 pecuniariam
1334 2690 1347 2730 :
1407 2669 1513 2748 qui
1571 2669 1759 2729 etiam

247 2768 578 2826 contractus
635 2764 841 2825 licitus
897 2768 1022 2838 est,
1082 2782 1226 2823 cum
1282 2780 1421 2841 spes
1478 2762 1582 2820 illa
1637 2763 1759 2821 tru-

246 2860 436 2918 ctuum
461 2905 477 2935 ,
528 2862 771 2918 attento
804 2857 1079 2935 periculo
1110 2860 1169 2915 et
1198 2875 1305 2934 spe
1330 2902 1345 2931 ,
1396 2854 1591 2934 possit
1619 2873 1758 2932 pru·

247 2947 448 3011 denter
473 2951 634 3011 tanti
679 2948 1009 3025 aestimari‚
1062 2953 1123 3009 et
1153 2948 1272 3007 hoc
1300 2947 1489 3007 modo
1519 2946 1758 3006 reduci-

248 3045 337 3103 tur
384 3042 551 3119 prior
604 3046 963 3102 contractus
1018 3041 1098 3100 ad
1150 3040 1596 3117 obligationem
1638 3039 1760 3099 sol-

250 3135 419 3195 vendi
444 3139 685 3197 tantam
714 3134 1078 3213 pensionem
1109 3151 1382 3194 annuam
1405 3179 1420 3208 ,
1457 3150 1581 3212 qua
1610 3150 1761 3192 ven-

246 3226 395 3288 ditor
437 3228 690 3289 redimit
735 3228 1195 3288 usumfructum
1243 3226 1568 3304 partialem
1601 3242 1761 3304 prae-

250 3320 324 3379 dii
350 3340 531 3399 quem
557 3321 962 3391 vendideram
1011 3325 1304 3379 manente
1346 3323 1555 3380 tamen
1602 3335 1763 3395 prae-

247 3411 339 3473 dio
379 3414 509 3492 ipso
556 3414 812 3474 realiter
840 3413 1114 3490 obligato
1145 3430 1259 3490 per
1283 3410 1543 3470 modum
1567 3409 1763 3488 hypo-

246 3505 427 3565 thecae
472 3505 550 3565 ad
602 3505 977 3566 solutionem
1024 3503 1395 3584 pensionum
1428 3502 1765 3580 promissa-

246 3614 393 3671 rum,
423 3616 495 3658 eo
525 3596 697 3677 quod
729 3601 973 3676 emptor
1002 3614 1126 3656 non
1147 3595 1228 3655 sit
1255 3597 1581 3655 contentus
1611 3593 1767 3654 obli-

247 3690 479 3766 gatione
508 3690 827 3768 personali
855 3689 1176 3763 debitoriS,
1211 3688 1321 3746 sed
1351 3687 1501 3747 velit
1529 3686 1768 3764 obliga-

248 3782 466 3842 tionem
496 3784 686 3843 etiam
712 3830 727 3859 ‚
763 3787 826 3844 et
856 3782 1275 3861 hypothecam
1307 3781 1538 3840 realem
1567 3779 1644 3839 ad
1677 3797 1767 3839 se-

251 3876 561 3936 curitatem
593 3877 899 3954 maiorem
927 3875 1023 3934 sui
1053 3873 1267 3934 debiti.

320 3968 471 4028 Hinc
508 3969 700 4029 etiam
746 3967 1009 4027 solvitur
1054 3965 1253 4026 simile
1301 3968 1762 4043 argumentum,

252 4062 405 4139 quod
426 4066 646 4122 contra
661 4079 884 4121 census
904 4060 1035 4120 fieri
1068 4059 1262 4130 solet;
1299 4058 1447 4136 quia
1476 4057 1767 4118 nimirum

252 4153 414 4212 exiis
442 4154 668 4213 eadem
695 4153 978 4213 oriuntur
1022 4152 1189 4212 mala
1237 4169 1377 4229 quae
1419 4169 1491 4209 ex
1541 4150 1764 4225 usuris,

250 4263 302 4306 v.
331 4265 390 4325 g.
425 4246 592 4326 quod
625 4249 939 4324 emptores
968 4264 1042 4304 ex
1069 4244 1272 4305 alieno
1302 4242 1527 4303 sudore
1557 4242 1773 4302 vivant

247 4338 302 4397 in
333 4339 453 4400 otio
483 4339 619 4399 sine
647 4338 901 4416 propr10
940 4338 1151 4397 labore
1176 4355 1191 4407 ;
1225 4335 1568 4413 impeditur
1596 4353 1772 4394 exer-

249 4430 449 4490 citium
503 4430 828 4490 charitatis
848 4476 862 4505 ,
919 4429 1071 4489 dum
1129 4427 1436 4505 indigenti
1494 4427 1773 4505 pecuniis

249 4524 468 4583 mutuis
497 4523 724 4583 divites
752 4526 1036 4582 mutuare
1068 4521 1288 4581 nolunt
1309 4565 1324 4595 ,
1376 4519 1485 4579 sed
1515 4536 1772 4579 censum

250 4634 466 4676 emere.
501 4614 681 4677 Unde
710 4614 1066 4673 venditores
1095 4612 1603 4690 depauperantur
1629 4628 1773 4688 gra-

249 4710 445 4768 vando
479 4727 592 4769 sua
619 4708 788 4768 bona
824 4707 1046 4766 annuis
1075 4704 1384 4766 censibus,
1420 4703 1543 4765 Sed
1571 4708 1772 4764 totum

251 4800 361 4862 hoc
388 4804 829 4880 argumentum
860 4799 1145 4878 procedit
1172 4798 1362 4858 etiam
1394 4799 1611 4857 contra
1642 4813 1773 4854 em-

251 4894 518 4971 ptionem
547 4894 856 4955 bonorum
883 4891 1321 4961 immobilium,
1346 4909 1417 4949 ex
1442 4907 1567 4967 qua
1587 4887 1775 4948 etiam

249 4988 553 5067 sequitur;
587 4986 755 5067 quod
786 4985 1009 5045 divites
1031 4982 1455 5062 indigentibus
1483 4999 1606 5040 non
1636 4999 1776 5041 suc-

250 5084 538 5151 currant,
588 5080 698 5139 sed
729 5084 940 5138 emant
966 5077 1046 5137 ab
1077 5076 1164 5136 eis
1203 5076 1424 5135 domos
1447 5119 1462 5149 ,
1511 5073 1770 5153 proedia,

251 5173 344 5233 vel
371 5173 494 5232 alia
522 5172 709 5247 bona,
743 5189 883 5250 quae
910 5170 1120 5230 locare
1152 5167 1424 5246 possint,
1475 5170 1538 5226 et
1565 5166 1775 5225 vivere

252 5265 308 5324 in
338 5266 462 5326 otio
494 5284 567 5324 ex
600 5282 817 5326 eorum
847 5262 1187 5338 reditibuS,
1224 5259 1656 5321 venditoribus
1687 5258 1774 5317 in-

252 5358 429 5419 terim
454 5358 536 5419 ad
566 5360 1002 5437 paupertatem
1033 5354 1322 5415 redactiS.
1368 5355 1568 5414 Usura
1601 5369 1771 5429 erge,

254 5455 319 5511 ut
344 5469 539 5529 supra
560 5450 829 5524 vidimus
851 5496 868 5525 ,
921 5466 1041 5509 non
1075 5451 1168 5508 est
1196 5445 1425 5525 injusta
1454 5463 1528 5505 ex
1557 5443 1653 5503 bis
1681 5461 1779 5503 ca-

253 5543 503 5622 pitibus,
554 5543 663 5603 sed
694 5542 840 5623 quia
865 5540 1171 5619 accipitur
1199 5539 1531 5618 plusquam
1565 5536 1781 5599 datum

3250 368 3360 426 341

1841 548 1935 604 est
1967 563 1979 604 :
2015 548 2076 604 et
2104 562 2230 604 non
2260 547 2544 604 servatur
2586 543 2909 624 aequalitas
2955 543 3118 604 inter
3158 543 3374 603 datum

1843 641 1906 698 et
1931 640 2290 714 acceptum,
2323 653 2462 715 quae
2491 637 2650 697 ratio
2683 655 2806 697 non
2835 636 3036 714 magis
3067 636 3376 715 reperitur

1841 729 1904 789 in
1936 729 2252 807 emptione
2280 747 2502 790 census
2521 729 2725 801 realiS,
2760 747 2948 808 quam
2969 729 3030 788 in
3062 729 3376 809 emptione

1844 823 2068 882 domus
2097 821 2195 881 vel
2223 821 2463 901 praedii,
2498 840 2639 882 cum
2679 822 2738 882 in
2770 841 2959 882 censu
2989 822 3176 882 etiam
3203 841 3378 901 repe-

1844 915 2044 976 riatur
2088 914 2393 992 implicita
2441 915 2670 993 emptio
2721 915 2981 974 dominii
3010 916 3229 976 saltem
3260 915 3380 975 uti-

1845 1007 1951 1083 lis,
2003 1011 2064 1067 et
2093 1007 2483 1067 ususfructus
2513 1006 2790 1086 partialis
2818 1026 2931 1085 pro
2960 1007 3158 1086 pretio
3182 1006 3375 1086 just0‚

1849 1105 1918 1161 ut
1960 1099 2252 1161 vidimus,
2305 1100 2444 1160 Alia
2489 1099 2724 1160 leviora
2773 1104 3142 1177 argumenta
3182 1099 3381 1160 videri

1849 1197 2110 1272 possunt
2128 1193 2295 1271 apud
2326 1192 2643 1268 Molinam,
2679 1196 2739 1253 et
2769 1194 2945 1253 Salas
2972 1193 3125 1253 locis
3153 1191 3377 1268 citatis,

1851 1285 1956 1366 qui
1987 1286 2146 1346 bene
2176 1305 2250 1346 ea
2280 1285 2644 1347 dissolvunt.

2542 1672 2599 1748 ς.
2636 1673 2692 1729 1.

2082 1939 2173 2000 De
2199 1958 2366 1999 censu
2384 1936 2706 2019 personali,
2740 1956 2816 1997 an
2845 1935 3037 1996 licitus
3063 1936 3157 1997 sit.

1937 2194 2026 2252 Ex
2059 2191 2241 2251 dictis
2288 2190 2364 2250 de
2403 2189 2647 2269 justitia
2676 2207 2898 2249 census
2924 2188 3109 2247 realis
3137 2187 3393 2248 redimi-

1857 2285 1999 2346 bilis
2023 2330 2038 2359 ,
2090 2284 2185 2343 vel
2217 2282 2670 2357 irredimibilis,
2721 2281 2960 2340 facilius
2995 2280 3129 2360 Jam
3168 2281 3287 2342 erit
3313 2280 3391 2339 de

1858 2378 1994 2439 aliis
2024 2394 2324 2437 censuum
2355 2374 2684 2453 speciebus
2713 2377 2990 2435 nostram
3019 2373 3392 2434 sententiam

1859 2486 2230 2550 proponere.
2265 2470 2342 2529 Et
2368 2468 2569 2546 primo
2600 2467 2899 2546 quaeritur
2926 2466 3004 2525 de
3034 2484 3223 2526 censu
3252 2485 3395 2544 per-

1858 2563 2057 2622 sonali
2078 2608 2093 2638 ,
2128 2561 2234 2640 qui
2268 2579 2392 2620 non
2421 2559 2816 2619 constituitur
2842 2577 3031 2637 super
3058 2577 3125 2618 re
3156 2558 3388 2636 aliqua,

1859 2655 1968 2714 sed
2001 2654 2199 2713 solum
2246 2669 2562 2731 persona,
2613 2669 2751 2730 quae
2781 2651 3053 2729 acceptis
3080 2650 3300 2727 viginti
3327 2669 3387 2710 v.

1858 2766 1920 2826 g.
1958 2747 2195 2824 obligat
2225 2763 2289 2804 se
2321 2744 2400 2804 ad
2429 2743 2796 2803 solvendum
2848 2761 3038 2802 unum
3088 2760 3389 2818 annuum,

1859 2839 2009 2900 dum
2039 2856 2296 2899 censum
2327 2855 2451 2897 non
2482 2835 2838 2896 redemerit.
2901 2839 2969 2895 In
3009 2854 3131 2915 quo
3161 2840 3391 2914 puncto

1860 2934 2070 3011 aliqua
2096 2929 2428 2992 statuenda
2456 2928 2766 3005 videntur,
2798 2929 2860 2987 in
2882 2929 3109 3007 quibus
3138 2946 3393 2988 consen-

1859 3027 1977 3087 tire
2006 3025 2272 3099 debent,
2321 3023 2468 3083 licet
2497 3022 2643 3081 hinc
2671 3021 2816 3081 inde
2847 3022 3035 3082 variae
3067 3022 3393 3082 doctorum

1844 3118 2189 3199 ¹opiniones
2219 3116 2579 3175 afferantur.

1944 3211 2151 3272 Primo
2181 3227 2330 3287 ergo
2360 3212 2598 3269 certum
2629 3210 2742 3284 est,
2772 3225 2894 3267 non
2926 3207 3011 3268 ita
3040 3226 3221 3286 posse
3251 3225 3396 3267 cen-

1863 3323 2002 3366 sum
2031 3303 2424 3385 personalem
2455 3301 2745 3361 constitui
2774 3346 2789 3375 ‚
2836 3305 2898 3361 et
2924 3318 3257 3380 personam
3287 3300 3397 3359 de-

1862 3397 2081 3458 bitoris
2112 3395 2191 3456 ad
2221 3394 2538 3474 pensionis
2566 3393 2939 3453 solutionem
2977 3392 3279 3472 obligari,
3329 3395 3399 3451 ut

1865 3491 2164 3569 pensione
2196 3506 2319 3548 non
2347 3487 2550 3548 soluta
2592 3491 2652 3547 et
2678 3487 2860 3547 bonis
2888 3504 3014 3546 non
3046 3485 3398 3547 extantibus

1866 3603 1941 3643 ex
1970 3582 2197 3662 quibus
2226 3580 2446 3655 solvat,
2482 3579 2756 3640 creditor
2784 3578 2980 3656 possit
3008 3579 3126 3638 sibi
3154 3577 3398 3638 debito-

1864 3695 1999 3736 rem
2051 3676 2112 3734 in
2167 3691 2415 3734 servum
2470 3673 2790 3751 proprium
2848 3690 3146 3749 usurpare
3206 3693 3218 3731 :
3280 3670 3398 3730 boc

1868 3770 2032 3830 enim
2062 3767 2308 3845 legibus
2338 3766 2525 3866 etjam
2554 3765 2838 3825 civilibus
2869 3763 3249 3843 prohibitum
3281 3767 3394 3837 est,

1868 3863 2093 3943 quibus
2122 3864 2398 3934 cavetur,
2421 3877 2499 3918 ne
2520 3858 2773 3936 quidem
2800 3857 2864 3916 in
2895 3857 3119 3936 pignus
3147 3876 3261 3936 pro
3292 3856 3399 3916 de-

1867 3955 1996 4017 bito
2066 3951 2426 4032 pecuniario
2492 3949 2809 4010 hominem
2863 3949 3131 4010 liberum
3203 3948 3399 4027 accipi

1868 4065 2087 4126 posse,
2120 4045 2235 4105 sed
2262 4062 2335 4104 eo
2366 4043 2499 4122 ipso
2529 4042 2806 4103 debitum
2835 4045 3036 4102 totum
3067 4040 3264 4103 amitti
3289 4086 3304 4116 ,
3353 4041 3395 4101 l.

1873 4141 1956 4202 Ob
1983 4159 2060 4201 ces
2090 4137 2363 4211 alienum,
2398 4140 2460 4196 et
2486 4135 2607 4213 leg.
2642 4135 2924 4213 sequenti
2951 4180 2965 4209 ,
2999 4136 3065 4196 C.
3098 4134 3168 4194 de
3195 4141 3310 4194 act.
3344 4141 3399 4193 et

3538 2218 3615 2275 22

3467 2343 3556 2386 Non
3575 2344 3711 2396 potest

3442 2396 3616 2451 obligari
3634 2406 3738 2449 per-

3496 2462 3597 2491 sona
3632 2448 3684 2489 ad

3470 2502 3709 2545 servitutem

3483 2569 3533 2599 cx
3553 2567 3697 2598 censu.

1870 4232 2046 4311 obliq.
2082 4232 2204 4309 leg.
2237 4228 2454 4305 Filios,
2496 4230 2563 4289 C.
2607 4227 2746 4302 Quoe
2772 4246 2884 4303 ree,
2920 4231 3038 4287 etc.
3091 4226 3278 4287 Auth.
3321 4225 3401 4286 Ue

1868 4326 2021 4386 nulli
2029 4323 2322 4405 judicum,
2353 4323 2408 4399 ἓ.
2447 4320 2594 4396 Quia
2620 4339 2776 4396 vere,
2809 4320 3014 4384 collat.
3048 4337 3132 4380 lx.
3166 4323 3230 4380 et
3256 4337 3394 4395 cap.

1872 4437 1941 4481 11.
1974 4418 2043 4479 de
2062 4415 2452 4498 piqnoribus‚·
2506 4432 2629 4475 non
2679 4432 2827 4492 ergo
2876 4414 3135 4492 quaestio
3184 4416 3277 4472 est
3322 4413 3399 4471 (le

1874 4512 1982 4574 tali
2025 4529 2215 4570 censu
2260 4506 2613 4587 personali,
2671 4507 2778 4566 sed
2820 4505 2897 4564 de
2928 4524 3001 4566 eo
3032 4507 3232 4566 solum
3276 4523 3399 4584 quo

1871 4605 2116 4664 debitor
2159 4601 2604 4679 obligationem
2643 4599 3034 4677 personalem
3064 4600 3260 4659 solam
3291 4617 3396 4657 su-

1872 4699 2019 4759 beat
2045 4694 2348 4755 reddendi
2381 4694 2766 4771 pensionem,
2799 4693 2958 4752 sicut
2986 4696 3396 4770 emptor,V.g.

1873 4789 2321 4868 obligationem
2337 4785 2733 4865 personalem
2752 4784 2945 4846 habet
2964 4783 3243 4846 solvendi
3265 4801 3406 4860 pre-

1875 4884 2031 4945 tium
2061 4900 2136 4941 ex
2165 4883 2510 4941 contractu.
3419 4931 3424 4936 .

1957 4974 2244 5036 Secundo
2276 4976 2516 5032 certum
2545 4974 2667 5045 est,
2699 4971 2865 5032 licite
2895 4969 3018 5031 emi
3047 4988 3226 5049 posse
3256 4987 3406 5028 cen-
3577 4975 3654 5031 23

1875 5085 2013 5130 sum
2059 5065 2454 5144 personalem
2500 5083 2573 5123 ex
2617 5069 2840 5125 natura
2879 5064 3002 5138 rei,
3062 5067 3124 5122 et
3168 5061 3411 5121 seclusa
3460 5099 3688 5153 Aliquando
3705 5112 3755 5141 ο,

1876 5157 2299 5240 prohibitione
2338 5156 2495 5234 legis
2525 5156 2851 5231 humanae,
2899 5153 3149 5234 quando
3198 5172 3410 5214 cumu-
3477 5153 3746 5248 Ιῗέἑξζῗῶξὶ

1874 5255 1972 5314 lus
2000 5251 2372 5331 pensionum
2420 5266 2560 5328 quae
2596 5248 2911 5308 solvendae
2941 5246 3178 5327 sperari
3207 5264 3414 5306 mora·
3463 5272 3533 5303 sus
3561 5239 3760 5321 persona-

1874 5347 2017 5407 liter
2070 5346 2353 5424 possunt,
2415 5361 2540 5403 non
2600 5340 2844 5401 excedit
2898 5341 3175 5400 valorem
3232 5339 3414 5417 pretii
3585 5314 3651 5356 ¹¹⁵⁵

1880 5438 2047 5519 quod
2076 5454 2191 5515 pro
2221 5436 2309 5496 eis
2338 5436 2551 5508 datur;
2587 5451 2703 5494 nec
2730 5433 2810 5493 de
2838 5433 2958 5493 hoc
2989 5432 3248 5512 quaestio
3281 5436 3411 5492 est:

1880 5530 2142 5611 perinde
2172 5530 2336 5589 enim
2363 5547 2427 5589 se
2460 5528 2751 5603 haberet,
2808 5545 2883 5588 ac
2909 5526 2959 5587 si
2988 5530 3205 5588 mutuo
3236 5526 3418 5587 dares
