4263 6376
538 2297 609 2356 17

757 338 836 397 58
1906 338 2008 398 DE
2048 338 2407 400 JUSTITIA
2450 338 2551 399 ET
2595 337 2791 400 JURE

761 530 994 592 pressa,
1027 509 1394 591 intelligitur
1419 515 1768 577 virtualiter
1807 515 2113 595 apposita.
2154 514 2287 575 Pri-

760 623 887 680 mo,
923 603 1173 683 quando
1217 611 1478 669 testator
1506 608 1657 668 dicit
1700 626 1766 667 se
1796 608 1952 668 velle
1982 608 2193 668 valere
2222 606 2289 666 il-

762 698 888 758 lam
918 696 1356 776 dipositionem
1397 701 1640 762 meliori
1669 701 1857 762 modo
1902 719 2025 779 quo
2069 700 2286 778 possit,

763 793 834 850 ut
871 790 1182 868 colligitur
1210 810 1285 852 ex
1325 793 1447 872 leg.
1487 792 1824 870 Cadit-illus,
1856 795 1912 874 ἓ.
1961 795 2071 854 ult.
2126 796 2192 869 ff,
2226 791 2294 853 de

765 881 968 961 leqatis
994 898 1064 943 11.
1098 885 1253 944 Item
1281 886 1580 962 secund0,
1615 887 1866 965 quando
1912 890 2173 947 testator
2192 885 2295 964 ju-

763 978 865 1035 rat
890 993 954 1035 se
991 975 1169 1052 velle,
1204 978 1373 1056 quod
1400 983 1720 1040 serventm
1776 979 1965 1039 omnia
2011 979 2074 1039 in
2108 982 2295 1040 testa·

765 1070 976 1127 mento
1007 1072 1321 1145 contenta,
1355 1071 1454 1131 vel
1484 1071 1652 1151 quod
1673 1072 1846 1151 juret
1872 1072 2072 1132 haeres
2101 1072 2180 1131 de
2210 1072 2297 1132 eis

766 1160 1109 1236 servandiS‚
1144 1166 1214 1223 ιιι
1239 1162 1541 1241 colligunt
1566 1164 1856 1226 doctores
1884 1184 1957 1224 ex
1987 1166 2110 1243 leg.
2150 1163 2299 1225 Cum

760 1260 955 1333 pater,
989 1254 1044 1332 ἓ.
1076 1252 1265 1314 Filius
1294 1264 1562 1332 matrem,
1596 1258 1659 1317 ff.
1695 1256 1764 1317 de
1791 1256 1995 1338 leqatis
2023 1274 2091 1318 11.
2143 1259 2299 1318 Item

767 1344 952 1405 tertio
981 1345 1348 1424 intelligitur
1391 1349 1678 1426 apposita
1706 1348 1766 1408 in
1798 1353 2174 1411 testamento
2205 1349 2300 1409 in-

768 1440 865 1499 ter
909 1436 1164 1514 liberOS,
1199 1444 1262 1500 et
1310 1438 1373 1499 in
1415 1443 1786 1503 testamento
1829 1443 2062 1519 militis,
2110 1448 2182 1505 ut
2227 1462 2302 1502 ex

770 1531 1086 1591 communi
1113 1530 1439 1593 doctorum
1470 1533 1653 1595 docet
1696 1536 1928 1596 Molina
1970 1536 2128 1615 disp.
2163 1539 2297 1598 132.

769 1623 826 1702 §.
864 1622 1121 1683 Tertium
1170 1633 1273 1686 est.
1317 1625 1494 1698 Quod
1536 1630 1747 1687 tamen
1798 1630 2209 1691 Covarruvias
2239 1632 2302 1691 in

773 1734 910 1792 cap.
944 1716 1338 1797 Raynuntius,
1361 1716 1432 1778 de
1458 1721 1807 1781 testamentis
1835 1740 2005 1782 num.
2028 1727 2086 1783 4.
2122 1722 2305 1784 intel-

771 1807 909 1886 ligit
934 1808 1012 1868 de
1060 1813 1434 1872 testamento
1478 1811 1640 1873 inter
1682 1813 1915 1874 liberos
1963 1814 2171 1893 quoad
2231 1834 2307 1876 ea

776 1919 915 1979 quae
945 1901 1177 1963 suntin
1221 1903 1491 1981 gratiam
1523 1908 1586 1966 et
1629 1906 1963 1966 utilitatem
2006 1907 2302 1984 filiorum,

776 2011 902 2054 non
943 1998 1149 2056 tamen
1196 1995 1260 2055 in
1302 1995 1377 2056 iis
1407 2015 1546 2075 quae
1588 2003 1735 2059 sunt
1772 1998 1836 2057 in
1884 1999 2146 2079 alicujus
2198 2000 2305 2060 filii

779 2085 1102 2164 damnum,
1138 2089 1264 2167 qui,
1316 2108 1375 2150 v.
1424 2109 1487 2168 g.
1522 2090 1657 2150 aliis
1688 2091 1925 2153 vocatis
1968 2110 2090 2152 non
2120 2110 2309 2153 voca-

780 2183 973 2241 retur.

860 2274 1132 2334 Effectus
1161 2273 1346 2354 hujus
1375 2275 1668 2336 clausulae
1714 2277 1924 2355 plures
1951 2282 2116 2340 sunt.
2177 2278 2311 2339 Pri-

781 2385 921 2426 mus
949 2370 1063 2443 est,
1098 2367 1267 2446 quod
1295 2368 1349 2428 si
1374 2371 1816 2430 testamentum
1845 2369 1924 2430 sit
1959 2369 2199 2430 nullum
2229 2370 2310 2431 ob

783 2459 1098 2520 defectum
1127 2460 1537 2522 solemnitatis
1560 2508 1575 2538 ,
1609 2467 1671 2523 et
1697 2461 1928 2524 habeat
1952 2463 2311 2524 solemnita-

781 2554 907 2613 tem
936 2552 1347 2614 sufficientem
1378 2553 1456 2613 ad
1485 2553 1861 2631 codicillum,
1893 2555 2193 2617 valebunt
2218 2557 2309 2617 le-

781 2649 928 2723 gata
959 2649 1021 2705 et
1047 2644 1249 2706 haeres
1276 2646 1356 2705 ab
1403 2646 1695 2709 intestato
1725 2648 1913 2709 debet
1941 2667 2015 2708 ea
2043 2650 2306 2710 solvere.

783 2738 849 2800 Si
896 2742 1105 2799 autem
1146 2743 1588 2801 testamentum
1634 2747 1799 2803 esset
1860 2742 2310 2819 defectuosum,

782 2849 905 2891 non
954 2849 1029 2890 ex
1073 2831 1465 2895 solemnitate
1509 2833 1620 2893 sed
1665 2838 1920 2913 propter
1947 2835 2316 2913 proeteritio-

783 2941 929 2984 nem
974 2923 1076 2983 vel
1123 2923 1693 2986 exhaeredationem
1739 2925 2073 3005 injustam,
2126 2929 2315 2988 etiam

784 3034 909 3077 non
939 3017 1225 3094 apposita
1252 3018 1529 3078 clausula
1559 3018 1899 3079 codicillari
1921 3065 1937 3095 ,
1973 3019 2179 3098 legata
2207 3021 2318 3080 de-

781 3109 1081 3170 berentur
1138 3109 1219 3170 ab
1282 3109 1533 3170 haerede
1576 3110 1656 3170 ab
1698 3110 2028 3185 intestam,
2089 3130 2163 3172 ex
2192 3116 2320 3173 Au-

787 3202 1063 3263 thentica
1090 3202 1199 3263 Ex
1226 3222 1420 3279 causa,
1469 3205 1533 3265 C.
1568 3202 1637 3263 de
1665 3203 1805 3271 filiis
1826 3204 2165 3285 proetem'tzs.
2214 3207 2320 3266 Se-

788 3294 1029 3355 cundus
1059 3297 1314 3358 effectus
1334 3301 1448 3371 est,
1475 3297 1642 3376 quod
1662 3297 1863 3357 haeres
1890 3296 1970 3358 ab
2002 3297 2316 3373 intestato,

786 3387 839 3448 si
876 3406 1002 3448 non
1050 3388 1130 3450 sit
1173 3389 1595 3464 necessarius,
1656 3389 1846 3451 debet
1890 3388 2320 3451 haereditatem

787 3481 1114 3543 restituere
1142 3481 1380 3543 haeredi
1408 3482 1469 3542 in
1501 3482 1602 3542 illo
1624 3486 1995 3545 testamento
2014 3483 2316 3559 instituto,

789 3574 952 3636 sicut
976 3575 1026 3634 si
1056 3575 1370 3637 institutus
1399 3579 1561 3637 esset
1588 3594 1702 3655 per
1718 3575 2223 3638 substitutionem
2250 3576 2325 3635 fi-

791 3667 1427 3745 deicommissariam,
1481 3673 1724 3731 retenta
1768 3668 1881 3729 sibi
1923 3676 2147 3747 quarta
2174 3672 2327 3730 Tre-

789 3760 1139 3836 bellianica,
1166 3762 1312 3841 quia
1330 3762 1471 3822 talis
1486 3762 1788 3824 institutio
1804 3760 1867 3821 in
1889 3761 2173 3822 codicillo
2189 3761 2326 3821 fieri

791 3854 1114 3934 potuisset,
1148 3858 1218 3916 ut
1244 3854 1557 3933 colligitur
1585 3873 1659 3916 ex
1686 3854 1811 3933 leg.
1843 3854 2194 3914 Posthumus
2216 3901 2230 3930 ,
2265 3855 2321 3933 g.

793 3946 1167 4028 Sipaqanus,
1185 3949 1247 4007 ff.
1279 3947 1348 4007 de
1373 3947 1589 4027 injusto
1616 3956 1792 4029 rupto
1821 3955 2045 4007 testam.
2081 3946 2327 4007 Tertius

796 4042 1051 4101 effectus
1081 4044 1193 4115 est,
1219 4039 1386 4119 quod
1415 4040 1467 4099 si
1489 4044 1752 4102 testator
1773 4040 2089 4118 praeteriit,
2114 4040 2214 4100 vel
2243 4039 2330 4098 in-

789 4133 958 4213 juste
1011 4132 1434 4194 exhaeredavit
1491 4132 1807 4193 haeredem
1863 4133 2282 4193 necessarium
2309 4179 2322 4208 ,

797 4227 1075 4287 clausula
1104 4225 1479 4285 codicillaris
1527 4225 1712 4300 facit,
1763 4225 1934 4304 quod
1985 4224 2187 4286 hoeres
2228 4226 2330 4286 ille

798 4323 1086 4382 teneatur
1122 4318 1448 4378 restituere
1495 4317 1923 4377 haereditatem
1965 4317 2206 4378 haeredi
2235 4318 2331 4377 in-

797 4412 1010 4473 stituto
1059 4411 1123 4471 in
1171 4412 1545 4471 testamento
1592 4409 1697 4469 illo
1726 4410 2041 4485 invalido,
2089 4415 2331 4471 retenta

799 4503 916 4563 sibi
944 4503 1230 4581 portione
1260 4502 1491 4577 debita,
1524 4502 1670 4581 quia
1700 4502 1908 4581 quoad
1936 4502 2055 4563 alia
2089 4507 2335 4583 poterat

800 4600 1063 4667 testator
1109 4614 1221 4675 per
1268 4594 1771 4655 substitutionem
1821 4594 2333 4656 fideicommissa-

799 4690 957 4750 riam
1013 4706 1158 4749 eum
1213 4704 1478 4766 gravare
1536 4685 1725 4746 etiam
1780 4705 1894 4764 per
1947 4688 2328 4748 codicillum.

803 4782 983 4855 Quod
1036 4786 1249 4843 tamen
1304 4779 1672 4856 intelligitur
1694 4825 1710 4855 ,
1770 4779 2022 4858 quando
2071 4780 2341 4841 scienter

801 4874 1104 4955 praeteriit
1155 4893 1169 4935 :
1221 4872 1270 4932 si
1301 4873 1470 4932 enim
1501 4891 1576 4931 ex
1605 4873 1956 4950 ignorantia
1983 4874 2130 4948 fiat,
2192 4875 2340 4953 quia

804 4967 1031 5031 oblitus
1060 4972 1153 5028 est
1180 4965 1439 5027 credens
1486 4983 1619 5025 esse
1648 4971 1965 5026 mortuum
1990 5013 2004 5040 ,
2062 4968 2162 5026 vel
2193 4968 2339 5046 quia

806 5061 1083 5121 nondum
1113 5064 1248 5120 erat
1275 5063 1477 5133 natuS‚
1505 5077 1620 5119 nec
1649 5059 1725 5118 de
1747 5059 1849 5118 illo
1871 5060 2188 5138 cogitavit,
2215 5078 2339 5120 non

807 5154 1205 5233 praesumitur
1250 5151 1520 5213 voluisse
1565 5151 1653 5212 illi
1697 5152 1991 5230 praeferre
2025 5152 2340 5214 haeredem

807 5251 1193 5308 extraneum.

887 5344 982 5401 An
1012 5358 1160 5400 vero
1190 5345 1340 5401 tunc
1357 5339 1521 5401 filius
1543 5340 1895 5417 praeteritus
1926 5340 2085 5400 ultra
2113 5340 2343 5417 portio-

809 5452 953 5494 nem
998 5433 1116 5494 sibi
1158 5433 1434 5494 debitam
1490 5433 1687 5512 possit
1727 5433 1997 5494 retinere
2052 5437 2342 5511 quartam

809 5527 1327 5592 Trebellianicam
1357 5546 1434 5587 ex
1462 5527 1534 5589 iis
1552 5573 1568 5604 ,
1604 5545 1743 5611 quae
1773 5526 1959 5587 debet
1984 5526 2339 5602 restituere,

2384 516 2613 576 tractat
2638 517 2923 595 vasquez
2949 517 3161 578 relatis
3181 517 3370 577 variis
3398 517 3740 594 sententiis,
3773 536 3910 598 cap.

2387 624 2431 667 1.
2463 606 2533 667 de
2561 609 2944 685 testamentis,
2984 610 3041 687 ἓ.
3074 613 3133 671 8.
3169 629 3231 671 n.
3265 613 3365 671 52.
3400 614 3463 673 et
3489 610 3722 671 Molina
3751 610 3909 690 disp.

2393 703 2525 761 187.
2562 700 2667 779 qui
2697 701 2897 761 videri
2928 707 3206 779 possunt.

2470 794 2738 864 Quartus
2768 795 3045 871 effectus,
3080 799 3144 855 et
3177 795 3282 874 qui
3313 814 3386 854 ex
3413 794 3796 873 praecedenti
3821 813 3919 855 se-

2390 885 2623 964 quitur,
2658 890 2773 962 est,
2808 886 2977 964 quod
3006 887 3055 947 si
3088 892 3267 965 pater
3303 887 3453 948 facit
3476 892 3918 949 testamentum

2390 977 2670 1038 solemne
2718 978 2881 1039 inter
2931 979 3162 1039 liberos
3182 1025 3198 1055 ,
3247 984 3308 1040 et
3350 981 3624 1058 aliquem
3673 980 3919 1041 illorum

2391 1074 2760 1149 praetereat,
2809 1070 2908 1131 vel
2937 1070 3164 1149 injuste
3195 1071 3569 1148 exhaeredet,
3624 1074 3688 1133 si·
3706 1077 3922 1152 postea

2394 1161 2749 1222 annulletur
2781 1163 2873 1223 vel
2901 1167 3232 1241 rumpatur
3269 1167 3712 1227 testamentum
3743 1166 3820 1226 ob
3849 1165 3923 1225 il-

2393 1253 2503 1314 lud
2519 1254 2785 1327 ‘vitium3
2837 1261 3095 1334 propter
3135 1257 3480 1318 clausulam
3509 1262 3722 1319 tamen
3751 1259 3921 1318 illam

2395 1346 2563 1407 valet
2589 1353 2659 1409 ut
2685 1348 3028 1425 codicillus,
3052 1352 3114 1410 et
3141 1349 3281 1410 ideo
3310 1349 3420 1409 filii
3450 1350 3550 1410 alii
3583 1351 3914 1411 succeden-

2396 1443 2491 1499 tes
2519 1439 2599 1499 ab
2625 1439 2915 1502 intestato
2942 1487 2957 1517 ‚
3008 1442 3265 1503 retentis
3306 1442 3434 1503 suis
3460 1444 3754 1522 legitimis
3781 1460 3927 1522 por·-

2396 1531 2702 1606 tionibus,
2750 1533 2960 1593 omnia
3006 1535 3130 1595 alia
3176 1535 3255 1595 de
3298 1536 3523 1615 quibus
3561 1542 3738 1614 pater
3765 1537 3930 1598 inter

2399 1623 2629 1685 liberos
2656 1626 3271 1705 poteratdisponere,
3305 1627 3577 1690 debeant
3602 1629 3928 1690 restituere

2401 1717 2528 1793 illi,
2589 1717 2688 1777 vel
2733 1717 2851 1777 illis
2897 1719 3006 1798 qui
3049 1721 3114 1779 in
3159 1723 3532 1781 testamento
3570 1721 3675 1781 illo
3705 1722 3929 1782 vitioso

2402 1811 2650 1871 fuerant
2675 1808 2960 1887 instituti,
2995 1811 3162 1889 quod
3192 1830 3268 1871 ex
3296 1813 3674 1890 praecedenti
3702 1815 3932 1875 effectu

2403 1902 2586 1964 tertio
2615 1903 2944 1964 manifeste
2972 1904 3301 1983 colligitur.
3355 1906 3525 1966 Alios
3571 1907 3829 1969 effectus
3855 1907 3933 1967 si-

2403 1995 2582 2055 miles
2606 2041 2621 2070 ,
2683 1996 2789 2073 qui
2817 1995 3045 2057 virtute
3076 1998 3137 2056 in
3169 1997 3484 2076 praedictis
3513 2000 3929 2075 continentur,

2404 2087 2504 2147 vel
2533 2106 2607 2147 ex
2635 2087 2755 2147 illis
2784 2087 3216 2166 deducuntur,
3268 2090 3481 2152 videre
3510 2092 3743 2170 poteris
3766 2092 3932 2170 apud

2406 2183 2692 2260 Vasquez
2721 2199 2860 2260 cap.
2893 2197 2935 2242 1.
2967 2183 3023 2262 g.
3056 2186 3116 2244 8.

2487 2273 2819 2334 Dubitatur
2845 2279 3065 2336 octavo
3084 2275 3161 2336 de
3190 2274 3528 2338 donatione
3557 2294 3746 2338 causa
3774 2295 3939 2337 mor·
4108 2295 4194 2355 13

2407 2365 2505 2440 tie,
2527 2384 2716 2444 quam
2734 2366 3190 2428 solemnitatem
3207 2369 3524 2448 requirat?
3543 2369 3935 2448 Respondeo,
4053 2420 4175 2472 Quid
4207 2449 4208 2452 Ἴ

2409 2458 2488 2518 de
2510 2460 2652 2537 jure
2680 2460 2995 2520 communi
3018 2460 3302 2522 eamdem
3325 2461 3662 2543 requirere,
3688 2481 3829 2543 quae
3859 2462 3940 2522 ad
4033 2474 4209 2518 aonam

2410 2551 2727 2612 codicillos
2758 2552 3004 2628 sufficit,
3037 2552 3160 2631 leg.
3199 2553 3308 2614 ult.
3342 2556 3409 2617 C.
3442 2553 3512 2615 de
3537 2553 3736 2617 donat.
3769 2574 3944 2616 rausa
3996 2538 4209 2573 ⁶⁸¹¹¹³²¹¹¹⁴

2409 2644 2613 2704 mortis
2645 2661 2658 2706 :
2694 2663 2888 2723 quare
2917 2646 3248 2706 necessarii
3267 2652 3411 2708 sunt
3427 2648 3702 2728 quinque
3728 2652 3940 2723 testes,

2412 2755 2537 2798 non
2566 2741 2776 2798 tamen
2808 2738 3051 2815 rogati,
3110 2742 3218 2800 aut
3244 2739 3529 2800 masculi.
3588 2739 3701 2812 Qui
3734 2743 3946 2801 autem

2413 2849 2555 2892 cum
2584 2829 2982 2909 paucioribus
3008 2830 3271 2892 testibus
3291 2832 3500 2892 testari
3523 2837 3803 2910 possunt,
3834 2850 3952 2912 po·-

2413 2926 2625 2986 terunt
2652 2922 2840 2984 etiam
2887 2941 3032 2982 cum
3060 2923 3461 3003 paucioribus
3490 2924 3726 2985 donare
3755 2943 3950 2986 causa

2414 3016 2655 3092 mortis,
2690 3021 2758 3076 ut
2784 3019 3028 3076 constat
3056 3034 3132 3076 ex
3160 3016 3283 3094 leg.
3317 3016 3656 3094 Marcellus,
3688 3018 3753 3077 in
3783 3017 3949 3096 prin-

2416 3109 2537 3187 cip.
2573 3109 2635 3168 ff.
2669 3107 2739 3168 de
2763 3106 2962 3169 donat.
2995 3127 3170 3169 causa
3193 3109 3418 3169 mortis.
3469 3110 3558 3170 De
3607 3109 3745 3170 aliis
3772 3127 3945 3185 vero,

2419 3220 2558 3282 quae
2606 3201 2686 3262 ad
2734 3201 3137 3263 donationem
3176 3220 3367 3264 causa
3393 3203 3611 3264 mortis
3641 3206 3944 3281 spectant,

2420 3314 2678 3374 agemus
2707 3295 2769 3354 in
2798 3295 3158 3373 particulari
3189 3299 3342 3356 sect.
3375 3313 3477 3357 xv.

2500 3387 2832 3449 Dubitatur
2859 3406 3022 3449 nono
3053 3388 3132 3448 de
3162 3390 3482 3465 mandato,
3519 3408 3628 3449 seu
3658 3388 3952 3450 commis·-
4117 3391 4199 3449 19

2421 3482 2594 3542 sione
2624 3481 2770 3542 data
2790 3481 2988 3557 alteri,
3023 3486 3090 3542 ut
3107 3486 3213 3542 tuo
3237 3482 3486 3542 nomine
3508 3486 3953 3544 testamentum
4062 3515 4182 3567 Quid

2422 3574 2631 3649 saciat,
2666 3591 2855 3652 quam
2884 3573 3340 3636 solemnitatem
3361 3575 3685 3654 requirat?
3714 3577 3802 3634 De
3834 3574 3953 3634 hoc
4003 3571 4209 3666 3¹¹&ss

2422 3667 2696 3729 breviter
2726 3666 3006 3727 Sanchez
3053 3667 3217 3728 dicto
3256 3686 3394 3747 cap.
3428 3670 3474 3729 I.
3510 3668 3660 3728 duh.
3699 3683 3834 3727 vm.
3868 3666 3956 3726 lo-

2425 3759 2674 3840 quendo
2721 3760 2800 3819 de
2822 3758 2964 3839 jure
2993 3760 3310 3839 Hispano,
3362 3765 3424 3821 ct
3468 3761 3543 3821 iis
3590 3761 3840 3820 casibus
3888 3759 3956 3818 in

2426 3852 2653 3933 quibus
2705 3856 2914 3932 potest-
2966 3853 3269 3914 committi
3324 3853 3504 3914 alteri
3555 3853 3819 3914 facultas
3873 3851 3958 3913 ad

2425 3946 2808 4022 testandum,
2843 3946 2994 4008 dicit
3020 3947 3255 4025 requiri
3285 3947 3572 4007 eamdem
3603 3946 3958 4007 solemnita-

2427 4044 2552 4101 tem
2603 4039 2677 4095 ad
2724 4039 2887 4099 banc
2917 4039 3419 4099 commissionem
3449 4039 3723 4099 dandam
3748 4086 3763 4115 ,
3815 4057 3959 4118 quae

2428 4132 2768 4211 requiritur
2812 4131 2893 4190 ad
2933 4135 3376 4191 testamentum
3411 4151 3423 4191 :
3472 4131 3573 4192 ille
3610 4134 3820 4192 tamen
3858 4130 3958 4191 cui

2428 4224 2794 4285 mandatum
2826 4224 3042 4283 datum
3071 4224 3208 4300 fuit,
3243 4224 3476 4284 factum
3515 4223 3957 4301 nuncupative,

2431 4317 2660 4397 poterit
2709 4316 2843 4395 ejus
2871 4316 3098 4383 virtute
3145 4316 3352 4376 facere
3382 4321 3596 4395 postea
3623 4319 3966 4377 testamen-

2430 4417 2563 4472 tum
2594 4410 2656 4470 in
2685 4409 2931 4487 scriptis
2955 4455 2970 4484 ,
3022 4413 3092 4469 ut
3136 4427 3278 4468 cum
3307 4409 3612 4469 Matienzo
3657 4408 3841 4469 docet
3877 4406 3963 4466 ihi

2434 4502 2718 4566 Sanchez
2766 4506 2985 4562 contra
3013 4500 3354 4562 Antonium
3386 4504 3613 4562 Gomez
3637 4547 3652 4576 ,
3703 4503 3767 4560 et
3809 4498 3960 4559 mibi

2431 4596 2682 4658 videtur
2713 4595 2878 4654 idem
2910 4595 3097 4655 etiam
3128 4613 3162 4654 e
3193 4598 3408 4655 contra
3439 4593 3773 4654 dicendum
3804 4610 3959 4652 esse.

2435 4692 2637 4767 Atque
2668 4688 2804 4748 haec
2834 4687 3020 4747 etiam
3051 4687 3466 4765 procederent
3510 4687 3588 4745 de
3629 4684 3769 4765 jure
3801 4703 3968 4745 com-

2436 4781 2609 4841 muni
2642 4799 2785 4840 cum
2817 4781 3219 4860 proportione
3263 4781 3371 4840 ubi
3401 4780 3731 4841 committti
3759 4782 3971 4857 posset

2449 4873 2749 4949 facultaS,
2800 4891 2908 4933 seu
2941 4873 3293 4933 commissio
3325 4873 3405 4934 ad
3434 4873 3819 4948 testandum,
3871 4870 3971 4930 vel

2438 4965 2778 5044 legandum
2803 5012 2817 5041 ,
2868 4965 2946 5025 de
3000 4984 3123 5045 qua
3169 4966 3461 5026 facultate
3499 4964 3662 5024 infra
3690 4963 3971 5024 dicemus

2443 5068 2701 5137 agentes
2730 5058 2808 5117 de
2836 5058 3193 5119 testamenti
3217 5057 3671 5118 executoribus

2522 5151 2858 5213 Dubitatur
2877 5151 3142 5227 decimo,
3174 5168 3251 5210 an
3282 5150 3417 5210 haec
3446 5150 3668 5210 eadem
3689 5147 3974 5209 solemni·
4134 5154 4209 5211 211

2443 5249 2539 5307 tas
2557 5245 2916 5324 requiratur
2935 5244 3014 5304 ad
3035 5244 3316 5304 ultimam
3338 5243 3723 5303 voluntatem
3743 5241 3972 5321 dejure
4024 5278 4134 5329 Qu„
4173 5289 4209 5321 3,

2445 5337 2786 5401 canonico?
2813 5336 3156 5397 Difficultas
3185 5336 3383 5396 oritur
3412 5354 3486 5395 ex
3513 5353 3652 5413 cap.
3690 5333 3839 5396 Cum
3867 5342 3976 5394 tes·
4025 5333 4209 5426 ”3552

2445 5441 2547 5507 tes,
2578 5429 2649 5491 de
2679 5428 3047 5505 testamentis,
3082 5428 3186 5489 ubi
3213 5427 3565 5488 Alexander
3583 5428 3802 5487 tertius
3823 5427 3977 5485 Hos-
4075 5449 4209 5480 mon

2444 5524 2629 5587 tiensi
2655 5523 2946 5603 episcopo
2979 5521 3286 5603 rescribit,
3320 5519 3838 5587 consuetudinem
3874 5536 3975 5580 re·
