4263 6376
101 4071 163 4276 fl*

1285 232 1755 298 DISPUTATIO
1799 234 1988 308 XXV,
2037 233 2312 295 SECTIO
2356 235 2431 295 X.

208 432 324 474 nec
346 418 561 473 tamen
593 431 630 471 a
658 410 958 472 pontifice
987 409 1405 488 reprehensus
1434 409 1573 470 fuit.
1611 411 1756 469 naec

208 513 421 567 tamen
455 506 779 583 responsio
812 503 1232 564 communiter
1259 503 1540 581 rejicitur
1562 547 1576 575 ,
1631 500 1758 577 pri-

210 619 335 671 mo,
370 599 529 677 quia
556 599 620 657 in
648 598 751 658 illo
781 597 919 656 loco
950 595 1196 657 concilii
1226 595 1399 655 nulla
1428 594 1567 654 talis
1595 592 1758 652 limi·

208 692 360 752 tatio
391 691 673 765 additur,
706 688 817 748 sed
857 706 1001 747 cum
1043 687 1142 746 illa
1174 688 1311 763 lege
1337 691 1399 746 et
1426 688 1759 746 consuetu-

211 786 353 844 dine
382 802 573 843 mons
594 781 1001 860 approbatur.
1064 779 1376 855 Secunde,
1411 779 1559 857 quia
1587 775 1758 854 Caie-

164 899 172 906 ·
209 882 394 937 tanus
426 894 555 936 non
585 875 782 934 utitur
804 893 878 934 ea
906 872 1418 950 interpretatione
1449 890 1562 950 pro
1593 870 1761 930 dicta

213 970 481 1032 Concilii
511 967 876 1027 definitione
901 1012 917 1040 ,
963 964 1074 1025 sed
1106 983 1218 1043 pro
1251 966 1373 1025 alia
1397 963 1567 1025 bulla
1603 961 1761 1022 anti·

213 1062 441 1143 quiori‚
476 1079 666 1140 quam
699 1060 830 1138 ipse
858 1058 1143 1133 viderat,
1178 1063 1240 1118 et
1274 1058 1333 1116 in
1366 1076 1492 1136 qua
1519 1055 1668 1116 dicit
1695 1073 1761 1115 se

213 1157 438 1235 legisse
485 1154 593 1213 illa
621 1153 838 1212 verba.
901 1151 1162 1229 Scripsit
1207 1150 1372 1210 enim
1416 1149 1565 1209 illud
1607 1167 1762 1226 opu·

216 1250 484 1324 sculum,
517 1250 582 1306 et
608 1244 875 1305 absolvit
900 1262 1064 1304 anno
1097 1247 1271 1305 1498.
1306 1249 1374 1304 ut
1403 1243 1533 1321 ipse
1563 1242 1649 1302 ibi
1678 1246 1763 1302 te·

218 1348 435 1416 statur,
465 1358 614 1399 cum
642 1343 854 1399 tamen
875 1336 1218 1398 Concilium
1249 1336 1550 1396 indictum
1579 1333 1766 1395 fuerit

217 1454 373 1497 anuo
396 1435 581 1493 1512.
610 1434 671 1490 et
700 1430 869 1491 dicta
895 1428 1087 1489 sessio
1116 1428 1359 1489 decima
1387 1426 1603 1487 habita
1633 1427 1766 1486 fue-

220 1530 287 1589 rit
317 1545 497 1587 anuo
528 1526 706 1585 1515.
743 1525 947 1594 Quare
967 1521 1059 1581 vel
1086 1524 1302 1598 postea
1317 1519 1652 1598 cajetanus
1679 1517 1767 1578 ibi

219 1616 588 1682 retractavit
614 1633 792 1675 suam
819 1614 1195 1675 sententiam
1217 1659 1231 1686 ‚
1284 1619 1352 1673 ut
1388 1612 1575 1673 sentit
1602 1614 1768 1672 Ban-

220 1733 357 1790 ues,
412 1710 572 1790 quia
617 1725 836 1769 omnes
868 1709 1081 1767 Patres
1126 1705 1369 1766 concilii
1402 1703 1768 1781 interrogati

221 1807 518 1866 dixerunt
544 1801 660 1861 sibi
692 1800 941 1877 placere
971 1844 988 1874 ,
1062 1816 1187 1858 uno
1242 1802 1500 1876 excepto
1557 1797 1771 1857 Hiere-

219 1899 335 1960 mia
364 1896 671 1974 episcopo
699 1890 1038 1967 Tranensi,
1086 1890 1183 1950 vel
1232 1894 1300 1951 ut
1341 1890 1549 1950 verius
1593 1894 1770 1967 putat

222 1990 549 2063 Salonius,
597 2005 721 2045 nou
751 1983 1034 2044 interfuit
1061 1981 1395 2061 Cajetanus
1437 1982 1520 2042 illi
1551 1981 1769 2042 sessio·

221 2086 295 2156 ni,
316 2082 478 2163 quia
500 2080 665 2139 inter
686 2095 792 2137 eos
823 2075 931 2154 qui
960 2075 1046 2135 ibi
1077 2074 1430 2135 interfuisse
1453 2075 1764 2150 dicuntur,

223 2197 337 2239 nou
369 2176 793 2235 numerantur
822 2168 1112 2229 ordinum
1150 2168 1501 2245 generales
1557 2167 1764 2228 Tertio

222 2268 509 2331 definitio
538 2265 646 2324 illa
672 2263 838 2323 facta
877 2260 993 2320 fuit
1026 2260 1105 2320 ad
1126 2260 1462 2338 sopiendas
1490 2260 1772 2338 disputa-

223 2365 420 2424 tiones
451 2366 519 2419 et
544 2354 862 2417 scandala.
900 2354 965 2414 Si
994 2359 1205 2414 autem
1236 2345 1448 2413 addita
1476 2358 1641 2413 esset
1666 2353 1770 2412 illa

221 2453 541 2526 limitatio,
574 2448 731 2509 nibil
760 2452 969 2508 actum
999 2452 1183 2522 esset,
1217 2446 1324 2505 sed
1358 2466 1458 2505 res
1487 2449 1772 2506 maneret

224 2549 380 2608 sicut
409 2548 632 2604 antea.
668 2559 811 2601 cum
845 2544 975 2599 tota
1004 2538 1265 2617 quaestio
1297 2544 1461 2599 esset
1507 2558 1586 2599 an
1619 2556 1771 2599 con·

224 2642 371 2702 ditio
402 2639 517 2699 illa
547 2637 935 2713 repugnaret
945 2632 1073 2711 juri
1104 2638 1365 2692 naturae.

297 2732 516 2794 Tertio
546 2725 935 2805 respondent
960 2744 1094 2784 rem
1132 2724 1294 2784 hanc
1325 2743 1447 2785 non
1494 2724 1769 2803 potuisse

224 2828 299 2887 de
328 2825 458 2885 fide
491 2820 775 2891 definiri,
828 2836 971 2878 cum
1012 2817 1215 2895 magis
1258 2836 1334 2876 ex
1378 2817 1773 2897 philosophia

225 2916 448 2980 morali
481 2932 677 2994 quam
707 2930 783 2971 ex
811 2910 1003 2970 sacris
1041 2909 1261 2969 litteris
1294 2910 1579 2986 pendeat.
1641 2911 1772 2970 Hoc

223 3019 435 3073 tamen
467 3012 541 3067 ut
565 3022 794 3084 parum
823 3006 1203 3076 reverenter,
1240 3000 1547 3079 nimisque
1578 3001 1773 3061 auda-

224 3111 357 3164 cter
383 3101 629 3161 dictum
659 3099 877 3156 notant
903 3094 1006 3154 alii
1038 3111 1252 3154 omnes
1285 3093 1596 3172 theologi,
1630 3112 1773 3154 cum

222 3198 393 3257 circa
420 3208 678 3253 morum
707 3186 1093 3262 doctrinam,
1146 3192 1209 3248 et
1254 3191 1512 3264 peccata
1558 3192 1775 3248 contra

222 3290 434 3367 legem
462 3284 575 3345 Dei
622 3299 905 3342 summus
954 3278 1236 3339 Pontifex
1281 3298 1638 3357 supremam
1669 3280 1776 3340 do·

220 3381 415 3442 cendi
443 3376 889 3438 auctoritatem
911 3372 1161 3446 habeat,
1195 3377 1257 3433 et
1285 3371 1645 3433 declarandi
1678 3392 1778 3433 re-

221 3480 398 3535 ctam
426 3470 788 3530 divinorum
818 3464 1258 3524 mandatorum
1289 3465 1773 3528 observantiam.

222 3570 438 3640 Quare
466 3560 761 3624 Salonius
792 3578 894 3637 qu.
915 3558 1238 3619 LXXVIII.
1265 3562 1380 3618 art.
1403 3575 1471 3620 11.
1494 3563 1773 3620 controv.

222 3665 326 3721 27.
366 3657 527 3717 dixit
561 3652 938 3714 sententiam
970 3649 1102 3710 Soti
1131 3653 1272 3728 post
1298 3651 1631 3711 concilium
1663 3653 1782 3711 La-

224 3757 569 3812 teranense
599 3747 992 3806 contractum
1022 3741 1197 3801 illum
1243 3743 1637 3820 approbauS,
1691 3749 1784 3805 te—

222 3843 582 3905 merariam
630 3856 705 3898 ac
752 3835 1169 3915 periculosam
1213 3835 1623 3913 censendam,
1679 3835 1781 3896 alii

227 3936 424 3997 aliter
450 3934 622 3993 illam
653 3932 966 3990 notarunt.

313 4026 643 4106 objiciunt
669 4022 894 4102 primo,
921 4020 1070 4099 quia
1100 4020 1244 4081 licet
1259 4039 1370 4099 pro
1388 4021 1671 4083 custodia
1697 4022 1787 4102 pi-

230 4138 518 4202 gnorum
546 4133 813 4179 onerosa
840 4119 1050 4192 posset
1070 4113 1307 4193 aliquid
1329 4132 1654 4194 apaupere
1683 4134 1788 4194 pe·

230 4217 303 4290 ti,
327 4233 467 4273 non
490 4217 698 4272 tamen
715 4208 963 4268 videtur
991 4225 1171 4284 posse
1193 4225 1307 4284 pro
1336 4207 1622 4267 custodia
1663 4226 1788 4268 non

229 4323 539 4377 onerosa,
563 4299 766 4380 qualis
782 4303 875 4359 est-
895 4297 1177 4358 custodia
1193 4299 1360 4358 vasis
1388 4299 1584 4374 aurei,
1610 4317 1791 4377 gem—

226 4419 393 4473 mae,
455 4402 515 4456 et
541 4392 835 4454 similium
859 4437 874 4466 ,
932 4408 1072 4468 qua}
1101 4389 1233 4450 sine
1262 4389 1385 4451 ullo
1415 4391 1546 4451 fere
1573 4389 1790 4451 labore

226 4489 689 4552 custodiuntur
720 4503 734 4547 :
780 4483 878 4544 vel
909 4487 1077 4542 certe
1106 4500 1228 4543 non
1263 4481 1524 4542 deberet
1564 4482 1668 4560 qui
1716 4500 1793 4542 ea

224 4585 519 4664 pignora
550 4581 763 4652 affert,
816 4593 994 4653 aeque
1036 4592 1150 4654 pro
1192 4571 1328 4652 ejus
1357 4573 1639 4634 custodia
1670 4574 1794 4635 sol-

224 4694 428 4750 vere,
465 4692 534 4732 ac
561 4672 659 4731 ille
691 4669 801 4749 qui
832 4685 942 4746 pro
973 4666 1234 4745 pignore
1256 4665 1365 4726 dat
1390 4670 1618 4742 vestes»,
1652 4684 1793 4746 quae

226 4771 425 4830 ultra
471 4764 812 4826 custodiam
861 4763 1119 4838 exigunt
1161 4757 1443 4819 laborem
1488 4762 1554 4819 et
1598 4759 1796 4820 mole-

224 4863 480 4934 stiam,
508 4877 609 4918 eas
637 4862 823 4916 vento
856 4850 1206 4932 exponendi
1235 4855 1297 4912 et
1328 4849 1678 4911 excutiendi
1718 4870 1795 4911 ne

224 4955 517 5036 pulvere
536 4952 1006 5011 consumantur.
1040 4944 1245 5005 Variae
1264 4943 1602 5004 solutiones
1617 4943 1798 5005 reddi

226 5047 477 5108 solent
518 5041 661 5102 huic
686 5041 1062 5117 argumento
1083 5082 1098 5112 ‚
1144 5055 1283 5115 quae
1311 5035 1511 5095 videri
1539 5040 1801 5114 possunt

228 5136 435 5218 apud
458 5135 657 5196 Salas:
682 5132 924 5193 facilior
949 5128 1232 5208 estquod
1261 5128 1361 5188 hic
1390 5132 1452 5189 et
1479 5147 1645 5188 nunc
1674 5148 1800 5191 non

229 5232 484 5312 potest
518 5244 691 5288 mons
736 5224 884 5285 buic
929 5221 1141 5301 egenti
1190 5225 1511 5297 mutuare,
1554 5221 1670 5282 nisi
1701 5222 1801 5282 vel

230 5319 562 5403 negando
589 5323 871 5380 mutuum
913 5314 1050 5376 aliis
1076 5313 1481 5375 afferentibus
1508 5314 1793 5393 pignora,

232 5429 547 5498 quorum
584 5410 863 5473 custodia
902 5407 1106 5487 magis
1146 5405 1463 5468 laboriosa
1491 5411 1614 5482 est,
1666 5406 1799 5486 qui-

3277 216 3392 297 Ξ239

1854 405 1972 466 bus
2002 410 2210 467 tamen
2242 424 2423 466 mons
2450 409 2736 469 mutuare
2766 408 2954 471 debet
2983 429 3057 471 ex
3074 412 3394 473 voluntate

1854 498 2202 559 fundatoris
2223 544 2237 573 ‚
2293 499 2387 558 vel
2438 500 2744 577 exigendo
2796 501 2875 561 ab
2931 508 3045 563 hoc
3088 505 3391 583 aequalem

1855 591 2211 650 mercedem
2231 637 2247 663 ,
2299 609 2441 650 cum
2474 591 2854 670 impossibile
2886 596 3208 657 moraliter
3235 601 3397 659 esset

1856 682 1918 742 in
1964 682 2224 759 singulis
2271 683 2627 744 examinare
2676 687 2824 765 quid
2874 688 3238 749 addendum
3297 690 3395 751 vel

1858 775 2241 834 demendum
2272 781 2456 849 esset,
2493 777 2657 854 quod
2700 785 2862 840 esset
2889 781 3294 842 seminarium
3323 783 3395 842 li-

1858 866 2053 942 tium,
2106 868 2330 945 quibus
2384 867 2745 931 decidendis
2791 872 3062 952 majores
3106 893 3395 952 expensae

1859 960 2224 1020 necessariae
2279 966 2486 1021 essent
2531 981 2544 1021 ε
2598 982 2792 1041 quare
2839 969 2967 1026 tota
3011 967 3118 1028 illa
3155 986 3397 1029 merces

1861 1052 2213 1113 necessaria
2244 1058 2337 1113 est
2364 1057 2431 1113 ut
2451 1072 2631 1115 mons
2660 1057 2856 1134 possit
2877 1058 3021 1119 huic
3051 1060 3236 1121 etiam
3259 1080 3396 1124 mu·

1860 1149 2058 1205 tuare.
2112 1145 2286 1206 Sicut
2337 1146 2526 1206 etiam
2572 1147 2632 1206 in
2662 1150 2908 1211 tributis
2961 1154 3398 1215 communibus

1861 1236 2259 1315 imponendis
2304 1257 2426 1298 non
2474 1241 2546 1300 fit
2587 1240 2923 1320 injustitia,
2974 1245 3027 1304 si
3065 1246 3143 1306 ab
3172 1265 3247 1307 eo
3291 1248 3395 1327 qui

1861 1329 2069 1390 minus
2098 1334 2301 1408 potest
2350 1332 2746 1394 contribuere
2775 1381 2790 1411 ,
2823 1336 3158 1416 aliquando
3188 1341 3399 1419 exiga-

1861 1426 1963 1483 tur
1991 1440 2170 1501 aeque
2206 1441 2278 1482 ac
2307 1423 2386 1482 ab
2424 1441 2497 1484 eo
2530 1425 2634 1503 qui
2666 1426 2804 1504 plus
2850 1435 3094 1507 posset,
3148 1434 3397 1511 quando

1864 1533 1987 1575 non
2040 1519 2244 1591 potest
2288 1516 2609 1577 moraliter
2649 1537 2686 1577 a
2714 1519 2974 1597 singulis
3011 1523 3194 1600 juxta
3253 1544 3399 1587 suas

1863 1606 2027 1666 vires
2057 1606 2195 1684 plus
2226 1608 2323 1667 vel
2352 1608 2558 1669 miuus
2589 1610 2782 1688 exigi3
2826 1612 2972 1690 quia
3000 1616 3145 1676 data
3181 1636 3253 1678 ea
3284 1617 3402 1678 im-

1864 1698 2296 1777 possibilitate,
2331 1702 2750 1763 necessarium
2781 1710 2875 1765 est
2916 1706 2995 1765 ad
3022 1707 3257 1769 bonum
3289 1710 3399 1771 hu-

1858 1790 1964 1870 jus
2011 1790 2165 1851 civis
2187 1837 2202 1864 ‚
2251 1792 2416 1870 quod
2448 1793 2551 1852 alii
2583 1795 2790 1872 plures
2821 1814 2997 1876 aeque
3026 1800 3226 1861 solum
3255 1821 3400 1864 cum

1867 1883 1971 1943 illo
2007 1883 2445 1960 contribuant,
2479 1890 2546 1945 ut
2574 1885 2925 1949 videbimus
2955 1890 3113 1950 insra
3143 1901 3400 1973 agentes

1868 1974 1946 2035 de
1966 1974 2210 2053 justitia
2239 1974 2633 2037 distributiva
2650 1978 2813 2040 circa
2839 1981 3116 2059 gabellas
3132 1991 3195 2047 et
3209 2005 3401 2049 onera

1867 2084 2247 2129 communia.

1949 2160 2238 2221 Secundo
2270 2160 2593 2240 objiciunt,
2617 2164 2763 2243 quia
2783 2185 3022 2245 pauper
3041 2170 3145 2249 qui
3170 2172 3403 2236 diutius

1866 2252 2075 2314 differt
2101 2253 2477 2313 solutionem
2505 2257 2744 2333 mutui,
2793 2260 2933 2337 plus
2964 2262 3203 2325 solvere
3232 2268 3406 2346 cogi-

1866 2349 1997 2417 tur;
2053 2364 2203 2423 ergo
2235 2346 2506 2423 exigitur
2532 2349 2734 2408 solum
2765 2370 2874 2429 pro
2907 2353 3204 2417 dilatione
3236 2360 3403 2420 solu-

1868 2438 2075 2513 tionis,
2108 2457 2250 2516 quae
2279 2439 2528 2499 videtur
2555 2459 2689 2501 esse
2720 2462 2930 2506 usura.
2979 2449 3236 2510 Omissis
3266 2452 3403 2513 aliis

1869 2530 2281 2591 solutionibus
2353 2550 2492 2609 quae
2544 2532 2852 2595 habentur
2899 2540 3065 2616 apud
3105 2542 3402 2604 Melinum

1868 2628 1932 2684 et
1961 2624 2137 2685 Salas
2178 2623 2329 2684 locis
2362 2624 2596 2702 citatis,
2648 2630 3063 2705 respondetur
3107 2653 3405 2713 augmen—

1868 2719 2002 2778 tum
2033 2715 2195 2776 illius
2227 2715 2523 2777 iuteresse
2554 2737 2678 2779 non
2710 2739 2845 2781 esse
2877 2729 3135 2803 propter
3163 2727 3406 2790 dilatio·

1870 2826 2015 2868 nem
2044 2809 2373 2886 temporie,
2426 2809 2536 2869 sed
2584 2813 2810 2889 partim
2858 2814 2938 2875 ob
2984 2817 3256 2897 majores
3300 2841 3409 2883 ex-

1872 2919 2099 2981 pensas
2142 2901 2302 2961 illius
2340 2904 2708 2965 mutuatarii
2753 2924 2943 2968 causa
2989 2909 3217 2989 facta8‚
3264 2933 3407 2976 cum

1871 2999 2001 3057 toto
2034 2994 2139 3054 illo
2171 2997 2453 3071 tempore
2496 2995 2724 3057 dentur
2752 2999 3052 3062 alimenta
3085 3008 3147 3065 et
3174 3006 3410 3086 stipen-

1873 3086 1977 3148 dia
2003 3085 2303 3146 ministris
2333 3087 2562 3147 montis
2588 3093 2660 3150 ut
2688 3092 2821 3168 ejus
2834 3092 3024 3155 debiti
3056 3114 3271 3160 curum
3303 3101 3410 3162 ha-

1872 3179 2083 3255 beant,
2117 3178 2197 3238 ad
2223 3199 2383 3258 quas
2413 3174 2797 3258 ipsemet-ito
2832 3191 2959 3247 toto
2991 3187 3094 3251 illo
3126 3196 3409 3271 tempore

1873 3272 2270 3334 contribuere
2301 3273 2515 3344 debet;
2549 3276 2797 3354 partim,
2825 3278 2968 3358 quia
2989 3281 3039 3341 si
3071 3282 3202 3361 ipse
3232 3286 3412 3348 citius

1874 3365 2156 3426 debitum
2211 3365 2504 3427 redderet
2534 3412 2549 3443 ,
2611 3374 2819 3446 posset
2871 3372 3092 3434 eadem
3146 3380 3414 3455 pecunia

1874 3458 2011 3519 aliis
2040 3460 2102 3518 et
2129 3457 2266 3517 aliis
2294 3459 2588 3534 mutuari,
2643 3461 2746 3540 qui
2777 3462 3006 3542 singuli
3033 3467 3238 3531 denuo
3271 3489 3415 3532 con·

1876 3551 2227 3614 tribuerent
2261 3570 2273 3610 ε
2309 3570 2502 3629 quare
2534 3571 2658 3612 non
2686 3553 2894 3615 minus
2924 3557 3112 3621 debet
3140 3562 3272 3640 ipse
3301 3565 3417 3625 sol-

1876 3663 2024 3706 vere
2073 3661 2264 3722 quam
2293 3643 2342 3703 si
2375 3643 2580 3706 denuo
2611 3646 2871 3724 singulis
2899 3653 3219 3715 mensibus
3248 3656 3415 3717 idem

1878 3741 2167 3799 mutuum
2197 3736 2532 3814 reciperet,
2566 3743 2676 3800 aut
2715 3759 2902 3819 quam
2949 3744 3002 3802 si
3030 3745 3250 3806 decem
3280 3749 3417 3810 aliis

1880 3829 2143 3908 singulis
2170 3829 2491 3890 mensibus
2522 3831 2811 3891 eamdem
2842 3837 3172 3912 pecuniam
3199 3844 3417 3902 mutuo

1880 3920 2302 4000 accepissent,
2361 3941 2503 3982 cum
2556 3922 2679 3983 illis
2732 3927 3021 3988 omnibus
3072 3949 3232 3992 unus
3285 3932 3418 4012 ipse

1880 4015 2280 4093 aequivaleat.

1964 4106 2172 4168 Tertio
2220 4105 2560 4184 objiciunt,
2620 4109 2766 4187 quia
2813 4130 2888 4171 ex
2935 4112 3056 4174 hoc
3112 4118 3416 4196 sequitur,

1886 4200 2057 4280 quod
2100 4199 2275 4259 dives
2319 4200 2595 4277 privatus
2637 4210 2849 4280 posset
2895 4206 3132 4267 eisdem
3175 4209 3423 4288 legibus

1886 4293 2218 4373 pecuniam
2248 4309 2427 4352 suam
2454 4293 2535 4352 ad
2555 4298 2972 4359 mutuandum
2994 4299 3296 4378 deputare
3313 4324 3425 4384 per

1888 4385 2283 4460 decennium,
2307 4384 2610 4463 exigendo
2631 4388 2932 4451 interesse
2959 4411 2999 4453 a
3023 4393 3283 4473 singulis
3310 4415 3425 4476 pro

1889 4479 2239 4557 sumptibus
2272 4477 2351 4538 ad
2372 4481 2870 4543 conservandam
2898 4487 3228 4561 pecuniam
3256 4488 3428 4551 illam

1891 4570 2282 4634 necessariis,
2346 4573 2745 4651 Consequens
2782 4582 2993 4637 autem
3022 4579 3273 4641 videtur
3323 4583 3429 4645 ab·

1889 4665 2174 4741 surdum,
2209 4663 2354 4743 quia
2381 4669 2667 4742 sumptus
2686 4667 2764 4727 ad
2796 4673 3294 4734 conservandam
3321 4693 3432 4753 pe-

1892 4757 2145 4820 cuniam
2184 4774 2363 4817 suam
2405 4756 2720 4834 pertinent
2762 4761 3076 4840 adipsum
3107 4765 3431 4829 dominum

1892 4850 2199 4933 pecuniae,
2235 4867 2360 4909 non
2389 4849 2469 4908 ad
2500 4854 2939 4916 mutuatarios.
2973 4856 3073 4917 Ad
3096 4857 3214 4918 hoc
3240 4858 3434 4938 aliqui

1894 4942 2195 5024 speciales
2223 4941 2614 5003 conditiones
2659 4944 2954 5023 exigunt,
3007 4952 3075 5009 ut
3101 4949 3277 5011 dives
3303 4952 3430 5030 pri-

1895 5042 2078 5098 vatus
2108 5033 2308 5115 possit
2331 5034 2395 5093 id
2426 5035 2596 5113 quod
2625 5037 2774 5099 facit
2799 5057 3002 5101 mons,
3068 5042 3193 5103 Alii
3219 5048 3433 5106 tamen

1894 5128 2099 5206 magis
2141 5132 2595 5205 consequenter
2649 5131 2938 5192 eamdem
2988 5135 3295 5197 rationem
3339 5137 3435 5198 di·
3461 5124 3483 5143 ⁸

1894 5225 2049 5283 cunt
2074 5220 2136 5281 in
2166 5223 2434 5299 utroque
2462 5238 2612 5281 casu
2640 5240 2775 5283 esse
2799 5268 2816 5301 ,
2858 5227 3050 5304 atque
3078 5227 3238 5289 adeo
3266 5229 3319 5289 si
3348 5229 3436 5291 di-

1895 5334 2007 5377 ves
2021 5331 2168 5374 vere
2195 5311 2530 5392 pecuniam
2545 5332 2725 5375 suam
2754 5315 3015 5396 deputet
3040 5319 3121 5380 ad
3148 5326 3435 5384 mutuan-

1897 5407 2049 5468 dum
2080 5404 2463 5486 pauperibus
2490 5405 2937 5488 indigentibuS,
2958 5415 3019 5474 et
3037 5431 3112 5476 ea
3141 5414 3219 5475 de
3248 5433 3438 5478 causa
