4263 6376
1250 347 1721 411 DISPUTATIO
1765 348 1981 426 XXIX,
2031 348 2306 411 SECTIO
2349 347 2397 408 1.

260 532 317 588 et
343 525 455 586 hoc
499 542 575 585 ex
613 524 1024 603 eleemosynis
1050 523 1128 584 ad
1171 524 1343 603 pium
1373 542 1553 604 opus,
1594 527 1658 585 et
1684 523 1767 584 ad

259 617 733 680 sublevationem
777 617 1072 696 pauperis
1100 618 1374 697 erogatis
1407 637 1421 678 ε
1457 636 1579 696 quo
1611 616 1768 677 nihil
1811 653 1823 659 -

259 709 576 772 absurdius
622 709 961 788 excogitari
1012 714 1248 789 posset,
1309 730 1423 771 nec
1477 715 1766 771 auctores

260 803 463 882 primae
515 802 839 863 sententiae
870 802 931 861 id
978 802 1345 878 concedent,
1379 821 1522 863 cum
1561 802 1776 863 (lIcant

263 899 639 957 contractum
669 895 838 956 hunc
867 914 1002 956 esse
1024 894 1287 973 justum,
1335 897 1482 975 quia
1511 898 1603 956 est
1631 914 1774 956 con·

262 991 481 1050 tractus
504 987 796 1065 fortunae,
833 1007 957 1066 quo
988 991 1251 1068 uterque
1281 989 1457 1049 lucro
1489 992 1550 1049 et
1570 987 1777 1066 jactu-

263 1100 341 1143 rae
369 1080 715 1159 exponitur.
750 1082 818 1142 In
864 1080 985 1142 hoc
1015 1086 1227 1141 autem
1273 1099 1420 1141 casu
1469 1079 1619 1140 nulli
1643 1081 1773 1159 jac-

264 1178 426 1249 turae,
455 1173 567 1233 sed
588 1173 759 1234 lucro
790 1172 1166 1234 exorbitanti
1182 1193 1246 1235 se
1262 1179 1602 1252 exponeret
1633 1191 1771 1234 con·

265 1266 490 1340 ductor,
550 1265 631 1325 ad
693 1266 859 1345 quod
914 1265 1163 1327 titulum
1224 1267 1463 1326 nullum
1511 1268 1617 1345 jus
1671 1266 1776 1325 ha-

264 1359 446 1433 beret,
502 1375 791 1435 suppono
848 1357 1016 1418 enim
1072 1376 1330 1436 operam
1378 1364 1440 1421 et
1494 1359 1775 1419 laborem

265 1468 430 1510 suum
470 1450 668 1511 multo
715 1451 922 1510 minus
971 1450 1204 1510 valere.
1238 1453 1374 1511 Non
1421 1456 1583 1512 esset
1626 1468 1775 1528 ergo

265 1541 571 1620 aequalitas
600 1541 730 1603 dati
773 1546 834 1602 et
867 1542 1111 1621 accepti
1157 1543 1220 1602 in
1251 1542 1360 1602 tali
1400 1546 1723 1604 contractu
1758 1560 1772 1601 :

262 1633 559 1711 acciperet
587 1633 755 1694 enim
785 1634 1129 1695 conductor
1163 1634 1268 1713 jus
1296 1633 1377 1694 ad
1406 1634 1777 1713 exigendam

267 1724 738 1803 eleemosynam,
790 1725 958 1805 quod
997 1726 1103 1804 jus
1132 1726 1369 1787 valeret
1397 1726 1511 1806 ipsi
1559 1727 1778 1788 decem

266 1818 443 1894 mille,
474 1823 538 1879 et
566 1818 749 1879 daret
764 1837 875 1897 pro
892 1818 1012 1879 hoc
1025 1819 1168 1897 jure
1185 1819 1389 1879 solum
1408 1819 1576 1879 mille
1606 1820 1778 1880 nulla

268 1929 506 1988 prorsus
534 1911 892 1990 aequalitate
921 1914 1191 1972 servata.

343 2002 559 2065 Ultimo
592 2003 888 2081 denique,
922 2006 984 2063 et
1010 2022 1050 2063 a
1077 2003 1271 2082 priori
1298 2004 1502 2083 posita
1531 2004 1639 2066 tali
1684 2003 1779 2066 lo-

268 2094 516 2171 catione,
550 2114 678 2156 non
708 2095 955 2155 videtur
981 2095 1200 2155 adesse
1231 2114 1569 2157 consensus
1608 2096 1783 2158 suffi-

267 2187 421 2247 ciens
449 2206 523 2247 ex
569 2192 750 2266 parte
781 2206 1000 2249 eorum
1057 2187 1167 2267 qui
1222 2188 1691 2250 contribuerent
1720 2193 1781 2251 et

271 2281 475 2341 darent
491 2281 955 2358 eleemosynas:
983 2280 1100 2359 ipsi
1124 2279 1293 2339 enim
1321 2281 1524 2342 solum
1561 2282 1780 2345 volunt

269 2377 324 2433 et
348 2372 676 2434 intendunt
703 2373 854 2433 dare
884 2373 1147 2451 pauperi
1194 2376 1263 2433 ut
1286 2372 1616 2435 sublevent
1646 2374 1781 2455 ejus

268 2464 688 2544 indigentiam,
723 2484 847 2526 non
878 2465 1056 2527 alteri
1090 2470 1160 2528 ut
1204 2466 1513 2528 lucretur:
1562 2486 1777 2546 quare,

270 2559 311 2617 si
333 2558 555 2620 scirent
581 2577 708 2620 non
738 2562 1150 2636 perventuras
1175 2577 1310 2619 esse
1353 2558 1783 2641 eleemosynas

271 2651 340 2711 ad
366 2650 709 2712 dominium
733 2651 1049 2730 pauperis,
1083 2650 1194 2711 sed
1217 2649 1293 2709 ad
1337 2651 1604 2713 alterum
1626 2653 1780 2712 divi·

269 2745 381 2801 tem
408 2743 513 2820 qui
542 2761 651 2803 eas
696 2742 995 2820 lucretur,
1047 2743 1217 2804 nullo
1271 2743 1460 2805 modo
1516 2744 1739 2806 darent

269 2835 461 2897 deficit
486 2854 637 2913 ergo
666 2853 1008 2896 consensus
1033 2836 1371 2915 requisitus
1404 2836 1485 2896 ad
1515 2838 1775 2898 transfe-

268 2928 515 2987 rendum
536 2927 888 2989 dominium
917 2928 981 2988 in
1028 2929 1229 3005 illum,
1262 2928 1370 3008 qui
1399 2947 1505 2989 eas
1538 2930 1669 2993 vult
1699 2931 1781 2991 si-

269 3018 325 3079 bi
349 3020 669 3099 acquirere
706 3039 779 3080 ex
801 3020 1081 3082 cessione
1112 3021 1562 3084 antecedenter
1588 3022 1776 3085 facta.

271 3112 469 3172 Solum
486 3131 638 3193 ergo
661 3117 955 3193 poterunt
981 3113 1351 3175 conductori
1379 3115 1616 3195 acquiri
1634 3135 1785 3197 quo-

271 3205 340 3264 ad
366 3225 673 3267 summam
700 3207 1182 3285 aequivalentem
1210 3208 1409 3286 pretio
1458 3227 1569 3287 pro
1620 3210 1783 3270 loca-

272 3296 421 3358 tione
446 3300 672 3370 solut0,
705 3304 769 3360 et
794 3299 1032 3378 aliquid
1091 3299 1259 3361 aliud
1316 3319 1430 3379 pro
1487 3303 1779 3363 mercede

270 3388 481 3452 laboris
508 3391 695 3471 positi
751 3392 816 3453 in
853 3393 943 3452 eis
1000 3392 1321 3471 exigendis
1351 3394 1602 3472 quando
1634 3413 1783 3474 pau-

273 3501 372 3560 per
402 3503 510 3562 per
544 3485 824 3564 seipsum
852 3485 1100 3565 exigere
1121 3504 1248 3546 non
1279 3490 1512 3564 posset.

332 3578 509 3639 [nde
554 3583 820 3655 constat,
855 3597 978 3640 non
1027 3579 1260 3640 habere
1305 3579 1512 3640 locum
1544 3580 1606 3641 in
1662 3582 1783 3643 hoc

275 3687 404 3732 casu
450 3677 841 3735 contractum
895 3673 1185 3749 sonante,
1229 3676 1384 3746 tum,
1447 3674 1594 3753 quia
1638 3694 1782 3737 raro

193 3787 206 3816 r
274 3764 573 3844 continget
600 3765 1051 3825 conductorem
1073 3784 1138 3825 se
1169 3780 1476 3844 exponere
1503 3768 1779 3845 periculo

268 3855 509 3931 jacturae
537 3875 550 3916 :
586 3861 720 3919 tum
743 3858 952 3934 etiam,
979 3857 1126 3936 quia
1156 3875 1230 3918 eo
1260 3858 1395 3935 ipso
1425 3859 1595 3937 quod
1624 3860 1782 3921 elee-

270 3965 527 4026 mosynae
545 3950 852 4011 excedant
880 3950 943 4010 id
975 3950 1144 4028 quod
1174 3949 1389 4012 datum
1423 3957 1515 4011 est
1543 3970 1781 4031 paupe-

273 4041 320 4100 ri
354 4061 458 4120 pro
486 4043 1051 4123 pretiolocationis,
1084 4043 1304 4123 incipit
1329 4043 1408 4104 ad
1441 4044 1781 4125 eleemosy-

272 4153 370 4195 nas
396 4136 843 4215 subsequentes
872 4136 1140 4197 deficere
1170 4155 1509 4198 consensus
1536 4157 1609 4198 ex
1639 4159 1778 4219 par-

274 4232 325 4287 te
347 4228 644 4305 dantium,
707 4229 810 4308 qui
868 4229 1109 4305 nolunt,
1157 4233 1227 4290 ut
1276 4230 1569 4307 diximuS,
1626 4231 1777 4293 dare

272 4319 370 4380 nisi
398 4322 475 4382 ad
500 4321 955 4383 sublevandam
987 4322 1396 4400 indigcntiam
1429 4322 1591 4384 illius
1621 4343 1779 4404 pau-x

268 4413 415 4490 peris
464 4434 576 4494 pro
626 4433 751 4494 quo
798 4418 1099 4494 petuntur
1131 4434 1143 4475 :
1190 4432 1334 4475 cum
1388 4418 1598 4476 autem
1651 4434 1776 4478 non

270 4506 636 4586 accipiantur
655 4509 790 4587 jam
821 4508 901 4567 ad
919 4526 1065 4567 eum
1092 4506 1309 4585 finem,
1343 4509 1455 4569 sed
1481 4514 1550 4570 ut
1567 4528 1774 4572 rema-

271 4604 440 4662 neant
463 4602 630 4681 apud
661 4602 1130 4677 conductorem,
1165 4608 1236 4662 ut
1271 4601 1517 4663 lucrum
1561 4622 1632 4664 ex
1663 4623 1776 4683 pa-

271 4694 358 4751 cto
375 4694 770 4772 praecedenti,
805 4699 1009 4755 cessat
1035 4693 1175 4754 finis
1203 4694 1579 4757 intrinsecus
1608 4697 1771 4758 elee-

270 4801 545 4864 mosynae,
578 4791 640 4849 et
668 4787 1060 4865 accipiuntur
1100 4804 1214 4865 per
1249 4786 1463 4848 dolum
1493 4792 1555 4850 et
1610 4789 1774 4851 frau-

271 4875 397 4937 dem
437 4879 688 4942 dantem
718 4897 972 4940 c-ausam
1000 4879 1343 4957 donationi,
1378 4885 1439 4942 et
1490 4901 1604 4961 per
1632 4901 1775 4943 con·

270 4986 513 5049 sequens
571 4976 856 5033 remanet
910 4972 1207 5050 obligatio
1262 4975 1652 5052 restituendi,
1707 4979 1776 5038 ut

271 5060 493 5127 dicebat
517 5064 795 5127 secunda
814 5065 1144 5126 sententia.
1558 5117 1567 5122 ,

340 5157 543 5228 Quoad
574 5158 969 5220 durationem
1009 5161 1242 5234 autem,
1268 5164 1332 5220 et
1378 5158 1772 5223 indissolubi-

268 5245 478 5310 litatem
535 5251 863 5313 locationis
919 5253 981 5311 et
1034 5250 1494 5329 conductioniS,
1530 5259 1771 5316 eertum

3285 334 3397 395 441

1871 523 2071 584 donec
2098 524 2217 586 sibi
2247 524 2567 586 solvantur
2596 534 2885 599 expensae
2914 515 2979 576 in
3006 532 3081 575 ea
3094 531 3163 575 re
3193 512 3400 586 factae,

1871 635 2026 695 quas
2055 617 2349 679 dominus
2372 616 2614 677 solvere
2644 612 2833 673 debet
2870 608 3053 689 juxta
3098 606 3262 666 infra
3314 603 3404 663 di-

1872 710 2109 770 cenda:
2186 710 2286 770 vel
2315 708 2433 768 nisi
2480 705 2824 768 conductor
2879 699 3130 762 interim
3188 697 3400 777 aliquo

1872 821 2033 864 novo
2063 802 2230 864 claro
2258 801 2438 863 titulo
2481 797 2829 860 dominium
2877 793 2969 854 rei
3022 793 3242 853 locatae
3302 808 3407 849 ac-

1873 895 2175 974 quisierit.
2205 898 2332 955 Nec
2362 898 2456 956 est
2501 888 2936 955 universaliter
2964 903 3183 946 verum
3235 881 3406 963 quod

1873 987 2217 1049 conductor
2236 987 2483 1062 debeat,
2510 985 2562 1045 si
2583 983 2754 1059 velit,
2776 978 3003 1060 aequali
3033 977 3234 1057 pretio
3252 994 3408 1054 pree-

1872 1079 2018 1139 ferri
2047 1079 2306 1142 cuilibet
2324 1096 2486 1140 novo
2518 1072 2909 1150 conductori,
2950 1074 3020 1132 ut
3047 1072 3294 1132 constat
3324 1087 3399 1128 ex

1873 1174 1913 1234 l.
1946 1172 2041 1233 Ne
2065 1172 2180 1249 cui,
2214 1175 2280 1233 C.
2307 1170 2377 1232 de
2399 1171 2587 1231 locato
2610 1169 2780 1243 ;licet
2805 1167 2866 1227 in
2899 1163 3216 1244 aliquibus
3250 1161 3406 1221 locis

1874 1283 2159 1344 personae
2198 1265 2448 1344 aliquae,
2481 1267 2551 1324 ut
2604 1258 2959 1322 scholastici
3018 1262 3081 1318 et
3122 1252 3406 1333 magistri

1871 1358 1977 1419 illo
2007 1357 2332 1437 privilegio
2354 1356 2711 1436 gaudeant:
2747 1353 2825 1412 de
2853 1351 2994 1430 jure
3024 1349 3215 1410 etiam
3239 1364 3409 1407 com—

1874 1451 2045 1511 muni
2070 1450 2418 1511 conductor
2447 1447 2668 1528 praedii
2709 1442 3082 1514 communis,
3133 1444 3242 1502 aut
3269 1437 3403 1499 fisci

1874 1544 2203 1623 praefertur
2239 1542 2459 1622 aequali
2494 1540 2690 1620 pretio
2722 1537 2980 1599 cuilibet
3024 1533 3205 1596 alteri
3239 1549 3403 1592 novo

1877 1636 2245 1698 conductori
2274 1655 2349 1696 ex
2403 1634 2542 1713 lege
2572 1631 2940 1713 penultima,
2974 1632 3036 1690 et
3090 1625 3292 1688 ultim.
3338 1626 3405 1686 C.

1876 1728 1946 1791 de
1974 1726 2341 1811 locat.proed.
2373 1726 2527 1788 civil.
2562 1725 2668 1786 lib.
2704 1741 2787 1787 xi.
2813 1724 2891 1783 de
2922 1721 3057 1782 aliis
3085 1737 3233 1779 vero
3263 1736 3414 1789 con-

1877 1821 2154 1883 sulendae
2197 1825 2342 1881 sunt
2366 1821 2536 1899 leges
2564 1816 2972 1897 particulares
3020 1812 3410 1891 singulorum

1876 1916 2183 1976 locorum.

1958 2006 2289 2068 Dubitatur
2317 2005 2542 2084 primo,
2594 2021 2673 2063 an
2703 2001 2878 2063 finito
2906 2002 3190 2078 tempore
3245 1995 3411 2075 prio·
3563 2004 3641 2064 ιο

1878 2101 1964 2160 ris
1991 2099 2338 2174 locationis,
2398 2099 2728 2158 censeatur
2756 2091 3081 2174 prorogari
3115 2095 3178 2153 et
3207 2088 3409 2151 conti·
3528 2129 3696 2181 Qum

1880 2193 2059 2254 nuari
2088 2194 2466 2267 contractuS,
2492 2190 2544 2249 si
2572 2189 2806 2249 sciente
2836 2190 2899 2247 et
2943 2185 3218 2263 patiente
3246 2182 3412 2243 loca·
3496 2186 3729 2292 {mg-

1879 2291 2036 2359 tore,
2071 2283 2413 2346 conductor
2442 2283 2802 2360 perseveret
2841 2279 2904 2338 in
2956 2297 3025 2339 re
3074 2275 3408 2338 eonducta.

1880 2376 2318 2457 Respondetur
2372 2374 2745 2435 affirmative
2773 2392 2786 2434 :
2837 2372 2925 2432 ita
2979 2373 3192 2431 tamen
3240 2371 3310 2429 ut
3362 2366 3414 2426 si

1880 2471 2188 2550 praedium
2234 2472 2370 2529 erat
2424 2468 2775 2541 urbanum,
2824 2465 3153 2525 censeatur
3210 2460 3413 2521 solum

1882 2566 2276 2644 prorogatu5‚
2315 2561 2516 2622 donec
2561 2560 2719 2620 alter
2776 2576 2851 2619 ex
2898 2553 3416 2618 contrahentibus

1883 2655 2207 2717 discedere
2235 2655 2385 2716 velit
2406 2653 2495 2714 :si
2524 2670 2672 2713 vero
2704 2654 2839 2712 erat
2865 2648 3192 2723 rusticum,
3230 2645 3293 2706 in
3324 2649 3415 2707 to-

1882 2755 2015 2811 tum
2071 2752 2136 2810 et
2187 2766 2382 2808 unum
2437 2746 2638 2806 solum
2710 2761 2944 2804 annum
3018 2742 3410 2820 sequentem,

1883 2842 2122 2905 etiamsi
2154 2841 2329 2921 prior
2349 2839 2576 2901 locatio
2606 2837 2825 2899 fuisset
2851 2835 2933 2896 ad
2965 2835 3124 2895 duos
3156 2832 3255 2893 vel
3286 2831 3420 2910 plu·

1880 2955 1982 2997 res
1998 2952 2216 3010 annos,
2252 2952 2327 2994 ex
2354 2932 2396 2993 l.
2432 2931 2577 2992 Item
2604 2930 2913 3012 quaeritur,
2946 2929 3001 3007 ἓ.
3027 2924 3141 3001 Qua·
3156 2923 3410 3006 impleto,

1874 3028 2096 3109 juncta
2121 3027 2261 3105 lege
2290 3024 2598 3105 sequenti,
2634 3024 2697 3085 ff.
2730 3022 2924 3082 locati.
2969 3018 3148 3092 Quod
3202 3022 3414 3079 tamen

1884 3140 2006 3181 non
2039 3117 2324 3199 procedit
2350 3118 2403 3178 si
2437 3118 2678 3178 locator
2733 3113 3076 3191 nesciebat,
3126 3114 3197 3173 ut
3244 3110 3297 3171 si
3350 3110 3415 3170 in

1881 3214 2222 3276 amentiam
2263 3212 2605 3286 incidisset,
2644 3210 2742 3270 vel
2772 3207 3057 3283 obiisset,
3080 3204 3196 3267 nisi
3253 3205 3414 3266 forte

1882 3308 2018 3389 ejus
2042 3306 2324 3368 haeredes
2378 3305 2611 3366 scirent
2656 3307 2721 3364 et
2762 3304 3149 3381 paterentur.
3211 3297 3418 3359 Habet

1883 3401 2322 3462 tamenlocum
2352 3398 2487 3460 haec
2519 3396 2706 3458 tacita
2733 3393 3098 3475 prorogatio
3132 3392 3321 3452 etiam
3350 3390 3414 3450 in

1880 3493 2134 3572 praediis
2190 3489 2678 3566 communitatis,
2714 3492 2776 3549 et
2804 3486 3106 3562 ecclesiae,
3151 3483 3202 3544 si
3248 3482 3414 3545 adsit

1882 3585 2143 3647 scientia
2173 3587 2236 3645 et
2262 3583 2566 3662 patientia
2586 3599 2808 3642 eorum
2855 3579 2935 3640 ad
2959 3596 3116 3658 quos
3144 3577 3418 3655 pertinet

1882 3678 2322 3739 administrare
2352 3680 2414 3738 et
2467 3676 2674 3736 locare
2722 3671 3033 3752 ejusmodi
3059 3670 3248 3730 bona.
3282 3670 3411 3729 Imo

1880 3778 1943 3834 et
1966 3773 2176 3833 locum
2207 3770 2438 3830 habere
2467 3771 2674 3847 potest
2726 3767 2787 3826 in
2827 3764 3015 3825 rebus
3045 3761 3409 3837 mobilibus,
3509 3806 3522 3816 .

1876 3866 2024 3927 licet
2049 3864 2157 3925 alii
2198 3863 2260 3923 id
2290 3864 2540 3941 negent,
2574 3864 2644 3920 ut
2671 3858 2910 3920 notavit
2963 3855 3194 3918 Molina
3243 3853 3407 3932 disp.

1878 3961 2017 4021 498.
2052 3977 2114 4017 n.
2143 3960 2240 4017 15.
2265 3954 2633 4033 intelligitur
2661 3955 2875 4012 autem
2912 3950 3078 4011 facta
3106 3963 3414 4026 proroga-

1879 4052 1963 4113 tio
1993 4050 2218 4111 eodem
2264 4049 2487 4128 preti0,
2523 4051 2584 4107 et
2611 4063 2754 4107 cum
2811 4043 3048 4104 eisdem
3087 4039 3407 4116 oneribuS,

1877 4143 2236 4222 hypotheca
2257 4146 2320 4204 et
2339 4135 2623 4222 pignore,
2649 4156 2773 4199 non
2791 4141 3002 4198 tamen
3023 4152 3169 4195 cum
3186 4132 3412 4194 eodem

1877 4236 2267 4315 fidejussore,
2300 4234 2416 4294 nisi
2464 4237 2529 4294 et
2583 4233 2715 4311 ipse
2769 4230 3106 4309 fidejussor
3152 4244 3410 4287 consen·

1876 4330 2011 4391 tiat.
2038 4331 2126 4389 Ex
2157 4328 2326 4390 dicta
2372 4328 2510 4407 lege
2541 4325 2687 4386 Item
2730 4323 3041 4406 quoetitur,
3073 4320 3141 4382 ff.
3206 4318 3404 4397 locati,

1876 4427 1939 4484 et
1965 4441 2040 4482 ex
2066 4422 2107 4482 1.
2144 4420 2378 4501 Leqem‚
2412 4423 2477 4483 C.
2510 4418 2705 4481 eodem
2733 4417 2922 4480 titula

1953 4515 2228 4576 Adverte
2258 4514 2483 4593 primo,
2531 4513 2677 4574 licet
2718 4512 2780 4572 in
2822 4511 3023 4590 primo
3081 4508 3407 4569 contractu
3556 4519 3625 4579 ss

1871 4607 2202 4671 locationis
2224 4607 2666 4670 contrahentes
2679 4603 2994 4666 noluerint
3015 4605 3404 4664 contractum
3487 4645 3552 4688 A„
3580 4645 3726 4689 “hm

1870 4701 2090 4781 perfici
2144 4705 2289 4762 ante
2343 4700 2693 4762 confectam
2736 4697 3112 4775 scripturam
3132 4740 3149 4771 ,
3215 4708 3407 4771 quam
3494 4700 3698 4807 Ιἰἔιιιριζιιιἠιξ-ιι

1872 4798 2091 4872 postea
2122 4793 2530 4853 confecerunt
2561 4812 2577 4864 ;
2612 4793 2928 4853 transacto
2985 4793 3199 4849 tamen
3255 4788 3410 4846 tem-
3697 4784 3709 4797 ‘

1872 4904 2046 4964 pore,
2084 4886 2327 4945 censeri
2356 4887 2765 4963 prorogatum
2795 4884 3185 4943 contractum
3216 4876 3406 4938 etiam

1873 4980 2005 5039 sine
2044 4979 2168 5040 alia
2195 4979 2543 5058 scriptura;
2577 4975 2726 5057 quia
2781 4991 3126 5036 consensus
3177 4969 3405 5033 tacitus

1872 5071 2074 5150 potuit
2099 5070 2394 5150 supplere
2416 5070 2732 5131 defectum
2773 5067 3125 5146 scripturae,
3161 5067 3230 5124 ut
3259 5079 3403 5123 cum

1873 5164 2171 5243 Gregorio
2200 5166 2405 5243 Lopez
2434 5162 2623 5224 sentit
2646 5159 2879 5223 Melina
2909 5158 3013 5218 ubi
3062 5174 3252 5237 supra
3290 5175 3397 5216 nu.

1874 5261 1968 5319 13.
2031 5258 2320 5338 quamvis
2375 5256 2478 5317 alii
2524 5253 2703 5315 multi
2747 5251 3129 5314 contrarium
3191 5267 3404 5309 sense-

271 5344 369 5415 est,
409 5342 576 5405 finito
607 5343 931 5406 locationis
976 5347 1280 5422 tempore,
1315 5345 1767 5408 restituendam
1870 5349 2016 5411 rint.

270 5449 386 5493 esse
401 5435 649 5498 locatori
678 5456 811 5498 rem
830 5436 1263 5513 locatam,sive
1299 5437 1548 5500 mobilis
1575 5440 1657 5501 sit
1685 5440 1768 5501 si-

1945 5442 2220 5505 Adverte
2277 5442 2574 5518 secundo,
2629 5441 2682 5501 si
2736 5438 3043 5520 praedium
3096 5437 3400 5498 rusticum

268 5541 332 5584 ve
356 5525 696 5607 immobilis,
744 5530 861 5590 nisi
904 5531 1249 5591 conductor
1302 5549 1442 5592 eam
1498 5533 1765 5596 retineat
1864 5553 1989 5597 non
2031 5536 2191 5599 ferat
2218 5537 2475 5613 fructus,
2512 5534 2630 5596 nisi
2657 5532 3226 5614 singulisbienniis,
3254 5548 3401 5610 pro-
