4263 6376
1163 327 1633 389 DISPUTATIO
1680 328 1949 402 XXVlll,
1999 328 2274 389 SEc'rlo
2318 329 2392 390 11.

228 503 439 582 obligat
463 503 541 563 ad
587 503 754 564 illam
810 522 933 563 non
989 502 1468 581 expendendam
1513 504 1578 564 in
1608 521 1720 564 suo

228 596 474 656 dominio
501 643 516 671 ‚
563 615 684 656 non
712 601 972 676 apparet
1000 596 1315 676 quomodo
1354 597 1585 658 habeat
1610 616 1715 657 va-

227 690 399 750 lorem
444 690 741 768 legalem,
800 695 864 751 et
908 708 1021 769 per
1066 707 1455 769 consequens
1485 709 1608 750 non
1638 689 1723 749 vi-

229 783 390 844 detur
439 802 569 842 esse
616 803 755 844 vera
813 788 1069 844 moneta
1113 783 1223 842 sed
1257 784 1424 845 ficta.
1459 786 1633 852 Item,
1672 782 1726 842 si

229 882 310 935 est
333 874 486 935 bona
538 881 787 937 moneta
844 876 950 935 illa
1005 879 1067 936 et
1116 876 1314 951 utilis,
1362 894 1474 936 cur
1519 874 1725 954 prohi-

229 969 390 1028 betur
414 987 556 1047 erga
584 969 868 1029 subditos
894 968 923 1028 ?
977 968 1044 1028 Si
1089 987 1212 1029 non
1254 973 1347 1030 est
1374 969 1542 1029 bona
1565 1015 1580 1045 ,
1616 985 1728 1028 cur

230 1060 450 1121 cuditur
473 1078 582 1139 pro
613 1079 736 1121 non
766 1061 1032 1122 subditis
1055 1062 1085 1120 ⁴?
1113 1078 1235 1121 non
1266 1062 1550 1139 procedit
1577 1078 1727 1139 ergo

230 1153 515 1213 bonafide
545 1153 832 1231 princeps
875 1153 926 1213 si
975 1154 1162 1214 talem
1210 1153 1525 1215 licentiam
1576 1172 1726 1214 con·

230 1245 391 1306 cedit.

298 1339 420 1399 Dixi
446 1345 649 1400 tamen
675 1385 691 1415 ,
723 1337 1078 1417 requlariter
1104 1338 1312 1401 illicite
1342 1340 1604 1401 concedi
1630 1343 1727 1401 ta·

227 1433 333 1492 lem
357 1432 661 1493 licentiam
707 1452 720 1493 :
769 1432 917 1511 quia
946 1451 1068 1493 non
1099 1433 1343 1510 agimus
1371 1433 1559 1494 modo
1584 1479 1599 1509 ‚
1649 1452 1731 1494 an

232 1527 497 1587 existente
525 1525 687 1585 bello
711 1523 880 1602 justo
910 1529 1131 1586 contra
1157 1528 1415 1601 Turca5‚
1449 1527 1549 1587 vel
1576 1525 1732 1587 alios

232 1618 414 1679 hostes
434 1664 450 1693 ‚
479 1618 694 1678 liceret
727 1637 803 1678 ea
829 1624 1083 1679 moneta
1112 1620 1201 1681 uti
1231 1619 1313 1679 ad
1341 1638 1449 1680 eos
1477 1620 1732 1681 fraudu-

231 1712 406 1772 lenter
444 1711 801 1789 spoliandos
843 1712 970 1771 suis
1015 1712 1196 1773 bouis
1224 1712 1340 1772 sub
1370 1714 1575 1791 specie
1604 1732 1735 1774 mo-

234 1811 370 1865 netae
398 1804 528 1881 plus
554 1803 838 1865 valentis,
900 1805 1080 1876 Quod
1123 1805 1409 1884 quamvis
1454 1825 1530 1865 ex
1560 1810 1735 1885 parte

233 1897 496 1977 principis
512 1896 749 1972 liceret,
782 1897 980 1958 multa
1017 1902 1226 1958 tamen
1258 1898 1561 1960 deberent
1587 1917 1737 1960 con-

233 2008 453 2050 currere
474 2034 490 2065 ,
530 1996 599 2051 ut
625 1993 1010 2051 mercatores
1044 1990 1320 2053 volentes
1348 2009 1490 2052 cum
1519 1991 1737 2053 Turcis

234 2083 568 2145 contrahere
599 2082 663 2143 id
698 2083 863 2145 licite
893 2084 1098 2144 facere
1130 2088 1404 2162 possent,
1438 2084 1583 2144 data
1611 2084 1736 2144 fide

234 2178 369 2236 benc
394 2181 454 2237 et
476 2176 744 2236 fideliter
771 2176 1187 2237 contrahendi
1216 2196 1230 2235 τ
1264 2195 1405 2254 quae
1432 2182 1640 2238 tamen
1672 2178 1736 2238 in

236 2289 362 2330 casu
388 2269 669 2347 praesenti
701 2288 822 2330 non
869 2275 1271 2331 concurrunt.

303 2362 562 2439 Septimo
602 2361 871 2422 dubitari
907 2362 1065 2422 solet
1093 2361 1171 2421 de
1198 2362 1466 2437 famulo,
1501 2362 1607 2442 qui
1634 2382 1739 2442 pe-

238 2454 425 2515 cunias
449 2473 673 2514 aureas
701 2473 737 2513 a
765 2453 1021 2515 domino
1064 2454 1311 2531 accepit
1366 2454 1448 2515 ad
1496 2455 1737 2516 solven-

183 2574 194 2584 ·
238 2547 366 2607 dum
408 2546 699 2608 creditori
754 2546 1035 2625 eiusdem
1092 2546 1365 2611 domini.
1410 2566 1487 2606 an
1545 2548 1742 2626 possit

185 2628 199 2638 ’
239 2645 561 2718 permutare
591 2657 883 2700 nummos
912 2638 1048 2700 illos
1078 2657 1301 2700 aureos
1341 2657 1484 2699 cum
1515 2659 1719 2718 argen-

186 2736 202 2798 1
240 2734 336 2793 teis
361 2750 493 2792 cum
520 2731 699 2792 lucro
720 2778 736 2807 ,
782 2736 843 2792 et
881 2731 1121 2791 solvere
1152 2731 1447 2793 creditori
1475 2732 1742 2811 pecunia

239 2830 504 2903 argentea
530 2829 774 2886 retento
817 2825 936 2884 sibi
972 2825 1190 2885 lucro?
1243 2825 1479 2886 Eadem
1530 2831 1742 2886 autem

238 2924 316 2978 est
340 2917 585 2996 quaestio
615 2916 695 2977 de
725 2935 798 2978 eo
845 2916 943 2977 cui
988 2916 1278 2978 dominus
1306 2918 1605 2995 pecunias
1633 2937 1742 2979 au·

238 3028 356 3070 reas
381 3009 542 3071 dedit
573 3013 641 3070 ut
671 3010 728 3069 ci
758 3010 1030 3070 triticum
1051 3015 1308 3086 emeret,
1329 3015 1392 3070 et
1419 3011 1550 3089 ipse
1571 3011 1742 3090 prius

237 3108 548 3163 commutat
573 3121 720 3163 eum
747 3103 1084 3180 argenteis,
1118 3102 1344 3182 quibus
1373 3108 1588 3181 postea
1617 3122 1742 3164 non

236 3196 413 3256 carius
438 3196 711 3257 triticum
741 3195 910 3257 emit.
944 3196 1100 3256 ltem
1129 3195 1207 3256 de
1236 3195 1613 3273 depositario
1641 3197 1745 3258 vel

238 3289 484 3350 ministro
513 3289 764 3368 publico
790 3334 806 3364 ,
853 3288 954 3348 vel
981 3289 1224 3368 privato
1256 3289 1521 3366 pecunia
1550 3289 1739 3367 regiS,

238 3381 320 3440 rel
345 3381 590 3456 domini,
610 3386 723 3443 aut
745 3381 961 3460 pupilli
992 3380 1372 3458 recipienti8‚
1400 3400 1557 3460 quas
1578 3400 1744 3443 com-

238 3479 412 3535 mutat
447 3494 555 3554 pro
586 3474 727 3534 aliis
757 3491 902 3534 cum
927 3474 1101 3533 lucro
1122 3520 1137 3549 ,
1172 3478 1237 3534 et
1265 3478 1483 3551 postea
1512 3475 1739 3551 reddit,

240 3566 319 3625 vel
370 3567 659 3645 expendit
700 3565 855 3626 alias
899 3565 1148 3627 nomine
1191 3566 1596 3644 deponentiS,
1648 3567 1744 3628 vel

239 3659 448 3720 domini
473 3661 606 3720 sine
639 3676 859 3720 eorum
887 3658 1238 3736 dispendio.

305 3754 362 3812 ln
384 3771 498 3832 quo
529 3759 761 3833 puncto
782 3752 994 3830 aliqua
1021 3757 1168 3813 sunt
1195 3752 1258 3812 in
1282 3753 1507 3832 quibus
1530 3754 1745 3816 docto·

238 3863 321 3904 res
347 3846 738 3906 conveniunt.

328 3939 591 3998 Primum
641 3943 761 4014 est,
807 3937 859 3997 si
907 3936 957 3996 is
1003 3937 1274 3996 famulus
1316 3939 1415 3999 vel
1461 3940 1746 4002 minister

238 4035 359 4108 post
392 4031 634 4091 lucrum
686 4034 1028 4108 receptum,
1075 4029 1229 4090 alias
1278 4032 1576 4108 pecunias
1629 4051 1743 4093 au-

238 4140 377 4199 reas,
407 4143 463 4184 v.
498 4144 560 4203 g.
594 4123 833 4184 similes
864 4121 1180 4200 prioribus
1222 4123 1536 4201 inveniat,
1589 4143 1746 4203 quas

238 4213 355 4276 loco
390 4217 669 4296 priorum
719 4215 977 4290 reddat,
1039 4214 1140 4274 vel
1185 4215 1388 4277 solvat
1415 4216 1492 4276 iis
1518 4217 1747 4296 quibus

237 4308 449 4384 priores
464 4309 692 4370 dandae
715 4312 912 4383 erant,
933 4308 1014 4368 ad
1045 4307 1197 4367 nihil
1223 4309 1491 4388 amplius
1520 4310 1761 4387 teneri,-

238 4402 366 4479 quia
390 4408 583 4465 totum
615 4403 769 4463 illud
798 4403 970 4481 prius
996 4401 1238 4462 lucrum
1268 4401 1384 4464 fuit
1410 4402 1646 4465 fructus
1660 4403 1749 4464 in-

238 4493 502 4572 dustriae,
548 4497 639 4558 ita
684 4495 896 4557 Molin.
930 4494 1090 4573 disp.
1123 4497 1262 4556 402.
1297 4495 1497 4558 concl.
1533 4499 1588 4557 1.
1641 4496 1744 4576 qui

238 4585 375 4647 bene
404 4589 706 4663 advertit,
749 4588 813 4648 id
842 4586 1103 4664 intelligi
1132 4587 1384 4666 quando
1415 4588 1622 4649 reddit
1648 4589 1747 4649 vel

239 4682 538 4759 exequitur
585 4699 721 4741 rem
769 4679 1167 4740 commissam
1197 4680 1408 4741 debito
1438 4685 1743 4758 tempore,

239 4771 384 4833 idem
427 4774 609 4836 docet
651 4774 941 4835 Rebellus
983 4774 1058 4834 Il.
1092 4777 1252 4851 part.
1297 4771 1367 4833 de
1392 4772 1568 4852 obliq.
1588 4774 1743 4854 just.

239 4865 330 4925 lib.
361 4884 440 4928 xl.
475 4887 535 4948 q.
574 4872 671 4929 10.
706 4866 882 4928 Salas
911 4866 973 4925 in
1003 4865 1295 4942 praesenti
1323 4866 1472 4925 dub.
1508 4882 1619 4926 vn.
1684 4866 1747 4928 Si

241 4965 424 5019 autem
478 4981 553 5021 ex
602 4978 777 5021 mora
822 4960 919 5019 vel
962 4957 1259 5018 dilatione
1301 4957 1406 5018 illa
1449 4958 1751 5019 damnum

240 5051 467 5130 aliquod
496 5058 904 5115 consecutum
934 5055 1027 5112 est
1046 5051 1247 5126 alteri,
1273 5051 1337 5110 id
1351 5055 1551 5112 totum
1580 5070 1753 5112 com-

244 5162 464 5220 pensari
494 5147 706 5222 dehet,
740 5145 886 5224 quia
913 5163 1035 5205 non
1066 5144 1297 5223 poteris
1325 5161 1468 5204 cum
1497 5144 1752 5205 alterius

246 5237 581 5316 praejudicio
614 5239 770 5299 velle
801 5237 1007 5298 ditari.

315 5332 587 5393 Secundo
613 5378 631 5407 ,
690 5331 741 5390 si
781 5330 1073 5391 dominus
1101 5327 1298 5390 voluit
1339 5328 1751 5390 determinate

247 5423 393 5499 quod
434 5424 535 5486 illa
572 5425 813 5504 species
840 5421 1123 5503 pecnnioe
1151 5421 1442 5483 creditori
1470 5421 1747 5498 daretur,

247 5515 331 5575 cui
356 5517 606 5580 fortusse
642 5517 996 5596 gratificare
1028 5514 1311 5590 volebat,
1364 5515 1462 5575 vel
1491 5532 1631 5574 eam
1659 5514 1750 5574 lu-

3238 334 3351 394 397

1821 504 2041 565 orandi
2062 504 2454 567 occasionem
2483 507 2658 583 dare,
2702 526 2826 568 non
2854 511 3061 587 potest
3086 508 3357 570 famulus

1822 597 2008 657 aliam
2036 598 2307 676 speciem
2339 600 2620 677 pecunite
2649 600 2822 661 dare.
2868 603 3143 662 Tenetur
3168 602 3358 662 etiam

1823 690 2114 752 creditori
2143 692 2471 753 restituere
2501 692 2564 753 id
2605 693 2774 773 quod
2803 694 3077 755 creditor
3105 695 3236 773 ipse
3262 694 3359 754 lu-

1822 786 2110 843 craturus
2141 787 2333 858 esset,
2367 784 2415 844 si
2447 790 2765 845 monetam
2795 804 3053 846 auream
3081 787 3361 866 accepis-

1824 878 1948 944 set;
1982 875 2033 934 si
2062 881 2272 937 autem
2303 876 2457 936 nihil
2486 877 2837 940 lucraturus
2884 883 3020 939 erat
3059 880 3231 940 nulla
3267 883 3362 941 est

1826 967 2124 1045 obligatio
2159 969 2566 1043 restituendi,
2618 988 2762 1031 cum
2791 971 3032 1032 nullum
3061 972 3360 1032 damnum

1826 1078 2046 1138 passus
2076 1060 2282 1123 fuerit.
2314 1064 2384 1122 ln
2416 1062 2537 1123 hoc
2566 1062 2758 1124 etiam
2800 1064 3178 1126 conveniunt
3204 1082 3366 1145 prae-

1827 1152 1976 1214 dicti
2004 1159 2311 1214 auctores,

1906 1247 2139 1322 Tertio,
2158 1247 2211 1306 si
2241 1247 2531 1308 dominus
2560 1249 2665 1327 qui
2695 1250 3026 1327 pecuniam
3056 1249 3248 1326 dedit,
3278 1250 3366 1311 ita

1828 1339 1908 1400 sit
1933 1340 2214 1415 affectuS,
2247 1344 2318 1401 ut
2346 1359 2470 1401 non
2500 1346 2749 1402 curaret
2767 1343 2936 1421 quod
2970 1343 3244 1403 creditor
3272 1347 3365 1403 ta-

1828 1432 1952 1492 lem
1982 1431 2255 1509 speciem
2284 1433 2565 1511 pecuniae
2590 1434 2933 1513 reciperet,
2986 1435 3136 1495 dum
3166 1434 3220 1494 ei
3250 1452 3365 1514 pro
3391 1502 3398 1515 Ι

1832 1544 1943 1586 suo
1975 1524 2587 1601 debito‘satisfieret,
2638 1527 2803 1587 licite
2855 1530 3059 1606 potest
3096 1526 3367 1587 famulus

1830 1621 2031 1683 totum
2086 1618 2239 1678 illud
2284 1619 2526 1679 lucrum
2553 1618 2669 1678 sibi
2696 1620 2966 1682 retinere
2987 1667 3002 1696 ,
3036 1624 3101 1681 et
3124 1620 3270 1681 Mol.
3305 1623 3369 1680 et

1834 1711 2011 1771 Salas
2039 1710 2148 1770 ubi
2176 1729 2387 1790 supra,
2416 1716 2479 1772 et
2503 1711 2751 1772 Lessius
2777 1729 2833 1772 c.
2871 1713 3081 1774 xxlll.
3117 1712 3268 1772 dub.
3293 1728 3362 1772 11.

1834 1821 1896 1864 n.
1933 1806 2028 1864 18.
2083 1804 2262 1864 Ratio
2294 1808 2388 1864 est
2415 1803 2638 1864 eadem
2661 1850 2676 1879 ,
2712 1805 2859 1882 quia
2886 1804 2988 1864 ille
3013 1810 3108 1866 est
3131 1804 3369 1866 fructus

1834 1896 2198 1966 industriae;
2247 1901 2309 1957 et
2335 1896 2495 1959 sicut
2541 1897 2642 1957 fur
2671 1897 2774 1975 qui
2804 1898 3009 1958 aliena
3036 1904 3099 1960 et
3142 1898 3371 1959 furtiva

1835 1989 2101 2067 pecunia
2131 1988 2487 2066 negotiatur
2528 1994 2590 2050 et
2633 1990 2944 2066 lucratur,
3003 1995 3208 2068 potest
3251 1990 3369 2051 sibi

1834 2081 2109 2142 fructum
2140 2080 2411 2141 retinere
2433 2127 2447 2156 ,
2497 2100 2614 2142 nec
2640 2086 2887 2143 tenetur
2914 2082 3167 2143 domino
3196 2083 3372 2144 resti-

1835 2178 2034 2247 tuere,
2068 2172 2183 2232 nisi
2214 2172 2347 2251 ipse
2379 2173 2732 2234 lucraturus
2761 2175 2949 2236 etiam
2969 2174 3135 2253 juste
3164 2180 3367 2248 esset:

1836 2265 1925 2326 sic
1955 2283 1992 2325 a
2021 2264 2258 2326 fortiori
2289 2265 2579 2343 famuluS,
2630 2266 2728 2326 vel
2758 2267 3171 2346 depositarius
3195 2314 3210 2344 ,
3263 2271 3375 2330 aut

1837 2358 1942 2419 alii
1970 2362 2262 2437 poterunt
2287 2359 2556 2420 retinere
2584 2359 2704 2421 sibi
2730 2360 3011 2434 lucrum,
3064 2362 3233 2440 quod
3278 2365 3375 2423 est

1835 2452 2073 2513 fructus
2101 2451 2446 2513 industriae.

1918 2544 2119 2619 Dices»,
2145 2543 2197 2603 si
2217 2543 2487 2605 famulus
2508 2543 2719 2623 jussus
2746 2564 2783 2605 a
2812 2544 3066 2606 domino
3095 2546 3369 2608 vendere

1838 2655 1972 2698 rem
2001 2654 2115 2715 pro
2146 2636 2396 2712 decem,
2432 2637 2664 2699 vendat
2695 2656 2807 2716 pro
2836 2636 3167 2699 duodecim
3193 2686 3208 2714 ,
3242 2658 3367 2700 non

1839 2732 2043 2809 potest
2058 2728 2164 2788 illa
2181 2729 2305 2789 duo
2335 2729 2451 2789 sibi
2479 2729 2784 2801 retinere;
2819 2748 2967 2808 ergo
2996 2732 3368 2792 neclucrum

1840 2821 2008 2902 quod
2054 2820 2282 2900 accipit
2327 2840 2403 2881 ex
2443 2822 2905 2900 permutatione
2942 2824 3224 2901 pecuniae
3255 2825 3370 2885 do·-

1838 2915 2012 2975 mini.
2050 2913 2453 2992 Respondent
2481 2915 2716 2976 Rebell.
2752 2933 2813 2975 n.
2848 2921 2908 2976 ὕ.
2932 2920 2994 2977 et
3015 2917 3190 2978 Salas
3219 2937 3280 2978 n.
3305 2921 3364 2980 9.

1840 3009 2153 3068 diversam
2181 3025 2316 3067 esse
2345 3007 2681 3083 rationem,
2715 3008 2861 3087 quia
2885 3008 2947 3068 in
2978 3027 3126 3070 casu
3156 3009 3374 3070 vendi-

1839 3100 2025 3162 tionis
2070 3100 2340 3161 famulus
2370 3107 2667 3179 operatur
2693 3102 2945 3162 nomine
2990 3103 3084 3162 sui
3110 3104 3370 3180 domini,

1841 3194 1903 3254 in
1933 3194 2180 3255 cambio
2208 3199 2421 3255 autem
2450 3195 2702 3256 nomine
2731 3213 2866 3256 su0.
2914 3196 3135 3258 Melius
3164 3202 3228 3259 et
3253 3199 3375 3258 cla-

1840 3288 1970 3348 rius
1998 3286 2366 3364 responderi
2392 3292 2634 3365 posset,
2678 3287 2846 3349 idem
2875 3307 3011 3349 esse
3041 3290 3375 3352 dicendum

1842 3381 1907 3441 in
1933 3384 2201 3458 utroque
2232 3397 2404 3456 casu,
2439 3384 2508 3441 ut·
2528 3380 2883 3441 notavimus
2912 3381 3072 3462 disp.
3106 3400 3275 3446 xxvt.
3308 3384 3380 3446 de

1842 3481 2016 3553 empt.
2050 3479 2105 3531 et
2133 3470 2299 3531 vend.
2347 3476 2498 3532 sect.
2533 3488 2618 3532 lx.
2673 3490 2819 3532 nam
2848 3473 2900 3533 si
2927 3474 3202 3536 triticum
3233 3477 3377 3537 alie-

1843 3584 1993 3625 num
2023 3562 2389 3643 qu0d‚apud
2421 3568 2481 3624 te
2509 3563 2704 3624 habes
2732 3564 3108 3643 depositum,
3140 3569 3378 3629 vendas

1843 3657 2070 3719 cariori
2103 3657 2305 3736 pretio
2335 3657 2633 3730 currenti,
2667 3662 2730 3719 et
2757 3663 2976 3736 postea
3007 3661 3211 3721 viliori
3241 3680 3378 3740 pre-

1842 3751 1928 3812 tio
1960 3750 2129 3810 aliud
2160 3768 2339 3828 aeque
2369 3749 2604 3810 honum
2634 3768 2807 3811 emas
2830 3796 2846 3827 ,
2895 3755 2958 3812 et
2998 3770 3266 3831 reponas
3314 3753 3376 3812 in

1844 3844 2068 3905 eodem
2094 3843 2256 3917 loco,
2290 3861 2414 3903 non
2447 3842 2674 3903 teneris
2701 3843 2946 3903 lucrum
2979 3843 3236 3906 domino
3268 3846 3380 3907 tri·

1843 3936 1948 3999 tici
1978 3936 2328 4011 restituere,
2365 3939 2432 3995 ut
2459 3935 2689 3996 fatetur
2715 3935 2883 3995 idem
2916 3936 3150 3997 Rebell.
3187 3949 3293 3998 nu.
3315 3941 3372 3998 1.

1844 4033 1907 4091 et
1936 4028 2115 4091 Salas
2147 4046 2208 4088 n.
2242 4031 2301 4088 6.
2354 4028 2518 4106 quod
2563 4027 2823 4106 intelligi
2854 4028 3075 4106 debet,
3126 4031 3379 4110 quando

1845 4140 1966 4183 non
1996 4120 2236 4182 domini
2264 4120 2371 4180 sed
2403 4124 2509 4180 tuo
2547 4119 2796 4180 nomine
2817 4121 3089 4182 vendere
3103 4124 3375 4186 voluisti.

1846 4216 1911 4277 Si
1939 4213 2106 4275 enim
2138 4212 2374 4273 domini
2405 4213 2656 4274 nomine
2685 4218 2748 4274 et
2777 4218 2845 4274 ut
2872 4212 3005 4293 ejus
3026 4216 3257 4295 negotii
3278 4236 3384 4296 ge·

1843 4312 1975 4370 stor
2003 4305 2424 4382 vendidisseS,
2471 4311 2672 4367 totum
2713 4306 2984 4385 pretium
3012 4314 3180 4371 certe
3208 4310 3290 4371 ad
3315 4311 3383 4371 il·

1842 4402 1974 4462 lum
2002 4399 2365 4478 pertineret.
2426 4399 2600 4460 Idem
2647 4403 2859 4460 autem
2902 4404 2998 4461 est
3042 4404 3104 4461 in
3134 4402 3380 4464 cambio

1845 4492 2126 4572 pecuniae
2171 4512 2184 4552 :
2235 4491 2289 4552 si
2318 4491 2486 4552 enim
2516 4509 2657 4552 eam
2686 4509 2809 4552 non
2838 4496 2969 4562 tuo,
3002 4494 3113 4554 sed
3143 4495 3380 4556 domini

1846 4585 2096 4647 nomine
2126 4587 2579 4662 permutasseS,
2612 4585 2857 4645 lucrum
2885 4586 3037 4647 illud
3074 4586 3155 4647 ad
3185 4588 3382 4649 domi-

1847 4697 1997 4739 num
2027 4677 2391 4757 pertineret,
2443 4695 2588 4737 cum
2635 4676 2769 4756 ejus
2816 4680 3067 4740 nomine
3097 4686 3383 4743 contrac-

1846 4777 1979 4833 tum
2016 4770 2240 4830 seceris
2273 4789 2287 4831 :
2320 4769 2368 4829 si
2411 4773 2621 4830 autem
2669 4788 2792 4831 non
2838 4771 3075 4832 domini
3115 4773 3226 4833 sed
3271 4778 3380 4834 tuo

1848 4863 2100 4924 nomine
2129 4863 2522 4940 permutasti,
2556 4863 2637 4922 ad
2669 4867 2730 4922 te
2759 4863 3115 4942 pertinebit.
3177 4867 3382 4939 Quare

1847 4957 2015 5016 idem
2071 4974 2214 5016 cum
2267 4955 2670 5034 proportione
2732 4957 2793 5015 in
2826 4957 3182 5018 venditione
3231 4965 3293 5020 et
3319 4960 3380 5019 in

1849 5049 2092 5110 cambio
2122 5049 2404 5128 pecuniae
2436 5048 2772 5108 dicendum
2804 5049 2959 5124 erit,
2990 5049 3228 5129 absque
3258 5053 3382 5113 ullo

1850 5142 2231 5202 discrimine.
2268 5141 2530 5214 Quando
2561 5160 2708 5202 vero
2739 5147 2956 5221 peccet
2986 5143 3273 5220 famuluS,
3308 5164 3383 5207 eo

1852 5234 2019 5316 quod
2062 5253 2188 5295 non
2234 5234 2596 5314 procuravit
2644 5233 2896 5294 domino
2928 5235 3126 5297 viliori
3181 5239 3383 5315 pretio

1853 5345 2084 5403 emere,
2118 5328 2216 5387 vel
2244 5325 2470 5405 majori
2499 5326 2796 5402 vendere,
2830 5327 3099 5388 diximus
3124 5328 3262 5392 loco
3301 5332 3383 5392 ci·

1850 5423 2001 5480 tato.

1931 5511 2257 5585 Quomodo
2306 5515 2512 5573 autem
2563 5511 2663 5572 hic
2701 5512 2945 5575 animus
2973 5516 3383 5580 contrahendi

3456 535 3618 587 §.Rakkd

3405 590 3592 632 dominu.-
3623 601 3676 630 vo

3433 643 3523 691 luit.
3559 643 3671 683 illam

3408 694 3590 738 enni-leni
3612 693 3699 735 dari

3459 747 3669 791 creditori.

3542 2558 3616 2618 2ss

3416 2688 3484 2729 An
3522 2688 3575 2729 cll
3605 2685 3713 2729 idem

3460 2740 3502 2782 in
3521 2740 3671 2782 {amulo

3436 2792 3568 2846 pluris
3589 2805 3697 2834 ven-

3459 2846 3682 2909 denter-em

3634 2912 3645 2939 Ι
