<?xml version="1.0" encoding="UTF-8"?>
<!DOCTYPE html PUBLIC "-//W3C//DTD XHTML 1.0 Transitional//EN"
    "http://www.w3.org/TR/xhtml1/DTD/xhtml1-transitional.dtd">
<html xmlns="http://www.w3.org/1999/xhtml" xml:lang="en" lang="en">
 <head>
  <title>
</title>
<meta http-equiv="Content-Type" content="text/html;charset=utf-8" />
  <meta name='ocr-system' content='tesseract 3.04.00' />
  <meta name='ocr-capabilities' content='ocr_page ocr_carea ocr_par ocr_line ocrx_word'/>
</head>
<body>
  <div class='ocr_page' id='page_1' title='image "./joannisdelugodi00lugogoog_0730.png"; bbox 0 0 4263 6376; ppageno 0'>
   <div class='ocr_carea' id='block_1_1' title="bbox 809 272 924 333">
    <p class='ocr_par' dir='ltr' id='par_1_1' title="bbox 809 272 924 333">
     <span class='ocr_line' id='line_1_1' title="bbox 809 272 924 333; baseline -0.035 0"><span class='ocrx_word' id='word_1_1' title='bbox 809 272 924 333; x_wconf 70' lang='lat'><strong>692</strong></span> 
     </span>
    </p>
   </div>
   <div class='ocr_carea' id='block_1_2' title="bbox 785 443 2365 5546">
    <p class='ocr_par' dir='ltr' id='par_1_2' title="bbox 785 443 2365 4971">
     <span class='ocr_line' id='line_1_2' title="bbox 811 443 2346 524; baseline -0.001 -16"><span class='ocrx_word' id='word_1_2' title='bbox 811 447 887 509; x_wconf 84' lang='lat' dir='ltr'><strong>V.</strong></span> <span class='ocrx_word' id='word_1_3' title='bbox 919 449 1074 507; x_wconf 92' lang='lat' dir='ltr'><strong>tom.</strong></span> <span class='ocrx_word' id='word_1_4' title='bbox 1106 444 1177 505; x_wconf 85' lang='lat' dir='ltr'><strong>de</strong></span> <span class='ocrx_word' id='word_1_5' title='bbox 1196 443 1462 524; x_wconf 79' lang='lat' dir='ltr'><strong>justitia,</strong></span> <span class='ocrx_word' id='word_1_6' title='bbox 1497 464 1604 524; x_wconf 89' lang='lat' dir='ltr'><strong>qu.</strong></span> <span class='ocrx_word' id='word_1_7' title='bbox 1639 462 1727 507; x_wconf 75' lang='lat' dir='ltr'><strong>lv.</strong></span> <span class='ocrx_word' id='word_1_8' title='bbox 1770 451 1887 507; x_wconf 89' lang='lat' dir='ltr'><strong>art.</strong></span> <span class='ocrx_word' id='word_1_9' title='bbox 1920 449 1982 507; x_wconf 76' lang='lat'><strong>2.</strong></span> <span class='ocrx_word' id='word_1_10' title='bbox 2042 447 2346 524; x_wconf 83' lang='lat' dir='ltr'><strong>Tabiena,</strong></span> 
     </span>
     <span class='ocr_line' id='line_1_3' title="bbox 814 537 2350 620; baseline 0.002 -21"><span class='ocrx_word' id='word_1_11' title='bbox 814 541 877 600; x_wconf 89' lang='lat' dir='ltr'><strong>et</strong></span> <span class='ocrx_word' id='word_1_12' title='bbox 901 538 1009 600; x_wconf 87' lang='lat' dir='ltr'><strong>alii</strong></span> <span class='ocrx_word' id='word_1_13' title='bbox 1038 556 1195 618; x_wconf 89' lang='lat' dir='ltr'><strong>quos</strong></span> <span class='ocrx_word' id='word_1_14' title='bbox 1224 538 1507 616; x_wconf 84' lang='lat' dir='ltr'><strong>sequitur</strong></span> <span class='ocrx_word' id='word_1_15' title='bbox 1535 537 1780 600; x_wconf 88' lang='lat' dir='ltr'><strong>Valent.</strong></span> <span class='ocrx_word' id='word_1_16' title='bbox 1813 538 1873 599; x_wconf 89' lang='lat' dir='ltr'><strong>in</strong></span> <span class='ocrx_word' id='word_1_17' title='bbox 1905 558 2088 618; x_wconf 74' lang='lat' dir='ltr'><strong>prees.</strong></span> <span class='ocrx_word' id='word_1_18' title='bbox 2116 540 2350 620; x_wconf 90' lang='lat' dir='ltr'><strong>disput.</strong></span> 
     </span>
     <span class='ocr_line' id='line_1_4' title="bbox 813 630 2357 712; baseline 0.001 -19"><span class='ocrx_word' id='word_1_19' title='bbox 813 633 889 694; x_wconf 87' lang='lat' dir='ltr'><strong>V.</strong></span> <span class='ocrx_word' id='word_1_20' title='bbox 924 651 1028 712; x_wconf 90' lang='lat' dir='ltr'><strong>qu.</strong></span> <span class='ocrx_word' id='word_1_21' title='bbox 1062 648 1150 693; x_wconf 82' lang='grc' dir='ltr'><strong>ΧΙ.</strong></span> <span class='ocrx_word' id='word_1_22' title='bbox 1184 635 1399 710; x_wconf 89' lang='lat' dir='ltr'><strong>punct.</strong></span> <span class='ocrx_word' id='word_1_23' title='bbox 1442 635 1501 692; x_wconf 79' lang='lat'><strong>2.</strong></span> <span class='ocrx_word' id='word_1_24' title='bbox 1537 630 1704 692; x_wconf 86' lang='lat' dir='ltr'><strong>circa</strong></span> <span class='ocrx_word' id='word_1_25' title='bbox 1731 632 1924 692; x_wconf 86' lang='lat' dir='ltr'><strong>finem</strong></span> <span class='ocrx_word' id='word_1_26' title='bbox 1949 679 1965 709; x_wconf 91' lang='lat'><strong>,</strong></span> <span class='ocrx_word' id='word_1_27' title='bbox 2011 633 2357 695; x_wconf 86' lang='lat' dir='ltr'><strong>Turrianus</strong></span> 
     </span>
     <span class='ocr_line' id='line_1_5' title="bbox 815 724 2358 804; baseline 0.002 -20"><span class='ocrx_word' id='word_1_28' title='bbox 815 724 923 785; x_wconf 88' lang='lat' dir='ltr'><strong>ubi</strong></span> <span class='ocrx_word' id='word_1_29' title='bbox 951 744 1174 804; x_wconf 80' lang='lat' dir='ltr'><strong>supra,</strong></span> <span class='ocrx_word' id='word_1_30' title='bbox 1205 724 1406 786; x_wconf 87' lang='lat' dir='ltr'>Julius</span> <span class='ocrx_word' id='word_1_31' title='bbox 1436 724 1652 786; x_wconf 77' lang='lat' dir='ltr'>Clarus</span> <span class='ocrx_word' id='word_1_32' title='bbox 1680 744 1870 804; x_wconf 91' lang='lat' dir='ltr'><strong>super</strong></span> <span class='ocrx_word' id='word_1_33' title='bbox 1896 726 2018 786; x_wconf 89' lang='lat' dir='ltr'><strong>ritu</strong></span> <span class='ocrx_word' id='word_1_34' title='bbox 2046 729 2186 787; x_wconf 76' lang='lat'><strong>285.</strong></span> <span class='ocrx_word' id='word_1_35' title='bbox 2222 744 2358 787; x_wconf 89' lang='lat' dir='ltr'><strong>ma-</strong></span> 
     </span>
     <span class='ocr_line' id='line_1_6' title="bbox 813 816 2360 896; baseline 0.001 -19"><span class='ocrx_word' id='word_1_36' title='bbox 813 836 955 896; x_wconf 82' lang='lat' dir='ltr'><strong>gnae</strong></span> <span class='ocrx_word' id='word_1_37' title='bbox 988 817 1178 879; x_wconf 84' lang='lat' dir='ltr'><strong>curiae</strong></span> <span class='ocrx_word' id='word_1_38' title='bbox 1206 862 1222 894; x_wconf 92' lang='lat'>‚</span> <span class='ocrx_word' id='word_1_39' title='bbox 1257 820 1320 878; x_wconf 90' lang='lat' dir='ltr'><strong>et</strong></span> <span class='ocrx_word' id='word_1_40' title='bbox 1348 816 1451 877; x_wconf 89' lang='lat' dir='ltr'><strong>alii</strong></span> <span class='ocrx_word' id='word_1_41' title='bbox 1481 816 1686 879; x_wconf 90' lang='lat' dir='ltr'><strong>multi.</strong></span> <span class='ocrx_word' id='word_1_42' title='bbox 1743 819 1821 878; x_wconf 87' lang='lat' dir='ltr'><strong>Et</strong></span> <span class='ocrx_word' id='word_1_43' title='bbox 1849 818 2107 896; x_wconf 91' lang='lat' dir='ltr'><strong>quidem</strong></span> <span class='ocrx_word' id='word_1_44' title='bbox 2139 837 2360 879; x_wconf 90' lang='lat' dir='ltr'><strong>conse-</strong></span> 
     </span>
     <span class='ocr_line' id='line_1_7' title="bbox 816 910 2361 990; baseline 0 -19"><span class='ocrx_word' id='word_1_45' title='bbox 816 913 1081 990; x_wconf 89' lang='lat' dir='ltr'><strong>quenter</strong></span> <span class='ocrx_word' id='word_1_46' title='bbox 1128 910 1209 970; x_wconf 91' lang='lat' dir='ltr'><strong>ad</strong></span> <span class='ocrx_word' id='word_1_47' title='bbox 1257 910 1598 970; x_wconf 90' lang='lat' dir='ltr'><strong>secundam</strong></span> <span class='ocrx_word' id='word_1_48' title='bbox 1628 910 2003 971; x_wconf 85' lang='lat' dir='ltr'><strong>sententiam</strong></span> <span class='ocrx_word' id='word_1_49' title='bbox 2050 910 2187 972; x_wconf 82' lang='lat' dir='ltr'><strong>haec</strong></span> <span class='ocrx_word' id='word_1_50' title='bbox 2216 929 2361 990; x_wconf 88' lang='lat' dir='ltr'><strong>pars</strong></span> 
     </span>
     <span class='ocr_line' id='line_1_8' title="bbox 813 1002 2362 1082; baseline 0.001 -19"><span class='ocrx_word' id='word_1_51' title='bbox 813 1002 1064 1064; x_wconf 88' lang='lat' dir='ltr'><strong>videtur</strong></span> <span class='ocrx_word' id='word_1_52' title='bbox 1091 1002 1318 1064; x_wconf 87' lang='lat' dir='ltr'><strong>verior.</strong></span> <span class='ocrx_word' id='word_1_53' title='bbox 1380 1003 1447 1064; x_wconf 89' lang='lat' dir='ltr'><strong>Si</strong></span> <span class='ocrx_word' id='word_1_54' title='bbox 1492 1003 1659 1063; x_wconf 88' lang='lat' dir='ltr'><strong>enim</strong></span> <span class='ocrx_word' id='word_1_55' title='bbox 1699 1002 1898 1082; x_wconf 82' lang='lat' dir='ltr'><strong>judex</strong></span> <span class='ocrx_word' id='word_1_56' title='bbox 1944 1022 2069 1064; x_wconf 90' lang='lat' dir='ltr'><strong>non</strong></span> <span class='ocrx_word' id='word_1_57' title='bbox 2112 1008 2362 1067; x_wconf 89' lang='lat' dir='ltr'><strong>tenetur</strong></span> 
     </span>
     <span class='ocr_line' id='line_1_9' title="bbox 815 1094 2355 1176; baseline 0 -19"><span class='ocrx_word' id='word_1_58' title='bbox 815 1095 1072 1157; x_wconf 90' lang='lat' dir='ltr'><strong>omnino</strong></span> <span class='ocrx_word' id='word_1_59' title='bbox 1138 1094 1451 1155; x_wconf 83' lang='lat' dir='ltr'><strong>abstinere</strong></span> <span class='ocrx_word' id='word_1_60' title='bbox 1508 1114 1544 1156; x_wconf 86' lang='lat' dir='ltr'><strong>a</strong></span> <span class='ocrx_word' id='word_1_61' title='bbox 1586 1096 1937 1176; x_wconf 80' lang='lat' dir='ltr'>prolatione</span> <span class='ocrx_word' id='word_1_62' title='bbox 1992 1096 2355 1171; x_wconf 79' lang='lat' dir='ltr'><strong>sententiae3</strong></span> 
     </span>
     <span class='ocr_line' id='line_1_10' title="bbox 815 1189 2363 1267; baseline 0.001 -18"><span class='ocrx_word' id='word_1_63' title='bbox 815 1207 965 1267; x_wconf 89' lang='lat' dir='ltr'><strong>ergo</strong></span> <span class='ocrx_word' id='word_1_64' title='bbox 1013 1207 1139 1249; x_wconf 91' lang='lat' dir='ltr'><strong>non</strong></span> <span class='ocrx_word' id='word_1_65' title='bbox 1180 1191 1428 1251; x_wconf 90' lang='lat' dir='ltr'><strong>tenetur</strong></span> <span class='ocrx_word' id='word_1_66' title='bbox 1462 1189 1825 1250; x_wconf 90' lang='lat' dir='ltr'><strong>renuntiare</strong></span> <span class='ocrx_word' id='word_1_67' title='bbox 1858 1189 2060 1250; x_wconf 83' lang='lat' dir='ltr'><strong>officio</strong></span> <span class='ocrx_word' id='word_1_68' title='bbox 2110 1209 2187 1249; x_wconf 90' lang='lat' dir='ltr'><strong>ne</strong></span> <span class='ocrx_word' id='word_1_69' title='bbox 2219 1208 2363 1251; x_wconf 91' lang='lat' dir='ltr'><strong>con-</strong></span> 
     </span>
     <span class='ocr_line' id='line_1_11' title="bbox 815 1281 2362 1362; baseline 0.001 -20"><span class='ocrx_word' id='word_1_70' title='bbox 815 1281 1071 1342; x_wconf 90' lang='lat' dir='ltr'><strong>demnet</strong></span> <span class='ocrx_word' id='word_1_71' title='bbox 1115 1281 1515 1342; x_wconf 77' lang='lat' dir='ltr'><strong>innocentem</strong></span> <span class='ocrx_word' id='word_1_72' title='bbox 1561 1302 1575 1343; x_wconf 93' lang='lat'>:</span> <span class='ocrx_word' id='word_1_73' title='bbox 1627 1281 1932 1362; x_wconf 89' lang='lat' dir='ltr'><strong>probatur</strong></span> <span class='ocrx_word' id='word_1_74' title='bbox 1970 1300 2362 1362; x_wconf 86' lang='lat' dir='ltr'><strong>consequen-</strong></span> 
     </span>
     <span class='ocr_line' id='line_1_12' title="bbox 812 1373 2360 1455; baseline 0.002 -20"><span class='ocrx_word' id='word_1_75' title='bbox 812 1374 934 1447; x_wconf 87' lang='lat' dir='ltr'><strong>tia,</strong></span> <span class='ocrx_word' id='word_1_76' title='bbox 988 1373 1137 1453; x_wconf 89' lang='lat' dir='ltr'><strong>quia</strong></span> <span class='ocrx_word' id='word_1_77' title='bbox 1167 1373 1442 1453; x_wconf 88' lang='lat' dir='ltr'><strong>alioquin</strong></span> <span class='ocrx_word' id='word_1_78' title='bbox 1489 1378 1810 1436; x_wconf 88' lang='lat' dir='ltr'><strong>teneretur</strong></span> <span class='ocrx_word' id='word_1_79' title='bbox 1839 1375 2025 1435; x_wconf 92' lang='lat' dir='ltr'><strong>etiam</strong></span> <span class='ocrx_word' id='word_1_80' title='bbox 2057 1394 2182 1436; x_wconf 89' lang='lat' dir='ltr'><strong>non</strong></span> <span class='ocrx_word' id='word_1_81' title='bbox 2214 1395 2360 1455; x_wconf 90' lang='lat' dir='ltr'><strong>pro-</strong></span> 
     </span>
     <span class='ocr_line' id='line_1_13' title="bbox 814 1465 2365 1543; baseline 0 -16"><span class='ocrx_word' id='word_1_82' title='bbox 814 1465 978 1527; x_wconf 85' lang='lat' dir='ltr'><strong>ferre</strong></span> <span class='ocrx_word' id='word_1_83' title='bbox 1009 1467 1416 1543; x_wconf 83' lang='lat' dir='ltr'><strong>sententiam,</strong></span> <span class='ocrx_word' id='word_1_84' title='bbox 1450 1466 1597 1527; x_wconf 90' lang='lat' dir='ltr'><strong>licet</strong></span> <span class='ocrx_word' id='word_1_85' title='bbox 1622 1467 1740 1527; x_wconf 87' lang='lat' dir='ltr'><strong>hac</strong></span> <span class='ocrx_word' id='word_1_86' title='bbox 1769 1467 1872 1529; x_wconf 90' lang='lat' dir='ltr'><strong>via</strong></span> <span class='ocrx_word' id='word_1_87' title='bbox 1900 1468 2248 1529; x_wconf 82' lang='lat' dir='ltr'><strong>incurreret</strong></span> <span class='ocrx_word' id='word_1_88' title='bbox 2276 1468 2365 1527; x_wconf 92' lang='lat' dir='ltr'><strong>in-</strong></span> 
     </span>
     <span class='ocr_line' id='line_1_14' title="bbox 815 1559 2358 1640; baseline 0.001 -21"><span class='ocrx_word' id='word_1_89' title='bbox 815 1559 1248 1638; x_wconf 80' lang='lat' dir='ltr'><strong>dignationem</strong></span> <span class='ocrx_word' id='word_1_90' title='bbox 1302 1560 1666 1640; x_wconf 81' lang='lat' dir='ltr'><strong>reipublicae</strong></span> <span class='ocrx_word' id='word_1_91' title='bbox 1731 1564 1794 1622; x_wconf 89' lang='lat' dir='ltr'><strong>et</strong></span> <span class='ocrx_word' id='word_1_92' title='bbox 1847 1560 1969 1621; x_wconf 87' lang='lat' dir='ltr'><strong>alia</strong></span> <span class='ocrx_word' id='word_1_93' title='bbox 2040 1561 2358 1640; x_wconf 85' lang='lat' dir='ltr'><strong>pericula;</strong></span> 
     </span>
     <span class='ocr_line' id='line_1_15' title="bbox 815 1652 2356 1733; baseline 0.001 -20"><span class='ocrx_word' id='word_1_94' title='bbox 815 1653 985 1733; x_wconf 92' lang='lat' dir='ltr'><strong>quod</strong></span> <span class='ocrx_word' id='word_1_95' title='bbox 1014 1652 1065 1713; x_wconf 91' lang='lat' dir='ltr'><strong>si</strong></span> <span class='ocrx_word' id='word_1_96' title='bbox 1095 1653 1231 1713; x_wconf 85' lang='lat' dir='ltr'><strong>haec</strong></span> <span class='ocrx_word' id='word_1_97' title='bbox 1259 1652 1540 1732; x_wconf 82' lang='lat' dir='ltr'><strong>pericula</strong></span> <span class='ocrx_word' id='word_1_98' title='bbox 1569 1671 1695 1714; x_wconf 89' lang='lat' dir='ltr'><strong>non</strong></span> <span class='ocrx_word' id='word_1_99' title='bbox 1730 1656 1979 1716; x_wconf 90' lang='lat' dir='ltr'><strong>tenetur</strong></span> <span class='ocrx_word' id='word_1_100' title='bbox 2006 1654 2356 1731; x_wconf 89' lang='lat' dir='ltr'><strong>incurrere,</strong></span> 
     </span>
     <span class='ocr_line' id='line_1_16' title="bbox 815 1745 2365 1825; baseline 0 -18"><span class='ocrx_word' id='word_1_101' title='bbox 815 1764 928 1807; x_wconf 91' lang='lat' dir='ltr'><strong>cur</strong></span> <span class='ocrx_word' id='word_1_102' title='bbox 962 1745 1279 1807; x_wconf 80' lang='lat' dir='ltr'><strong>tenebitur</strong></span> <span class='ocrx_word' id='word_1_103' title='bbox 1306 1745 1599 1824; x_wconf 83' lang='lat' dir='ltr'><strong>amplecti</strong></span> <span class='ocrx_word' id='word_1_104' title='bbox 1627 1745 1780 1806; x_wconf 92' lang='lat' dir='ltr'><strong>illud</strong></span> <span class='ocrx_word' id='word_1_105' title='bbox 1811 1765 1935 1806; x_wconf 90' lang='lat' dir='ltr'><strong>non</strong></span> <span class='ocrx_word' id='word_1_106' title='bbox 1964 1746 2167 1807; x_wconf 91' lang='lat' dir='ltr'><strong>solum</strong></span> <span class='ocrx_word' id='word_1_107' title='bbox 2198 1746 2365 1825; x_wconf 88' lang='lat' dir='ltr'><strong>peri-</strong></span> 
     </span>
     <span class='ocr_line' id='line_1_17' title="bbox 815 1837 2362 1918; baseline -0.001 -19"><span class='ocrx_word' id='word_1_108' title='bbox 815 1839 1046 1914; x_wconf 92' lang='lat' dir='ltr'><strong>culum,</strong></span> <span class='ocrx_word' id='word_1_109' title='bbox 1077 1837 1187 1897; x_wconf 92' lang='lat' dir='ltr'><strong>sed</strong></span> <span class='ocrx_word' id='word_1_110' title='bbox 1218 1837 1520 1898; x_wconf 86' lang='lat' dir='ltr'><strong>damnum</strong></span> <span class='ocrx_word' id='word_1_111' title='bbox 1549 1837 1902 1899; x_wconf 89' lang='lat' dir='ltr'><strong>amissionis</strong></span> <span class='ocrx_word' id='word_1_112' title='bbox 1933 1838 2157 1900; x_wconf 84' lang='lat' dir='ltr'><strong>officii:</strong></span> <span class='ocrx_word' id='word_1_113' title='bbox 2193 1837 2362 1918; x_wconf 88' lang='lat' dir='ltr'><strong>quod</strong></span> 
     </span>
     <span class='ocr_line' id='line_1_18' title="bbox 814 1929 2356 2011; baseline -0.001 -20"><span class='ocrx_word' id='word_1_114' title='bbox 814 1931 1073 2010; x_wconf 89' lang='lat' dir='ltr'><strong>quidem</strong></span> <span class='ocrx_word' id='word_1_115' title='bbox 1100 1929 1307 2010; x_wconf 86' lang='lat' dir='ltr'><strong>majus</strong></span> <span class='ocrx_word' id='word_1_116' title='bbox 1337 1934 1431 1992; x_wconf 88' lang='lat' dir='ltr'><strong>est</strong></span> <span class='ocrx_word' id='word_1_117' title='bbox 1460 1931 1797 2011; x_wconf 90' lang='lat' dir='ltr'><strong>aliquando</strong></span> <span class='ocrx_word' id='word_1_118' title='bbox 1847 1949 2037 2010; x_wconf 89' lang='lat' dir='ltr'><strong>quam</strong></span> <span class='ocrx_word' id='word_1_119' title='bbox 2079 1931 2356 2008; x_wconf 88' lang='lat' dir='ltr'><strong>exilium,</strong></span> 
     </span>
     <span class='ocr_line' id='line_1_19' title="bbox 813 2022 2359 2101; baseline -0.001 -16"><span class='ocrx_word' id='word_1_120' title='bbox 813 2024 914 2085; x_wconf 85' lang='lat' dir='ltr'><strong>vel</strong></span> <span class='ocrx_word' id='word_1_121' title='bbox 943 2024 1081 2084; x_wconf 81' lang='lat' dir='ltr'><strong>aliae</strong></span> <span class='ocrx_word' id='word_1_122' title='bbox 1111 2022 1346 2083; x_wconf 85' lang='lat' dir='ltr'><strong>similes</strong></span> <span class='ocrx_word' id='word_1_123' title='bbox 1376 2024 1620 2101; x_wconf 79' lang='lat' dir='ltr'><strong>poenae?</strong></span> <span class='ocrx_word' id='word_1_124' title='bbox 1648 2024 1810 2096; x_wconf 90' lang='lat' dir='ltr'><strong>Quid</strong></span> <span class='ocrx_word' id='word_1_125' title='bbox 1840 2023 2028 2101; x_wconf 87' lang='lat' dir='ltr'><strong>enim,</strong></span> <span class='ocrx_word' id='word_1_126' title='bbox 2054 2023 2105 2084; x_wconf 92' lang='lat' dir='ltr'><strong>si</strong></span> <span class='ocrx_word' id='word_1_127' title='bbox 2134 2042 2359 2085; x_wconf 88' lang='lat' dir='ltr'><strong>renun-</strong></span> 
     </span>
     <span class='ocr_line' id='line_1_20' title="bbox 815 2116 2361 2194; baseline -0.002 -15"><span class='ocrx_word' id='word_1_128' title='bbox 815 2116 1105 2179; x_wconf 91' lang='lat' dir='ltr'><strong>tiandum</strong></span> <span class='ocrx_word' id='word_1_129' title='bbox 1134 2118 1297 2177; x_wconf 80' lang='lat' dir='ltr'><strong>esset</strong></span> <span class='ocrx_word' id='word_1_130' title='bbox 1320 2133 1581 2177; x_wconf 72' lang='lat' dir='ltr'><strong>summae</strong></span> <span class='ocrx_word' id='word_1_131' title='bbox 1612 2116 2142 2194; x_wconf 84' lang='lat' dir='ltr'><strong>praefecturae,vel</strong></span> <span class='ocrx_word' id='word_1_132' title='bbox 2170 2116 2361 2178; x_wconf 89' lang='lat' dir='ltr'><strong>etiam</strong></span> 
     </span>
     <span class='ocr_line' id='line_1_21' title="bbox 813 2208 2354 2287; baseline 0.001 -17"><span class='ocrx_word' id='word_1_133' title='bbox 813 2227 1009 2287; x_wconf 91' lang='lat' dir='ltr'><strong>regno</strong></span> <span class='ocrx_word' id='word_1_134' title='bbox 1033 2209 1062 2269; x_wconf 80' lang='lat'><strong>⁸?</strong></span> <span class='ocrx_word' id='word_1_135' title='bbox 1127 2209 1275 2268; x_wconf 83' lang='lat' dir='ltr'><strong>Haec</strong></span> <span class='ocrx_word' id='word_1_136' title='bbox 1347 2212 1557 2269; x_wconf 89' lang='lat' dir='ltr'><strong>autem</strong></span> <span class='ocrx_word' id='word_1_137' title='bbox 1635 2208 1906 2269; x_wconf 84' lang='lat' dir='ltr'><strong>maxime</strong></span> <span class='ocrx_word' id='word_1_138' title='bbox 1981 2210 2354 2287; x_wconf 88' lang='lat' dir='ltr'><strong>procedunt,</strong></span> 
     </span>
     <span class='ocr_line' id='line_1_22' title="bbox 815 2300 2361 2382; baseline 0 -20"><span class='ocrx_word' id='word_1_139' title='bbox 815 2300 1066 2382; x_wconf 89' lang='lat' dir='ltr'><strong>quando</strong></span> <span class='ocrx_word' id='word_1_140' title='bbox 1115 2301 1496 2363; x_wconf 85' lang='lat' dir='ltr'><strong>renuntiatio</strong></span> <span class='ocrx_word' id='word_1_141' title='bbox 1544 2319 1670 2361; x_wconf 90' lang='lat' dir='ltr'><strong>non</strong></span> <span class='ocrx_word' id='word_1_142' title='bbox 1718 2305 1882 2363; x_wconf 90' lang='lat' dir='ltr'><strong>esset</strong></span> <span class='ocrx_word' id='word_1_143' title='bbox 1909 2301 2236 2381; x_wconf 84' lang='lat' dir='ltr'><strong>profutura</strong></span> <span class='ocrx_word' id='word_1_144' title='bbox 2265 2303 2361 2362; x_wconf 92' lang='lat' dir='ltr'><strong>in-</strong></span> 
     </span>
     <span class='ocr_line' id='line_1_23' title="bbox 815 2394 2363 2473; baseline 0.001 -18"><span class='ocrx_word' id='word_1_145' title='bbox 815 2395 1100 2472; x_wconf 87' lang='lat' dir='ltr'><strong>nocenti,</strong></span> <span class='ocrx_word' id='word_1_146' title='bbox 1149 2394 1256 2473; x_wconf 93' lang='lat' dir='ltr'><strong>qui</strong></span> <span class='ocrx_word' id='word_1_147' title='bbox 1304 2394 1528 2455; x_wconf 90' lang='lat' dir='ltr'><strong>eodem</strong></span> <span class='ocrx_word' id='word_1_148' title='bbox 1555 2394 1744 2455; x_wconf 89' lang='lat' dir='ltr'><strong>modo</strong></span> <span class='ocrx_word' id='word_1_149' title='bbox 1774 2396 2171 2456; x_wconf 86' lang='lat' dir='ltr'><strong>damnandus</strong></span> <span class='ocrx_word' id='word_1_150' title='bbox 2200 2399 2363 2457; x_wconf 89' lang='lat' dir='ltr'><strong>esset</strong></span> 
     </span>
     <span class='ocr_line' id='line_1_24' title="bbox 816 2486 2356 2567; baseline 0 -18"><span class='ocrx_word' id='word_1_151' title='bbox 816 2488 895 2549; x_wconf 91' lang='lat' dir='ltr'><strong>ab</strong></span> <span class='ocrx_word' id='word_1_152' title='bbox 925 2486 1045 2548; x_wconf 89' lang='lat' dir='ltr'><strong>alio</strong></span> <span class='ocrx_word' id='word_1_153' title='bbox 1067 2486 1304 2565; x_wconf 88' lang='lat' dir='ltr'><strong>judice.</strong></span> <span class='ocrx_word' id='word_1_154' title='bbox 1358 2486 1420 2548; x_wconf 88' lang='lat' dir='ltr'><strong>Si</strong></span> <span class='ocrx_word' id='word_1_155' title='bbox 1452 2491 1664 2548; x_wconf 90' lang='lat' dir='ltr'><strong>autem</strong></span> <span class='ocrx_word' id='word_1_156' title='bbox 1692 2492 1981 2565; x_wconf 88' lang='lat' dir='ltr'><strong>speratur</strong></span> <span class='ocrx_word' id='word_1_157' title='bbox 2007 2488 2356 2567; x_wconf 82' lang='lat' dir='ltr'><strong>profutura,</strong></span> 
     </span>
     <span class='ocr_line' id='line_1_25' title="bbox 814 2578 2360 2658; baseline -0.001 -15"><span class='ocrx_word' id='word_1_158' title='bbox 814 2585 964 2643; x_wconf 91' lang='lat' dir='ltr'><strong>tunc</strong></span> <span class='ocrx_word' id='word_1_159' title='bbox 1021 2583 1478 2658; x_wconf 88' lang='lat' dir='ltr'><strong>consequenter</strong></span> <span class='ocrx_word' id='word_1_160' title='bbox 1533 2578 1612 2638; x_wconf 89' lang='lat' dir='ltr'><strong>ad</strong></span> <span class='ocrx_word' id='word_1_161' title='bbox 1669 2579 1960 2639; x_wconf 89' lang='lat' dir='ltr'><strong>eamdem</strong></span> <span class='ocrx_word' id='word_1_162' title='bbox 2014 2581 2360 2641; x_wconf 90' lang='lat' dir='ltr'><strong>secundam</strong></span> 
     </span>
     <span class='ocr_line' id='line_1_26' title="bbox 814 2671 2358 2751; baseline 0 -16"><span class='ocrx_word' id='word_1_163' title='bbox 814 2672 1223 2749; x_wconf 88' lang='lat' dir='ltr'><strong>sententiam,</strong></span> <span class='ocrx_word' id='word_1_164' title='bbox 1266 2671 1466 2751; x_wconf 83' lang='lat' dir='ltr'><strong>judex</strong></span> <span class='ocrx_word' id='word_1_165' title='bbox 1511 2671 1771 2735; x_wconf 89' lang='lat' dir='ltr'><strong>deberet</strong></span> <span class='ocrx_word' id='word_1_166' title='bbox 1811 2674 2177 2735; x_wconf 88' lang='lat' dir='ltr'><strong>renuntiare</strong></span> <span class='ocrx_word' id='word_1_167' title='bbox 2225 2675 2358 2737; x_wconf 85' lang='lat' dir='ltr'><strong>offl-</strong></span> 
     </span>
     <span class='ocr_line' id='line_1_27' title="bbox 813 2764 2359 2846; baseline -0.001 -16"><span class='ocrx_word' id='word_1_168' title='bbox 813 2768 945 2845; x_wconf 89' lang='lat' dir='ltr'><strong>ci0,</strong></span> <span class='ocrx_word' id='word_1_169' title='bbox 996 2766 1047 2828; x_wconf 92' lang='lat' dir='ltr'><strong>si</strong></span> <span class='ocrx_word' id='word_1_170' title='bbox 1095 2785 1221 2827; x_wconf 89' lang='lat' dir='ltr'><strong>nou</strong></span> <span class='ocrx_word' id='word_1_171' title='bbox 1252 2768 1415 2826; x_wconf 88' lang='lat' dir='ltr'><strong>esset</strong></span> <span class='ocrx_word' id='word_1_172' title='bbox 1442 2764 1506 2825; x_wconf 88' lang='lat' dir='ltr'><strong>in</strong></span> <span class='ocrx_word' id='word_1_173' title='bbox 1533 2766 1976 2845; x_wconf 87' lang='lat' dir='ltr'><strong>gravissimum</strong></span> <span class='ocrx_word' id='word_1_174' title='bbox 2018 2767 2214 2846; x_wconf 87' lang='lat' dir='ltr'><strong>ipsius</strong></span> <span class='ocrx_word' id='word_1_175' title='bbox 2254 2769 2359 2829; x_wconf 92' lang='lat' dir='ltr'><strong>de-</strong></span> 
     </span>
     <span class='ocr_line' id='line_1_28' title="bbox 812 2858 2359 2937; baseline -0.001 -15"><span class='ocrx_word' id='word_1_176' title='bbox 812 2861 1177 2923; x_wconf 89' lang='lat' dir='ltr'><strong>trimentum</strong></span> <span class='ocrx_word' id='word_1_177' title='bbox 1199 2905 1215 2936; x_wconf 96' lang='lat'><strong>,</strong></span> <span class='ocrx_word' id='word_1_178' title='bbox 1272 2875 1419 2918; x_wconf 86' lang='lat' dir='ltr'><strong>nam</strong></span> <span class='ocrx_word' id='word_1_179' title='bbox 1461 2876 1575 2937; x_wconf 90' lang='lat' dir='ltr'><strong>pro</strong></span> <span class='ocrx_word' id='word_1_180' title='bbox 1604 2858 1736 2921; x_wconf 81' lang='lat' dir='ltr'><strong>vita</strong></span> <span class='ocrx_word' id='word_1_181' title='bbox 1763 2860 2114 2923; x_wconf 88' lang='lat' dir='ltr'><strong>innocentis</strong></span> <span class='ocrx_word' id='word_1_182' title='bbox 2146 2861 2359 2922; x_wconf 85' lang='lat' dir='ltr'><strong>defen-</strong></span> 
     </span>
     <span class='ocr_line' id='line_1_29' title="bbox 814 2950 2359 3032; baseline -0.001 -18"><span class='ocrx_word' id='word_1_183' title='bbox 814 2954 1055 3030; x_wconf 88' lang='lat' dir='ltr'><strong>denda,</strong></span> <span class='ocrx_word' id='word_1_184' title='bbox 1109 2956 1172 3015; x_wconf 87' lang='lat' dir='ltr'><strong>et</strong></span> <span class='ocrx_word' id='word_1_185' title='bbox 1210 2969 1325 3031; x_wconf 92' lang='lat' dir='ltr'><strong>pro</strong></span> <span class='ocrx_word' id='word_1_186' title='bbox 1356 2950 1614 3012; x_wconf 84' lang='lat' dir='ltr'><strong>vitanda</strong></span> <span class='ocrx_word' id='word_1_187' title='bbox 1645 2953 2084 3032; x_wconf 86' lang='lat' dir='ltr'><strong>cooperatione</strong></span> <span class='ocrx_word' id='word_1_188' title='bbox 2126 2953 2231 3014; x_wconf 89' lang='lat' dir='ltr'><strong>illa</strong></span> <span class='ocrx_word' id='word_1_189' title='bbox 2276 2954 2359 3015; x_wconf 87' lang='lat' dir='ltr'><strong>ad</strong></span> 
     </span>
     <span class='ocr_line' id='line_1_30' title="bbox 814 3043 2359 3127; baseline -0.001 -19"><span class='ocrx_word' id='word_1_190' title='bbox 814 3047 949 3127; x_wconf 87' lang='lat' dir='ltr'><strong>ejus</strong></span> <span class='ocrx_word' id='word_1_191' title='bbox 1018 3045 1488 3106; x_wconf 86' lang='lat' dir='ltr'><strong>damnationem</strong></span> <span class='ocrx_word' id='word_1_192' title='bbox 1569 3043 1825 3124; x_wconf 86' lang='lat' dir='ltr'><strong>aliquod</strong></span> <span class='ocrx_word' id='word_1_193' title='bbox 1911 3045 2359 3109; x_wconf 83' lang='lat' dir='ltr'><strong>detrimentum</strong></span> 
     </span>
     <span class='ocr_line' id='line_1_31' title="bbox 814 3138 2358 3220; baseline -0.001 -17"><span class='ocrx_word' id='word_1_194' title='bbox 814 3143 1063 3220; x_wconf 85' lang='lat' dir='ltr'><strong>oportet</strong></span> <span class='ocrx_word' id='word_1_195' title='bbox 1089 3138 1322 3200; x_wconf 90' lang='lat' dir='ltr'><strong>subire.</strong></span> <span class='ocrx_word' id='word_1_196' title='bbox 1376 3138 1442 3200; x_wconf 89' lang='lat' dir='ltr'><strong>Si</strong></span> <span class='ocrx_word' id='word_1_197' title='bbox 1483 3142 1697 3199; x_wconf 87' lang='lat' dir='ltr'><strong>tamen</strong></span> <span class='ocrx_word' id='word_1_198' title='bbox 1727 3142 1892 3201; x_wconf 89' lang='lat' dir='ltr'><strong>esset</strong></span> <span class='ocrx_word' id='word_1_199' title='bbox 1916 3139 2358 3220; x_wconf 82' lang='lat' dir='ltr'><strong>gravissimum</strong></span> 
     </span>
     <span class='ocr_line' id='line_1_32' title="bbox 814 3233 2352 3309; baseline 0 -14"><span class='ocrx_word' id='word_1_200' title='bbox 814 3233 1261 3296; x_wconf 85' lang='lat' dir='ltr'><strong>detrimentum</strong></span> <span class='ocrx_word' id='word_1_201' title='bbox 1285 3276 1302 3309; x_wconf 93' lang='lat'><strong>,</strong></span> <span class='ocrx_word' id='word_1_202' title='bbox 1367 3250 1492 3292; x_wconf 89' lang='lat' dir='ltr'><strong>non</strong></span> <span class='ocrx_word' id='word_1_203' title='bbox 1547 3236 1872 3294; x_wconf 88' lang='lat' dir='ltr'><strong>teneretur</strong></span> <span class='ocrx_word' id='word_1_204' title='bbox 1927 3234 2289 3295; x_wconf 88' lang='lat' dir='ltr'><strong>renuntiare</strong></span> <span class='ocrx_word' id='word_1_205' title='bbox 2339 3255 2352 3295; x_wconf 74' lang='grc' dir='ltr'>ε</span> 
     </span>
     <span class='ocr_line' id='line_1_33' title="bbox 815 3324 2356 3405; baseline 0.001 -18"><span class='ocrx_word' id='word_1_206' title='bbox 815 3346 940 3388; x_wconf 91' lang='lat' dir='ltr'><strong>non</strong></span> <span class='ocrx_word' id='word_1_207' title='bbox 987 3326 1153 3386; x_wconf 92' lang='lat' dir='ltr'><strong>enim</strong></span> <span class='ocrx_word' id='word_1_208' title='bbox 1194 3324 1445 3385; x_wconf 86' lang='lat' dir='ltr'><strong>videtur</strong></span> <span class='ocrx_word' id='word_1_209' title='bbox 1490 3325 1847 3404; x_wconf 84' lang='lat' dir='ltr'><strong>respublica</strong></span> <span class='ocrx_word' id='word_1_210' title='bbox 1892 3326 2173 3405; x_wconf 89' lang='lat' dir='ltr'><strong>obligare</strong></span> <span class='ocrx_word' id='word_1_211' title='bbox 2214 3346 2356 3388; x_wconf 88' lang='lat' dir='ltr'><strong>cum</strong></span> 
     </span>
     <span class='ocr_line' id='line_1_34' title="bbox 812 3417 2354 3497; baseline -0.001 -15"><span class='ocrx_word' id='word_1_212' title='bbox 812 3425 985 3482; x_wconf 88' lang='lat' dir='ltr'><strong>tanto</strong></span> <span class='ocrx_word' id='word_1_213' title='bbox 1016 3418 1390 3479; x_wconf 84' lang='lat' dir='ltr'><strong>detrimento</strong></span> <span class='ocrx_word' id='word_1_214' title='bbox 1413 3417 1697 3497; x_wconf 89' lang='lat' dir='ltr'><strong>judicem</strong></span> <span class='ocrx_word' id='word_1_215' title='bbox 1720 3464 1735 3495; x_wconf 98' lang='lat'><strong>,</strong></span> <span class='ocrx_word' id='word_1_216' title='bbox 1771 3424 1840 3480; x_wconf 93' lang='lat' dir='ltr'><strong>ut</strong></span> <span class='ocrx_word' id='word_1_217' title='bbox 1868 3419 2098 3480; x_wconf 85' lang='lat' dir='ltr'><strong>debeat</strong></span> <span class='ocrx_word' id='word_1_218' title='bbox 2125 3438 2354 3481; x_wconf 90' lang='lat' dir='ltr'><strong>renun-</strong></span> 
     </span>
     <span class='ocr_line' id='line_1_35' title="bbox 810 3510 2354 3592; baseline 0 -16"><span class='ocrx_word' id='word_1_219' title='bbox 810 3514 968 3576; x_wconf 87' lang='lat' dir='ltr'><strong>tiare</strong></span> <span class='ocrx_word' id='word_1_220' title='bbox 999 3530 1260 3573; x_wconf 80' lang='lat' dir='ltr'><strong>summae</strong></span> <span class='ocrx_word' id='word_1_221' title='bbox 1290 3510 1603 3589; x_wconf 83' lang='lat' dir='ltr'><strong>dignitati,</strong></span> <span class='ocrx_word' id='word_1_222' title='bbox 1637 3511 1737 3571; x_wconf 82' lang='lat' dir='ltr'><strong>vel</strong></span> <span class='ocrx_word' id='word_1_223' title='bbox 1766 3530 1983 3589; x_wconf 88' lang='lat' dir='ltr'><strong>regno.</strong></span> <span class='ocrx_word' id='word_1_224' title='bbox 2020 3515 2175 3573; x_wconf 91' lang='lat' dir='ltr'><strong>Cum</strong></span> <span class='ocrx_word' id='word_1_225' title='bbox 2205 3532 2354 3592; x_wconf 87' lang='lat' dir='ltr'><strong>ergo</strong></span> 
     </span>
     <span class='ocr_line' id='line_1_36' title="bbox 812 3603 2354 3683; baseline 0.001 -18"><span class='ocrx_word' id='word_1_226' title='bbox 812 3606 918 3666; x_wconf 88' lang='lat' dir='ltr'><strong>illa</strong></span> <span class='ocrx_word' id='word_1_227' title='bbox 941 3603 1249 3666; x_wconf 88' lang='lat' dir='ltr'><strong>sententia</strong></span> <span class='ocrx_word' id='word_1_228' title='bbox 1275 3607 1606 3683; x_wconf 87' lang='lat' dir='ltr'><strong>supponat,</strong></span> <span class='ocrx_word' id='word_1_229' title='bbox 1639 3604 2094 3681; x_wconf 88' lang='lat' dir='ltr'><strong>rempublicam</strong></span> <span class='ocrx_word' id='word_1_230' title='bbox 2119 3605 2354 3666; x_wconf 90' lang='lat' dir='ltr'><strong>habere</strong></span> 
     </span>
     <span class='ocr_line' id='line_1_37' title="bbox 812 3696 2356 3778; baseline -0.001 -18"><span class='ocrx_word' id='word_1_231' title='bbox 812 3700 1183 3778; x_wconf 84' lang='lat' dir='ltr'><strong>potestatem</strong></span> <span class='ocrx_word' id='word_1_232' title='bbox 1211 3697 1273 3756; x_wconf 94' lang='lat' dir='ltr'><strong>in</strong></span> <span class='ocrx_word' id='word_1_233' title='bbox 1305 3713 1377 3755; x_wconf 91' lang='lat' dir='ltr'><strong>eo</strong></span> <span class='ocrx_word' id='word_1_234' title='bbox 1408 3714 1557 3755; x_wconf 89' lang='lat' dir='ltr'><strong>casu</strong></span> <span class='ocrx_word' id='word_1_235' title='bbox 1606 3696 1687 3756; x_wconf 91' lang='lat' dir='ltr'><strong>ad</strong></span> <span class='ocrx_word' id='word_1_236' title='bbox 1733 3697 2147 3758; x_wconf 85' lang='lat' dir='ltr'><strong>occidendum</strong></span> <span class='ocrx_word' id='word_1_237' title='bbox 2176 3698 2356 3759; x_wconf 91' lang='lat' dir='ltr'><strong>inno-</strong></span> 
     </span>
     <span class='ocr_line' id='line_1_38' title="bbox 812 3789 2352 3869; baseline -0.002 -15"><span class='ocrx_word' id='word_1_238' title='bbox 812 3796 1058 3854; x_wconf 89' lang='lat' dir='ltr'><strong>centem</strong></span> <span class='ocrx_word' id='word_1_239' title='bbox 1098 3792 1357 3869; x_wconf 87' lang='lat' dir='ltr'><strong>propter</strong></span> <span class='ocrx_word' id='word_1_240' title='bbox 1384 3806 1718 3848; x_wconf 87' lang='lat' dir='ltr'><strong>commune</strong></span> <span class='ocrx_word' id='word_1_241' title='bbox 1746 3789 1983 3849; x_wconf 86' lang='lat' dir='ltr'><strong>bonum</strong></span> <span class='ocrx_word' id='word_1_242' title='bbox 2008 3835 2024 3866; x_wconf 94' lang='lat'><strong>,</strong></span> <span class='ocrx_word' id='word_1_243' title='bbox 2081 3796 2146 3851; x_wconf 89' lang='lat' dir='ltr'><strong>et</strong></span> <span class='ocrx_word' id='word_1_244' title='bbox 2191 3790 2352 3851; x_wconf 89' lang='lat' dir='ltr'><strong>occi·</strong></span> 
     </span>
     <span class='ocr_line' id='line_1_39' title="bbox 810 3881 2355 3949; baseline -0.005 0"><span class='ocrx_word' id='word_1_245' title='bbox 810 3887 1051 3949; x_wconf 88' lang='lat' dir='ltr'><strong>sionem</strong></span> <span class='ocrx_word' id='word_1_246' title='bbox 1096 3883 1266 3942; x_wconf 89' lang='lat' dir='ltr'><strong>illam</strong></span> <span class='ocrx_word' id='word_1_247' title='bbox 1312 3899 1437 3941; x_wconf 90' lang='lat' dir='ltr'><strong>non</strong></span> <span class='ocrx_word' id='word_1_248' title='bbox 1486 3898 1620 3942; x_wconf 89' lang='lat' dir='ltr'><strong>esse</strong></span> <span class='ocrx_word' id='word_1_249' title='bbox 1666 3881 1825 3942; x_wconf 89' lang='lat' dir='ltr'><strong>adeo</strong></span> <span class='ocrx_word' id='word_1_250' title='bbox 1856 3882 2190 3944; x_wconf 88' lang='lat' dir='ltr'><strong>intrinsece</strong></span> <span class='ocrx_word' id='word_1_251' title='bbox 2220 3902 2355 3942; x_wconf 90' lang='lat' dir='ltr'><strong>ma-</strong></span> 
     </span>
     <span class='ocr_line' id='line_1_40' title="bbox 785 3972 2353 4056; baseline -0.004 -16"><span class='ocrx_word' id='word_1_252' title='bbox 785 3980 936 4041; x_wconf 87' lang='lat' dir='ltr'><strong>lam</strong></span> <span class='ocrx_word' id='word_1_253' title='bbox 955 4025 970 4056; x_wconf 93' lang='lat'><strong>,</strong></span> <span class='ocrx_word' id='word_1_254' title='bbox 1029 3979 1098 4037; x_wconf 90' lang='lat' dir='ltr'><strong>ut</strong></span> <span class='ocrx_word' id='word_1_255' title='bbox 1123 3993 1247 4035; x_wconf 90' lang='lat' dir='ltr'><strong>non</strong></span> <span class='ocrx_word' id='word_1_256' title='bbox 1277 3972 1474 4053; x_wconf 87' lang='lat' dir='ltr'><strong>possit</strong></span> <span class='ocrx_word' id='word_1_257' title='bbox 1501 3992 1576 4032; x_wconf 82' lang='lat' dir='ltr'><strong>ex</strong></span> <span class='ocrx_word' id='word_1_258' title='bbox 1608 3973 1917 4053; x_wconf 82' lang='lat' dir='ltr'><strong>aliquibus</strong></span> <span class='ocrx_word' id='word_1_259' title='bbox 1947 3975 2152 4036; x_wconf 89' lang='lat' dir='ltr'><strong>causis</strong></span> <span class='ocrx_word' id='word_1_260' title='bbox 2174 3974 2353 4054; x_wconf 85' lang='lat' dir='ltr'><strong>justi-</strong></span> 
     </span>
     <span class='ocr_line' id='line_1_41' title="bbox 809 4067 2354 4147; baseline -0.003 -13"><span class='ocrx_word' id='word_1_261' title='bbox 809 4070 1029 4144; x_wconf 80' lang='lat' dir='ltr'><strong>ficari3</strong></span> <span class='ocrx_word' id='word_1_262' title='bbox 1082 4068 1202 4129; x_wconf 83' lang='lat' dir='ltr'><strong>illae</strong></span> <span class='ocrx_word' id='word_1_263' title='bbox 1247 4067 1499 4147; x_wconf 89' lang='lat' dir='ltr'><strong>quidem</strong></span> <span class='ocrx_word' id='word_1_264' title='bbox 1548 4084 1752 4127; x_wconf 67' lang='lat' dir='ltr'><strong>causa}</strong></span> <span class='ocrx_word' id='word_1_265' title='bbox 1784 4067 2078 4129; x_wconf 82' lang='lat' dir='ltr'><strong>videntur</strong></span> <span class='ocrx_word' id='word_1_266' title='bbox 2117 4069 2183 4128; x_wconf 87' lang='lat' dir='ltr'><strong>in</strong></span> <span class='ocrx_word' id='word_1_267' title='bbox 2234 4068 2354 4130; x_wconf 87' lang='lat' dir='ltr'><strong>hoc</strong></span> 
     </span>
     <span class='ocr_line' id='line_1_42' title="bbox 811 4160 2351 4241; baseline -0.004 -13"><span class='ocrx_word' id='word_1_268' title='bbox 811 4185 960 4228; x_wconf 88' lang='lat' dir='ltr'><strong>casu</strong></span> <span class='ocrx_word' id='word_1_269' title='bbox 990 4179 1392 4234; x_wconf 81' lang='lat' dir='ltr'><strong>concurrere3</strong></span> <span class='ocrx_word' id='word_1_270' title='bbox 1426 4178 1574 4220; x_wconf 88' lang='lat' dir='ltr'><strong>nam</strong></span> <span class='ocrx_word' id='word_1_271' title='bbox 1600 4160 1654 4220; x_wconf 91' lang='lat' dir='ltr'><strong>si</strong></span> <span class='ocrx_word' id='word_1_272' title='bbox 1681 4178 1791 4219; x_wconf 83' lang='lat' dir='ltr'><strong>rex</strong></span> <span class='ocrx_word' id='word_1_273' title='bbox 1818 4164 2139 4221; x_wconf 87' lang='lat' dir='ltr'><strong>teneretur</strong></span> <span class='ocrx_word' id='word_1_274' title='bbox 2155 4179 2351 4241; x_wconf 86' lang='lat' dir='ltr'><strong>regno</strong></span> 
     </span>
     <span class='ocr_line' id='line_1_43' title="bbox 807 4253 2346 4333; baseline -0.004 -14"><span class='ocrx_word' id='word_1_275' title='bbox 807 4257 1166 4320; x_wconf 88' lang='lat' dir='ltr'><strong>renuntiare</strong></span> <span class='ocrx_word' id='word_1_276' title='bbox 1192 4300 1207 4331; x_wconf 93' lang='lat'><strong>,</strong></span> <span class='ocrx_word' id='word_1_277' title='bbox 1244 4253 1340 4314; x_wconf 81' lang='lat' dir='ltr'><strong>vel</strong></span> <span class='ocrx_word' id='word_1_278' title='bbox 1368 4272 1601 4333; x_wconf 86' lang='lat' dir='ltr'><strong>praeses</strong></span> <span class='ocrx_word' id='word_1_279' title='bbox 1630 4271 1893 4313; x_wconf 60' lang='lat' dir='ltr'><strong>summa}</strong></span> <span class='ocrx_word' id='word_1_280' title='bbox 1923 4253 2346 4331; x_wconf 80' lang='lat' dir='ltr'><strong>praefecturae;</strong></span> 
     </span>
     <span class='ocr_line' id='line_1_44' title="bbox 810 4346 2350 4426; baseline -0.005 -12"><span class='ocrx_word' id='word_1_281' title='bbox 810 4353 1065 4414; x_wconf 87' lang='lat' dir='ltr'><strong>daretur</strong></span> <span class='ocrx_word' id='word_1_282' title='bbox 1095 4346 1338 4410; x_wconf 87' lang='lat' dir='ltr'><strong>occasio</strong></span> <span class='ocrx_word' id='word_1_283' title='bbox 1367 4346 1597 4426; x_wconf 91' lang='lat' dir='ltr'><strong>iniquis</strong></span> <span class='ocrx_word' id='word_1_284' title='bbox 1614 4346 1949 4407; x_wconf 89' lang='lat' dir='ltr'><strong>accusandi</strong></span> <span class='ocrx_word' id='word_1_285' title='bbox 1967 4346 2350 4408; x_wconf 85' lang='lat' dir='ltr'><strong>calumniose</strong></span> 
     </span>
     <span class='ocr_line' id='line_1_45' title="bbox 809 4439 2353 4519; baseline -0.004 -13"><span class='ocrx_word' id='word_1_286' title='bbox 809 4445 1174 4506; x_wconf 88' lang='lat' dir='ltr'><strong>innocentes</strong></span> <span class='ocrx_word' id='word_1_287' title='bbox 1199 4491 1212 4518; x_wconf 92' lang='lat'><strong>,</strong></span> <span class='ocrx_word' id='word_1_288' title='bbox 1263 4443 1333 4500; x_wconf 90' lang='lat' dir='ltr'><strong>ut</strong></span> <span class='ocrx_word' id='word_1_289' title='bbox 1378 4439 1497 4499; x_wconf 87' lang='lat' dir='ltr'><strong>hac</strong></span> <span class='ocrx_word' id='word_1_290' title='bbox 1527 4440 1630 4500; x_wconf 86' lang='lat' dir='ltr'><strong>via</strong></span> <span class='ocrx_word' id='word_1_291' title='bbox 1668 4439 1864 4519; x_wconf 79' lang='lat' dir='ltr'><strong>judex</strong></span> <span class='ocrx_word' id='word_1_292' title='bbox 1896 4445 2229 4519; x_wconf 85' lang='lat' dir='ltr'><strong>cogeretur</strong></span> <span class='ocrx_word' id='word_1_293' title='bbox 2252 4460 2353 4501; x_wconf 89' lang='lat' dir='ltr'><strong>re·-</strong></span> 
     </span>
     <span class='ocr_line' id='line_1_46' title="bbox 809 4532 2352 4613; baseline -0.005 -13"><span class='ocrx_word' id='word_1_294' title='bbox 809 4537 1097 4599; x_wconf 89' lang='lat' dir='ltr'><strong>nuntiare</strong></span> <span class='ocrx_word' id='word_1_295' title='bbox 1125 4553 1255 4595; x_wconf 77' lang='lat' dir='ltr'><strong>suae.</strong></span> <span class='ocrx_word' id='word_1_296' title='bbox 1287 4532 1595 4611; x_wconf 87' lang='lat' dir='ltr'><strong>dignitati.</strong></span> <span class='ocrx_word' id='word_1_297' title='bbox 1656 4535 1792 4594; x_wconf 91' lang='lat' dir='ltr'><strong>Non</strong></span> <span class='ocrx_word' id='word_1_298' title='bbox 1832 4553 1980 4613; x_wconf 89' lang='lat' dir='ltr'><strong>ergo</strong></span> <span class='ocrx_word' id='word_1_299' title='bbox 2024 4534 2352 4611; x_wconf 83' lang='lat' dir='ltr'><strong>praesumi-</strong></span> 
     </span>
     <span class='ocr_line' id='line_1_47' title="bbox 807 4624 2348 4707; baseline -0.003 -15"><span class='ocrx_word' id='word_1_300' title='bbox 807 4636 910 4693; x_wconf 91' lang='lat' dir='ltr'><strong>tur</strong></span> <span class='ocrx_word' id='word_1_301' title='bbox 927 4627 1278 4707; x_wconf 85' lang='lat' dir='ltr'><strong>respublica</strong></span> <span class='ocrx_word' id='word_1_302' title='bbox 1296 4625 1541 4686; x_wconf 89' lang='lat' dir='ltr'><strong>dedisse</strong></span> <span class='ocrx_word' id='word_1_303' title='bbox 1564 4624 1766 4706; x_wconf 90' lang='lat' dir='ltr'><strong>judici</strong></span> <span class='ocrx_word' id='word_1_304' title='bbox 1793 4630 2169 4706; x_wconf 87' lang='lat' dir='ltr'><strong>potestatem</strong></span> <span class='ocrx_word' id='word_1_305' title='bbox 2188 4627 2348 4688; x_wconf 91' lang='lat' dir='ltr'><strong>adeo</strong></span> 
     </span>
     <span class='ocr_line' id='line_1_48' title="bbox 807 4718 2351 4800; baseline -0.004 -14"><span class='ocrx_word' id='word_1_306' title='bbox 807 4722 1140 4785; x_wconf 87' lang='lat' dir='ltr'><strong>limitatam</strong></span> <span class='ocrx_word' id='word_1_307' title='bbox 1166 4767 1181 4798; x_wconf 93' lang='lat'><strong>,</strong></span> <span class='ocrx_word' id='word_1_308' title='bbox 1230 4720 1340 4780; x_wconf 91' lang='lat' dir='ltr'><strong>sed</strong></span> <span class='ocrx_word' id='word_1_309' title='bbox 1371 4737 1514 4781; x_wconf 89' lang='lat' dir='ltr'><strong>cum</strong></span> <span class='ocrx_word' id='word_1_310' title='bbox 1542 4719 1770 4800; x_wconf 88' lang='lat' dir='ltr'><strong>majori</strong></span> <span class='ocrx_word' id='word_1_311' title='bbox 1799 4718 2209 4799; x_wconf 89' lang='lat' dir='ltr'><strong>amplitudine</strong></span> <span class='ocrx_word' id='word_1_312' title='bbox 2229 4765 2244 4796; x_wconf 92' lang='lat'><strong>,</strong></span> <span class='ocrx_word' id='word_1_313' title='bbox 2282 4724 2351 4781; x_wconf 94' lang='lat' dir='ltr'><strong>ut</strong></span> 
     </span>
     <span class='ocr_line' id='line_1_49' title="bbox 809 4811 2351 4892; baseline -0.005 -12"><span class='ocrx_word' id='word_1_314' title='bbox 809 4816 1086 4880; x_wconf 86' lang='lat' dir='ltr'><strong>securior</strong></span> <span class='ocrx_word' id='word_1_315' title='bbox 1140 4818 1302 4875; x_wconf 88' lang='lat' dir='ltr'><strong>esset</strong></span> <span class='ocrx_word' id='word_1_316' title='bbox 1357 4813 1435 4873; x_wconf 88' lang='lat' dir='ltr'><strong>ab</strong></span> <span class='ocrx_word' id='word_1_317' title='bbox 1490 4811 1848 4892; x_wconf 88' lang='lat' dir='ltr'><strong>iniquorum</strong></span> <span class='ocrx_word' id='word_1_318' title='bbox 1905 4811 2233 4872; x_wconf 87' lang='lat' dir='ltr'><strong>calumniis</strong></span> <span class='ocrx_word' id='word_1_319' title='bbox 2287 4818 2351 4873; x_wconf 88' lang='lat' dir='ltr'><strong>et</strong></span> 
     </span>
     <span class='ocr_line' id='line_1_50' title="bbox 805 4905 1395 4971; baseline -0.01 0"><span class='ocrx_word' id='word_1_320' title='bbox 805 4905 1395 4971; x_wconf 84' lang='lat' dir='ltr'><strong>machinationibus.</strong></span> 
     </span>
    </p>

    <p class='ocr_par' dir='ltr' id='par_1_3' title="bbox 803 4996 2350 5546">
     <span class='ocr_line' id='line_1_51' title="bbox 887 4996 2350 5080; baseline -0.002 -17"><span class='ocrx_word' id='word_1_321' title='bbox 887 5006 1019 5063; x_wconf 86' lang='lat' dir='ltr'><strong>Hoc</strong></span> <span class='ocrx_word' id='word_1_322' title='bbox 1047 5000 1252 5080; x_wconf 89' lang='lat' dir='ltr'><strong>ipsum</strong></span> <span class='ocrx_word' id='word_1_323' title='bbox 1297 5016 1441 5059; x_wconf 88' lang='lat' dir='ltr'><strong>cum</strong></span> <span class='ocrx_word' id='word_1_324' title='bbox 1486 4996 1891 5076; x_wconf 88' lang='lat' dir='ltr'><strong>proportione</strong></span> <span class='ocrx_word' id='word_1_325' title='bbox 1919 4996 2127 5057; x_wconf 88' lang='lat' dir='ltr'><strong>locum</strong></span> <span class='ocrx_word' id='word_1_326' title='bbox 2161 4997 2350 5060; x_wconf 77' lang='lat' dir='ltr'><strong>habet</strong></span> 
     </span>
     <span class='ocr_line' id='line_1_52' title="bbox 807 5089 2349 5170; baseline -0.003 -16"><span class='ocrx_word' id='word_1_327' title='bbox 807 5096 873 5156; x_wconf 92' lang='lat' dir='ltr'><strong>in</strong></span> <span class='ocrx_word' id='word_1_328' title='bbox 903 5094 1038 5155; x_wconf 88' lang='lat' dir='ltr'><strong>aliis</strong></span> <span class='ocrx_word' id='word_1_329' title='bbox 1066 5091 1465 5154; x_wconf 78' lang='lat' dir='ltr'><strong>interioribus</strong></span> <span class='ocrx_word' id='word_1_330' title='bbox 1493 5090 1794 5152; x_wconf 87' lang='lat' dir='ltr'><strong>ministris</strong></span> <span class='ocrx_word' id='word_1_331' title='bbox 1819 5136 1834 5167; x_wconf 94' lang='lat'><strong>,</strong></span> <span class='ocrx_word' id='word_1_332' title='bbox 1888 5089 1966 5149; x_wconf 89' lang='lat' dir='ltr'><strong>de</strong></span> <span class='ocrx_word' id='word_1_333' title='bbox 1998 5090 2224 5170; x_wconf 89' lang='lat' dir='ltr'><strong>quibus</strong></span> <span class='ocrx_word' id='word_1_334' title='bbox 2254 5094 2349 5152; x_wconf 84' lang='lat' dir='ltr'><strong>ta-</strong></span> 
     </span>
     <span class='ocr_line' id='line_1_53' title="bbox 809 5184 2348 5261; baseline -0.003 -13"><span class='ocrx_word' id='word_1_335' title='bbox 809 5208 953 5249; x_wconf 81' lang='lat' dir='ltr'><strong>men</strong></span> <span class='ocrx_word' id='word_1_336' title='bbox 985 5186 1342 5247; x_wconf 87' lang='lat' dir='ltr'><strong>addendum</strong></span> <span class='ocrx_word' id='word_1_337' title='bbox 1375 5188 1487 5261; x_wconf 89' lang='lat' dir='ltr'><strong>est,</strong></span> <span class='ocrx_word' id='word_1_338' title='bbox 1520 5184 1723 5245; x_wconf 89' lang='lat' dir='ltr'><strong>rarius</strong></span> <span class='ocrx_word' id='word_1_339' title='bbox 1754 5201 1860 5244; x_wconf 93' lang='lat' dir='ltr'><strong>eos</strong></span> <span class='ocrx_word' id='word_1_340' title='bbox 1888 5184 2085 5243; x_wconf 87' lang='lat' dir='ltr'><strong>teneri</strong></span> <span class='ocrx_word' id='word_1_341' title='bbox 2113 5203 2348 5244; x_wconf 87' lang='lat' dir='ltr'><strong>renun—</strong></span> 
     </span>
     <span class='ocr_line' id='line_1_54' title="bbox 804 5276 2348 5357; baseline -0.005 -13"><span class='ocrx_word' id='word_1_342' title='bbox 804 5284 960 5345; x_wconf 88' lang='lat' dir='ltr'><strong>tiare</strong></span> <span class='ocrx_word' id='word_1_343' title='bbox 991 5280 1194 5342; x_wconf 86' lang='lat' dir='ltr'><strong>officio</strong></span> <span class='ocrx_word' id='word_1_344' title='bbox 1226 5296 1412 5357; x_wconf 84' lang='lat' dir='ltr'><strong>quam</strong></span> <span class='ocrx_word' id='word_1_345' title='bbox 1436 5277 1738 5356; x_wconf 85' lang='lat' dir='ltr'><strong>judicem,</strong></span> <span class='ocrx_word' id='word_1_346' title='bbox 1773 5276 2091 5356; x_wconf 86' lang='lat' dir='ltr'><strong>sequendo</strong></span> <span class='ocrx_word' id='word_1_347' title='bbox 2124 5295 2348 5337; x_wconf 76' lang='lat' dir='ltr'><strong>sccun-</strong></span> 
     </span>
     <span class='ocr_line' id='line_1_55' title="bbox 803 5369 2347 5452; baseline -0.006 -15"><span class='ocrx_word' id='word_1_348' title='bbox 803 5377 951 5437; x_wconf 84' lang='lat' dir='ltr'><strong>dam</strong></span> <span class='ocrx_word' id='word_1_349' title='bbox 979 5372 1391 5452; x_wconf 81' lang='lat' dir='ltr'><strong>sententiam²</strong></span> <span class='ocrx_word' id='word_1_350' title='bbox 1426 5370 1572 5449; x_wconf 89' lang='lat' dir='ltr'><strong>quia</strong></span> <span class='ocrx_word' id='word_1_351' title='bbox 1601 5371 1731 5430; x_wconf 85' lang='lat' dir='ltr'><strong>fere</strong></span> <span class='ocrx_word' id='word_1_352' title='bbox 1762 5388 2085 5450; x_wconf 87' lang='lat' dir='ltr'><strong>uunquam</strong></span> <span class='ocrx_word' id='word_1_353' title='bbox 2112 5369 2220 5429; x_wconf 90' lang='lat' dir='ltr'><strong>illa</strong></span> <span class='ocrx_word' id='word_1_354' title='bbox 2247 5388 2347 5429; x_wconf 87' lang='lat' dir='ltr'><strong>re·-</strong></span> 
     </span>
     <span class='ocr_line' id='line_1_56' title="bbox 805 5462 2345 5546; baseline -0.006 -15"><span class='ocrx_word' id='word_1_355' title='bbox 805 5467 1112 5531; x_wconf 86' lang='lat' dir='ltr'><strong>nuntiatio</strong></span> <span class='ocrx_word' id='word_1_356' title='bbox 1141 5462 1421 5546; x_wconf 89' lang='lat' dir='ltr'><strong>proderit</strong></span> <span class='ocrx_word' id='word_1_357' title='bbox 1445 5481 1553 5525; x_wconf 90' lang='lat' dir='ltr'><strong>reo</strong></span> <span class='ocrx_word' id='word_1_358' title='bbox 1604 5484 1618 5525; x_wconf 88' lang='lat'>:</span> <span class='ocrx_word' id='word_1_359' title='bbox 1670 5483 1817 5526; x_wconf 86' lang='lat' dir='ltr'><strong>nam</strong></span> <span class='ocrx_word' id='word_1_360' title='bbox 1847 5464 1980 5526; x_wconf 89' lang='lat' dir='ltr'><strong>sine</strong></span> <span class='ocrx_word' id='word_1_361' title='bbox 2009 5482 2083 5524; x_wconf 91' lang='lat' dir='ltr'><strong>ea</strong></span> <span class='ocrx_word' id='word_1_362' title='bbox 2110 5481 2345 5523; x_wconf 90' lang='lat' dir='ltr'><strong>renun-</strong></span> 
     </span>
    </p>
   </div>
   <div class='ocr_carea' id='block_1_3' title="bbox 1963 272 2846 334">
    <p class='ocr_par' dir='ltr' id='par_1_4' title="bbox 1963 272 2846 334">
     <span class='ocr_line' id='line_1_57' title="bbox 1963 272 2846 334; baseline 0.001 -4"><span class='ocrx_word' id='word_1_363' title='bbox 1963 272 2062 331; x_wconf 75' lang='lat' dir='ltr'><strong>DE</strong></span> <span class='ocrx_word' id='word_1_364' title='bbox 2104 272 2461 333; x_wconf 80' lang='lat' dir='ltr'>JUSTITIA</span> <span class='ocrx_word' id='word_1_365' title='bbox 2508 273 2606 332; x_wconf 86' lang='grc' dir='ltr'><strong>ΕΤ</strong></span> <span class='ocrx_word' id='word_1_366' title='bbox 2647 273 2846 334; x_wconf 79' lang='lat' dir='ltr'><strong>JURE</strong></span> 
     </span>
    </p>
   </div>
   <div class='ocr_carea' id='block_1_4' title="bbox 2452 447 4006 993">
    <p class='ocr_par' dir='ltr' id='par_1_5' title="bbox 2452 447 4006 993">
     <span class='ocr_line' id='line_1_58' title="bbox 2453 447 4001 529; baseline -0.002 -18"><span class='ocrx_word' id='word_1_367' title='bbox 2453 448 2711 511; x_wconf 88' lang='lat' dir='ltr'><strong>tiatione</strong></span> <span class='ocrx_word' id='word_1_368' title='bbox 2759 451 3023 528; x_wconf 89' lang='lat' dir='ltr'><strong>possunt</strong></span> <span class='ocrx_word' id='word_1_369' title='bbox 3063 448 3381 511; x_wconf 85' lang='lat' dir='ltr'><strong>testificari</strong></span> <span class='ocrx_word' id='word_1_370' title='bbox 3403 447 3672 529; x_wconf 89' lang='lat' dir='ltr'><strong>juridice</strong></span> <span class='ocrx_word' id='word_1_371' title='bbox 3702 447 4001 508; x_wconf 87' lang='lat' dir='ltr'><strong>innocen-</strong></span> 
     </span>
     <span class='ocr_line' id='line_1_59' title="bbox 2452 540 3995 622; baseline -0.001 -19"><span class='ocrx_word' id='word_1_372' title='bbox 2452 541 2607 603; x_wconf 90' lang='lat' dir='ltr'><strong>tiam</strong></span> <span class='ocrx_word' id='word_1_373' title='bbox 2634 542 2755 616; x_wconf 80' lang='lat' dir='ltr'><strong>rei3</strong></span> <span class='ocrx_word' id='word_1_374' title='bbox 2817 542 2987 622; x_wconf 91' lang='lat' dir='ltr'><strong>quod</strong></span> <span class='ocrx_word' id='word_1_375' title='bbox 3016 541 3071 601; x_wconf 92' lang='lat' dir='ltr'><strong>si</strong></span> <span class='ocrx_word' id='word_1_376' title='bbox 3100 560 3176 602; x_wconf 92' lang='lat' dir='ltr'><strong>ea</strong></span> <span class='ocrx_word' id='word_1_377' title='bbox 3214 541 3567 603; x_wconf 84' lang='lat' dir='ltr'><strong>testificatio</strong></span> <span class='ocrx_word' id='word_1_378' title='bbox 3616 559 3740 603; x_wconf 90' lang='lat' dir='ltr'><strong>non</strong></span> <span class='ocrx_word' id='word_1_379' title='bbox 3786 540 3995 621; x_wconf 80' lang='lat' dir='ltr'><strong>juvat,</strong></span> 
     </span>
     <span class='ocr_line' id='line_1_60' title="bbox 2455 632 4001 713; baseline -0.003 -18"><span class='ocrx_word' id='word_1_380' title='bbox 2455 654 2571 696; x_wconf 88' lang='lat' dir='ltr'><strong>nec</strong></span> <span class='ocrx_word' id='word_1_381' title='bbox 2599 635 2840 696; x_wconf 87' lang='lat' dir='ltr'><strong>etiamsi</strong></span> <span class='ocrx_word' id='word_1_382' title='bbox 2869 634 3252 711; x_wconf 89' lang='lat' dir='ltr'><strong>renuntient,</strong></span> <span class='ocrx_word' id='word_1_383' title='bbox 3262 634 3531 713; x_wconf 87' lang='lat' dir='ltr'><strong>juvabit.</strong></span> <span class='ocrx_word' id='word_1_384' title='bbox 3569 634 3633 696; x_wconf 91' lang='lat' dir='ltr'><strong>Si</strong></span> <span class='ocrx_word' id='word_1_385' title='bbox 3654 638 3869 695; x_wconf 88' lang='lat' dir='ltr'><strong>tamen</strong></span> <span class='ocrx_word' id='word_1_386' title='bbox 3889 632 4001 694; x_wconf 88' lang='lat' dir='ltr'><strong>ali-</strong></span> 
     </span>
     <span class='ocr_line' id='line_1_61' title="bbox 2457 727 4003 808; baseline -0.002 -20"><span class='ocrx_word' id='word_1_387' title='bbox 2457 728 2707 808; x_wconf 90' lang='lat' dir='ltr'><strong>quando</strong></span> <span class='ocrx_word' id='word_1_388' title='bbox 2729 729 3003 807; x_wconf 87' lang='lat' dir='ltr'><strong>juvaret,</strong></span> <span class='ocrx_word' id='word_1_389' title='bbox 3027 732 3177 789; x_wconf 89' lang='lat' dir='ltr'><strong>tunc</strong></span> <span class='ocrx_word' id='word_1_390' title='bbox 3206 727 3531 788; x_wconf 83' lang='lat' dir='ltr'><strong>servandae</strong></span> <span class='ocrx_word' id='word_1_391' title='bbox 3554 732 3737 789; x_wconf 90' lang='lat' dir='ltr'><strong>erunt</strong></span> <span class='ocrx_word' id='word_1_392' title='bbox 3755 727 4003 787; x_wconf 76' lang='lat' dir='ltr'><strong>eaedem</strong></span> 
     </span>
     <span class='ocr_line' id='line_1_62' title="bbox 2454 819 4006 900; baseline -0.001 -20"><span class='ocrx_word' id='word_1_393' title='bbox 2454 821 2688 899; x_wconf 79' lang='lat' dir='ltr'><strong>regulae</strong></span> <span class='ocrx_word' id='word_1_394' title='bbox 2718 839 2863 881; x_wconf 90' lang='lat' dir='ltr'><strong>cum</strong></span> <span class='ocrx_word' id='word_1_395' title='bbox 2891 819 3331 899; x_wconf 88' lang='lat' dir='ltr'><strong>proportione,</strong></span> <span class='ocrx_word' id='word_1_396' title='bbox 3395 838 3533 900; x_wconf 85' lang='lat' dir='ltr'><strong>quae</strong></span> <span class='ocrx_word' id='word_1_397' title='bbox 3582 819 3805 900; x_wconf 61' lang='lat' dir='ltr'><strong>positae</strong></span> <span class='ocrx_word' id='word_1_398' title='bbox 3850 822 4006 879; x_wconf 83' lang='lat' dir='ltr'><strong>sunt</strong></span> 
     </span>
     <span class='ocr_line' id='line_1_63' title="bbox 2455 912 3318 993; baseline 0.002 -20"><span class='ocrx_word' id='word_1_399' title='bbox 2455 931 2570 993; x_wconf 92' lang='lat' dir='ltr'><strong>pro</strong></span> <span class='ocrx_word' id='word_1_400' title='bbox 2592 912 2807 993; x_wconf 88' lang='lat' dir='ltr'><strong>judice</strong></span> <span class='ocrx_word' id='word_1_401' title='bbox 2836 917 2900 976; x_wconf 89' lang='lat' dir='ltr'><strong>et</strong></span> <span class='ocrx_word' id='word_1_402' title='bbox 2926 913 3318 993; x_wconf 88' lang='lat' dir='ltr'><strong>magistratu.</strong></span> 
     </span>
    </p>
   </div>
   <div class='ocr_carea' id='block_1_5' title="bbox 2947 1337 3531 1427">
    <p class='ocr_par' dir='ltr' id='par_1_6' title="bbox 2947 1337 3531 1427">
     <span class='ocr_line' id='line_1_64' title="bbox 2947 1337 3531 1427; baseline 0.003 -4"><span class='ocrx_word' id='word_1_403' title='bbox 2947 1337 3369 1423; x_wconf 69' lang='lat' dir='ltr'><strong>Ssscrlo</strong></span> <span class='ocrx_word' id='word_1_404' title='bbox 3450 1339 3531 1427; x_wconf 82' lang='lat' dir='ltr'><strong>V.</strong></span> 
     </span>
    </p>
   </div>
   <div class='ocr_carea' id='block_1_6' title="bbox 2462 1642 4006 1833">
    <p class='ocr_par' dir='ltr' id='par_1_7' title="bbox 2462 1642 4006 1833">
     <span class='ocr_line' id='line_1_65' title="bbox 2462 1642 4006 1726; baseline 0 -21"><span class='ocrx_word' id='word_1_405' title='bbox 2462 1643 2557 1705; x_wconf 80' lang='lat' dir='ltr'><strong>An</strong></span> <span class='ocrx_word' id='word_1_406' title='bbox 2594 1642 2783 1725; x_wconf 79' lang='lat' dir='ltr'><strong>possit</strong></span> <span class='ocrx_word' id='word_1_407' title='bbox 2817 1643 3013 1726; x_wconf 72' lang='lat' dir='ltr'><strong>judex</strong></span> <span class='ocrx_word' id='word_1_408' title='bbox 3068 1642 3472 1720; x_wconf 82' lang='lat' dir='ltr'><strong>condemnare,</strong></span> <span class='ocrx_word' id='word_1_409' title='bbox 3526 1663 3695 1725; x_wconf 80' lang='lat' dir='ltr'><strong>quem</strong></span> <span class='ocrx_word' id='word_1_410' title='bbox 3747 1644 4006 1705; x_wconf 78' lang='lat' dir='ltr'><strong>scientia</strong></span> 
     </span>
     <span class='ocr_line' id='line_1_66' title="bbox 2757 1750 3695 1833; baseline 0 -22"><span class='ocrx_word' id='word_1_411' title='bbox 2757 1751 3003 1833; x_wconf 81' lang='lat' dir='ltr'><strong>privata</strong></span> <span class='ocrx_word' id='word_1_412' title='bbox 3036 1751 3194 1812; x_wconf 83' lang='lat' dir='ltr'><strong>novit</strong></span> <span class='ocrx_word' id='word_1_413' title='bbox 3221 1769 3387 1812; x_wconf 81' lang='lat' dir='ltr'><strong>reum</strong></span> <span class='ocrx_word' id='word_1_414' title='bbox 3416 1750 3695 1812; x_wconf 59' lang='lat' dir='ltr'><strong>mimim&#39;s.</strong></span> 
     </span>
    </p>
   </div>
   <div class='ocr_carea' id='block_1_7' title="bbox 2443 2019 4005 5545">
    <p class='ocr_par' dir='ltr' id='par_1_8' title="bbox 2457 2019 4005 2455">
     <span class='ocr_line' id='line_1_67' title="bbox 2542 2019 3998 2100; baseline 0.001 -20"><span class='ocrx_word' id='word_1_415' title='bbox 2542 2021 2756 2081; x_wconf 84' lang='lat' dir='ltr'><strong>Restat</strong></span> <span class='ocrx_word' id='word_1_416' title='bbox 2772 2037 2940 2081; x_wconf 91' lang='lat' dir='ltr'><strong>nunc</strong></span> <span class='ocrx_word' id='word_1_417' title='bbox 2954 2020 3232 2083; x_wconf 87' lang='lat' dir='ltr'><strong>secunda</strong></span> <span class='ocrx_word' id='word_1_418' title='bbox 3253 2019 3514 2100; x_wconf 86' lang='lat' dir='ltr'><strong>quaestio</strong></span> <span class='ocrx_word' id='word_1_419' title='bbox 3535 2034 3726 2100; x_wconf 82' lang='lat' dir='ltr'><strong>supra</strong></span> <span class='ocrx_word' id='word_1_420' title='bbox 3747 2019 3954 2098; x_wconf 87' lang='lat' dir='ltr'><strong>posita</strong></span> <span class='ocrx_word' id='word_1_421' title='bbox 3974 2037 3998 2090; x_wconf 82' lang='lat'>;</span> 
     </span>
     <span class='ocr_line' id='line_1_68' title="bbox 2460 2112 4005 2192; baseline -0.001 -18"><span class='ocrx_word' id='word_1_422' title='bbox 2460 2130 2539 2174; x_wconf 88' lang='lat' dir='ltr'><strong>an</strong></span> <span class='ocrx_word' id='word_1_423' title='bbox 2569 2112 2766 2192; x_wconf 89' lang='lat' dir='ltr'><strong>possit</strong></span> <span class='ocrx_word' id='word_1_424' title='bbox 2786 2112 2983 2192; x_wconf 88' lang='lat' dir='ltr'><strong>judex</strong></span> <span class='ocrx_word' id='word_1_425' title='bbox 3011 2132 3046 2175; x_wconf 89' lang='lat' dir='ltr'><strong>e</strong></span> <span class='ocrx_word' id='word_1_426' title='bbox 3089 2117 3310 2175; x_wconf 87' lang='lat' dir='ltr'><strong>contra</strong></span> <span class='ocrx_word' id='word_1_427' title='bbox 3336 2114 3761 2175; x_wconf 87' lang='lat' dir='ltr'><strong>condemnare</strong></span> <span class='ocrx_word' id='word_1_428' title='bbox 3805 2131 4005 2192; x_wconf 87' lang='lat' dir='ltr'><strong>quem</strong></span> 
     </span>
     <span class='ocr_line' id='line_1_69' title="bbox 2459 2204 3999 2286; baseline -0.002 -19"><span class='ocrx_word' id='word_1_429' title='bbox 2459 2209 2627 2267; x_wconf 86' lang='lat' dir='ltr'><strong>certo</strong></span> <span class='ocrx_word' id='word_1_430' title='bbox 2658 2206 2775 2267; x_wconf 87' lang='lat' dir='ltr'><strong>scit</strong></span> <span class='ocrx_word' id='word_1_431' title='bbox 2793 2204 3148 2286; x_wconf 82' lang='lat' dir='ltr'><strong>deliquisse,</strong></span> <span class='ocrx_word' id='word_1_432' title='bbox 3181 2205 3328 2267; x_wconf 90' lang='lat' dir='ltr'><strong>licet</strong></span> <span class='ocrx_word' id='word_1_433' title='bbox 3347 2206 3999 2285; x_wconf 55' lang='lat' dir='ltr'><strong>probeturinnocens„</strong></span> 
     </span>
     <span class='ocr_line' id='line_1_70' title="bbox 2457 2298 4005 2379; baseline -0.001 -19"><span class='ocrx_word' id='word_1_434' title='bbox 2457 2300 2558 2360; x_wconf 83' lang='lat' dir='ltr'><strong>vel</strong></span> <span class='ocrx_word' id='word_1_435' title='bbox 2586 2299 2808 2360; x_wconf 90' lang='lat' dir='ltr'><strong>saltem</strong></span> <span class='ocrx_word' id='word_1_436' title='bbox 2838 2316 2964 2360; x_wconf 88' lang='lat' dir='ltr'><strong>non</strong></span> <span class='ocrx_word' id='word_1_437' title='bbox 2989 2298 3293 2378; x_wconf 90' lang='lat' dir='ltr'><strong>probetur</strong></span> <span class='ocrx_word' id='word_1_438' title='bbox 3321 2317 3577 2361; x_wconf 76' lang='lat' dir='ltr'><strong>nocenS.</strong></span> <span class='ocrx_word' id='word_1_439' title='bbox 3613 2301 4005 2379; x_wconf 82' lang='lat' dir='ltr'><strong>Supponunt</strong></span> 
     </span>
     <span class='ocr_line' id='line_1_71' title="bbox 2462 2404 3543 2455; baseline -0.002 0"><span class='ocrx_word' id='word_1_440' title='bbox 2462 2411 2681 2455; x_wconf 86' lang='lat' dir='ltr'><strong>omnes</strong></span> <span class='ocrx_word' id='word_1_441' title='bbox 3525 2404 3543 2423; x_wconf 86' lang='lat'><em>⁰</em></span> 
     </span>
    </p>

    <p class='ocr_par' dir='ltr' id='par_1_9' title="bbox 2457 2484 4004 2749">
     <span class='ocr_line' id='line_1_72' title="bbox 2542 2484 4002 2567; baseline 0 -20"><span class='ocrx_word' id='word_1_442' title='bbox 2542 2486 2770 2563; x_wconf 89' lang='lat' dir='ltr'><strong>Primo,</strong></span> <span class='ocrx_word' id='word_1_443' title='bbox 2829 2485 2894 2545; x_wconf 92' lang='lat' dir='ltr'><strong>id</strong></span> <span class='ocrx_word' id='word_1_444' title='bbox 2925 2504 3049 2547; x_wconf 89' lang='lat' dir='ltr'><strong>non</strong></span> <span class='ocrx_word' id='word_1_445' title='bbox 3076 2485 3265 2548; x_wconf 89' lang='lat' dir='ltr'><strong>licere</strong></span> <span class='ocrx_word' id='word_1_446' title='bbox 3305 2485 3504 2567; x_wconf 87' lang='lat' dir='ltr'><strong>judici</strong></span> <span class='ocrx_word' id='word_1_447' title='bbox 3550 2485 3884 2560; x_wconf 87' lang='lat' dir='ltr'><strong>inferiori;</strong></span> <span class='ocrx_word' id='word_1_448' title='bbox 3946 2484 4002 2547; x_wconf 85' lang='lat' dir='ltr'><strong>is</strong></span> 
     </span>
     <span class='ocr_line' id='line_1_73' title="bbox 2460 2578 4004 2660; baseline -0.001 -18"><span class='ocrx_word' id='word_1_449' title='bbox 2460 2579 2626 2642; x_wconf 90' lang='lat' dir='ltr'><strong>enim</strong></span> <span class='ocrx_word' id='word_1_450' title='bbox 2654 2597 2779 2639; x_wconf 91' lang='lat' dir='ltr'><strong>non</strong></span> <span class='ocrx_word' id='word_1_451' title='bbox 2809 2583 3015 2657; x_wconf 90' lang='lat' dir='ltr'><strong>potest</strong></span> <span class='ocrx_word' id='word_1_452' title='bbox 3042 2579 3405 2660; x_wconf 87' lang='lat' dir='ltr'><strong>dispensare</strong></span> <span class='ocrx_word' id='word_1_453' title='bbox 3431 2579 3498 2639; x_wconf 91' lang='lat' dir='ltr'><strong>in</strong></span> <span class='ocrx_word' id='word_1_454' title='bbox 3542 2579 3683 2658; x_wconf 88' lang='lat' dir='ltr'><strong>lege</strong></span> <span class='ocrx_word' id='word_1_455' title='bbox 3708 2578 4004 2659; x_wconf 86' lang='lat' dir='ltr'><strong>superio-</strong></span> 
     </span>
     <span class='ocr_line' id='line_1_74' title="bbox 2457 2671 3621 2749; baseline 0 -15"><span class='ocrx_word' id='word_1_456' title='bbox 2457 2673 2564 2749; x_wconf 80' lang='lat' dir='ltr'><strong>riS‚</strong></span> <span class='ocrx_word' id='word_1_457' title='bbox 2597 2671 2869 2733; x_wconf 81' lang='lat' dir='ltr'><strong>maxime</strong></span> <span class='ocrx_word' id='word_1_458' title='bbox 2898 2672 2961 2731; x_wconf 91' lang='lat' dir='ltr'><strong>in</strong></span> <span class='ocrx_word' id='word_1_459' title='bbox 2989 2691 3058 2732; x_wconf 90' lang='lat' dir='ltr'><strong>re</strong></span> <span class='ocrx_word' id='word_1_460' title='bbox 3086 2674 3246 2735; x_wconf 88' lang='lat' dir='ltr'><strong>tanti</strong></span> <span class='ocrx_word' id='word_1_461' title='bbox 3271 2673 3621 2735; x_wconf 56' lang='lat' dir='ltr'><strong>momenti.&gt;</strong></span> 
     </span>
    </p>

    <p class='ocr_par' dir='ltr' id='par_1_10' title="bbox 2443 2764 4002 5429">
     <span class='ocr_line' id='line_1_75' title="bbox 2539 2764 4002 2844; baseline -0.001 -18"><span class='ocrx_word' id='word_1_462' title='bbox 2539 2764 2828 2826; x_wconf 91' lang='lat' dir='ltr'><strong>Secundo</strong></span> <span class='ocrx_word' id='word_1_463' title='bbox 2859 2769 3241 2844; x_wconf 89' lang='lat' dir='ltr'><strong>supponunt,</strong></span> <span class='ocrx_word' id='word_1_464' title='bbox 3292 2783 3476 2844; x_wconf 88' lang='lat' dir='ltr'><strong>posse</strong></span> <span class='ocrx_word' id='word_1_465' title='bbox 3515 2764 3871 2844; x_wconf 89' lang='lat' dir='ltr'><strong>principem</strong></span> <span class='ocrx_word' id='word_1_466' title='bbox 3925 2784 4002 2824; x_wconf 80' lang='lat' dir='ltr'><strong>ex</strong></span> 
     </span>
     <span class='ocr_line' id='line_1_76' title="bbox 2458 2858 4000 2939; baseline -0.002 -19"><span class='ocrx_word' id='word_1_467' title='bbox 2458 2859 2704 2939; x_wconf 87' lang='lat' dir='ltr'><strong>privata</strong></span> <span class='ocrx_word' id='word_1_468' title='bbox 2746 2858 3006 2919; x_wconf 88' lang='lat' dir='ltr'><strong>scientia</strong></span> <span class='ocrx_word' id='word_1_469' title='bbox 3052 2858 3327 2938; x_wconf 87' lang='lat' dir='ltr'><strong>aliquem</strong></span> <span class='ocrx_word' id='word_1_470' title='bbox 3370 2858 3678 2935; x_wconf 87' lang='lat' dir='ltr'><strong>occidere,</strong></span> <span class='ocrx_word' id='word_1_471' title='bbox 3738 2858 4000 2938; x_wconf 84' lang='lat' dir='ltr'><strong>quando</strong></span> 
     </span>
     <span class='ocr_line' id='line_1_77' title="bbox 2458 2950 3997 3031; baseline -0.001 -19"><span class='ocrx_word' id='word_1_472' title='bbox 2458 2971 2582 3014; x_wconf 91' lang='lat' dir='ltr'><strong>non</strong></span> <span class='ocrx_word' id='word_1_473' title='bbox 2610 2951 2821 3031; x_wconf 88' lang='lat' dir='ltr'><strong>agitur</strong></span> <span class='ocrx_word' id='word_1_474' title='bbox 2848 2950 2927 3011; x_wconf 90' lang='lat' dir='ltr'><strong>de</strong></span> <span class='ocrx_word' id='word_1_475' title='bbox 2955 2950 3273 3029; x_wconf 89' lang='lat' dir='ltr'><strong>puniendo</strong></span> <span class='ocrx_word' id='word_1_476' title='bbox 3301 2951 3554 3028; x_wconf 89' lang='lat' dir='ltr'><strong>delicto,</strong></span> <span class='ocrx_word' id='word_1_477' title='bbox 3602 2951 3715 3012; x_wconf 88' lang='lat' dir='ltr'><strong>sed</strong></span> <span class='ocrx_word' id='word_1_478' title='bbox 3761 2951 3843 3012; x_wconf 92' lang='lat' dir='ltr'><strong>de</strong></span> <span class='ocrx_word' id='word_1_479' title='bbox 3874 2952 3997 3011; x_wconf 90' lang='lat' dir='ltr'><strong>im-</strong></span> 
     </span>
     <span class='ocr_line' id='line_1_78' title="bbox 2455 3044 4002 3126; baseline -0.001 -20"><span class='ocrx_word' id='word_1_480' title='bbox 2455 3044 2767 3126; x_wconf 90' lang='lat' dir='ltr'><strong>pediendo</strong></span> <span class='ocrx_word' id='word_1_481' title='bbox 2796 3044 2962 3104; x_wconf 87' lang='lat' dir='ltr'><strong>malo</strong></span> <span class='ocrx_word' id='word_1_482' title='bbox 2983 3044 3344 3123; x_wconf 72' lang='lat' dir='ltr'><strong>reipublicae</strong></span> <span class='ocrx_word' id='word_1_483' title='bbox 3365 3044 3716 3107; x_wconf 88' lang='lat' dir='ltr'><strong>imminenti</strong></span> <span class='ocrx_word' id='word_1_484' title='bbox 3746 3063 3861 3123; x_wconf 84' lang='lat' dir='ltr'><strong>per</strong></span> <span class='ocrx_word' id='word_1_485' title='bbox 3890 3044 4002 3104; x_wconf 88' lang='lat' dir='ltr'><strong>ali·</strong></span> 
     </span>
     <span class='ocr_line' id='line_1_79' title="bbox 2458 3137 4001 3220; baseline -0.001 -21"><span class='ocrx_word' id='word_1_486' title='bbox 2458 3156 2647 3220; x_wconf 88' lang='lat' dir='ltr'><strong>quam</strong></span> <span class='ocrx_word' id='word_1_487' title='bbox 2675 3154 3013 3218; x_wconf 84' lang='lat' dir='ltr'><strong>personam</strong></span> <span class='ocrx_word' id='word_1_488' title='bbox 3048 3156 3062 3200; x_wconf 89' lang='lat'>:</span> <span class='ocrx_word' id='word_1_489' title='bbox 3095 3139 3248 3199; x_wconf 91' lang='lat' dir='ltr'><strong>tunc</strong></span> <span class='ocrx_word' id='word_1_490' title='bbox 3274 3138 3444 3200; x_wconf 90' lang='lat' dir='ltr'><strong>enim</strong></span> <span class='ocrx_word' id='word_1_491' title='bbox 3471 3137 3769 3218; x_wconf 87' lang='lat' dir='ltr'><strong>princeps</strong></span> <span class='ocrx_word' id='word_1_492' title='bbox 3796 3138 4001 3201; x_wconf 85' lang='lat' dir='ltr'><strong>utitur</strong></span> 
     </span>
     <span class='ocr_line' id='line_1_80' title="bbox 2457 3230 3997 3311; baseline -0.001 -18"><span class='ocrx_word' id='word_1_493' title='bbox 2457 3230 2818 3293; x_wconf 85' lang='lat' dir='ltr'><strong>defensione</strong></span> <span class='ocrx_word' id='word_1_494' title='bbox 2839 3231 3104 3291; x_wconf 76' lang='lat' dir='ltr'><strong>naturali</strong></span> <span class='ocrx_word' id='word_1_495' title='bbox 3119 3231 3479 3311; x_wconf 84' lang='lat' dir='ltr'><strong>reipublicae</strong></span> <span class='ocrx_word' id='word_1_496' title='bbox 3495 3232 3612 3292; x_wconf 89' lang='lat' dir='ltr'><strong>sibi</strong></span> <span class='ocrx_word' id='word_1_497' title='bbox 3629 3231 3997 3293; x_wconf 81' lang='lat' dir='ltr'><strong>commissa.</strong></span> 
     </span>
     <span class='ocr_line' id='line_1_81' title="bbox 2455 3324 4001 3404; baseline -0.001 -19"><span class='ocrx_word' id='word_1_498' title='bbox 2455 3324 2728 3385; x_wconf 91' lang='lat' dir='ltr'><strong>Dubium</strong></span> <span class='ocrx_word' id='word_1_499' title='bbox 2757 3328 2870 3399; x_wconf 89' lang='lat' dir='ltr'><strong>est,</strong></span> <span class='ocrx_word' id='word_1_500' title='bbox 2908 3342 2987 3382; x_wconf 88' lang='lat' dir='ltr'><strong>an</strong></span> <span class='ocrx_word' id='word_1_501' title='bbox 3010 3325 3207 3402; x_wconf 87' lang='lat' dir='ltr'><strong>possit</strong></span> <span class='ocrx_word' id='word_1_502' title='bbox 3235 3325 3424 3387; x_wconf 89' lang='lat' dir='ltr'><strong>etiam</strong></span> <span class='ocrx_word' id='word_1_503' title='bbox 3443 3325 3736 3404; x_wconf 89' lang='lat' dir='ltr'><strong>princeps</strong></span> <span class='ocrx_word' id='word_1_504' title='bbox 3767 3326 4001 3404; x_wconf 87' lang='lat' dir='ltr'><strong>punire</strong></span> 
     </span>
     <span class='ocr_line' id='line_1_82' title="bbox 2456 3416 4002 3496; baseline -0.001 -18"><span class='ocrx_word' id='word_1_505' title='bbox 2456 3418 2880 3496; x_wconf 89' lang='lat' dir='ltr'><strong>deliquentem</strong></span> <span class='ocrx_word' id='word_1_506' title='bbox 2911 3435 2985 3475; x_wconf 85' lang='lat' dir='ltr'><strong>ex</strong></span> <span class='ocrx_word' id='word_1_507' title='bbox 3012 3417 3257 3495; x_wconf 87' lang='lat' dir='ltr'><strong>privata</strong></span> <span class='ocrx_word' id='word_1_508' title='bbox 3305 3416 3612 3479; x_wconf 85' lang='lat' dir='ltr'><strong>scientia?</strong></span> <span class='ocrx_word' id='word_1_509' title='bbox 3656 3417 4002 3478; x_wconf 82' lang='lat' dir='ltr'><strong>Affirmant</strong></span> 
     </span>
     <span class='ocr_line' id='line_1_83' title="bbox 2457 3508 4001 3590; baseline 0.001 -20"><span class='ocrx_word' id='word_1_510' title='bbox 2457 3510 2648 3589; x_wconf 82' lang='lat' dir='ltr'><strong>aliqui</strong></span> <span class='ocrx_word' id='word_1_511' title='bbox 2688 3508 2954 3589; x_wconf 75' lang='lat' dir='ltr'><strong>juristae,</strong></span> <span class='ocrx_word' id='word_1_512' title='bbox 2998 3511 3338 3572; x_wconf 76' lang='lat' dir='ltr'><strong>Covarruv.</strong></span> <span class='ocrx_word' id='word_1_513' title='bbox 3389 3513 3635 3590; x_wconf 77' lang='lat' dir='ltr'><strong>CynuS,</strong></span> <span class='ocrx_word' id='word_1_514' title='bbox 3665 3511 3837 3572; x_wconf 86' lang='lat' dir='ltr'><strong>Bart.</strong></span> <span class='ocrx_word' id='word_1_515' title='bbox 3891 3511 4001 3571; x_wconf 84' lang='lat' dir='ltr'><strong>Al·</strong></span> 
     </span>
     <span class='ocr_line' id='line_1_84' title="bbox 2454 3603 3998 3684; baseline 0 -20"><span class='ocrx_word' id='word_1_516' title='bbox 2454 3603 2724 3678; x_wconf 80' lang='lat' dir='ltr'><strong>bericuS,</strong></span> <span class='ocrx_word' id='word_1_517' title='bbox 2786 3606 2848 3662; x_wconf 93' lang='lat' dir='ltr'><strong>et</strong></span> <span class='ocrx_word' id='word_1_518' title='bbox 2876 3603 3148 3678; x_wconf 78' lang='lat' dir='ltr'><strong>FelinuS,</strong></span> <span class='ocrx_word' id='word_1_519' title='bbox 3210 3622 3367 3684; x_wconf 91' lang='lat' dir='ltr'><strong>quos</strong></span> <span class='ocrx_word' id='word_1_520' title='bbox 3413 3605 3597 3666; x_wconf 84' lang='lat' dir='ltr'><strong>affert</strong></span> <span class='ocrx_word' id='word_1_521' title='bbox 3623 3604 3879 3664; x_wconf 85' lang='lat' dir='ltr'><strong>Lessius</strong></span> <span class='ocrx_word' id='word_1_522' title='bbox 3930 3604 3998 3664; x_wconf 91' lang='lat' dir='ltr'><strong>in</strong></span> 
     </span>
     <span class='ocr_line' id='line_1_85' title="bbox 2455 3695 4000 3776; baseline 0.001 -20"><span class='ocrx_word' id='word_1_523' title='bbox 2455 3695 2748 3776; x_wconf 78' lang='lat' dir='ltr'><strong>praesenti</strong></span> <span class='ocrx_word' id='word_1_524' title='bbox 2777 3713 2915 3774; x_wconf 86' lang='lat' dir='ltr'><strong>cap.</strong></span> <span class='ocrx_word' id='word_1_525' title='bbox 2949 3712 3116 3757; x_wconf 78' lang='lat' dir='ltr'><strong>xxlx.</strong></span> <span class='ocrx_word' id='word_1_526' title='bbox 3157 3715 3328 3757; x_wconf 91' lang='lat' dir='ltr'><strong>num.</strong></span> <span class='ocrx_word' id='word_1_527' title='bbox 3363 3699 3461 3759; x_wconf 87' lang='lat'><strong>93.</strong></span> <span class='ocrx_word' id='word_1_528' title='bbox 3514 3696 3821 3757; x_wconf 87' lang='lat' dir='ltr'><strong>Eamdem</strong></span> <span class='ocrx_word' id='word_1_529' title='bbox 3853 3717 4000 3758; x_wconf 89' lang='lat' dir='ltr'><strong>sen·</strong></span> 
     </span>
     <span class='ocr_line' id='line_1_86' title="bbox 2452 3788 4000 3869; baseline -0.001 -18"><span class='ocrx_word' id='word_1_530' title='bbox 2452 3788 2711 3851; x_wconf 88' lang='lat' dir='ltr'><strong>tentiam</strong></span> <span class='ocrx_word' id='word_1_531' title='bbox 2760 3788 2945 3849; x_wconf 91' lang='lat' dir='ltr'><strong>docet</strong></span> <span class='ocrx_word' id='word_1_532' title='bbox 2976 3789 3283 3850; x_wconf 84' lang='lat' dir='ltr'><strong>Matienzo</strong></span> <span class='ocrx_word' id='word_1_533' title='bbox 3330 3789 3393 3848; x_wconf 80' lang='lat' dir='ltr'><strong>in</strong></span> <span class='ocrx_word' id='word_1_534' title='bbox 3437 3788 3669 3869; x_wconf 76' lang='lat' dir='ltr'><strong>dialoqo</strong></span> <span class='ocrx_word' id='word_1_535' title='bbox 3716 3789 4000 3850; x_wconf 76' lang='lat' dir='ltr'><strong>relatoris</strong></span> 
     </span>
     <span class='ocr_line' id='line_1_87' title="bbox 2451 3882 3995 3963; baseline 0.001 -21"><span class='ocrx_word' id='word_1_536' title='bbox 2451 3885 2612 3963; x_wconf 87' lang='lat' dir='ltr'><strong>part.</strong></span> <span class='ocrx_word' id='word_1_537' title='bbox 2646 3882 2750 3942; x_wconf 93' lang='lat'><strong>111.</strong></span> <span class='ocrx_word' id='word_1_538' title='bbox 2786 3899 2923 3959; x_wconf 90' lang='lat' dir='ltr'><strong>cap.</strong></span> <span class='ocrx_word' id='word_1_539' title='bbox 2959 3897 3104 3942; x_wconf 82' lang='lat' dir='ltr'><strong>xm.</strong></span> <span class='ocrx_word' id='word_1_540' title='bbox 3141 3900 3246 3942; x_wconf 90' lang='lat' dir='ltr'><strong>nu.</strong></span> <span class='ocrx_word' id='word_1_541' title='bbox 3280 3885 3340 3942; x_wconf 90' lang='lat'><strong>3.</strong></span> <span class='ocrx_word' id='word_1_542' title='bbox 3376 3882 3741 3943; x_wconf 86' lang='lat' dir='ltr'><strong>Communis</strong></span> <span class='ocrx_word' id='word_1_543' title='bbox 3768 3887 3995 3944; x_wconf 88' lang='lat' dir='ltr'><strong>tamen</strong></span> 
     </span>
     <span class='ocr_line' id='line_1_88' title="bbox 2451 3973 3994 4055; baseline 0 -19"><span class='ocrx_word' id='word_1_544' title='bbox 2451 3973 2758 4036; x_wconf 87' lang='lat' dir='ltr'><strong>sententia</strong></span> <span class='ocrx_word' id='word_1_545' title='bbox 2787 3978 2995 4053; x_wconf 87' lang='lat' dir='ltr'><strong>negat,</strong></span> <span class='ocrx_word' id='word_1_546' title='bbox 3026 3974 3092 4034; x_wconf 91' lang='lat' dir='ltr'><strong>id</strong></span> <span class='ocrx_word' id='word_1_547' title='bbox 3120 3974 3307 4035; x_wconf 90' lang='lat' dir='ltr'><strong>licere</strong></span> <span class='ocrx_word' id='word_1_548' title='bbox 3336 3976 3558 4037; x_wconf 88' lang='lat' dir='ltr'><strong>saltem</strong></span> <span class='ocrx_word' id='word_1_549' title='bbox 3584 3976 3994 4055; x_wconf 81' lang='lat' dir='ltr'><strong>regulariter,</strong></span> 
     </span>
     <span class='ocr_line' id='line_1_89' title="bbox 2450 4066 4001 4147; baseline 0.001 -19"><span class='ocrx_word' id='word_1_550' title='bbox 2450 4069 2539 4130; x_wconf 87' lang='lat' dir='ltr'><strong>ita</strong></span> <span class='ocrx_word' id='word_1_551' title='bbox 2565 4066 2919 4147; x_wconf 79' lang='lat' dir='ltr'><strong>CajetanuS,</strong></span> <span class='ocrx_word' id='word_1_552' title='bbox 2973 4073 3034 4128; x_wconf 91' lang='lat' dir='ltr'><strong>et</strong></span> <span class='ocrx_word' id='word_1_553' title='bbox 3064 4069 3252 4129; x_wconf 87' lang='lat' dir='ltr'><strong>Sotus</strong></span> <span class='ocrx_word' id='word_1_554' title='bbox 3278 4086 3436 4147; x_wconf 89' lang='lat' dir='ltr'><strong>quos</strong></span> <span class='ocrx_word' id='word_1_555' title='bbox 3465 4069 3648 4129; x_wconf 81' lang='lat' dir='ltr'><strong>affert</strong></span> <span class='ocrx_word' id='word_1_556' title='bbox 3688 4073 3754 4129; x_wconf 90' lang='lat' dir='ltr'><strong>et</strong></span> <span class='ocrx_word' id='word_1_557' title='bbox 3780 4069 4001 4147; x_wconf 88' lang='lat' dir='ltr'><strong>sequi-</strong></span> 
     </span>
     <span class='ocr_line' id='line_1_90' title="bbox 2450 4160 4000 4239; baseline 0 -16"><span class='ocrx_word' id='word_1_558' title='bbox 2450 4167 2553 4223; x_wconf 84' lang='lat' dir='ltr'><strong>tur</strong></span> <span class='ocrx_word' id='word_1_559' title='bbox 2596 4160 2844 4221; x_wconf 87' lang='lat' dir='ltr'><strong>Lessius</strong></span> <span class='ocrx_word' id='word_1_560' title='bbox 2892 4161 2995 4221; x_wconf 91' lang='lat' dir='ltr'><strong>ubi</strong></span> <span class='ocrx_word' id='word_1_561' title='bbox 3055 4179 3266 4239; x_wconf 85' lang='lat' dir='ltr'><strong>supra,</strong></span> <span class='ocrx_word' id='word_1_562' title='bbox 3320 4163 3603 4222; x_wconf 79' lang='lat' dir='ltr'><strong>Navarra</strong></span> <span class='ocrx_word' id='word_1_563' title='bbox 3641 4161 3751 4222; x_wconf 87' lang='lat' dir='ltr'><strong>lib.</strong></span> <span class='ocrx_word' id='word_1_564' title='bbox 3806 4164 3883 4223; x_wconf 90' lang='lat'><strong>11.</strong></span> <span class='ocrx_word' id='word_1_565' title='bbox 3922 4162 4000 4223; x_wconf 78' lang='lat' dir='ltr'><strong>de</strong></span> 
     </span>
     <span class='ocr_line' id='line_1_91' title="bbox 2450 4253 3999 4332; baseline 0.001 -19"><span class='ocrx_word' id='word_1_566' title='bbox 2450 4255 2698 4315; x_wconf 80' lang='lat' dir='ltr'><strong>restitut.</strong></span> <span class='ocrx_word' id='word_1_567' title='bbox 2730 4271 2869 4332; x_wconf 91' lang='lat' dir='ltr'><strong>cap.</strong></span> <span class='ocrx_word' id='word_1_568' title='bbox 2906 4269 2998 4314; x_wconf 89' lang='lat'><strong>111.</strong></span> <span class='ocrx_word' id='word_1_569' title='bbox 3034 4273 3094 4314; x_wconf 89' lang='lat' dir='ltr'><strong>n.</strong></span> <span class='ocrx_word' id='word_1_570' title='bbox 3131 4257 3268 4315; x_wconf 78' lang='lat'><strong>197.</strong></span> <span class='ocrx_word' id='word_1_571' title='bbox 3321 4254 3426 4332; x_wconf 90' lang='lat' dir='ltr'><strong>qui</strong></span> <span class='ocrx_word' id='word_1_572' title='bbox 3456 4253 3608 4314; x_wconf 88' lang='lat' dir='ltr'><strong>citat</strong></span> <span class='ocrx_word' id='word_1_573' title='bbox 3636 4253 3828 4315; x_wconf 82' lang='lat' dir='ltr'><strong>etiam</strong></span> <span class='ocrx_word' id='word_1_574' title='bbox 3863 4258 3999 4315; x_wconf 85' lang='lat' dir='ltr'><strong>Na-</strong></span> 
     </span>
     <span class='ocr_line' id='line_1_92' title="bbox 2448 4346 3992 4425; baseline 0 -16"><span class='ocrx_word' id='word_1_575' title='bbox 2448 4365 2726 4424; x_wconf 84' lang='lat' dir='ltr'><strong>varrum,</strong></span> <span class='ocrx_word' id='word_1_576' title='bbox 2776 4346 3089 4407; x_wconf 84' lang='lat' dir='ltr'><strong>Maldetus</strong></span> <span class='ocrx_word' id='word_1_577' title='bbox 3120 4347 3182 4405; x_wconf 90' lang='lat' dir='ltr'><strong>in</strong></span> <span class='ocrx_word' id='word_1_578' title='bbox 3214 4347 3529 4425; x_wconf 75' lang='lat' dir='ltr'><strong>praesenti,</strong></span> <span class='ocrx_word' id='word_1_579' title='bbox 3562 4351 3749 4408; x_wconf 86' lang='lat' dir='ltr'><strong>tract.</strong></span> <span class='ocrx_word' id='word_1_580' title='bbox 3785 4349 3891 4410; x_wconf 75' lang='lat' dir='ltr'><strong>vl.</strong></span> <span class='ocrx_word' id='word_1_581' title='bbox 3929 4368 3992 4409; x_wconf 86' lang='lat' dir='ltr'><strong>c.</strong></span> 
     </span>
     <span class='ocr_line' id='line_1_93' title="bbox 2450 4438 3992 4521; baseline 0.001 -19"><span class='ocrx_word' id='word_1_582' title='bbox 2450 4458 2494 4502; x_wconf 91' lang='lat'><strong>1.</strong></span> <span class='ocrx_word' id='word_1_583' title='bbox 2529 4440 2678 4500; x_wconf 87' lang='lat' dir='ltr'><strong>dub.</strong></span> <span class='ocrx_word' id='word_1_584' title='bbox 2735 4455 2863 4500; x_wconf 76' lang='lat' dir='ltr'><strong>xlv.</strong></span> <span class='ocrx_word' id='word_1_585' title='bbox 2927 4438 3209 4499; x_wconf 86' lang='lat' dir='ltr'><strong>Sanchez</strong></span> <span class='ocrx_word' id='word_1_586' title='bbox 3249 4439 3356 4499; x_wconf 91' lang='lat' dir='ltr'><strong>lib.</strong></span> <span class='ocrx_word' id='word_1_587' title='bbox 3407 4440 3511 4500; x_wconf 91' lang='lat' dir='ltr'><strong>Ill.</strong></span> <span class='ocrx_word' id='word_1_588' title='bbox 3566 4438 3789 4501; x_wconf 77' lang='lat' dir='ltr'><strong>Consil.</strong></span> <span class='ocrx_word' id='word_1_589' title='bbox 3840 4459 3992 4521; x_wconf 87' lang='lat' dir='ltr'><strong>cap.</strong></span> 
     </span>
     <span class='ocr_line' id='line_1_94' title="bbox 2451 4531 3992 4611; baseline 0.001 -17"><span class='ocrx_word' id='word_1_590' title='bbox 2451 4532 2656 4608; x_wconf 87' lang='lat' dir='ltr'><strong>unice,</strong></span> <span class='ocrx_word' id='word_1_591' title='bbox 2689 4531 2839 4594; x_wconf 91' lang='lat' dir='ltr'><strong>dub.</strong></span> <span class='ocrx_word' id='word_1_592' title='bbox 2872 4547 2958 4591; x_wconf 85' lang='lat' dir='ltr'><strong>1v.</strong></span> <span class='ocrx_word' id='word_1_593' title='bbox 2995 4535 3057 4591; x_wconf 89' lang='lat' dir='ltr'><strong>et</strong></span> <span class='ocrx_word' id='word_1_594' title='bbox 3084 4531 3190 4592; x_wconf 90' lang='lat' dir='ltr'><strong>alii</strong></span> <span class='ocrx_word' id='word_1_595' title='bbox 3218 4531 3385 4611; x_wconf 90' lang='lat' dir='ltr'><strong>apud</strong></span> <span class='ocrx_word' id='word_1_596' title='bbox 3415 4532 3684 4592; x_wconf 88' lang='lat' dir='ltr'><strong>Dianam</strong></span> <span class='ocrx_word' id='word_1_597' title='bbox 3710 4534 3789 4594; x_wconf 90' lang='lat'><strong>11.</strong></span> <span class='ocrx_word' id='word_1_598' title='bbox 3824 4538 3992 4596; x_wconf 88' lang='lat' dir='ltr'><strong>tom.</strong></span> 
     </span>
     <span class='ocr_line' id='line_1_95' title="bbox 2447 4623 3999 4689; baseline 0.002 -3"><span class='ocrx_word' id='word_1_599' title='bbox 2447 4633 2619 4686; x_wconf 81' lang='lat' dir='ltr'><strong>tract.</strong></span> <span class='ocrx_word' id='word_1_600' title='bbox 2656 4641 2715 4688; x_wconf 82' lang='lat' dir='ltr'><strong>v.</strong></span> <span class='ocrx_word' id='word_1_601' title='bbox 2750 4623 3070 4684; x_wconf 79' lang='lat' dir='ltr'><strong>miscellan.</strong></span> <span class='ocrx_word' id='word_1_602' title='bbox 3103 4625 3364 4685; x_wconf 90' lang='lat' dir='ltr'><strong>resolut.</strong></span> <span class='ocrx_word' id='word_1_603' title='bbox 3400 4628 3500 4686; x_wconf 88' lang='grc'><strong>98.</strong></span> <span class='ocrx_word' id='word_1_604' title='bbox 3536 4631 3599 4687; x_wconf 88' lang='lat' dir='ltr'><strong>et</strong></span> <span class='ocrx_word' id='word_1_605' title='bbox 3627 4626 3736 4686; x_wconf 86' lang='lat' dir='ltr'><strong>alii</strong></span> <span class='ocrx_word' id='word_1_606' title='bbox 3763 4646 3999 4689; x_wconf 82' lang='lat' dir='ltr'><strong>recen·</strong></span> 
     </span>
     <span class='ocr_line' id='line_1_96' title="bbox 2446 4716 3991 4797; baseline 0.001 -17"><span class='ocrx_word' id='word_1_607' title='bbox 2446 4719 2638 4780; x_wconf 88' lang='lat' dir='ltr'><strong>tiores</strong></span> <span class='ocrx_word' id='word_1_608' title='bbox 2667 4716 3115 4791; x_wconf 87' lang='lat' dir='ltr'><strong>communiter;</strong></span> <span class='ocrx_word' id='word_1_609' title='bbox 3150 4721 3212 4779; x_wconf 90' lang='lat' dir='ltr'><strong>ct</strong></span> <span class='ocrx_word' id='word_1_610' title='bbox 3230 4716 3542 4797; x_wconf 85' lang='lat' dir='ltr'><strong>colligitur</strong></span> <span class='ocrx_word' id='word_1_611' title='bbox 3572 4737 3647 4778; x_wconf 79' lang='lat' dir='ltr'><strong>ex</strong></span> <span class='ocrx_word' id='word_1_612' title='bbox 3668 4721 3734 4781; x_wconf 89' lang='lat' dir='ltr'><strong>S.</strong></span> <span class='ocrx_word' id='word_1_613' title='bbox 3752 4721 3991 4782; x_wconf 82' lang='lat' dir='ltr'><strong>Thom.</strong></span> 
     </span>
     <span class='ocr_line' id='line_1_97' title="bbox 2447 4810 4001 4893; baseline 0.003 -21"><span class='ocrx_word' id='word_1_614' title='bbox 2447 4811 2595 4872; x_wconf 90' lang='lat' dir='ltr'><strong>dict.</strong></span> <span class='ocrx_word' id='word_1_615' title='bbox 2642 4811 2863 4889; x_wconf 83' lang='lat' dir='ltr'><strong>quaest.</strong></span> <span class='ocrx_word' id='word_1_616' title='bbox 2899 4825 3087 4870; x_wconf 78' lang='lat' dir='ltr'><strong>vau.</strong></span> <span class='ocrx_word' id='word_1_617' title='bbox 3135 4811 3253 4870; x_wconf 89' lang='lat' dir='ltr'><strong>art.</strong></span> <span class='ocrx_word' id='word_1_618' title='bbox 3287 4812 3347 4870; x_wconf 90' lang='lat'><strong>3.</strong></span> <span class='ocrx_word' id='word_1_619' title='bbox 3398 4810 3482 4870; x_wconf 90' lang='lat' dir='ltr'><strong>ad</strong></span> <span class='ocrx_word' id='word_1_620' title='bbox 3510 4811 3788 4889; x_wconf 86' lang='lat' dir='ltr'><strong>tertium,</strong></span> <span class='ocrx_word' id='word_1_621' title='bbox 3832 4833 4001 4893; x_wconf 86' lang='lat' dir='ltr'><strong>pro-</strong></span> 
     </span>
     <span class='ocr_line' id='line_1_98' title="bbox 2446 4903 3991 4983; baseline 0.003 -19"><span class='ocrx_word' id='word_1_622' title='bbox 2446 4903 2632 4964; x_wconf 86' lang='lat' dir='ltr'><strong>batur</strong></span> <span class='ocrx_word' id='word_1_623' title='bbox 2654 4920 2730 4962; x_wconf 84' lang='lat' dir='ltr'><strong>ex</strong></span> <span class='ocrx_word' id='word_1_624' title='bbox 2758 4920 2896 4979; x_wconf 91' lang='lat' dir='ltr'><strong>cap.</strong></span> <span class='ocrx_word' id='word_1_625' title='bbox 2932 4905 2988 4962; x_wconf 82' lang='lat' dir='ltr'><strong>l.</strong></span> <span class='ocrx_word' id='word_1_626' title='bbox 3021 4905 3080 4965; x_wconf 78' lang='lat'><strong>2.</strong></span> <span class='ocrx_word' id='word_1_627' title='bbox 3115 4905 3177 4963; x_wconf 91' lang='lat' dir='ltr'><strong>et</strong></span> <span class='ocrx_word' id='word_1_628' title='bbox 3204 4907 3262 4962; x_wconf 79' lang='lat'><strong>4.</strong></span> <span class='ocrx_word' id='word_1_629' title='bbox 3296 4906 3356 4963; x_wconf 81' lang='lat'><strong>2.</strong></span> <span class='ocrx_word' id='word_1_630' title='bbox 3392 4909 3614 4983; x_wconf 85' lang='lat' dir='ltr'><strong>quaest.</strong></span> <span class='ocrx_word' id='word_1_631' title='bbox 3654 4909 3709 4966; x_wconf 78' lang='lat'><strong>1.</strong></span> <span class='ocrx_word' id='word_1_632' title='bbox 3772 4926 3799 4962; x_wconf 80' lang='grc' dir='ltr'>α</span> <span class='ocrx_word' id='word_1_633' title='bbox 3826 4907 3991 4983; x_wconf 84' lang='lat' dir='ltr'><strong>Nos,</strong></span> 
     </span>
     <span class='ocr_line' id='line_1_99' title="bbox 2447 4995 3994 5076; baseline 0.003 -20"><span class='ocrx_word' id='word_1_634' title='bbox 2447 4996 2648 5076; x_wconf 91' lang='lat' dir='ltr'><strong>inquit</strong></span> <span class='ocrx_word' id='word_1_635' title='bbox 2662 4995 3047 5074; x_wconf 79' lang='lat' dir='ltr'><strong>Augustinus</strong></span> <span class='ocrx_word' id='word_1_636' title='bbox 3075 4995 3183 5072; x_wconf 81' lang='lat' dir='ltr'><strong>ibi,</strong></span> <span class='ocrx_word' id='word_1_637' title='bbox 3218 4996 3278 5055; x_wconf 92' lang='lat' dir='ltr'><strong>in</strong></span> <span class='ocrx_word' id='word_1_638' title='bbox 3312 5015 3695 5076; x_wconf 87' lang='lat' dir='ltr'><strong>quemquam</strong></span> <span class='ocrx_word' id='word_1_639' title='bbox 3727 5005 3994 5061; x_wconf 86' lang='lat' dir='ltr'><strong>seuten-</strong></span> 
     </span>
     <span class='ocr_line' id='line_1_100' title="bbox 2443 5089 3997 5168; baseline 0.003 -18"><span class='ocrx_word' id='word_1_640' title='bbox 2443 5089 2597 5151; x_wconf 87' lang='lat' dir='ltr'><strong>tiam</strong></span> <span class='ocrx_word' id='word_1_641' title='bbox 2626 5089 2787 5149; x_wconf 85' lang='lat' dir='ltr'><strong>ferre</strong></span> <span class='ocrx_word' id='word_1_642' title='bbox 2844 5106 2969 5148; x_wconf 91' lang='lat' dir='ltr'><strong>non</strong></span> <span class='ocrx_word' id='word_1_643' title='bbox 3022 5107 3375 5168; x_wconf 80' lang='lat' dir='ltr'><strong>possumuS,</strong></span> <span class='ocrx_word' id='word_1_644' title='bbox 3437 5090 3556 5150; x_wconf 88' lang='lat' dir='ltr'><strong>nisi</strong></span> <span class='ocrx_word' id='word_1_645' title='bbox 3602 5095 3714 5153; x_wconf 87' lang='lat' dir='ltr'><strong>aut</strong></span> <span class='ocrx_word' id='word_1_646' title='bbox 3756 5097 3997 5155; x_wconf 84' lang='lat' dir='ltr'><strong>contra</strong></span> 
     </span>
     <span class='ocr_line' id='line_1_101' title="bbox 2444 5181 3996 5261; baseline 0.003 -18"><span class='ocrx_word' id='word_1_647' title='bbox 2444 5181 2821 5258; x_wconf 83' lang='lat' dir='ltr'><strong>convictum,</strong></span> <span class='ocrx_word' id='word_1_648' title='bbox 2874 5185 2983 5243; x_wconf 88' lang='lat' dir='ltr'><strong>aut</strong></span> <span class='ocrx_word' id='word_1_649' title='bbox 3026 5185 3249 5261; x_wconf 89' lang='lat' dir='ltr'><strong>sponte</strong></span> <span class='ocrx_word' id='word_1_650' title='bbox 3291 5182 3672 5244; x_wconf 87' lang='lat' dir='ltr'><strong>confessum.</strong></span> <span class='ocrx_word' id='word_1_651' title='bbox 3707 5208 3734 5241; x_wconf 76' lang='lat' dir='ltr'>u</span> <span class='ocrx_word' id='word_1_652' title='bbox 3797 5184 3996 5248; x_wconf 82' lang='lat' dir='ltr'><strong>Idem</strong></span> 
     </span>
     <span class='ocr_line' id='line_1_102' title="bbox 2445 5274 3995 5355; baseline 0.003 -20"><span class='ocrx_word' id='word_1_653' title='bbox 2445 5274 2713 5336; x_wconf 88' lang='lat' dir='ltr'><strong>habetur</strong></span> <span class='ocrx_word' id='word_1_654' title='bbox 2735 5274 2798 5334; x_wconf 91' lang='lat' dir='ltr'><strong>in</strong></span> <span class='ocrx_word' id='word_1_655' title='bbox 2829 5292 2968 5352; x_wconf 90' lang='lat' dir='ltr'><strong>cap.</strong></span> <span class='ocrx_word' id='word_1_656' title='bbox 3005 5274 3380 5354; x_wconf 79' lang='lat' dir='ltr'><strong>Consuluisti,</strong></span> <span class='ocrx_word' id='word_1_657' title='bbox 3408 5292 3479 5337; x_wconf 82' lang='lat'><strong>11.</strong></span> <span class='ocrx_word' id='word_1_658' title='bbox 3516 5295 3622 5355; x_wconf 91' lang='lat' dir='ltr'><strong>qu.</strong></span> <span class='ocrx_word' id='word_1_659' title='bbox 3656 5281 3714 5338; x_wconf 74' lang='lat'><strong>4.</strong></span> <span class='ocrx_word' id='word_1_660' title='bbox 3749 5281 3809 5338; x_wconf 87' lang='lat' dir='ltr'><strong>et</strong></span> <span class='ocrx_word' id='word_1_661' title='bbox 3839 5280 3995 5341; x_wconf 83' lang='lat' dir='ltr'><strong>aliis</strong></span> 
     </span>
     <span class='ocr_line' id='line_1_103' title="bbox 2444 5367 2677 5429; baseline 0.009 -2"><span class='ocrx_word' id='word_1_662' title='bbox 2444 5367 2677 5429; x_wconf 89' lang='lat' dir='ltr'><strong>multis.</strong></span> 
     </span>
    </p>

    <p class='ocr_par' dir='ltr' id='par_1_11' title="bbox 2527 5460 3995 5545">
     <span class='ocr_line' id='line_1_104' title="bbox 2527 5460 3995 5545; baseline 0.004 -22"><span class='ocrx_word' id='word_1_663' title='bbox 2527 5460 2706 5523; x_wconf 85' lang='lat' dir='ltr'><strong>Ratio</strong></span> <span class='ocrx_word' id='word_1_664' title='bbox 2737 5464 2949 5524; x_wconf 87' lang='lat' dir='ltr'><strong>autem</strong></span> <span class='ocrx_word' id='word_1_665' title='bbox 2981 5464 3114 5536; x_wconf 80' lang='lat' dir='ltr'><strong>est3</strong></span> <span class='ocrx_word' id='word_1_666' title='bbox 3168 5462 3316 5544; x_wconf 86' lang='lat' dir='ltr'><strong>quia</strong></span> <span class='ocrx_word' id='word_1_667' title='bbox 3345 5462 3592 5526; x_wconf 83' lang='lat' dir='ltr'><strong>etiamsi</strong></span> <span class='ocrx_word' id='word_1_668' title='bbox 3618 5464 3995 5545; x_wconf 83' lang='lat' dir='ltr'><strong>respublica</strong></span> 
     </span>
    </p>
   </div>
   <div class='ocr_carea' id='block_1_8' title="bbox 4135 5466 4191 5521">
    <p class='ocr_par' dir='ltr' id='par_1_12' title="bbox 4135 5466 4191 5521">
     <span class='ocr_line' id='line_1_105' title="bbox 4135 5466 4191 5521; baseline -0.018 0"><span class='ocrx_word' id='word_1_669' title='bbox 4135 5466 4191 5521; x_wconf 81' lang='lat'><strong>51</strong></span> 
     </span>
    </p>
   </div>
   <div class='ocr_carea' id='block_1_9' title="bbox 4224 4953 4234 6311">
    <p class='ocr_par' dir='ltr' id='par_1_13' title="bbox 4224 4953 4234 6311">
     <span class='ocr_line' id='line_1_106' title="bbox 4224 4953 4234 6311; baseline 0 0"><span class='ocrx_word' id='word_1_670' title='bbox 4224 4953 4234 6311; x_wconf 95' lang='lat' dir='ltr'><strong> </strong></span> 
     </span>
    </p>
   </div>
  </div>
 </body>
</html>
