4263 6376
780 315 901 376 602

785 511 929 552 nem
957 493 1034 552 de
1093 512 1157 553 se
1219 494 1470 556 factam.
1538 495 1714 568 Quod
1765 496 2059 574 explicari
2114 501 2320 577 potest

787 585 1072 664 exemplo
1104 587 1424 665 emptoria„
1459 588 1561 648 cui
1613 605 1714 648 res
1771 593 1984 667 empta
2039 589 2318 651 nondum

787 683 883 740 est
910 678 1169 740 tradita:
1206 678 1398 741 babet
1427 681 1592 740 enim
1624 679 1729 759 jus
1759 686 1978 742 contra
2033 683 2319 743 vendito-

787 789 944 847 rem,
982 790 1058 831 ne
1089 790 1221 832 rem
1253 773 1427 833 illam
1476 773 1712 834 vendat
1739 778 1800 835 et
1833 774 2044 836 tradat
2096 775 2313 836 alteri:

786 864 836 924 si
866 869 1078 924 tamen
1113 865 1403 926 venditor
1432 885 1506 925 ex
1537 866 1796 943 malitia,
1834 868 1931 927 vel
1964 868 2319 945 ignorantia

781 975 915 1016 rem
984 951 1194 1018 alteri'
1225 958 1508 1020 vendidit
1559 963 1621 1020 et
1687 959 1963 1036 tradidit,
2024 960 2321 1023 transfert

784 1049 996 1129 utique
1019 1050 1363 1111 dominium
1393 1052 1457 1111 in
1476 1052 1671 1129 illum,
1705 1070 1819 1113 nec
1849 1058 2069 1131 peccat
2097 1072 2320 1114 secun-

783 1141 900 1202 dus
951 1147 1197 1220 emptor
1246 1143 1582 1204 deferendo
1636 1145 1893 1206 domum
1950 1165 2128 1205 suam
2184 1165 2319 1206 rem

784 1240 1095 1313 emptam:
1124 1235 1271 1314 quia
1313 1238 1448 1315 jam
1479 1256 1591 1315 per
1619 1238 1960 1298 secundam
2006 1240 2320 1301 venditio-

786 1346 928 1388 nem
963 1331 1025 1388 et
1050 1327 1477 1404 traditionem,
1515 1329 1706 1392 habet
1755 1332 1978 1392 melius
2020 1332 2124 1409 jus
2158 1333 2220 1393 in
2250 1353 2318 1394 re

784 1419 890 1480 illa
922 1439 1110 1498 quam
1164 1421 1401 1497 primus
1432 1429 1698 1501 emptor,
1736 1444 1851 1485 nec
1884 1444 1997 1503 per
2026 1425 2144 1486 hoc
2175 1444 2320 1487 coo-

785 1518 1040 1590 peratur
1067 1513 1388 1591 injustitiae
1419 1516 1762 1578 venditoris
1788 1538 1801 1590 ;
1847 1517 1982 1597 jam
2010 1519 2177 1579 enim
2206 1539 2321 1599 po-

784 1606 904 1666 sita
940 1611 1034 1667 est
1063 1610 1190 1668 tota
1221 1606 1522 1686 injustitia
1552 1610 1615 1669 in
1644 1611 1921 1671 secunda
1952 1612 2316 1673 venditione

785 1704 846 1760 et
876 1698 1206 1760 traditione
1233 1720 1247 1772 ;
1286 1700 1364 1760 ad
1396 1719 1587 1780 quam
1617 1703 2086 1781 impediendam
2128 1705 2320 1765 habe-

783 1791 893 1853 bat
920 1791 1018 1871 jus
1049 1792 1285 1870 primus
1341 1798 1623 1871 emptor:
1685 1795 1790 1855 illa
1847 1801 2055 1857 tamen
2090 1799 2314 1876 posita,

784 1903 907 1945 non
930 1884 1121 1947 habet
1143 1884 1247 1964 jus
1277 1892 1497 1947 contra
1542 1889 1888 1949 secundum
1940 1898 2312 1969 emptorem.

786 1978 886 2038 Sic
911 1978 975 2036 in
1008 1983 1219 2038 nostro
1251 1996 1397 2039 casu
1431 1983 1632 2042 totum
1656 1981 1760 2060 jus
1786 1982 2089 2060 dignioris
2120 1989 2318 2044 estne

786 2070 1088 2130 electores
1105 2070 1311 2149 ipsum
1341 2072 1671 2133 omittant:
1697 2073 1745 2134 si
1778 2079 1986 2134 tamen
2025 2094 2097 2135 eo
2131 2077 2321 2136 omis-

785 2180 854 2223 so
892 2162 1050 2222 alius
1099 2163 1400 2240 eligatur:
1429 2163 1561 2242 ,iam
1618 2164 1804 2243 hujus
1857 2186 2048 2228 causa
2101 2170 2323 2229 melior

788 2259 903 2328 est,
940 2254 1086 2333 quia
1109 2272 1231 2314 non
1264 2256 1464 2315 solum
1497 2256 1688 2319 habet
1705 2259 1952 2321 titulum
1982 2266 2315 2339 remotum,

783 2346 894 2407 sed
919 2347 1273 2425 proximum
1303 2349 1385 2408 ad
1438 2350 1887 2428 possidendum
1915 2355 2316 2431 beneficium,

785 2443 847 2500 et
881 2440 1266 2518 acceptando
1298 2460 1418 2502 non
1455 2446 1546 2502 est
1577 2461 1763 2504 causa
1825 2445 2069 2525 injustae
2129 2448 2323 2509 actio-

787 2531 905 2608 nis,
941 2533 1089 2611 quia
1143 2537 1274 2594 tota
1329 2534 1635 2614 injustitia
1692 2538 2012 2600 electionis
2057 2542 2193 2619 jam
2229 2544 2322 2602 est

786 2625 1010 2703 posita,
1047 2626 1189 2686 etid
1220 2627 1387 2705 quod
1408 2628 1692 2707 sequitur
1720 2649 1844 2691 non
1869 2636 1961 2692 est
1990 2632 2316 2712 injustum,

783 2719 894 2780 sed
920 2718 1197 2799 justum;
1233 2721 1467 2781 electus
1512 2722 1679 2781 enim
1738 2724 1943 2784 valide
1974 2725 2167 2787 habet
2214 2728 2320 2805 jus

785 2812 866 2873 ad
883 2813 1341 2890 acceptandum
1374 2818 1435 2874 et
1462 2815 1909 2892 possidendum
1937 2835 1951 2880 ε
1988 2824 2195 2896 potest
2223 2838 2323 2879 er-

783 2924 863 2981 go
893 2903 1061 2983 juste
1117 2910 1182 2967 et
1232 2904 1397 2966 licite
1457 2911 1810 2986 acceptare,
1853 2913 2139 2989 quamvis
2197 2931 2320 2973 non

786 2997 1090 3074 potuisset
1110 2996 1278 3074 juste
1306 3002 1519 3075 petere
1576 3001 1944 3064 electionem
2001 3005 2314 3080 absolute,

785 3093 855 3149 ut
884 3087 1119 3148 dictum
1150 3094 1264 3165 est,
1289 3091 1434 3169 quia
1464 3096 1615 3152 tunc
1644 3095 1922 3171 petiisset
1955 3096 2196 3175 aliquid
2227 3098 2323 3155 in-

775 3179 1014 3259 justum
1030 3184 1091 3242 et
1118 3185 1911 3265 cooperareturinjustitiae:
1936 3209 2123 3269 accep
2136 3191 2321 3251 tando

788 3278 1001 3334 tamen
1032 3293 1155 3335 non
1187 3282 1581 3355 cooperatur,
1617 3280 1762 3358 quia
1791 3300 1918 3360 lam
1948 3283 2187 3343 invenit
2216 3302 2324 3362 po-

788 3368 973 3429 sitam
1001 3372 1195 3429 totam
1220 3369 1587 3449 injustitiam
1610 3373 1950 3452 electioni8‚
1976 3382 2038 3438 et
2057 3376 2120 3436 id
2153 3378 2321 3456 quod

790 3466 985 3523 restat
1024 3480 1144 3522 non
1179 3463 1460 3541 sequitur
1488 3463 1736 3542 injuste,
1770 3468 1879 3528 sed
1904 3468 2093 3547 juste.

867 3556 1070 3631 DiceS,
1110 3556 1299 3615 etiam
1355 3561 1495 3634 post
1546 3558 1911 3621 electionem
1960 3563 2324 3624 conceditur

788 3648 1056 3728 digniori
1091 3649 1320 3710 omisso
1350 3649 1413 3708 in
1456 3668 1764 3712 concursu
1826 3654 1906 3713 ad
1944 3655 2321 3716 beneficium

788 3742 1145 3821 parochiale
1176 3742 1511 3822 appellatio
1570 3745 1649 3804 ad
1705 3747 2131 3824 superiorem;
2166 3766 2316 3827 ergo

790 3835 997 3896 adhuc
1055 3836 1242 3898 habet
1288 3835 1393 3916 jus
1448 3838 1668 3898 melius
1725 3859 1913 3919 quam
1970 3841 2224 3917 electuS,
2270 3843 2322 3902 si

791 3929 1069 4006 quidem,
1104 3929 1156 3989 si
1198 3929 1421 4007 probet
1452 3950 1776 3992 excessum
1834 3934 2177 4012 dignitatis,
2211 3953 2323 3995 au-

791 4022 948 4083 feret
979 4041 1090 4099 per
1118 4024 1490 4084 sententiam
1523 4025 1601 4084 ab
1634 4044 1707 4085 eo
1737 4026 2138 4087 beneficium.
2176 4030 2323 4088 Res-

791 4114 1123 4192 pondetur,
1160 4114 1394 4175 habere
1428 4117 1680 4196 quidem
1726 4119 2075 4196 digniorem
2098 4120 2223 4200 jus,
2258 4127 2327 4181 ut

792 4226 903 4285 per
930 4208 1311 4269 sententiam
1331 4211 1615 4271 revocari
1644 4212 1838 4288 possit
1866 4212 2039 4290 prior
2066 4213 2283 4275 electio
2306 4233 2321 4286 ;

790 4300 1069 4378 quandiu
1100 4304 1310 4361 tamen
1342 4320 1456 4381 per
1480 4304 1857 4364 sententiam
1915 4323 2041 4365 non
2070 4324 2323 4366 revoca·

791 4397 912 4468 tur,
940 4393 1162 4452 melius
1184 4393 1289 4472 jus
1321 4395 1510 4455 habet
1539 4396 1797 4473 electu8‚
1832 4397 1933 4458 cui
1988 4397 2048 4457 in
2103 4399 2324 4459 eadem

791 4485 965 4547 bulla
992 4505 1280 4564 expresse
1312 4488 1696 4565 conceditur,
1736 4493 1805 4550 ut
1826 4490 2014 4550 etiam
2046 4492 2327 4568 penden-

797 4585 858 4640 te
879 4580 1297 4658 appellatione
1355 4581 1681 4660 dignioriS,
1741 4582 1925 4643 detur
1982 4601 2048 4662 pc

793 4677 859 4733 et
917 4677 1325 4733 conservetur
1366 4673 1424 4732 in
1486 4674 1832 4748 beneficio;
1869 4676 2038 4736 unde

792 4765 999 4843 ipsum
1029 4784 1150 4825 non
1211 4784 1474 4844 peccare
1531 4768 1938 4846 acceptando.
1974 4771 2048 4847 Α]

792 4858 1002 4937 itaque
1033 4859 1398 4919 conceditur
1426 4860 1485 4920 in
1520 4861 1732 4920 odium
1792 4861 2019 4940 iniquae

794 4951 888 5012 nis
919 4951 1349 5030 praecedentis,
1405 4958 1462 5013 et
1493 4954 1556 5012 in
1586 4954 1874 5015 solatium
1905 4954 2048 5032 dign

784 5047 953 5124 juste
980 5045 1382 5122 proetermissi
1418 5062 1430 5107 :
1468 5064 1591 5106 non
1621 5052 1830 5108 tamen
1863 5048 1932 5108 fit
1975 5067 2048 5128 qu

791 5137 996 5217 posita
1019 5137 1455 5216 appellatione,
1487 5145 1599 5201 aut
1626 5157 1701 5199 ea
1758 5139 2048 5219 pendent«

795 5250 918 5291 non
950 5235 1196 5292 constat
1248 5231 1328 5290 de
1384 5230 1689 5310 injustitia
1743 5252 1871 5293 suae
1923 5251 2048 5294 cau:

796 5325 1028 5385 habeat
1056 5324 1290 5385 electus
1341 5325 1564 5385 melius
1587 5326 1690 5405 jus
1722 5326 1802 5386 ad
1834 5327 2048 5388 interit

795 5418 1107 5478 alendum:
1151 5418 1288 5496 plus
1347 5418 1513 5478 enim
1563 5418 1724 5498 juris
1777 5421 1884 5481 dat
1946 5421 2048 5499 dig

796 5509 1017 5574 electio
1065 5510 1295 5588 valida,
1352 5531 1540 5592 quam
1596 5512 1801 5593 major
1855 5514 2048 5593 dignit

1913 319 2014 380 DE
2055 321 2406 382 JUSTITIA
2453 320 2553 381 ET
2595 318 2793 382 JURE

2417 494 2718 575 quamdiu
2750 493 2969 553 electio
2993 511 3115 553 non
3147 495 3506 554 revocatur.
3572 494 3651 554 Et
3704 492 3826 552 haec
3853 492 3921 549 d«-

2417 589 2618 667 primo
2649 590 2906 666 puncto,
2940 605 3020 646 an
3050 591 3271 666 peccet
3309 586 3519 646 minus
3567 585 3785 663 dignus
3831 602 3930 663 pe-

2416 681 2607 744 tendo
2635 681 2735 741 vel
2768 679 3179 758 acceptando,

2499 776 2674 834 Nunc
2705 773 2988 833 dicamus
3018 772 3094 832 de
3126 773 3426 848 secundo,
3461 791 3539 834 an
3561 819 3576 848 ‚
3610 776 3674 834 et
3701 771 3936 851 quando
4086 764 4186 826 95

2417 870 2708 927 teneatur
2735 865 2817 926 ad
2845 866 3301 927 restituendum
3331 865 3628 944 digniori,
3663 865 3824 944 quod
3853 869 3939 925 to·
4012 889 4218 945 φθόῃ

2416 961 2548 1020 tum
2580 959 2812 1037 pendet
2840 976 2914 1017 ex
2943 958 3339 1036 supradicitis
3361 1005 3379 1031 ,
3429 964 3494 1019 et
3521 958 3739 1037 regula
3764 974 3946 1036 gene-
3999 953 4217 1043 fg&

2416 1051 2563 1112 ralis
2594 1054 2708 1128 est,
2743 1054 2891 1111 tunc
2921 1052 3121 1114 teneri
3153 1052 3235 1111 ad
3252 1051 3733 1125 restitutionem,
3759 1067 3950 1128 quan·
4045 1058 4215 1114 «ii-‘nbi

2419 1145 2499 1205 do
2529 1144 2757 1224 injuste
2789 1144 2936 1205 fecit
2967 1144 3135 1223 quod
3167 1144 3418 1222 dignior
3437 1162 3561 1205 non
3591 1144 3952 1222 eligeretur,

2418 1256 2598 1298 secus
2653 1236 2906 1317 quando
2971 1237 3207 1316 absque
3257 1237 3560 1315 injustitia
3603 1235 3909 1315 processit
3940 1255 3955 1295 ε

2418 1349 2542 1391 non
2572 1331 2739 1391 enim
2767 1333 3019 1392 tenetur
3046 1348 3121 1389 ex
3149 1329 3381 1409 injusta
3409 1329 3799 1407 acceptione,
3818 1346 3961 1387 cum

2418 1423 2573 1482 nihil
2601 1423 2828 1502 injuste
2862 1422 3114 1495 feceritt,
3166 1441 3279 1482 nec
3327 1422 3517 1483 etiam
3565 1441 3641 1481 ex
3684 1440 3754 1482 re
3785 1439 3964 1481 acce-

2418 1519 2545 1593 pta,
2582 1516 2729 1594 quia
2763 1514 3140 1576 beneficium
3185 1532 3311 1574 non
3352 1518 3489 1575 erat
3530 1514 3772 1593 aliquid
3821 1532 3967 1592 pro-

2418 1608 2624 1687 prium
2655 1607 2957 1687 dignioris
2980 1653 2996 1683 ‚
3047 1612 3110 1668 et
3139 1608 3281 1668 licet
3311 1607 3414 1668 hic
3442 1607 3707 1669 haberet
3747 1606 3858 1686 jus
3884 1607 3965 1667 ad

2417 1719 2573 1776 rem,
2609 1704 2744 1761 erat
2772 1700 2974 1762 solum
3004 1700 3351 1763 mediatum
3372 1748 3387 1776 ,
3431 1704 3742 1780 quatenus
3775 1700 3966 1761 habet

2409 1794 2515 1872 jus
2525 1798 2593 1854 ut
2605 1793 2960 1872 eligeretur.
2972 1794 3176 1866 Quare
3192 1794 3419 1872 dignus
3435 1794 3673 1855 electus
3688 1793 3961 1854 habehat

2418 1904 2485 1946 se
2516 1891 2583 1947 ut
2611 1886 2902 1962 diximuS,
2938 1886 3099 1947 sicut
3124 1886 3437 1947 secundus
3469 1891 3718 1965 emptor
3743 1886 3842 1947 cui
3866 1906 3957 1945 res

2418 1979 2647 2040 tradita
2677 1984 2789 2055 est,
2823 1980 2901 2039 ad
2933 1997 3124 2058 quam
3150 1978 3431 2041 habebat
3467 1979 3573 2059 jus
3623 1979 3797 2058 prior
3835 1998 3950 2039 em·

2421 2077 2585 2150 pter,
2619 2072 2729 2132 sed
2787 2077 3000 2133 tamen
3042 2074 3358 2134 secundus
3404 2077 3652 2151 emptor
3692 2091 3811 2132 non
3853 2072 3944 2132 de-

2420 2165 2527 2226 bet
2584 2183 2724 2225 eam
2800 2167 3125 2227 restituere
3145 2212 3160 2241 ‚
3235 2167 3355 2226 nisi
3424 2165 3652 2245 injuste
3720 2165 3937 2236 fecerit,

2421 2259 2589 2337 quod
2620 2259 2822 2337 primo
2872 2259 3142 2337 emptori
3195 2277 3317 2319 non
3374 2259 3732 2320 traderetur
3762 2279 3775 2319 :
3807 2263 3937 2319 tunc

2419 2351 2587 2411 enim
2633 2355 2951 2412 teneretur
3004 2369 3078 2410 ex
3132 2351 3366 2429 injusta
3420 2352 3802 2430 acceptione,
3856 2350 3935 2410 sic

2421 2443 2647 2522 dignus
2737 2444 2971 2505 electus
3049 2443 3251 2504 solum
3329 2448 3580 2504 tenetur
3651 2443 3927 2521 digniori,

2421 2535 2673 2615 quando
2718 2535 2949 2615 injuste
2988 2536 3138 2597 fecit
3178 2536 3348 2616 quod
3397 2536 3500 2597 ille
3549 2554 3675 2596 non
3704 2537 3929 2614 eligere·

2421 2633 2544 2690 tur.

2502 2721 2659 2781 Hinc
2688 2722 2777 2798 sit,
2813 2722 2980 2801 quod
3024 2722 3271 2801 quoties
3312 2722 3541 2802 dignus
3592 2739 3713 2782 non
3757 2722 3928 2800 petiit,
4065 2722 4143 2779 <lt

2420 2814 2530 2875 sed
2558 2815 2691 2892 ipso
2716 2832 2841 2874 non
2868 2819 3117 2892 petente
3144 2862 3158 2891 ,
3194 2815 3292 2875 vel
3323 2819 3704 2893 procurante
3731 2815 3934 2875 electus
3970 2845 4159 2905 W

2420 2907 2557 2982 fuit,
2591 2907 2670 2968 ad
2704 2907 2857 2967 nihil
2887 2910 3197 2968 teneatur.
3234 2908 3409 2968 Idem
3438 2911 3554 2983 est,
3590 2908 3831 2987 quando
3847 2926 3932 2986 pe·
4010 2898 4190 2948 μ’*

2422 3000 2539 3075 tiit,
2574 3000 2686 3060 sed
2723 2999 2891 3078 juste
2923 3005 2986 3061 et
3015 3000 3226 3062 debito
3275 3001 3465 3062 modo
3493 3048 3507 3076 ,
3552 3001 3808 3073 scilicet,
3854 3001 3930 3060 vel

2423 3092 2771 3154 dubitando
2801 3091 3185 3169 de‘excessu,
3223 3098 3285 3153 et
3313 3092 3705 3172 subjiciendo
3725 3113 3785 3153 se
3812 3113 3934 3153 exa·

2422 3183 2596 3261 mini,
2633 3185 2726 3245 vel
2758 3185 3029 3264 petendo
3047 3204 3171 3246 non
3202 3186 3487 3248 absolute
3517 3187 3632 3248 sed
3661 3187 3932 3249 conditio-

2425 3283 2566 3339 nate
2597 3279 2785 3339 modo
2814 3297 3005 3357 supra
3036 3280 3343 3357 explicato
3369 3326 3385 3356 ,
3434 3298 3663 3359 nempe
3694 3281 3928 3360 petendo

2422 3372 2624 3432 solum
2646 3370 2751 3451 jus
2776 3390 2957 3432 suum
2989 3371 3105 3432 sibi
3141 3373 3414 3449 servari,
3466 3373 3589 3433 hoc
3631 3379 3758 3450 est,
3787 3374 3927 3454 quod

2423 3484 2544 3525 non
2593 3468 3075 3543 postponeretur
3125 3465 3334 3526 minus
3378 3465 3620 3545 digniS‚
3654 3468 3750 3527 vel
3787 3466 3927 3547 quod

2421 3558 2824 3636 praefcrretur
2868 3574 3048 3634 aeque
3098 3557 3305 3636 dignis
3348 3577 3498 3618 casu
3543 3578 3671 3639 quo
3716 3560 3929 3638 dignior

2421 3669 2546 3711 non
2576 3655 2740 3711 esset
2769 3650 3114 3728 eligendus
3149 3653 3217 3712 In
3249 3652 3474 3730 quibus
3504 3654 3779 3730 casibuS,
3808 3671 3927 3714 cum

2423 3744 2658 3804 nullam
2687 3742 2978 3821 injuriam
3012 3744 3280 3822 digniori
3305 3744 3607 3823 intulerit,
3635 3752 3695 3807 et
3709 3746 3929 3807 aliunde

2415 3837 2550 3916 jam
2580 3856 2655 3896 ex
2685 3836 2890 3897 valida
2920 3837 3015 3896 sui
3048 3837 3351 3898 electione
3378 3839 3604 3900 melius
3621 3840 3838 3900 habeat
3845 3838 3931 3917 jus

2424 3949 2612 4010 quam
2646 3929 2913 4008 dignior,
2948 3948 3029 3989 an
3060 3929 3216 3990 nihil
3244 3931 3303 3990 ei
3331 3934 3605 3993 tenetur.
3628 3933 3796 3995 Unde
3815 3950 3931 3991 rur·

2425 4043 2528 4083 sus
2556 4025 2626 4084 fit
2655 4024 2823 4101 quod
2852 4023 2919 4082 in
2948 4023 3023 4083 iis
3054 4024 3302 4084 casibus
3321 4070 3336 4099 ,
3385 4024 3449 4084 in
3481 4025 3707 4104 quibus
3734 4025 3929 4085 electo-

2423 4135 2523 4176 res
2554 4135 2675 4176 non
2706 4116 3082 4178 tenebantur
3111 4117 3442 4196 exjustitia
3468 4118 3698 4196 eligere
3717 4117 3927 4194 dignio-

2424 4228 2579 4285 rem,
2624 4214 2731 4269 aut
2780 4209 2963 4289 juxta
3000 4228 3142 4270 eam
3188 4211 3564 4273 sententiam
3604 4229 3737 4290 quae
3767 4210 3924 4271 talem

2424 4303 2871 4381 obligationem
2928 4304 2992 4363 in
3049 4304 3425 4379 eligentibus
3485 4308 3688 4382 negat,
3735 4320 3923 4363 conse·

2426 4400 2689 4475 quenter
2718 4396 3053 4456 dicendum
3078 4397 3178 4472 sit,
3214 4397 3482 4457 electum
3512 4415 3632 4456 non
3657 4394 3835 4456 teneri
3850 4390 3913 4450 ad

2425 4489 2880 4550 restitutionem
2901 4536 2914 4563 ,
2949 4489 3094 4550 licet
3122 4488 3538 4551 determinate
3584 4487 3809 4563 petierit
3830 4484 3914 4544 sui
