4263 6376
100 5480 138 5536 4

1259 435 1731 498 DISPUTATIO
1776 433 2081 512 XXXVII,
2129 434 2405 496 SEGTIO
2449 433 2554 496 vl.

3356 432 3471 490 697

384 618 657 689 Quartus
687 618 802 692 est,
858 614 1103 695 quoties
1139 614 1326 676 datur
1370 612 1638 692 suspicio
1668 631 1841 674 com-
1937 611 2108 673 tione
2139 610 2402 691 alicujus
2429 611 2780 691 procedunt
2808 609 2887 671 ad
2914 595 3246 690 specialem
3275 606 3476 688 inqui·
3525 623 3670 667 rma
3704 624 3821 679 iudi-

309 709 628 772 munitatis
657 712 876 770 contra
904 708 1200 788 aliquem,
1252 725 1391 786 quae
1420 706 1670 767 videtur
1695 725 1841 786 sup-

310 803 481 882 plere
524 802 730 863 vicem
774 800 1071 878 infamiae,
1131 801 1216 862 ita
1245 803 1582 877 Navarrus,
1643 803 1705 862 et
1734 799 1838 860 alii

312 896 476 976 apud
503 894 791 957 Lessium
820 912 1013 974 supra
1041 913 1105 956 n.
1144 897 1280 956 130.

387 987 640 1065 Quinto,
701 987 899 1067 excipi
956 987 1159 1048 solent
1196 985 1350 1047 vitia
1387 986 1572 1047 nimis
1606 984 1843 1046 atrocia

312 1086 372 1143 et
395 1081 639 1160 gravia.
674 1081 767 1141 Ita
791 1079 1026 1159 Angles
1054 1083 1116 1141 et
1144 1078 1251 1141 alii
1281 1078 1451 1158 apud
1481 1080 1718 1141 Suarez
1747 1077 1844 1138 di-

313 1177 409 1235 cto
437 1191 580 1253 cap.
612 1188 727 1235 xn.
785 1192 848 1233 n.
883 1177 942 1234 5.
979 1172 1085 1253 qui
1116 1176 1327 1235 tamen
1359 1172 1561 1232 solum
1590 1170 1710 1232 hoc
1737 1169 1842 1230 ad-

312 1265 536 1345 mittit,
597 1265 855 1346 quando
909 1264 1017 1326 illa
1078 1264 1306 1326 delicta
1370 1263 1726 1325 redundant
1777 1262 1844 1323 in

313 1378 508 1441 grave
531 1358 903 1420 scandalum
945 1357 1046 1418 vel
1079 1357 1528 1419 detrimentum
1569 1371 1845 1418 commu·

313 1452 560 1526 nitatis;
609 1469 735 1512 non
787 1451 986 1512 aliter.
1053 1452 1311 1511 Fatetur
1335 1453 1549 1511 tamen
1588 1452 1847 1529 propter

203 1584 215 1596 ·
315 1563 534 1609 eorum
561 1544 938 1624 gravitatem
964 1546 1028 1606 et
1048 1543 1442 1605 atrocitatem
1474 1560 1656 1621 posse
1686 1560 1846 1602 sem-

314 1657 427 1719 per
453 1636 686 1699 remitti
729 1636 968 1717 aliquid
1015 1636 1095 1696 de
1136 1635 1527 1714 plenitudine
1573 1634 1846 1695 infamioe

313 1732 631 1812 requisitae
678 1734 743 1792 et
768 1730 905 1791 fieri
935 1729 1404 1810 inquisitionem
1448 1746 1591 1790 cum
1619 1727 1846 1788 minori

312 1823 574 1886 infamia
614 1822 1033 1903 praecedente,
1092 1821 1346 1902 quando
1402 1821 1698 1883 delictum
1755 1824 1851 1884 est

311 1918 457 1995 tale,
509 1920 581 1979 ut
607 1916 713 1977 vix
737 1916 938 1996 possit
982 1915 1236 1996 corrigi,
1292 1914 1346 1975 si
1374 1914 1562 1994 plena
1588 1914 1849 1975 infamia

313 2013 700 2090 expectetur.

393 2105 607 2180 Sexto,
640 2100 949 2181 excipitur
975 2118 1158 2163 casus
1198 2100 1453 2180 quando
1501 2101 1853 2181 procedunt

315 2196 548 2258 indicia
601 2194 979 2256 sufficientia
1033 2198 1252 2256 contra
1314 2194 1783 2275 delinquentem
1832 2214 1847 2255 ε

316 2290 453 2352 haec
508 2288 676 2348 enim
731 2288 1027 2349 videntur
1092 2287 1384 2367 supplere
1437 2287 1640 2348 vicem
1695 2288 1854 2348 infa-

316 2383 609 2444 miae.1ta
657 2380 1024 2460 CajetanuS,
1079 2383 1141 2442 et
1184 2381 1370 2443 Sotus
1406 2380 1574 2460 apud
1621 2382 1854 2442 Suarez

317 2475 400 2537 ibi
433 2489 607 2537 num.
654 2477 752 2536 11.
804 2474 913 2554 qui
956 2477 1171 2536 tamen
1217 2491 1361 2534 cum
1408 2476 1686 2535 Navarro
1730 2493 1854 2535 non

314 2566 591 2629 admittit
617 2566 780 2626 hanc
827 2565 1258 2646 exceptionem
1301 2566 1420 2626 nisi
1459 2565 1691 2628 indicia
1734 2567 1858 2629 siut

314 2661 651 2722 manifesta
680 2662 743 2722 et
769 2658 1023 2739 publica
1056 2662 1252 2720 :tunc
1270 2661 1623 2721 autemnon
1646 2663 1741 2721 est
1756 2678 1856 2720 ex-

316 2754 564 2832 ceptio;
591 2751 728 2832 jam
756 2752 926 2814 enim
956 2770 1030 2812 ex
1060 2751 1209 2833 ipsis
1238 2751 1484 2813 indiciis
1525 2770 1857 2832 generare-

314 2850 421 2908 tur
446 2845 730 2907 infamia.

397 2940 702 3018 Septimo,
754 2937 948 2999 Addit
988 2937 1122 3017 ipse
1170 2939 1403 3000 Suarez
1443 2936 1632 2998 aliam
1679 2955 1861 3000 exce-

314 3032 600 3112 ptionem
629 3033 965 3093 conflatam
994 3049 1071 3092 ex
1105 3031 1318 3093 multis
1345 3030 1854 3109 circumstantiiS,

314 3123 576 3206 quando
623 3123 920 3185 nimirum
966 3123 1266 3185 delictum
1309 3128 1474 3187 esset
1511 3142 1767 3186 enorme
1800 3129 1862 3187 et

313 3219 683 3298 publicum3
725 3222 787 3279 et
824 3217 1025 3297 judex
1067 3218 1256 3280 sciret
1277 3235 1419 3279 esse
1465 3218 1696 3280 indicia
1738 3219 1861 3280 suf-

311 3311 594 3374 ficientia
623 3315 842 3373 contra
871 3312 1147 3391 aliquam
1175 3329 1533 3391 personam,
1570 3316 1634 3373 et
1661 3312 1864 3372 aliun-

317 3405 399 3466 de
449 3423 588 3465 esse
634 3404 958 3467 moraliter
1012 3404 1436 3466 necessarium
1490 3405 1571 3466 ad
1626 3405 1863 3466 bonum

314 3516 682 3575 commune,
717 3497 884 3577 quod
916 3502 1136 3560 auctor
1162 3497 1371 3559 delicti
1413 3498 1730 3578 puniatur,
1763 3496 1865 3559 vel

314 3596 584 3670 propter
634 3590 970 3651 imminens
1023 3590 1373 3671 periculum
1421 3609 1496 3651 ex
1541 3591 1648 3651 illo
1706 3589 1865 3652 deli-

309 3684 467 3747 licto
494 3729 510 3761 ,
561 3683 662 3744 vel
692 3683 842 3762 quia
885 3682 1030 3745 talis
1075 3683 1451 3745 conditionis
1479 3687 1593 3760 est,
1648 3687 1720 3745 ut
1745 3682 1866 3744 nisi

311 3795 466 3839 cum
521 3776 642 3837 illis
697 3775 946 3838 indiciis
999 3776 1375 3856 inquiratur,
1429 3776 1611 3837 facile
1656 3781 1867 3856 serpet

311 3870 378 3931 in
441 3868 809 3949 republica,
871 3886 988 3930 nec
1042 3868 1290 3948 publice
1344 3869 1578 3949 poterit
1630 3869 1859 3948 puniri.

172 3960 185 3972 ’
308 3964 518 4040 Tunc,
551 3961 777 4041 inquit,
810 3961 1041 4041 poterit
1077 3961 1275 4041 judex
1314 3962 1448 4023 sine
1483 3962 1868 4042 praecedenti

309 4055 581 4118 infamia
635 4055 955 4135 inquirere
1009 4072 1084 4115 ex
1139 4054 1344 4115 officio
1401 4059 1622 4116 contra
1689 4055 1866 4116 illam

308 4165 659 4231 personam
707 4147 1196 4227 particularem:
1230 4146 1309 4208 de
1357 4164 1482 4227 quo
1530 4164 1680 4208 casu
1721 4166 1864 4209 cum

307 4243 552 4306 talibus
580 4240 1067 4304 circumstantiis
1097 4258 1224 4302 non
1249 4240 1500 4302 videtur
1546 4259 1729 4319 posse
1757 4240 1868 4303 du-

308 4335 534 4398 bitari.

398 4428 639 4492 Ultimo
670 4428 978 4508 excipitur
1005 4428 1085 4489 ab
1115 4427 1441 4504 omnibus,
1494 4428 1745 4507 quando
1775 4428 1865 4489 in-

309 4521 579 4604 quisitio
609 4539 737 4583 non
764 4523 837 4583 fit
863 4521 942 4581 ad
976 4520 1366 4600 punitionem
1392 4567 1407 4598 ,
1453 4522 1565 4582 sed
1610 4522 1690 4581 ad
1731 4540 1868 4582 ma-

307 4618 456 4679 lum
485 4614 963 4693 impediendum
994 4634 1008 4676 :
1045 4617 1113 4676 ut
1141 4613 1396 4694 quando
1422 4614 1758 4695 inquiritur
1785 4615 1866 4675 ad

309 4707 831 4773 contrahendum
854 4707 1362 4784 matrimonium,
1397 4708 1496 4768 vel
1526 4708 1607 4767 ad
1636 4708 1866 4786 eligen-

308 4804 480 4866 dum
509 4801 785 4881 aliquem
815 4801 879 4861 in
911 4800 1280 4879 episcopum
1301 4846 1319 4874 ,
1354 4800 1451 4861 vel
1493 4800 1862 4879 parochum,

309 4902 447 4960 etc.
480 4899 630 4959 tunc
661 4895 830 4956 enim
858 4897 1066 4974 potest
1093 4893 1323 4973 inquiri
1355 4893 1433 4953 de
1487 4893 1729 4955 delictis
1775 4912 1868 4954 se-

307 4988 536 5066 cretiS,
571 4988 649 5049 de
670 4985 897 5067 quibus
918 4986 1089 5047 nulla
1107 4985 1409 5066 praecedit
1421 4985 1677 5046 infamia
1695 5006 1709 5060 ;
1730 5005 1869 5065 per·

307 5085 485 5146 tinet
516 5080 749 5161 quippe
777 5079 859 5140 ad
889 5080 1128 5140 bonum
1156 5097 1487 5140 commune
1520 5097 1597 5139 ne
1626 5078 1872 5159 indigni

312 5176 666 5255 eligantur,
718 5191 795 5233 ne
837 5174 994 5234 fiant
1038 5172 1272 5252 nuptiae
1320 5172 1710 5250 incestuosae,
1745 5176 1866 5236 etc.

309 5270 504 5332 Alios
532 5285 714 5329 casus
744 5266 849 5346 qui
900 5267 1110 5326 afferri
1153 5267 1357 5327 solent
1395 5266 1620 5328 merito
1667 5265 1871 5346 rejicit

320 5361 623 5426 Sanchez
652 5359 817 5421 dicto
849 5358 1001 5420 dub.
1034 5377 1169 5421 xix.

408 5453 770 5530 Dubitatur,
805 5453 1123 5532 quomodo
1153 5469 1296 5513 cum
1325 5452 1612 5515 doctrina
1639 5452 1870 5516 tradita

314 5548 650 5613 cohaereat
696 5546 909 5626 praxis
949 5545 1234 5627 judicum
1278 5546 1675 5609 soecularium
1697 5590 1713 5623 ,
1763 5545 1870 5627 qui

312 5641 504 5705 nulla
533 5639 930 5720 praecedente
958 5639 1219 5702 infamia
1241 5684 1259 5717 ‚
1291 5658 1367 5703 ex
1397 5638 1663 5721 simplici
1694 5639 1867 5703 dela-

1940 702 2229 766 sitionem
2257 709 2477 766 contra
2513 705 2787 784 aliquam
2835 701 3212 783 personam?
3238 703 3478 763 Navar-

1938 817 2046 859 rus
2074 798 2243 877 apud
2274 799 2446 859 Less,
2473 815 2645 860 num.
2681 800 2787 858 131
2825 790 3190 876 simpliciter
3219 794 3479 856 damnat

1940 890 2249 971 ejusmodi
2280 891 2526 971 praxim
2555 894 2624 952 ut
2651 890 3029 952 contrariam
3051 888 3181 970 juri
3208 885 3478 949 naturali

1940 988 2004 1047 et
2029 984 2321 1063 positiv0.
2355 984 2534 1046 Multi
2563 988 2774 1045 tamen
2816 983 3058 1063 juristae
3104 1000 3261 1062 quos
3289 980 3481 1042 refert

1940 1081 2005 1139 et
2029 1077 2313 1157 sequitur
2352 1077 2601 1139 Lessius
2648 1076 2732 1138 ibi
2780 1078 2950 1137 illam
2991 1075 3374 1147 defendunt;
3418 1075 3482 1134 et

1941 1170 2198 1250 quidem
2229 1187 2373 1231 cum
2411 1169 2530 1231 illis
2571 1170 3049 1232 limitationibus
3080 1187 3236 1249 quas
3276 1166 3476 1242 addit,

1942 1282 2066 1326 non
2095 1264 2346 1326 videtur
2388 1263 2843 1343 improbanda,
2888 1262 3124 1324 scilicet
3167 1265 3237 1324 ut
3279 1261 3390 1322 fiat
3417 1260 3481 1319 in

1942 1358 2238 1438 gravibus
2268 1357 2494 1435 causiS,
2526 1362 2597 1419 ut
2624 1358 2687 1418 in
2718 1357 2920 1435 furtiS,
2955 1354 3331 1432 homicidiiS,
3356 1357 3475 1415 etc.

3527 691 3619 743 cum
3651 679 3824 722 nomia-

3547 732 3797 830 mita-‘2¹2⁶‘

1943 1457 2006 1514 et
2034 1470 2158 1513 non
2196 1451 2275 1512 ad
2305 1452 2541 1512 nudam
2584 1450 3015 1530 punitionem,
3066 1449 3177 1510 sed
3222 1452 3485 1528 propter
3540 1527 3548 1535 ι

1942 1545 2180 1608 bonum
2208 1545 2594 1624 reipublicae,
2630 1545 2710 1605 ad
2741 1543 2911 1624 quod
2929 1543 3182 1604 videtur
3200 1558 3485 1603 necessa-

1945 1638 2110 1699 rium
2140 1656 2219 1699 ne
2266 1637 2494 1700 delicta
2541 1636 2848 1716 impunita
2894 1636 3290 1698 occasionem
3323 1653 3482 1713 pree-

1945 1731 2138 1793 beant
2188 1731 2420 1811 iniquis
2466 1730 2824 1792 hominibus
2870 1728 3326 1808 rempublicam
3358 1725 3487 1787 suis

1945 1822 2287 1885 sceleribus
2337 1822 2630 1885 turbandi
2680 1827 2742 1884 et
2785 1823 3156 1883 innocentes
3183 1818 3481 1881 laedendi.

1947 1916 2126 1979 Ratio
2158 1917 2481 1997 praecipua
2507 1920 2620 1994 est,
2644 1916 2811 1995 quod
2843 1915 3183 1977 necessitas
3212 1912 3487 1974 infamiae

1945 2009 2360 2091 praecedentis
2393 2028 2516 2071 non
2548 2012 2644 2071 est
2671 2009 2748 2069 de
2787 2008 2928 2089 jure
2960 2012 3234 2084 naturae,
3268 2005 3381 2067 scd
3408 2005 3488 2065 de

1942 2104 2085 2185 jure
2141 2103 2414 2183 positivo
2436 2150 2451 2180 ,
2511 2106 2582 2164 ut
2634 2102 2866 2163 fatetur
2922 2103 3109 2164 Sotus
3162 2100 3233 2161 de
3274 2106 3489 2160 secreto

1948 2196 2159 2262 memb.
2191 2201 2248 2258 2.
2296 2216 2400 2276 qu.
2437 2197 2512 2258 11.
2549 2195 2697 2258 dub.
2733 2215 2817 2258 11.
2863 2197 2925 2257 et
2950 2195 3197 2257 Valent.
3232 2194 3295 2253 in
3324 2210 3488 2272 prae-

1952 2289 2111 2351 senti
2142 2289 2302 2369 disp.
2336 2290 2410 2352 V.
2457 2308 2561 2368 qu.
2621 2305 2750 2350 xlv.
2806 2292 3040 2366 puncto
3072 2307 3122 2348 1.
3165 2289 3221 2367 ξ.
3255 2305 3373 2347 ιιι.
3410 2293 3492 2345 est

1941 2382 2245 2464 praecipue
2296 2381 2646 2458 notandum,
2705 2384 2767 2442 et
2814 2381 3095 2443 Sanchez
3146 2379 3256 2441 ubi
3305 2396 3494 2458 supra

1955 2477 2106 2538 dub.
2140 2492 2342 2538 xviii.
2372 2476 2576 2555 potuit
2597 2479 2807 2536 tamen
2836 2474 3117 2554 legitima
3146 2477 3208 2535 et
3224 2472 3493 2534 rationa-

1955 2570 2065 2631 bili
2095 2568 2549 2631 consuetudine
2594 2567 2917 2647 proescribi
2968 2571 3185 2629 contra
3214 2565 3364 2627 illud
3390 2564 3495 2646 jus

1956 2663 2292 2744 positivum
2320 2663 2383 2723 in
2415 2661 2723 2741 ejusmodi
2755 2659 3018 2737 delictis,
3055 2663 3119 2721 et
3145 2678 3288 2720 cum
3317 2676 3393 2717 ea
3420 2656 3496 2716 li-

1954 2756 2280 2819 mitatione
2305 2776 2321 2830 ;
2346 2753 2866 2816 consuetudinem
2888 2757 3097 2814 autem
3121 2750 3497 2832 probatipsa

1956 2850 2166 2929 praxis
2206 2848 2564 2910 videntibus
2607 2851 2670 2910 et
2714 2847 3065 2908 tacentibus
3112 2843 3497 2925 principibus

1955 2946 2087 3005 tam
2146 2940 2582 3002 ecclesiasticis
2629 2958 2820 3020 quam
2872 2938 3318 3011 saecularibu83
3370 2954 3496 2996 non

1958 3054 2106 3115 ergo
2139 3032 2606 3096 estdamnanda
2626 3032 2732 3093 illa
2753 3030 3039 3112 judicum
3065 3031 3295 3110 praxis,
3333 3031 3500 3090 Prae·

1957 3129 2173 3191 sertim
2203 3146 2346 3188 cum
2375 3144 2697 3207 nunquam
2727 3125 2922 3206 judex
2949 3123 3148 3205 possit
3162 3140 3238 3184 ex
3265 3140 3333 3183 se
3362 3120 3497 3201 ipso

1958 3221 2237 3302 incipere
2305 3219 2776 3301 inquisitionem
2848 3217 2959 3278 sed
3023 3233 3274 3295 semper
3339 3230 3500 3293 prae-

1961 3314 2146 3376 cedat
2189 3314 2400 3393 aliqua
2447 3311 2834 3373 denuntiatio
2859 3356 2875 3389 ,
2928 3311 3029 3372 vel
3070 3308 3308 3388 aliquid
3353 3325 3501 3386 sup-

1963 3408 2142 3487 plens
2171 3406 2373 3467 vicem
2404 3404 2864 3467 denuntiatoris
2886 3451 2902 3481 ,
2956 3403 3258 3465 existente
3289 3404 3500 3462 autem

1963 3499 2403 3562 denuntiatore
2447 3517 2571 3560 non
2618 3498 2854 3577 requiri
2903 3496 3227 3557 infamiam
3263 3511 3502 3574 praece-

1964 3594 2241 3671 dentem,
2277 3592 2510 3655 fatetur
2538 3591 2727 3653 etiam
2759 3593 2991 3654 Suarez
3046 3590 3152 3651 ubi
3182 3606 3373 3667 supra
3401 3605 3496 3649 ca.

1962 3702 2076 3747 x11.
2111 3703 2285 3746 num.
2323 3688 2421 3747 16.
2453 3688 2846 3764 Argumenta
2872 3700 3020 3744 vero
3068 3686 3291 3744 contra
3336 3681 3501 3741 hanc

1963 3783 2210 3859 partem
2239 3778 2425 3839 solvit
2451 3778 2613 3838 bene
2642 3777 2890 3839 Lessius
2918 3777 3058 3837 loco
3090 3776 3302 3837 citat0.

2043 3874 2131 3933 De
2162 3889 2268 3932 reo
2300 3870 2436 3950 ipso
2468 3873 2532 3932 et
2559 3870 2636 3930 de
2664 3870 2951 3947 testibuS,
2987 3867 3304 3948 quomodo
3334 3870 3502 3930 tene-

1965 3969 2151 4027 antur
2180 3963 2562 4043 respondere
2602 3962 2806 4042 judici
2833 3961 3244 4040 interroganti
3272 3979 3387 4039 per
3413 3959 3504 4019 in-

1964 4056 2369 4138 quisitionem
2396 4053 2759 4135 generalem
2785 4100 2800 4131 ‚
2833 4054 2934 4115 vel
2983 4054 3320 4134 specialem
3344 4099 3359 4129 ,
3394 4055 3506 4114 aut

1966 4150 2046 4210 ad
2075 4149 2441 4212 instantiam
2471 4149 2688 4228 partiS,
2724 4148 3006 4209 dicemus
3034 4147 3195 4207 infra
3224 4146 3506 4226 disputa-

1963 4242 2244 4304 tionibus
2268 4242 2675 4324 sequentibus
2719 4244 2976 4321 agentes
3005 4239 3083 4300 de
3110 4238 3374 4301 testibus
3392 4283 3410 4315 ,
3443 4240 3506 4298 et

1965 4355 2094 4398 re0.

2052 4428 2389 4491 Dubitatur
2415 4428 2617 4508 primo
2642 4473 2658 4505 ,
2712 4446 2791 4488 an
2836 4426 3173 4487 infamatus
3204 4429 3266 4486 et
3295 4422 3505 4486 convi-

1966 4528 2104 4585 ctus
2134 4522 2214 4583 de
2244 4524 2369 4583 uno'
2400 4521 2662 4583 crimine
2686 4567 2701 4597 ,
2752 4520 2951 4601 possit
2976 4519 3055 4580 de
3085 4516 3222 4580 aliis
3247 4516 3506 4579 occultis

1964 4615 2361 4695 interrogari,
2422 4615 2501 4675 de
2551 4615 2776 4695 quibus
2820 4632 2944 4674 non
2991 4615 3086 4673 est
3121 4609 3507 4672 infamatus?

1966 4709 2299 4770 Affirmant
2326 4707 2558 4787 aliqui,
2605 4705 2985 4783 PaludanuS,
3040 4705 3357 4780 Silvester,
3392 4704 3507 4764 Ar-

1966 4803 2160 4879 milla‚
2205 4801 2506 4879 Tabiena,
2564 4802 2627 4863 S.
2679 4799 3062 4876 Antoninus,
3096 4801 3160 4860 et
3186 4796 3503 4872 AretinuS,

1969 4894 2138 4974 apud
2186 4893 2633 4956 Sanchez'ubi
2687 4910 2878 4972 supra
2925 4891 3075 4953 dub.
3125 4909 3261 4952 xxi.
3310 4891 3512 4967 Negat

1969 4987 2321 5049 communis
2366 4991 2430 5049 et
2473 5004 2626 5047 vera
2672 4985 3000 5062 sententia,
3053 5001 3243 5064 quam
3294 4985 3512 5044 tenent

1971 5082 2178 5158 SotuS,
2212 5079 2568 5160 CajetanuS,
2600 5083 2663 5142 et
2691 5081 3035 5152 Navarrus,·
3064 5095 3221 5158 quos
3250 5077 3431 5138 affert
3450 5078 3513 5137 et

1970 5174 2257 5253 sequitur
2288 5174 2520 5235 Sanch.
2554 5173 2663 5251 ibi,
2698 5173 2804 5252 qui
2835 5173 3003 5233 idem
3032 5171 3221 5248 dicit,
3256 5168 3509 5249 quando

1970 5268 2238 5329 crimina
2266 5270 2476 5329 essent
2506 5267 2789 5348 ejusdem
2817 5265 3076 5345 speciei,
3131 5263 3246 5324 nisi
3279 5281 3355 5323 ex
3383 5280 3508 5323 uno

1974 5359 2237 5422 crimine
2267 5364 2432 5422 esset
2479 5360 2669 5422 etiam
2714 5360 3074 5421 diffamatus
3103 5357 3181 5417 de
3223 5358 3510 5436 frequen-

1969 5454 2079 5531 tia,
2116 5453 2363 5515 utlatro
2392 5457 2600 5534 potest
2648 5452 2726 5514 de
2774 5453 3065 5514 omnibus
3111 5448 3505 5529 interrogari.

1972 5545 2152 5620 Quod
2178 5544 2347 5607 idem
2378 5547 2516 5624 erit,
2550 5545 2696 5608 licet
2722 5545 2847 5607 sint
2875 5545 3138 5606 diversa}
3169 5542 3423 5624 speciei,
3444 5544 3512 5603 ut

1968 5639 2290 5704 convictus
2330 5639 2409 5702 de
2439 5638 2745 5703 adulterio
2778 5642 2843 5701 et
2886 5638 3338 5701 consuetudine
3368 5653 3511 5697 cum

3650 4437 3727 4495 (35

3592 4563 3816 4607 infamatus

3554 4618 3609 4682 de
3640 4629 3723 4660 uno
3761 4616 3852 4658 cri-

3555 4682 3851 4787 narsae?

3578 4779 3835 4832 interrogari.
