4263 6376
602 1122 681 1181 ’16

552 1246 657 1299 Quid
692 1246 745 1289 de

531 1305 756 1352 contractu,

542 1353 610 1407 qui
629 1353 755 1408 vulgo

541 1406 772 1475 appellatur

570 1459 742 1505 wiltu.

592 4835 669 4895 ’Π

844 288 964 348 462

846 463 927 524 sit
978 463 1042 523 in
1099 461 1447 525 dominium
1501 458 1818 536 locatoris,
1872 459 2021 539 quia
2074 457 2228 520 illud
2273 476 2389 537 per

848 555 1296 617 conductorem
1346 553 1566 632 incipit
1610 551 1930 631 possidere
1961 556 2022 613 et
2050 556 2265 612 manet
2291 551 2385 611 lo-

847 653 1079 725 catum,
1114 651 1175 709 et
1202 649 1291 708 sic
1320 647 1398 706 de
1427 646 1585 706 aliis.
1612 644 2152 706 Considerandum
2181 644 2384 704 solum

847 745 962 817 est,
998 760 1078 801 an
1108 759 1265 801 onus
1294 737 1446 799 illud
1475 736 1871 815 permutandi
1905 740 1968 797 et
1994 735 2384 814 subrogandi

846 833 1079 894 animal
1119 832 1364 906 meliuS,
1417 829 1792 909 aequivaleat
1836 828 2066 889 fructui
2096 829 2196 889 vel
2244 826 2382 888 usui

848 925 957 1004 qui
1021 921 1387 985 conductori
1444 921 1832 997 conceditur,
1894 939 1972 980 ne
2024 924 2383 982 contractus

847 1020 1115 1096 propter
1145 1015 1635 1095 inaequalitatem
1661 1013 1931 1093 injustus
1959 1014 2059 1076 sit.

927 1111 1085 1170 Hinc
1129 1108 1337 1187 colligi
1369 1107 1575 1168 obiter
1600 1111 1826 1185 potest,
1861 1106 2011 1186 quid
2043 1105 2380 1167 dicendum

845 1203 928 1265 sit
967 1202 1044 1263 de
1088 1201 1363 1281 quodam
1410 1204 1734 1260 contractu
1780 1199 2128 1275 locationis,
2180 1199 2288 1277 qui
2315 1197 2379 1257 in

847 1295 1147 1357 Hetruria
1186 1297 1250 1355 et
1295 1293 1434 1353 aliis
1461 1292 1656 1353 ltaliae
1685 1291 1839 1352 locis
1879 1291 2143 1352 usitatus
2174 1294 2288 1366 est,
2321 1293 2384 1350 et

844 1387 1056 1450 vocari
1089 1386 1434 1464 vulgariter
1463 1385 1640 1461 solet,
1693 1382 1947 1460 Collaia,
1991 1402 2102 1444 seu
2133 1381 2378 1444 Collati-

844 1481 1011 1543 tius?
1043 1479 1259 1541 Praxis
1289 1482 1500 1539 autem
1529 1476 1665 1537 haec
1696 1479 1824 1549 est3
1858 1475 2054 1537 Titius
2084 1475 2236 1536 emit
2263 1475 2372 1535 bo·

842 1591 985 1636 vem
1031 1570 1248 1649 viginti
1296 1570 1524 1646 aureiS,
1559 1587 1828 1647 eumque
1859 1567 1946 1629 ita
2000 1567 2377 1628 aestimatum

840 1666 1008 1728 locat
1037 1663 1180 1727 Seio
1218 1661 1451 1724 rustico
1479 1679 1591 1740 pro
1621 1660 1823 1722 tribus
1850 1660 2057 1722 aureis
2089 1659 2156 1719 in
2185 1676 2372 1736 anno,

841 1758 963 1819 hoc
991 1759 1197 1836 pactu,
1232 1758 1301 1815 ut
1332 1754 1386 1814 si
1414 1757 1555 1831 post
1597 1770 1832 1813 annum
1879 1753 2039 1830 plus,
2091 1752 2377 1812 minusve

841 1847 1276 1923 aestimabitur,
1300 1846 1546 1906 lucrum
1564 1846 1665 1905 vel
1678 1844 1992 1924 jacturam
2009 1862 2124 1923 pro
2148 1842 2377 1924 aequali

837 1942 1124 2023 portione
1175 1943 1441 2018 uterque
1497 1937 1744 2000 sentiat.
1798 1937 1860 1999 Si
1902 1955 2052 1997 vero
2097 1936 2370 2012 interim,

837 2035 969 2096 sive
1000 2053 1077 2093 ex
1103 2031 1289 2110 culpa
1319 2029 1744 2105 conductoris,
1779 2028 1909 2089 sive
1939 2047 2087 2089 casu
2117 2027 2373 2090 fortuito

836 2127 952 2192 bos
1005 2129 1250 2205 pereat,
1313 2123 1494 2183 Seius
1560 2121 1889 2182 dimidium
1944 2120 2374 2181 aestimationis

836 2220 1059 2294 solvat,
1112 2234 1336 2294 nempe
1380 2214 1599 2275 decem
1645 2231 1891 2289 aureOS,
1926 2212 2030 2273 alii
2069 2231 2221 2273 vero
2268 2212 2371 2272 de-

838 2329 975 2374 cem
1046 2308 1305 2370 locatori
1377 2310 1658 2385 pereant.
1733 2307 1913 2364 Hunc
1981 2308 2370 2365 contractum

837 2402 1192 2467 usurarium
1223 2418 1357 2460 esse
1405 2399 1623 2459 dicunt
1651 2398 1778 2459 alii.
1812 2397 1930 2457 Alii
1974 2415 2123 2457 vero
2155 2396 2372 2458 dicunt

836 2516 960 2560 non
991 2513 1127 2556 esse
1158 2491 1536 2567 usurarium,
1568 2490 1680 2550 sed
1709 2489 2032 2570 injustum,
2066 2493 2137 2551 ut
2164 2488 2370 2550 Comi-

834 2590 999 2662 tolus
1040 2587 1149 2648 lib.
1202 2602 1298 2646 111.
1348 2600 1606 2664 responS.
1658 2580 1871 2642 moral.
1923 2598 1985 2659 q.
2033 2595 2146 2641 ΧΠ.
2197 2599 2259 2641 0.
2299 2584 2361 2641 4.

831 2679 1259 2776 propositione
1313 2681 1373 2738 5.
1433 2677 1651 2736 Petrus
1716 2673 1995 2736 Ubaldus
2063 2671 2126 2732 in
2178 2676 2359 2734 tract.

833 2775 903 2842 de
946 2772 1164 2834 duobus
1209 2767 1520 2851 fratribus,
1552 2770 1714 2846 part.
1748 2784 1809 2828 v.
1847 2785 1907 2844 q.
1959 2783 2129 2827 xxw.
2162 2785 2227 2827 0.
2262 2769 2358 2828 19.

910 2869 1004 2931 Ex
1049 2864 1230 2926 dictis
1273 2867 1485 2923 tamen
1544 2858 1789 2920 videtur
1828 2857 2158 2937 imprimis,
2218 2876 2362 2919 con-

830 2964 1103 3030 tractum
1146 2956 1312 3015 hunc
1358 2971 1486 3013 000
1516 2970 1652 3013 esse
1687 2950 2067 3027 usurarium,
2101 2967 2246 3010 cum
2276 2950 2360 3011 ibi

832 3053 1072 3118 nullum
1107 3050 1397 3108 mutuum
1425 3044 1775 3105 intercedat
1816 3041 2081 3103 formale
2109 3041 2210 3103 vel
2239 3043 2360 3102 vir-

829 3145 997 3221 tuale
1033 3164 1046 3205 :
1092 3157 1294 3220 neque
1326 3137 1491 3199 enim
1537 3136 1650 3199 bos
1680 3135 1973 3198 venditur
2002 3139 2064 3196 et
2094 3135 2364 3214 pretium

829 3240 1174 3311 mutuatur,
1221 3231 1330 3292 sed
1363 3228 1709 3291 dominium
1738 3228 1918 3290 bovis
1961 3231 2177 3288 manet
2217 3246 2363 3288 vere

831 3329 997 3410 apud
1044 3328 1433 3388 locatorem:
1470 3339 1671 3400 neque
1726 3340 1801 3381 ex
1843 3339 1917 3381 eo
1969 3319 2138 3399 quod
2180 3320 2365 3381 detur

830 3423 1196 3495 aestimatus,
1255 3415 1543 3494 arguitur
1593 3413 1894 3489 venditio,
1955 3416 2024 3473 ut
2062 3412 2356 3490 vidImuS,

829 3516 940 3585 sed
984 3509 1312 3575 aestimatio
1359 3509 1450 3585 fit,
1499 3506 1703 3585 primo
1733 3509 1804 3567 ut
1830 3508 2135 3584 appareat
2161 3524 2361 3584 quan-

828 3614 963 3673 tum
990 3605 1147 3667 lucri
1175 3602 1274 3663 vel
1319 3599 1676 3661 detrimenti
1702 3598 1818 3659 bos
1844 3600 2063 3676 postea
2090 3597 2353 3672 habeat;

829 3700 999 3782 quod
1030 3699 1192 3758 inter
1217 3693 1450 3755 Titium
1480 3694 1544 3752 et
1571 3690 1784 3753 Seium
1801 3689 2210 3750 dividendum
2239 3693 2353 3752 est.

829 3790 1142 3866 Secunde,
1176 3787 1247 3848 ut
1294 3803 1443 3847 casu
1472 3800 1593 3863 quo
1625 3781 1921 3842 dimidius
1965 3782 2142 3843 valor
2177 3783 2359 3844 resti-

824 3884 1097 3952 tuendus
1125 3880 1206 3942 sit
1236 3897 1272 3938 a
1292 3877 1463 3952 Seio,
1498 3878 1761 3951 constet,
1787 3878 2090 3953 quantum
2110 3874 2354 3937 restitui

827 3978 1135 4057 oporteat.
1168 3975 1297 4033 Nec
1329 3968 1519 4031 etiam
1549 3987 1624 4027 ex
1653 3967 1930 4046 periculo
1962 3985 2076 4047 pro
2108 3972 2286 4045 parte
2317 3985 2354 4027 a

826 4070 970 4135 Seio
1015 4067 1329 4142 susceptO,
1386 4060 1673 4140 arguitur
1718 4059 1831 4119 bos
1875 4060 1938 4118 in
1981 4058 2119 4138 ejus
2160 4058 2356 4120 domi-

823 4164 998 4227 nium
1051 4156 1392 4231 transiisse,
1449 4153 1657 4233 quoad
1713 4156 1953 4230 partem
1999 4151 2348 4229 dimidiam,

823 4260 1012 4335 atque
1040 4251 1183 4312 ideo
1214 4265 1339 4308 non
1368 4245 1642 4325 potuisse
1672 4263 1747 4304 ex
1777 4245 1881 4305 illa
1907 4248 2082 4323 parte
2110 4245 2355 4322 pensio-

822 4366 969 4411 nem
1015 4344 1095 4405 ab
1134 4360 1208 4403 eo
1253 4339 1413 4417 exigi
1463 4337 1596 4398 sine
1625 4356 1814 4398 usura
1846 4356 1859 4396 :
1897 4336 2045 4416 quia
2091 4337 2350 4415 periculi

821 4437 1133 4517 susceptio
1164 4451 1288 4494 000
1320 4438 1414 4494 est
1444 4430 1768 4510 acquisitio
1793 4429 2076 4505 dominii,
2110 4428 2221 4489 sed
2252 4448 2352 4489 as-

820 4528 1129 4596 securatio
1162 4545 1303 4605 quae
1332 4529 1498 4585 stare
1528 4526 1734 4601 potest
1762 4540 1904 4582 cum
1934 4521 2213 4581 dominio
2254 4524 2350 4583 to-

794 4598 944 4690 ‘tius
999 4620 1176 4684 bovis
1230 4617 1398 4697 apud
1451 4617 1794 4677 locatorem
1834 4619 2221 4691 remanente,
2281 4618 2349 4676 ut

821 4719 1058 4780 dictum
1085 4716 1199 4774 est.

901 4809 1117 4873 Solum
1147 4822 1296 4883 ergo
1328 4806 1463 4863 esse
1491 4803 1699 4879 potest
1726 4797 1986 4859 dubium
2039 4797 2117 4859 de
2168 4797 2348 4877 justi-

818 4905 906 4968 tia
934 4907 998 4963 et
1025 4897 1381 4978 aequalitate
1410 4896 1788 4968 contractuS,
1823 4909 1969 4950 nam
1998 4908 2143 4950 cum
2165 4893 2346 4969 Juxta

819 4992 1231 5060 substantiam
1257 4986 1586 5050 locationis
1616 5003 1741 5046 non
1762 4982 2039 5063 sit,quod
2069 4985 2345 5045 conduc-

816 5097 916 5154 tor
942 5084 1243 5163 suscipiat
1296 5078 1642 5161 periculum
1673 5077 1765 5137 rei
1793 5076 2139 5148 conductae,
2175 5076 2227 5136 si
2254 5078 2344 5137 di-

814 5181 1132 5244 minuatur
1171 5174 1270 5236 vel
1326 5174 1563 5252 pereat,
1598 5188 1721 5230 000
1778 5172 1985 5248 potest
2028 5167 2149 5229 hoc
2186 5186 2342 5231 onus

815 5268 1184 5339 conductori
1211 5264 1466 5346 apponi,
1497 5263 1612 5325 nisi
1657 5262 2051 5323 tantumdem
2081 5261 2160 5321 de
2189 5281 2343 5341 pen-

815 5369 988 5432 sione
1027 5361 1402 5436 remittatur,
1453 5361 1522 5418 ut
1549 5358 1904 5418 contractus
1933 5354 2012 5416 sit
2042 5355 2336 5434 aequalis:

814 5463 866 5531 si
896 5464 1105 5523 autem
1135 5452 1352 5533 pensio
1393 5468 1537 5512 cum
1567 5446 1968 5528 proportione
1998 5447 2338 5525 minuatur,

2003 243 2105 343 00
2145 281 2501 345 ,ιιιετιΤιΑ
2543 282 2884 345 001000

2487 462 2846 522 contractus
2876 460 2994 522 erit
3016 459 3242 540 justus,
3293 464 3363 524 ut
3388 480 3680 541 expresse
3711 463 3929 525 docuit
3954 463 4019 523 in

2485 552 2708 612 eadem
2739 571 2919 612 casus
2948 553 3153 631 specie
3184 554 3481 616 Silvester
3535 556 3711 619 verb.
3751 555 4019 616 Societas

2483 649 2547 704 2.
2602 644 2668 703 in
2721 645 2847 705 fine
2875 645 3159 723 septimae
3191 647 3579 724 quaestionis,
3616 648 3714 709 his
3769 649 4013 710 verbis:

2492 758 2521 793 «
2568 737 2630 797 Si
2661 737 2888 816 aliquis
2935 741 3044 799 det
3070 738 3229 799 duos
3274 739 3469 800 boves
3508 742 3872 814 aestimatos,
3908 739 4016 819 qui

2473 829 2641 908 juste
2671 834 2926 910 possent
2950 830 3145 892 locari
3176 832 3292 892 sub
3329 833 3631 911 pensione
3679 833 4018 894 duodecim

2480 923 2892 983 sextariorum
2924 923 3242 1000 frumenti,
3273 929 3338 985 et
3375 925 3539 985 locet
3567 926 3681 987 sub
3711 926 4017 1004 pensione

2481 1015 2892 1076 sextariorum
2915 1020 3077 1092 oct0,
3111 1015 3228 1076 sub
3259 1016 3378 1077 hac
3407 1017 3791 1095 conditione,
3842 1018 4015 1099 quod

2482 1107 2791 1187 accipiens
2819 1107 3062 1168 substet
3103 1108 3380 1186 periculo
3424 1111 3625 1171 tertiae
3654 1113 3848 1189 partis
3904 1112 4017 1172 bo-

2478 1219 2653 1276 vum,
2689 1202 3160 1260 contractusest
3186 1200 3430 1262 licitus:
3465 1204 3616 1282 quia
3666 1203 3816 1264 licet
3864 1222 4019 1282 pam

2479 1292 2758 1371 capitalis
2785 1291 2865 1352 sit
2891 1291 3063 1352 salva
3085 1339 3099 1367 ,
3136 1298 3351 1371 empta
3381 1300 3477 1356 est
3504 1301 3777 1375 quatuor
3805 1301 4019 1358 sexta-

2477 1384 2607 1460 riis,
2641 1384 2807 1444 unde
2862 1390 2957 1445 est
2984 1384 3068 1444 ibi
3098 1387 3509 1451 assecuratio,
3565 1411 3592 1445 a»
3643 1390 3802 1449 Tota
3857 1409 4014 1468 ergo

2479 1477 2738 1556 quaestio
2764 1476 3086 1538 reducitur
3113 1477 3195 1538 ad
3216 1477 3690 1555 justificandum
3745 1482 4011 1559 sactum,

2477 1586 2551 1629 eo
2582 1570 2748 1646 quod
2781 1569 2996 1647 pensio
3028 1589 3169 1648 quae
3201 1571 3354 1631 alias
3382 1571 3548 1632 licite
3577 1572 3738 1651 exigi
3770 1573 4017 1651 potuis-

2474 1664 2588 1736 set,
2636 1660 2945 1722 diminuta
2988 1662 3070 1723 sit
3108 1661 3215 1723 tali
3270 1664 3696 1742 proportione,
3752 1667 4013 1745 quando

2474 1756 2601 1813 tres
2620 1753 2794 1813 aurei
2826 1752 2942 1813 soli
2972 1754 3328 1831 exiguntur,
3360 1759 3431 1816 ut
3477 1756 3810 1819 diminutio
3840 1777 4015 1819 com-

2474 1849 2692 1922 penset
2736 1845 3118 1906 sufficienter
3149 1865 3307 1907 onus
3337 1850 3818 1911 assecurationis
3862 1870 4013 1912 con-

2474 1937 2720 1999 ductori
2749 1938 3112 2017 impositum
3131 1957 3243 2018 pro
3275 1939 3536 2002 dimidio
3564 1943 3780 2004 valore
3801 1944 4008 2006 bovis,

2474 2029 2684 2109 Aliqui
2713 2029 2878 2090 enim
2908 2031 3318 2109 contendunt,
3352 2051 3480 2093 non
3511 2053 3646 2095 esse
3691 2023 4013 2098 sufficien-

2471 2126 2569 2183 ter
2596 2122 2970 2183 dIminutam
3030 2124 3395 2201 pensionem
3423 2145 3437 2187 :
3470 2145 3614 2187 cum
3665 2129 3834 2189 enim
3892 2131 4013 2191 bos

2470 2215 2679 2275 valeat
2704 2215 2928 2292 viginti
2983 2234 3228 2291 aureos,
3263 2223 3326 2278 et
3353 2219 3682 2298 exigantur
3709 2227 3837 2282 tres
3893 2242 4012 2284 au-

2468 2307 2561 2367 rei
2588 2325 2700 2385 pro
2729 2308 3052 2385 pensione,
3088 2310 3257 2388 quod
3288 2315 3383 2372 est
3410 2312 3661 2391 exigere
3702 2314 3785 2374 ad
3814 2318 4009 2378 ratio-

2470 2418 2614 2460 nem
2644 2403 2744 2460 15.
2777 2419 2889 2478 pro
2919 2401 3307 2479 centenario,
3343 2423 3467 2464 non
3496 2405 3744 2467 videtur
3782 2410 4011 2486 pensio

2468 2492 2796 2567 diminuta,
2831 2492 2941 2552 sed
2971 2494 3177 2554 minus
3206 2496 3535 2558 excedens,

2546 2584 2886 2644 Aliitamen
2923 2584 3139 2647 dicunt
3162 2587 3525 2664 pensionem
3554 2609 3690 2653 esse
3724 2593 4008 2655 diminu-

2464 2679 2615 2752 tam,
2650 2676 2736 2735 ita
2764 2680 2831 2736 ut
2849 2684 3217 2756 compenset
3244 2681 3631 2745 sufficienter
3657 2704 3818 2748 onus
3846 2706 4008 2749 con·

2464 2768 2707 2830 ductori
2729 2769 3113 2847 impositum.
3143 2774 3258 2833 Pro
3293 2793 3416 2852 quo
3446 2775 3802 2856 advertunt,
3838 2800 4007 2842 onus

2463 2861 2632 2941 quod
2679 2861 3049 2924 conductori
3129 2865 3517 2946 adjungitur,
3587 2890 3722 2933 esse
3790 2875 4005 2936 solum

2461 2953 2630 3034 quod
2653 2958 2953 3033 pereunte
2983 2955 3144 3017 bove
3191 2976 3268 3017 ex
3300 2978 3447 3020 casu
3478 2963 3756 3041 fortuito,
3790 2967 4004 3030 solvat

2464 3046 2793 3107 dimidium
2814 3048 3066 3124 valoriS,
3094 3053 3156 3111 et
3180 3052 3348 3130 quod
3378 3054 3759 3119 deteriorato
3806 3061 3999 3138 bove,

2461 3138 2666 3201 solvat
2710 3139 3040 3201 dimidium
3087 3142 3612 3211 deteriorationis.
3666 3152 3844 3223 Quod
3885 3175 4005 3217 au-

2461 3236 2589 3293 tem
2619 3233 2675 3293 ei
2719 3232 2904 3295 datur
2932 3252 3045 3312 pro
3077 3240 3547 3315 compensando
3604 3242 3725 3304 hoc
3775 3264 3998 3326 onere,

2461 3324 2765 3404 imprimis
2794 3330 2906 3400 est,
2942 3327 3111 3405 quod
3139 3330 3467 3394 meliorato
3506 3334 3690 3412 bove,
3724 3340 4005 3419 accipiat

2459 3418 2785 3478 dimidiam
2831 3425 3076 3497 partem
3134 3421 3213 3481 de
3269 3422 3658 3488 incremento
3730 3432 3995 3495 valoris.

2458 3511 2718 3588 Deinde,
2753 3511 2923 3590 quod
2979 3513 3032 3572 si
3078 3531 3152 3574 ex
3197 3516 3382 3596 culpa
3409 3536 3523 3579 sua
3551 3519 3677 3581 lata
3714 3524 3815 3583 vel
3870 3526 4001 3587 levi

2455 3608 2675 3682 pereat
2703 3603 2838 3681 bos,
2871 3622 2997 3665 000
3025 3610 3315 3668 teneatur
3342 3613 3541 3671 totum
3571 3615 3843 3691 pretium
3873 3621 3999 3680 sol-

2453 3714 2602 3756 vere
2630 3696 2912 3772 locatori,
2973 3704 3159 3775 prout
3216 3719 3291 3759 ex
3349 3706 3575 3764 natura
3617 3711 3993 3773 contractus

2455 3787 2734 3863 deberet,
2759 3788 2869 3848 sed
2900 3789 3102 3850 solum
3128 3791 3460 3853 dimidium
3490 3816 3504 3857 :
3540 3799 3738 3860 multo
3771 3809 3997 3866 autem

2452 3880 2841 3960 frequentius
2880 3882 3132 3943 videtur
3159 3885 3329 3962 quod
3359 3895 3579 3964 pereat
3605 3891 3721 3953 bos
3749 3914 3827 3954 ex
3856 3898 3996 3957 cul·

2453 3992 2534 4051 pa
2562 3973 2783 4034 saltem
2820 3973 2945 4034 levi
2995 3975 3395 4039 conductoris
3442 3999 3631 4059 quam
3689 3985 3827 4046 sine
3856 3989 3990 4052 illa.

2451 4065 2733 4145 Denique
2760 4065 2977 4145 pensio
3008 4067 3197 4128 etiam
3228 4070 3434 4131 minor
3460 4076 3655 4137 multo
3688 4080 3990 4159 exigitur:

2451 4157 2667 4235 pensio
2715 4158 2881 4218 enim
2910 4177 3037 4219 000
3068 4159 3257 4222 dehet
3280 4165 3555 4242 regulari
3596 4167 3781 4247 juxta
3817 4174 3997 4236 sruc-

2449 4254 2550 4312 tus
2578 4253 2689 4311 aut
2716 4250 2952 4312 reditus
2983 4270 3288 4313 censuum
3315 4275 3331 4327 ;
3367 4276 3573 4336 neque
3629 4263 3800 4323 enim
3855 4285 3996 4329 om-

2448 4361 2562 4403 nes
2615 4343 3074 4421 negotiationes
3134 4364 3312 4425 aeque
3353 4349 3775 4432 fructificant,
3838 4378 3994 4422 cum

2450 4435 2672 4496 domus
2699 4435 2903 4495 solum
2932 4437 3201 4499 reddere
3257 4441 3501 4505 soleant
3541 4446 3823 4526 quinque
3871 4472 3994 4530 pro

2447 4527 2832 4605 centenario,
2884 4546 3108 4590 census
3160 4539 3426 4611 septem,
3479 4538 3743 4600 societas
3792 4543 3992 4608 officii

2447 4619 2666 4680 decem
2697 4620 2797 4680 vel
2826 4620 3185 4700 duodecim,
3219 4625 3515 4687 animalia
3529 4635 3738 4692 autem
3782 4638 3994 4701 multo

2445 4712 2608 4791 pluS,
2652 4715 2724 4773 ut
2749 4718 2997 4775 constat
3025 4715 3087 4774 in
3128 4716 3202 4776 iis
3232 4718 3336 4797 qui
3382 4738 3578 4800 equos
3622 4724 3994 4793 itinerarios

2446 4805 2675 4879 locant,
2723 4806 2827 4884 qui
2860 4825 2984 4867 uno
3015 4827 3185 4869 anno
3216 4810 3420 4873 solent
3447 4816 3716 4892 pretium
3745 4825 3988 4897 totum,

2446 4916 2569 4976 quo
2604 4915 2837 4975 equum
2867 4902 3332 4976 emerunt,·sibi
3364 4923 3437 4964 ex
3490 4906 3802 4972 locatione
3830 4920 3995 4996 equi

2440 5005 2839 5066 recuperare.
2876 4992 3004 5051 Nec
3032 4992 3285 5070 mirum,
3314 5013 3458 5056 cum
3500 4999 3562 5058 in
3595 5002 3993 5073 animalibus

2444 5079 2711 5158 capitale
2742 5096 2863 5142 non
2905 5082 2986 5143 sit
3012 5090 3410 5165 perpetuum,
3457 5090 3621 5153 sicut
3664 5095 3725 5155 in
3779 5116 3990 5163 censu

2441 5173 2542 5233 vel
2573 5173 2782 5250 domu,
2818 5174 2930 5235 sed
2978 5175 3353 5257 defectibile,
3389 5187 3451 5242 et
3490 5184 3570 5243 ad
3626 5206 3992 5265 paucorum

2443 5283 2749 5326 annorum
2777 5267 3108 5345 periodum
3137 5271 3529 5337 duraturum.
3573 5280 3754 5341 Unde
3786 5288 3994 5347 rusti-

2442 5358 2496 5419 ci
2528 5358 2762 5437 experti
2778 5358 3087 5437 judicant,
3121 5382 3233 5441 pro
3255 5364 3416 5427 bove
3429 5368 3509 5428 ad
3542 5374 3854 5435 arandum
3892 5379 3995 5441 lo-

2442 5453 2582 5512 cato
2597 5451 2765 5529 juste
2794 5451 2958 5530 exigi
2986 5454 3207 5516 diebus
3234 5457 3495 5536 singulis
3541 5463 3577 5523 J
3585 5464 3742 5526 ulios
3783 5468 3986 5533 duos.
