4263 6376
719 748 787 804 ss

662 872 870 924 Quomodo

620 927 803 980 obligent
838 924 913 968 sub

673 985 856 1034 peccato.

673 1034 859 1074 Aliorum

660 1088 889 1131 sententiae.

734 5033 807 5089 12

679 5156 890 5197 Sententia

686 5210 883 5251 auctoris.

963 371 1081 430 502

963 546 1145 621 riam,
1180 564 1522 625 eorumque
1578 564 1818 624 peenas,
1854 544 2083 608 additis
2124 547 2260 606 aliis
2315 545 2491 609 Ordi-

965 639 1124 699 narii
1154 639 1408 699 arbitrio
1439 637 1857 716 imponendis,

1047 734 1307 808 Propter
1325 731 1438 790 1105
1456 750 1726 790 canones
1749 730 2200 808 obligationem
2216 730 2495 809 aliquam

965 823 1345 901 peculiarem
1391 840 1652 900 gravem
1712 822 1771 881 in
1847 823 2088 883 clericis
2149 828 2496 902 agnoscunt

964 916 1250 976 doctores
1306 916 1744 976 communiter.
1836 916 2063 976 Molina
2121 917 2281 994 disp.
2351 919 2489 976 512.

968 1028 1180 1069 versus
1196 1010 1407 1082 finem,
1442 1008 1673 1070 Sanch.
1708 1008 1856 1070 dub.
1891 1027 2111 1069 xxvm.
2137 1010 2313 1071 Salas
2341 1009 2492 1070 dub.

962 1120 1132 1164 xxiv.
1167 1102 1417 1162 Lessius
1447 1102 1508 1162 d.
1546 1102 1696 1163 dub.
1732 1119 1775 1163 1.
1814 1108 1876 1163 et
1912 1102 2013 1162 alii
2054 1103 2489 1163 communiter.

962 1198 1093 1257 Ima
1123 1195 1315 1273 aliqui
1346 1196 1585 1270 volunt,
1622 1196 2011 1274 prohibitum
2042 1196 2134 1256 eis
2193 1214 2327 1255 esse
2360 1214 2496 1256 om-

964 1308 1106 1349 nem
1134 1288 1373 1348 ludum.
1410 1289 1501 1348 Ita
1531 1288 1778 1347 Gabriel
1833 1288 1896 1347 in
1956 1305 2041 1350 lv.
2080 1287 2224 1350 dist..
2260 1290 2391 1349 XV.
2427 1308 2489 1367 q.

962 1399 1099 1443 xm.
1143 1386 1262 1441 art.
1295 1384 1356 1441 3.
1387 1381 1537 1443 dub.
1574 1385 1634 1441 4.
1671 1386 1733 1442 et
1763 1381 1888 1459 alii,
1928 1400 2085 1461 quos
2140 1382 2334 1442 refert
2385 1381 2498 1442 Sil·

962 1480 1171 1535 vester
1199 1474 1374 1534 verb.
1411 1472 1599 1550 ludus,
1637 1493 1698 1553 q.
1736 1490 1803 1535 11.
1838 1475 1960 1534 Alii
2007 1482 2221 1536 tamen
2278 1492 2494 1534 omnes

970 1569 1090 1629 hoc
1111 1567 1464 1645 intelligunt
1488 1567 1566 1626 de
1597 1566 1742 1627 solis
1770 1567 1931 1627 ludis
1988 1568 2162 1642 aleae,
2212 1586 2322 1627 seu
2376 1567 2498 1627 for-

965 1667 1155 1737 tunae,
1191 1679 1347 1739 quos
1379 1660 1571 1720 refert
1619 1665 1680 1720 et
1726 1660 2009 1739 sequitur
2052 1660 2283 1721 Sanch.
2337 1680 2399 1722 n.
2433 1664 2491 1722 2.

964 1754 1082 1815 Alii
1104 1772 1138 1813 e
1167 1758 1386 1814 contra
1414 1753 1652 1827 volunt,
1688 1771 1812 1812 non
1846 1771 1980 1813 esse
2042 1753 2497 1831 obligationem

964 1866 1245 1925 gravem,
1276 1850 1579 1925 quantum
1611 1849 1705 1905 est
1745 1864 1819 1904 ex
1848 1851 2163 1924 praecepto
2188 1845 2350 1924 juris
2385 1864 2499 1923 po-

964 1940 1167 2001 sitivi:
1203 1940 1349 2018 quia
1387 1959 1512 1999 non
1560 1939 1810 1999 videtur
1865 1957 2000 1998 esse.
2058 1940 2324 1999 materia
2360 1939 2497 2000 haec

964 2034 1121 2094 adeo
1151 2033 1382 2111 gravis
1414 2033 1505 2093 Ita
1534 2031 1887 2110 Cajetanus,
1922 2035 1985 2092 et
2022 2033 2280 2111 Heuriq.
2323 2031 2497 2110 apud

966 2126 1198 2188 Sanch.
1231 2146 1292 2186 n.
1333 2129 1391 2186 3.
1429 2130 1492 2185 et
1527 2125 1774 2185 videtur
1802 2125 2014 2184 favere
2056 2126 2309 2186 Lessius
2340 2145 2404 2187 n.
2433 2130 2491 2187 5.

964 2220 1114 2279 dum
1152 2219 1407 2295 indicat,
1442 2218 1556 2278 1105
1605 2236 1881 2277 00001105
1939 2237 2062 2278 non
2124 2218 2324 2278 videri
2377 2219 2496 2280 1100

964 2317 1243 2391 tempore
1272 2316 1580 2388 receptOS,
1622 2310 1738 2370 nisi
1790 2315 2103 2389 quatenus
2159 2310 2501 2389 prohibent

965 2406 1030 2465 id
1080 2404 1212 2466 fieri
1243 2423 1386 2464 eum
1434 2402 1710 2481 periculo
1770 2403 2070 2480 scandali,
2125 2422 2330 2483 neque
2388 2423 2500 2482 per

966 2498 1318 2578 superiores
1351 2496 1578 2571 curari,
1617 2496 1782 2575 quod
1816 2497 2171 2557 executioni
2199 2497 2491 2557 manden-

965 2597 1087 2654 tur.
1124 2590 1303 2662 Quod
1332 2589 1497 2648 idern
1531 2588 1768 2650 indicat
1789 2589 2106 2649 Filliucius
2155 2590 2261 2650 ubi
2310 2609 2500 2668 supra

967 2705 1028 2746 n.
1082 2688 1181 2745 50.
1234 2682 1414 2743 addit
1445 2688 1685 2757 tamen,
1729 2684 1831 2742 vix
1879 2701 2062 2761 posse
2111 2684 2498 2761 contingere,

968 2779 1135 2858 quod
1169 2778 1301 2837 sine
1330 2776 1506 2854 gravi
1548 2776 1844 2836 scandalo
1901 2776 2147 2853 publice
2178 2776 2356 2837 ludat
2384 2777 2502 2837 cle-

967 2873 1133 2931 ricus
1176 2888 1474 2948 magnam
1532 2869 1817 2947 pecuniae
1848 2888 2182 2945 summam,
2218 2874 2280 2929 et
2305 2870 2501 2931 multo

969 2971 1250 3042 tempore
1278 2963 1425 3023 ludo
1483 2967 1686 3022 vacet.
1722 2962 1844 3022 Alii
1902 2962 2142 3038 dicunt,
2210 2963 2504 3041 frequen-

968 3059 1117 3119 tiam
1151 3057 1346 3116 solam
1399 3056 1461 3114 in
1520 3056 1762 3115 clericis
1811 3055 2154 3133 prohiberi,
2191 3060 2377 3133 prout
2422 3056 2504 3115 si-

969 3151 1271 3230 gnificant
1303 3147 1494 3209 verba
1545 3147 1669 3224 illa,
1705 3166 1938 3222 vacans,
1972 3146 2313 3221 deserviens,
2351 3148 2505 3209 alea-

971 3253 1085 3320 tor,
1120 3261 1259 3322 quae
1290 3241 1812 3302 consuetudinem
1845 3241 2223 3319 significant.
2261 3243 2354 3302 lta
2390 3243 2504 3302 Sa—

972 3340 1061 3397 las
1092 3336 1240 3396 dub.
1288 3351 1459 3395 xx1v.
1496 3352 1556 3394 n.
1620 3338 1680 3394 ⁶2.
1746 3333 2006 3409 addenS,
2052 3352 2177 3393 non
2236 3352 2502 3414 peceare

971 3429 1323 3490 mortaliter
1351 3427 1403 3487 si
1430 3444 1576 3487 raro
1609 3427 1871 3486 clericus
1925 3427 2101 3487 ludat
2149 3426 2337 3487 etiam
2368 3446 2503 3487 ma-

970 3541 1162 3602 gnam
1217 3521 1651 3600 quantitatem,
1711 3520 1953 3580 secluso
2012 3520 2335 3581 scandale.
2373 3522 2506 3581 Mo-

970 3617 1098 3677 lina
1128 3615 1316 3675 etiam
1366 3614 1525 3691 disp.
1579 3617 1719 3674 512.
1755 3618 1897 3673 ante
1931 3614 2121 3672 finem
2152 3613 2389 3691 dicens,
2423 3614 2506 3674 ad

971 3708 1381 3771 incurrendas
1413 3725 1519 3767 eas
1573 3724 1795 3784 poenas
1828 3724 1953 3766 non
1989 3707 2300 3782 sufficere,
2337 3707 2505 3787 quod

970 3802 1187 3878 semel,
1217 3801 1337 3876 his,
1391 3803 1500 3859 aut
1530 3804 1625 3860 ter
1682 3798 1878 3874 ludat,
1914 3798 2024 3858 sed
2054 3799 2287 3878 requiri
2336 3800 2504 3879 quod

972 3915 1137 3975 saepe
1168 3895 1233 3954 id
1283 3893 1491 3953 faciat.
1546 3892 1667 3952 Alii
1711 3892 1923 3966 etiam,
1966 3910 2124 3970 quos
2188 3894 2380 3954 refert
2447 3898 2510 3955 et

972 3988 1258 4067 sequitur
1290 3986 1520 4048 Sanch.
1553 3986 1614 4046 d.
1650 3984 1800 4045 dub.
1826 4002 2047 4049 xxvm.
2086 4004 2258 4046 num.
2292 3990 2351 4046 7.
2393 3989 2507 4047 Po-

973 4082 1090 4143 tuit
1118 4081 1347 4159 quippe
1381 4080 1604 4139 merito
1636 4078 1954 4156 prohiberi
1986 4079 2117 4138 5010
2152 4079 2507 4158 frequentia

972 4174 1103 4235 ludi
1132 4178 1387 4252 propter
1431 4173 1852 4231 indecentiam
1909 4171 2314 4250 peculiarem,
2368 4191 2506 4252 quae

973 4269 1037 4329 in
1066 4286 1191 4328 uno
1220 4267 1320 4328 vel
1349 4267 1542 4326 altero
1561 4265 1706 4325 ludo
1736 4283 1859 4325 non
1880 4265 2506 4346 reperitur.Denique

975 4362 1079 4424 alii
1108 4361 1325 4423 dicunt
1375 4360 1493 4420 1100
1533 4364 1919 4437 praeceptum
1978 4357 2313 4436 positivum
2357 4364 2507 4421 tunc

975 4456 1177 4519 solum
1210 4454 1490 4532 obligare
1539 4453 1838 4530 graviter,
1894 4453 2147 4530 quando
2192 4453 2413 4514 crebro
2447 4458 2514 4515 et

973 4549 1057 4610 ad
1083 4549 1343 4626 longum
1374 4551 1619 4624 tempus
1652 4545 1905 4606 luditur.
1946 4547 2036 4605 lta
2065 4545 2317 4605 Lessius
2345 4565 2407 4610 n.
2443 4550 2502 4608 5.

976 4644 1169 4703 Secus
1198 4641 1246 4700 si
1277 4640 1358 4699 ad
1386 4639 1577 4698 breve
1610 4642 1855 4715 tempus
1914 4637 2313 4699 recreationis
2360 4658 2507 4700 cau-

975 4755 1066 4811 sa,
1100 4734 1345 4796 etiamsi
1374 4732 1591 4792 crebro
1651 4730 1848 4807 ludat,
1884 4731 2125 4792 secluso
2184 4732 2502 4794 scandalo,

977 4829 1098 4889 Alii
1127 4827 1207 4888 ad
1263 4826 1636 4904 gravitatem
1696 4825 1896 4885 solum
1955 4825 2303 4903 requirunt,
2340 4825 2506 4905 quod

978 4923 1197 4984 crebro
1227 4922 1358 4996 fiat,
1391 4920 1534 4979 licet
1564 4937 1687 4978 non
1716 4918 1794 4978 ad
1823 4918 2080 4997 longum
2112 4924 2382 4998 tempuS.

1058 5015 1284 5094 Negari
1315 5031 1436 5073 non
1482 5017 1685 5091 potest
1731 5030 2002 5072 canones
2042 5013 2180 5073 illos
2223 5017 2508 5091 receptos

979 5129 1104 5170 non
1134 5128 1265 5168 esse
1297 5107 1483 5167 hodie
1512 5106 1574 5164 in
1606 5109 1733 5166 toto
1764 5124 1875 5164 suo
1904 5106 2133 5184 rigore,
2168 5125 2311 5166 cum
2342 5111 2403 5167 et
2432 5106 2509 5166 de

979 5202 1152 5263 laicis
1182 5202 1369 5262 etiarn
1399 5200 1764 5278 loquantur,
1814 5203 1876 5260 et
1915 5198 1992 5257 de
2036 5198 2281 5260 clericis
2313 5199 2509 5260 omni-

978 5297 1112 5356 bus,
1164 5295 1342 5356 Unde
1372 5294 1659 5353 doctores
1689 5291 2103 5352 communiter
2131 5290 2346 5354 dicunt
2370 5338 2386 5368 ,
2437 5310 2511 5352 ex

975 5388 1036 5448 vi
1068 5388 1314 5448 illorum
1338 5386 1470 5466 jam
1503 5405 1625 5446 non
1645 5385 1910 5462 obligari
1942 5385 2056 5444 nisi
2094 5385 2353 5445 clericos
2384 5386 2512 5444 exi-

975 5485 1208 5541 stentes
1240 5481 1299 5538 in
1329 5479 1522 5539 saeris
1553 5478 1905 5554 ordinibus,
1942 5478 2036 5538 vel
2069 5477 2372 5538 habentes
2404 5478 2513 5538 bc-

978 5574 1269 5636 neficium
1324 5572 1833 5647 ecclesiasticum,
1892 5575 1963 5632 ut
2015 5589 2160 5632 cum
2207 5574 2506 5649 Navarr0‚

2068 370 2172 431 DE
2213 371 2568 432 JUSTlTIA
2611 372 2712 432 ΕΤ
2753 371 2952 433 JURE

2593 548 2911 609 Ludovico
2941 550 3148 626 Lopez
3191 550 3252 608 et
3278 546 3416 607 aliis
3445 546 3708 607 fatentur
3733 549 3994 614 Sanehezn.

2593 644 2652 703 8.
2695 642 2940 702 Lessius
2970 640 3119 701 dub.
3153 658 3197 702 1.
3245 640 3421 702 Salas
3449 640 3596 700 dub.
3628 657 3775 701 111411.
3804 662 3883 702 nu.
3908 649 4000 707 1.(31

2594 734 2872 813 aliiquos
2890 736 3176 795 afferunt.
3213 733 3509 807 Quamvis
3539 737 3732 794 autem
3750 733 3894 815 aliqui
3915 756 4000 798 eam

2594 827 2798 905 legem
2829 827 3170 888 extendant
3208 827 3288 887 ad
3330 826 3653 904 religiosos
3687 828 3999 903 etiamlaicss,

2595 920 2818 980 merito
2848 925 3058 980 tamen
3091 919 3268 981 Salas
3299 937 3403 978 nu.
3439 920 3498 977 3.
3544 918 3607 977 id
3635 924 3828 996 negat,
3868 938 3963 980 cum
3979 922 4003 979 ii

2597 1013 2762 1072 nullo
2793 1012 2980 1072 modo
3032 1012 3154 1072 sint
3182 1011 3391 1071 clerici
3416 1057 3431 1087 ,
3484 1011 3632 1070 dum
3673 1011 3900 1072 ordinem
3933 1034 4005 1073 11011

2597 1122 2722 1165 non
2752 1104 3005 1166 habent.
3068 1107 3293 1165 Fateor
3319 1107 3571 1176 tamen,
3619 1110 3838 1181 propter
3858 1110 4006 1165 statum

2597 1198 3059 1277 perfectiorem,
3095 1202 3158 1259 et
3184 1204 3443 1277 propter
3472 1196 3827 1273 scandalum,
3852 1198 4007 1258 facilius

2598 1308 2778 1369 posse
2807 1290 3165 1368 religiosum
3194 1290 3470 1368 graviter
3499 1307 3743 1368 peccare
3768 1290 3818 1347 in
3842 1289 3927 1349 hoc
3944 1309 4009 1367 ge-

2600 1402 2781 1456 nere;
2815 1401 3007 1462 quare
3039 1383 3331 1444 Rebellus
3358 1382 3469 1443 lib.
3502 1399 3613 1442 xli.
3646 1400 3702 1461 q.
3731 1386 3785 1443 1.
3813 1390 4008 1461 putatre

2595 1476 2848 1555 ligiosos
2873 1522 2888 1552 ,
2940 1480 3004 1537 et
3044 1476 3369 1555 episcopos
3416 1493 3542 1535 non
3572 1492 3739 1553 posse
3765 1476 4008 1534 excusarit

2598 1568 2827 1630 veniali
2850 1615 2865 1646 ‚
2916 1568 2967 1628 si
2997 1570 3096 1629 vel
3125 1568 3316 1629 semel
3345 1568 3570 1628 ludant
3590 1614 3606 1642 ‚
3637 1567 3744 1627 nisi
3768 1574 4010 1645 013001110-

2600 1662 2860 1723 cessitas
2907 1661 3219 1722 excitandi
3265 1660 3364 1720 vel
3408 1659 3728 1721 recreandi
3776 1660 4008 1719 infirmum.

2599 1755 2698 1815 vel
2728 1754 2849 1814 alia
2877 1754 3136 1830 similia,
3193 1754 3295 1814 cui
3335 1771 3459 1814 non
3509 1752 3698 1832 possit
3737 1752 4011 1813 01110150οΪ5-

2598 1847 2734 1908 fieri
2768 1863 2782 1909 :
2814 1847 2982 1926 quod
3013 1847 3240 1906 durum
3270 1850 3450 1924 putat
3478 1846 3674 1907 Salas».
3732 1845 3833 1906 Sed
3876 1844 4010 1903 durius

2599 1942 2860 2002 fortasse
2892 1939 2995 1998 alii
3021 1940 3384 2019 loquuntur,
3418 1944 3488 2000 ut
3515 1937 3719 1998 Alcoz.
3747 1936 4008 2007 lihdebido,

2600 2053 2737 2112 cap.
2771 2050 2856 2094 xi.
2893 2033 2999 2112 qui
3028 2032 3199 2109 dicit,
3234 2033 3566 2112 episcopos
3592 2049 3825 2110 peccare
3863 2036 4012 2090 morta·

2596 2127 2759 2203 liter,
2792 2126 3045 2206 quando
3076 2125 3240 2186 ludis
3268 2125 3478 2187 vetitis
3504 2125 3758 2199 ludunt,
3786 2122 3877 2182 nisi
3897 2140 4013 2183 causa

2593 2218 2971 2280 infirmitatis
2995 2265 3010 2295 ,
3064 2218 3332 2278 carceris
3360 2218 3460 2277 vel
3491 2217 3740 2279 alterius
3762 2215 4008 2295 spirimalis,

2595 2318 2703 2374 aut
2734 2312 3076 2392 corporalis
3104 2312 3337 2372 laboris
3365 2311 3430 2371 id
3459 2311 3693 2371 faciant
3735 2330 3748 2370 ε
3797 2307 4013 2385 religiosos

2595 2426 2743 2467 vero
2771 2424 3031 2485 peccare
3062 2406 3252 2465 etiam
3281 2404 3633 2464 mortaliter
3655 2450 3669 2477 ,
3701 2404 3747 2462 si
3773 2402 3944 2463 taxillis
3962 2401 4013 2457 lu·

2598 2500 2772 2575 dant,
2807 2503 2915 2560 aut
2942 2498 3080 2559 aliis
3110 2499 3320 2559 vetitis
3349 2497 3514 2558 ludis
3539 2544 3556 2572 ,
3592 2497 3706 2556 nisi
3731 2496 3821 2555 nbi
3845 2512 4016 2553 consue·

2596 2597 2731 2653 tum
2785 2598 2913 2669 est,
2966 2597 3028 2652 et
3053 2592 3294 2670 absque
3323 2609 3521 2670 pravo
3555 2588 3817 2668 exemplo
3854 2587 4017 2647 saecula

2598 2687 2760 2747 rium
2807 2686 2887 2747 ob
2929 2684 3268 2745 levandum
3315 2685 3594 2763 aliquem
3638 2683 3927 2755 infirmum,
3958 2677 4017 2735 rel

2600 2782 2955 2858 conjectum
2980 2778 3042 2836 in
3075 2796 3396 2837 carcerem
3420 2824 3436 2853 ,
3488 2777 3590 2836 vel
3622 2775 3699 2835 ob
3724 2774 3887 2834 simile
3905 2771 4020 2829 moti-

2601 2891 2772 2948 vum,
2803 2872 2902 2931 vel
2933 2869 3049 2930 nisi
3079 2889 3344 2949 parvum
3373 2868 3615 2948 aliquid
3642 2867 3902 2941 luderent,
3915 2870 3956 2923 et
3973 2864 4018 2921 ob

2602 2967 2799 3027 5010111
2829 2964 3021 3024 animi
3046 2963 3501 3023 recreationem
3539 2981 3554 3021 z
3588 2960 3746 3040 quod
3771 2975 3932 3017 verum
3953 2973 4018 3031 pe

2602 3063 2692 3121 tat
2721 3058 2952 3120 Sanch.
2989 3076 3048 3117 n.
3083 3061 3141 3118 9.
3203 3056 3350 3135 quia
3397 3054 3456 3114 hi
3498 3055 3634 3115 ludi
3663 3052 3886 3113 multum
3907 3046 4018 3107 dece-

2603 3157 2745 3214 cent
2798 3156 3030 3213 statum
3081 3150 3520 3229 religiosorum
3578 3154 3640 3210 et
3682 3146 4017 3250 episcoporum.

2605 3249 2731 3306 Nec
2776 3245 3065 3305 dissentit
3091 3243 3322 3304 Melina
3351 3242 3513 3320 disp.
3550 3245 3688 3302 521.
3730 3239 3785 3298 in
3809 3238 3928 3297 fine.
3959 3231 4018 3291 uhi

2604 3338 2775 3414 dicit,
2809 3337 2977 3416 quod
3033 3335 3272 3396 «ludus
3300 3336 3664 3396 chartarum
3686 3329 3929 3409 religiosis
3946 3327 4022 3384 1011

2602 3450 2680 3510 ge
2709 3430 2911 3508 magis
2939 3429 3235 3489 indecens
3265 3432 3390 3503 est,
3442 3434 3508 3489 et
3552 3417 4018 3486 scandalosusaliiz.

2604 3542 2794 3603 quam
2824 3522 3065 3583 clericis
3085 3521 3512 3594 saecularibus,
3541 3537 3735 3598 eoque
3761 3515 3917 3592 magis
3936 3511 4020 3589 ipsi<
4117 3519 4118 3566 ζ

2604 3617 2899 3675 indecens
2928 3621 2991 3676 et
3019 3614 3425 3674 scandalosus
3453 3612 3628 3685 aliis,
3663 3629 3773 3690 quo
3798 3607 4020 3669 arctiorem

2602 3709 2797 3769 vitam
2845 3709 3215 3787 profitentur
3240 3753 3255 3782 ,
3305 3711 3368 3766 et
3395 3706 3604 3784 magis
3649 3705 3708 3763 in
3738 3721 3802 3762 ea
3825 3698 4022 3774 religion-⁸

2606 3802 2912 3880 regularis
2942 3800 3271 3878 discipfina
3306 3799 3493 3877 viget,
3533 3797 3836 3876 majorque
3860 3787 4023 3865 0510ρί-

2607 3896 2708 3957 nio
2755 3896 2817 3955 in
2860 3895 3089 3973 populo
3137 3894 3214 3953 de
3263 3894 3541 3972 ipsorum
3587 3886 3952 3955 observantia,
3984 3896 4023 3936 ac

2606 3989 2957 4049 sanctitate..
2997 4010 3026 4045 ιι
3092 3986 3271 4047 Unde
3324 3984 3666 4063 perdoctus
3722 3984 3779 4042 P.
3829 3974 4024 4054 Magister

2605 4083 2851 4143 Bannes
2918 4079 3349 4140 indubitanter
3407 4075 3747 4156 aliquando
3797 4067 4024 4132 asseruisse

2606 4174 2822 4249 fertur,
2857 4173 2910 4234 si
2940 4173 3257 4233 hominem
3289 4174 3520 4231 nostra}
3553 4166 3840 4229 societatis
3863 4159 4024 4220 vidisset

2607 4266 2838 4329 chartis
2889 4267 3080 4326 semel
3121 4264 3475 4332 ludentem,
3534 4262 3914 4342 judicaturum
3941 4267 4027 4310 eum

2608 4360 2847 4439 peccati
2874 4359 3155 4419 mortalis
3182 4375 3381 4418 reum.
3444 4357 3626 4427 Quod
3672 4371 3780 4431 ego
3817 4350 3953 4409 etiam
3983 4341 4026 4398 de

2607 4452 2890 4532 patribus
2919 4450 3315 4531 capucciniS,
3349 4448 3776 4510 Carmelitanis
3803 4440 4029 4503 discalcea

2606 4547 2706 4622 tis,
2741 4551 2802 4606 et
2829 4545 3135 4605 similibus
3164 4544 3327 4604 dice.
3387 4543 3641 4621 Optima
3682 4557 3815 4617 ergo
3846 4537 3893 4594 in
3921 4533 3970 4590 iis
3995 4533 4028 4584 13

2606 4641 2669 4700 10
2701 4638 2942 4700 clericis
2973 4638 3161 4698 etiam
3191 4636 3604 4698 saecularibus
3646 4633 3842 4712 regula
3874 4619 4028 4687 desumi

2607 4732 2797 4793 debet
2823 4751 2898 4792 ex
2927 4729 3280 4792 indecentia
3305 4775 3321 4805 ‚
3354 4747 3545 4809 quam
3569 4729 3743 4807 juxta
3769 4721 4029 4804 praeseultffi

2607 4845 2817 4888 rerum
2863 4829 3096 4886 statum
3143 4823 3327 4884 ludus
3368 4822 3475 4883 tali
3507 4821 3697 4884 statui
3725 4820 3909 4879 afferre
3929 4809 4033 4868 vidt-

2606 4924 2728 4982 tur.
2764 4921 2967 4991 Quare
3000 4917 3341 4996 prudenter
3369 4915 3446 4975 de
3476 4913 3717 4975 clericis
3735 4911 3866 4971 dixit
3885 4902 4030 4967 monna

2606 5013 2745 5074 loco
2775 5012 3058 5091 proxime
3090 5011 3193 5072 cit.
3237 5031 3266 5065 «
3294 5012 3449 5070 Cum
3479 5026 3686 5087 poenae
3714 5006 3819 5066 illae
3841 5000 3950 5062 solis
3969 5013 4030 5073 pu·

2606 5105 2784 5166 blicis
2815 5103 3192 5165 aleatoribus
3221 5102 3345 5163 sint
3372 5101 3711 5181 impositae,
3756 5095 3844 5176 qui
3870 5109 3955 5151 non
3977 5104 4031 5143 :tL

2608 5199 2767 5273 mel,
2803 5202 2911 5259 aut
2939 5214 3082 5257 raro
3128 5196 3382 5272 ludunt,
3435 5194 3546 5254 sed
3578 5194 3724 5253 ludo
3752 5178 4030 5251 suntdediti.

2609 5310 2732 5353 non
2755 5290 2970 5370 judico
3002 5288 3513 5351 condemnandos
3545 5305 3680 5347 esse
3717 5284 3885 5360 culpae
3908 5275 4031 5336 leth&

2606 5385 2683 5446 lis
2714 5403 2818 5445 eos
2849 5385 3129 5460 clericOS,
3189 5382 3294 5462 qui
3340 5381 3472 5442 sine
3513 5381 3775 5441 aliorum
3812 5365 4028 5435 scandasso

2608 5478 3013 5539 recreationis
3041 5476 3283 5556 gratia,
3317 5475 3553 5536 chartis
3582 5473 3794 5533 ludunt
3818 5469 4030 5547 quanma

2610 5576 2704 5634 tes
2732 5571 3053 5649 modicaS‚
3112 5589 3251 5651 quae
3306 5567 3729 5630 conditionem
3778 5581 3840 5624 ac
3882 5563 4028 5619 statum
4113 5627 4114 5634 ἵ
