4263 6376
1129 311 1600 373 DISPUTATIO
1645 310 1860 387 XXXI,
1910 312 2185 374 SECTIO
2229 314 2358 374 VII.
3195 318 3314 377 529

202 513 319 556 nem
348 513 360 553 ε
391 488 674 571 quoniam
703 487 839 548 haec
868 488 1250 548 assecuratio
1282 506 1404 548 non
1437 490 1532 547 est
1561 486 1682 546 rei-

199 587 427 668 publicae
459 582 640 658 utilis,
677 599 791 642 nec
821 581 1098 641 deservit
1137 581 1255 640 nisi
1302 584 1371 640 ut
1419 580 1480 639 hi
1514 598 1683 640 asse-

201 683 475 742 curatores
503 674 681 736 otiosi
733 675 795 733 in
826 674 953 733 suis
983 673 1274 733 domibus
1301 673 1682 750 locupleten-

198 781 299 848 tur,
329 771 473 831 sicut
497 770 757 830 lusores,
803 767 924 828 Alii
968 772 1176 827 tamen
1212 784 1428 826 omnes
1457 766 1680 825 merito

200 867 334 926 banc
359 861 717 922 sententiam
762 859 1056 939 rejiciunt
1087 878 1099 919 :
1152 859 1297 938 quia
1328 863 1683 919 contractus

199 960 282 1018 hic
305 955 452 1016 cedit
477 956 535 1014 in
567 953 803 1013 bonum
832 952 1173 1031 publicum,
1209 957 1275 1012 ut
1302 956 1683 1012 mercatores

199 1051 434 1111 audeant
456 1065 695 1105 merces
723 1065 868 1105 suas
897 1065 971 1105 ex
1003 1062 1128 1105 uno
1161 1045 1239 1104 ad
1268 1044 1684 1106 aliumlocum

197 1147 579 1221 transportare
609 1157 752 1199 cum
773 1138 997 1216 majori
1019 1138 1373 1214 securitate,
1410 1143 1472 1199 et
1491 1138 1685 1197 aliun-

199 1237 262 1295 de
288 1236 526 1314 possunt
569 1233 631 1291 in
682 1231 800 1292 hoc
848 1236 1173 1292 contractu
1204 1232 1441 1291 servari
1470 1249 1685 1292 omnes

192 1328 417 1408 justitioe
443 1325 854 1399 conditiones,
889 1325 1049 1385 sicut
1076 1325 1137 1383 in
1169 1324 1324 1385 aliis.

262 1421 446 1483 Prima
461 1438 605 1497 ergo
630 1417 903 1478 conditio
935 1417 1015 1476 ad
1043 1417 1345 1496 justitiam
1369 1436 1688 1478 assecura-

143 1559 158 1570 .
198 1513 353 1574 tionis
381 1518 501 1589 est,
561 1516 628 1572 ut
667 1511 938 1590 pretium
981 1511 1061 1570 sit
1115 1511 1354 1589 aequale
1411 1511 1685 1588 periculo

198 1606 341 1685 quod
372 1604 722 1682 suscipitur,
759 1621 984 1682 nempe
1012 1607 1082 1663 ut
1107 1604 1266 1663 tanti
1292 1604 1501 1666 valeat
1517 1604 1688 1682 judi-

195 1701 274 1759 cio
322 1697 685 1778 prudentem
735 1696 838 1755 illa
893 1694 1189 1774 obligatio
1236 1700 1539 1774 quantum
1596 1699 1690 1757 est

194 1791 426 1871 pretium
457 1789 624 1869 quod
675 1806 788 1867 pro
836 1788 945 1849 illa
987 1788 1172 1849 datur
1206 1808 1218 1848 :
1279 1789 1447 1867 quod
1476 1794 1686 1850 tamen

194 1905 295 1945 non
324 1883 594 1944 consistit
621 1883 683 1940 in
715 1881 1112 1956 indivisibili,
1159 1881 1268 1940 sed
1300 1881 1490 1942 habet
1517 1899 1689 1941 sum-

190 1996 358 2051 mum,
388 1975 699 2050 medium,
733 1974 1019 2033 infimum
1044 2019 1058 2048 ,
1093 1973 1254 2033 sicut
1280 1973 1342 2032 in
1373 1974 1686 2052 emptione

191 2077 240 2131 et
264 2068 627 2143 venditione,
662 2070 726 2127 et
754 2067 915 2127 sicut
945 2065 1186 2125 variata
1217 2066 1688 2127 circumstantia

187 2162 436 2222 variatur
454 2159 828 2241 periculum,
854 2159 940 2219 ita
963 2157 1187 2218 variari
1209 2158 1397 2220 debet
1416 2159 1686 2237 pretium

180 2256 413 2335 justum,
448 2252 627 2333 eujus
655 2258 865 2314 tamen
889 2251 1211 2331 aequalitas
1233 2252 1688 2314 consideranda

185 2352 267 2409 est
312 2367 383 2407 ex
427 2345 769 2427 quantitate
815 2343 1091 2424 periculi*
1117 2348 1398 2422 tempore
1440 2349 1688 2407 eontra-

187 2447 321 2516 01115,
354 2458 472 2500 11011
499 2458 574 2499 ex
606 2438 698 2498 rei
726 2443 974 2498 eventu.

253 2533 528 2594 Secunda
557 2530 830 2592 conditio
889 2529 1303 2591 communiter
1343 2549 1382 2590 a
1424 2530 1687 2593 doctori-

184 2626 285 2685 bus
317 2625 613 2704 requisita
659 2628 755 2684 est
809 2622 1069 2682 dubium
1111 2622 1188 2682 de
1236 2626 1464 2683 eventu
1517 2623 1688 2701 apud

183 2724 493 2797 utrumque
539 2715 1052 2788 contrahentem3
1115 2734 1309 2794 quare
1357 2716 1405 2775 si
1435 2734 1688 2776 assecu-

181 2829 308 2871 rans
335 2812 447 2871 seit
466 2829 601 2869 rem
613 2809 749 2888 jam
771 2828 905 2869 esse
935 2808 996 2868 111
1024 2813 1178 2884 tute,
1214 2809 1311 2868 vel
1332 2809 1688 2887 pervenisse

181 2905 368 2964 navim
387 2904 466 2964 ad
495 2907 770 2982 portum,
806 2906 922 2963 ete.
949 2902 1094 2961 licet
1114 2901 1233 2961 hoc
1261 2900 1340 2960 ab
1363 2901 1498 2961 aliis
1518 2921 1690 2962 com-

179 2998 428 3058 muniter
456 2998 784 3074 ignoretur
817 3041 832 3070 ,
879 3013 1005 3054 non
1035 2997 1241 3072 potest
1270 2994 1540 3072 pretium
1572 2994 1689 3055 sibi

175 3109 272 3169 pro
299 3089 758 3150 assecuratione
787 3087 1040 3166 pacisci.
1090 3086 1264 3147 Sicut
1292 3105 1324 3146 e
1355 3091 1604 3164 contra,
1637 3088 1690 3148 si

173 3184 218 3244 is
244 3184 340 3263 qui
368 3181 902 3245 assecurationem
931 3180 1124 3259 petit,
1184 3179 1340 3240 sciat
1383 3200 1515 3240 rem
1556 3180 1687 3261 jam

172 3279 406 3355 periisse
429 3324 444 3353 ,
466 3276 579 3336 ‘vel
608 3277 671 3334 in
702 3293 775 3334 eo
807 3293 941 3334 esse
971 3278 1134 3334 statu
1163 3271 1227 3332 in
1259 3292 1381 3352 quo
1411 3274 1681 3336 certissi-

172 3389 259 3429 me
285 3371 484 3450 perire
507 3368 757 3445 debeat,
793 3386 916 3428 non
939 3371 1144 3445 potest
1158 3366 1356 3444 pretio
1378 3368 1684 3445 promisso

168 3463 555 3524 securitatem
600 3461 680 3522 ab
728 3460 850 3520 alio
896 3460 1145 3537 exigere
1175 3505 1191 3534 ,
1244 3459 1330 3519 ita
1375 3478 1518 3519 eum
1549 3461 1684 3521 aliis

167 3555 381 3616 Melina
409 3555 516 3615 ubi
549 3572 759 3632 supra,
793 3555 963 3613 Less.
1000 3570 1053 3613 0.
1085 3568 1307 3613 xxvm.
1341 3553 1491 3613 dub.
1525 3557 1586 3614 4.
1624 3558 1684 3614 et

165 3648 255 3707 alii
286 3666 525 3708 01111105.
566 3646 744 3708 Unde

236 3742 514 3802 Inferunt
543 3739 744 3818 primo
767 3786 781 3814 ,
830 3737 1248 3815 decipientem
1289 3737 1520 3798 debere
1553 3757 1677 3799 res-

165 3833 373 3894 tituere
403 3833 671 3912 decepto
720 3849 844 3891 non
874 3830 1075 3891 solum
1106 3830 1274 3909 quod
1302 3830 1383 3890 ab
1416 3830 1547 3909 ipso
1577 3849 1683 3891 ac-

163 3927 333 4005 cepit,
364 3925 476 3986 sed
506 3924 700 3986 etiam
721 3942 833 4002 pro
860 3922 1105 3983 damnis
1126 3923 1413 3983 omnibus
1444 3942 1517 3982 ex
1540 3942 1682 3984 con-

161 4024 348 4080 tractu
369 4019 626 4094 secutis,
660 4016 837 4077 verbi
857 4016 1083 4094 gratia,
1118 4034 1422 4095 expensas
1451 4015 1513 4074 in
1543 4034 1686 4076 con-

160 4116 346 4173 tractu
402 4112 630 4188 faetaS,
661 4111 907 4171 lucrum
935 4127 1207 4184 cessans,
1242 4113 1310 4169 ut
1337 4108 1387 4169 si
1418 4109 1684 4188 pecunia

158 4203 251 4263 illa
280 4204 520 4284 aliquid
550 4203 904 4263 lucraturus
934 4205 1089 4278 erat,
1124 4206 1186 4261 et
1213 4200 1458 4261 similia.

227 4298 511 4358 luserunt
540 4294 815 4356 secundo
837 4341 852 4370 ,
906 4294 1054 4355 licet
1082 4312 1207 4354 non
1246 4293 1404 4354 sciat
1431 4312 1683 4355 assecu-

154 4408 290 4451 rans
316 4409 453 4450 rem
484 4407 622 4449 esse
650 4387 782 4468 jam
810 4388 874 4446 in
902 4391 1059 4464 tute,
1094 4388 1250 4448 sciat
1276 4392 1488 4448 tamen
1518 4388 1683 4466 peri-

154 4485 351 4544 culum
378 4500 619 4562 magna
648 4500 722 4541 ex
745 4485 919 4560 parte
939 4498 1237 4556 cessasse,
1273 4480 1370 4540 vel
1401 4498 1433 4539 e
1465 4487 1684 4542 contra

153 4580 545 4638 assecuratus
592 4574 884 4635 habuerit
930 4573 1216 4635 notitiam
1264 4593 1386 4633 11011
1428 4575 1680 4635 0111111110

150 4676 396 4747 certam,
434 4669 552 4729 sed
583 4687 695 4747 per
723 4686 1029 4743 1111110105,
1064 4670 1171 4727 3111
1190 4664 1583 4745 conjecturas
1603 4666 1681 4727 de

144 4761 382 4841 jactura
413 4763 548 4835 rei3
600 4780 799 4840 eaque
828 4760 1088 4821 scientia
1137 4760 1403 4820 alterum
1434 4763 1682 4820 contra-

147 4855 393 4918 hentem
424 4857 664 4930 lateat,
699 4854 929 4914 debere
959 4853 1286 4914 restituere
1315 4852 1537 4913 saltem
1568 4871 1681 4930 pro

147 4950 495 5026 quantitate
545 4947 932 5007 decrementi
961 4946 1055 5006 vel
1106 4944 1471 5005 incrementi
1515 4944 1683 5024 peri-

144 5042 298 5119 culi,
352 5043 511 5122 quia
543 5040 608 5100 id
637 5044 838 5101 totum
894 5038 1042 5100 feeit
1085 5038 1573 5117 inaequalitatem
1618 5037 1682 5097 in

148 5140 498 5197 contractu.

219 5229 416 5290 Addit
464 5232 682 5288 tamen
725 5227 897 5287 Less,
930 5243 1103 5285 num.
1137 5228 1234 5286 27.
1260 5223 1501 5285 etiamsi
1548 5242 1686 5283 ma·

143 5339 334 5401 gnum
365 5322 451 5383 sit
479 5320 867 5381 ordinarium
896 5318 1165 5397 pretium
1195 5317 1256 5376 in
1289 5317 1499 5397 aliqua
1526 5335 1689 5376 asse·

143 5415 494 5490 curatione,
514 5412 686 5473 verbi
718 5431 815 5491 gr.
839 5411 962 5475 tria
989 5411 1342 5486 incentum,
1361 5410 1687 5490 obmagna

463 5510 630 5571 Τοκ.
673 5507 810 5572 vu.

1781 488 2079 566 pericula,
2115 506 2256 567 quae
2286 508 2325 550 a
2353 489 2567 568 piratis
2590 535 2605 565 ,
2641 489 2739 549 vel
2785 493 3154 568 tempestate
3184 492 3316 570 ple·
3389 507 3507 560 Quid,
3533 507 3637 573 ‚rex

1779 600 2044 660 rumque
2073 581 2460 659 impendent,
2493 602 2676 662 posse
2707 588 2766 643 te
2795 586 3001 645 totum
3031 584 3184 644 illud
3215 604 3316 646 or-
3365 563 3661 658 νζῗζῗξῗῇᾉξ,

1783 673 2095 734 dinarium
2123 675 2395 753 pretium
2437 695 2551 754 pro
2582 676 3044 737 assecuratione
3075 683 3310 756 petere,
3384 669 3642 764 “ffggiggjgss

1780 767 1925 827 licet
1952 767 2204 826 aliunde
2233 786 2305 827 ex
2339 767 2677 846 astrologia
2708 768 2806 828 vel
2854 769 3107 830 aliunde
3157 770 3318 830 scias
3393 776 3634 830 periculum.

1784 878 1908 919 non
1938 860 2067 919 fore
2106 864 2511 937 tempestates
2534 907 2550 937 ,
2583 860 2679 919 vel
2721 879 2794 920 ex
2841 861 3064 923 litteris
3108 864 3316 938 amici,

1784 970 1909 1013 non
1928 953 2059 1013 fore
2087 954 2322 1032 piratas
2355 971 2368 1015 :
2406 954 2553 1032 quia
2582 954 2880 1032 obligatio
2911 955 3146 1033 passim
3160 955 3320 1017 tanti

1785 1045 2129 1106 aestimatur
2152 1091 2167 1122 ,
2228 1064 2301 1106 eo
2361 1047 2528 1125 quod
2583 1064 2815 1125 magna
2869 1048 2993 1108 sint
3045 1047 3324 1126 pericula

1785 1139 2202 1201 communiter
2231 1139 2620 1199 occurrentia
2673 1159 2686 1198 ε
2741 1158 2854 1199 1100
2896 1140 3124 1202 1111111111
3150 1159 3324 1201 com-

1786 1250 2041 1291 munem
2070 1231 2547 1292 aestimationem
2579 1232 2801 1293 notitia
2828 1232 3071 1310 privata
3117 1251 3321 1294 03115εο

1787 1325 2047 1386 occultae
2092 1343 2283 1403 quam
2327 1325 2542 1386 1131105.
2594 1325 2766 1386 Sicut
2795 1344 3033 1386 merces
3064 1330 3326 1405 possunt

1786 1416 1972 1477 vendi
2033 1417 2232 1496 pretio
2278 1418 2596 1478 communi
2656 1418 2735 1477 ab
2798 1437 2870 1478 eo
2934 1419 3121 1479 etiam
3141 1465 3156 1495 ,
3217 1418 3323 1498 qui

1788 1510 2096 1589 privatam
2125 1510 2451 1572 scientiam
2484 1511 2677 1572 habet
2697 1511 2774 1572 de
2807 1511 3092 1590 proxima
3123 1511 3324 1571 abun-

1788 1603 2023 1663 dantia.

1867 1698 2013 1756 Haec
2042 1699 2251 1757 tamen
2281 1695 2566 1757 doctrina
2594 1695 2863 1756 difficilis
2893 1699 3006 1772 est,
3028 1715 3144 1757 nec
3175 1697 3324 1757 satis

1786 1793 2244 1868 consequenter
2275 1789 2432 1849 tradi
2461 1788 2708 1849 videtur
2751 1788 2828 1848 ad
2877 1789 3182 1867 principia
3211 1808 3325 1868 po-

1787 1882 1925 1942 sita.
1963 1882 2025 1942 Si
2057 1883 2224 1942 enim
2256 1882 2374 1942 1100
2402 1881 2584 1957 11001,
2645 1900 2769 1943 non
2812 1881 2991 1942 video
3041 1900 3152 1942 cur
3196 1901 3321 1942 non

1783 1975 1969 2036 liceat
1996 1975 2266 2053 pretium
2306 1976 2487 2053 juxta
2534 1992 2931 2035 communem
2963 1975 3324 2036 aestiniatio-

1787 2086 1931 2126 nem
1963 2067 2248 2145 accipere
2277 2085 2389 2146 pro
2422 2067 2757 2128 securitate
2783 2113 2798 2142 ,
2847 2067 3035 2128 etiam
3070 2067 3321 2147 quando

1786 2179 1899 2239 per
1926 2145 2164 2222 litteras
2195 2159 2380 2219 amici
2421 2160 2542 2219 scis
2584 2178 2719 2218 rem
2765 2159 2829 2219 in
2872 2164 3006 2222 tuto
3053 2161 3324 2239 positam

1788 2271 1922 2312 esse
1956 2272 1969 2311 :
2004 2271 2126 2332 quo
2154 2256 2367 2313 tamen
2399 2270 2547 2312 casu
2589 2251 2653 2311 id
2698 2252 2888 2312 licere
2937 2256 3127 2331 negat
3169 2255 3323 2313 Les-

1788 2345 1952 2421 siuS,
2015 2349 2083 2404 ut
2127 2344 2421 2404 vidimus,
2471 2343 2799 2404 Rationem
2839 2349 3048 2405 autem
3090 2345 3319 2423 reddit,

1786 2442 1921 2499 tum
1951 2438 2097 2518 quia
2119 2436 2360 2496 nullum
2390 2439 2484 2496 est
2503 2435 2637 2515 jam
2667 2436 3036 2514 periculum,
3057 2455 3202 2498 cum
3222 2455 3323 2498 res

1788 2531 1864 2592 sit
1892 2531 1953 2590 in
1983 2534 2140 2606 tute,
2199 2534 2263 2590 et
2312 2547 2427 2608 per
2471 2547 2862 2607 consequens
2891 2529 3185 2591 venditur
3223 2548 3323 2590 res

1788 2623 2015 2683 nullius
2044 2621 2473 2683 aestimationis
2501 2625 2564 2682 et
2591 2621 2774 2700 pretii
2812 2640 2827 2686 ς
2860 2626 2993 2683 111111
3025 2622 3174 2702 quia
3203 2622 3320 2683 do-

1785 2716 1882 2776 lus
1910 2715 2019 2775 dat
2045 2733 2301 2775 causam
2329 2714 2697 2775 contractui.
2732 2717 2880 2775 Haec
2915 2719 3125 2776 autem
3155 2718 3321 2776 utra-

1789 2827 1909 2888 que
1938 2808 2095 2869 13110
2114 2806 2364 2867 videtur
2387 2807 2574 2867 etiam
2592 2806 2935 2886 procedere
2953 2808 3014 2867 in
3044 2808 3319 2868 secundo

1788 2920 1936 2963 casu
1971 2921 1984 2962 :
2017 2919 2165 2960 113111
2218 2900 2365 2961 11001
2417 2920 2493 2961 ex
2538 2900 2894 2978 ignorantia
2934 2901 3323 2962 existimetur

1788 3014 1922 3056 esse
1950 2994 2337 3074 periculum;
2372 3012 2438 3053 re
2465 2998 2676 3054 tamen
2704 3012 2856 3054 vera
2885 3013 3008 3055 non
3039 3001 3153 3071 est,
3176 3013 3321 3055 cum

1787 3105 1991 3150 causae
2020 3086 2335 3148 naturales
2365 3085 2637 3148 debeant
2659 3087 2963 3167 impedire
2984 3091 3320 3166 tempesta-

1785 3186 1909 3260 tes,
1945 3185 2007 3243 et
2034 3181 2251 3259 piratae
2282 3179 2536 3241 omnino
2567 3180 2961 3245 decreverint
2987 3201 3113 3244 non
3142 3181 3318 3242 navi-

1784 3292 1956 3353 gare,
1993 3277 2055 3333 et
2075 3272 2209 3352 jam
2237 3273 2499 3333 sortasse
2537 3291 2661 3333 non
2708 3274 2947 3353 possint
2992 3273 3318 3334 consilium

1784 3371 2051 3442 mutare,
2086 3371 2148 3426 et
2176 3366 2295 3426 hoc
2327 3370 2528 3427 totum
2573 3366 2687 3426 tibi
2733 3365 2811 3427 sit
2839 3370 3077 3428 notum.
3115 3368 3316 3440 Quare

1785 3479 1963 3538 aeque
1993 3459 2111 3535 erit
2129 3459 2309 3519 dolus
2325 3459 2481 3519 dans
2499 3477 2753 3519 causam
2782 3460 3150 3536 contractui,
3172 3478 3317 3520 cum

1782 3552 1945 3613 hanc
1974 3551 2317 3612 carentiam
2345 3551 2498 3612 tanti
2524 3551 2783 3630 periculi
2803 3552 2914 3612 tibi
2936 3557 3148 3613 notam
3168 3570 3317 3613 con-

1779 3644 2052 3707 trahenti
2081 3662 2206 3704 non
2236 3644 2618 3704 manifestas,
2654 3644 2942 3705 Siautem
2973 3645 3145 3705 dicas
3174 3664 3316 3723 pre-

1782 3739 1938 3801 tium
1954 3756 2078 3797 non
2095 3737 2419 3815 accipipro
2443 3738 2741 3814 periculo,
2764 3737 2934 3816 quod
2954 3737 3053 3814 sit,
3077 3737 3184 3797 sed
3200 3756 3313 3815 pro

1783 3830 2161 3908 obligatione
2191 3830 2271 3889 ad
2312 3829 2420 3889 illa
2460 3829 2775 3907 pericula,
2827 3848 2967 3908 quae
3016 3829 3312 3907 obligatio

1779 3923 1934 3986 tanti
1965 3923 2310 3984 aestimatur
2340 3942 2355 3982 ε
2388 3921 2508 3981 1100
2535 3921 2740 4000 ipsum
2767 3922 2974 3983 dicere
3006 3941 3218 4001 posses
3249 3923 3311 3982 in

1779 4017 1974 4097 priori
2002 4034 2189 4091 casu,
2223 4014 2491 4093 pretium
2535 4015 2733 4093 accipi
2764 4032 2875 4092 pro
2906 4015 3308 4094 obligatione,

1781 4128 1921 4189 quae
1950 4107 2248 4185 obligatio
2277 4107 2436 4168 tanti
2465 4106 2832 4185 aestimatur,
2859 4108 3011 4169 dum
3040 4127 3314 4170 commu·

1780 4203 1942 4262 niter
1969 4201 2294 4279 ignoratur
2318 4199 2528 4260 navim
2551 4197 2685 4279 jam
2715 4218 2849 4261 esse
2878 4201 2942 4261 in
2970 4202 3107 4263 1000
3138 4207 3307 4264 tuto:

1780 4314 1974 4375 quare
2004 4312 2127 4354 non
2145 4294 2291 4354 satis
2312 4293 2497 4353 video
2519 4293 2962 4355 cobaerentiam
2986 4295 3308 4373 doctrinae,

1780 4406 1895 4448 nec
1924 4386 2193 4447 solidum
2223 4385 2357 4465 ejus
2386 4385 2888 4448 fundamentum.

1861 4480 2040 4542 Ratio
2072 4498 2222 4557 ergo
2250 4498 2288 4539 a
2316 4478 2506 4557 priori
2537 4479 2700 4539 illius
2740 4481 3111 4543 conditionis
3136 4500 3307 4542 com-
3478 4505 3554 4563 97

1779 4574 2051 4634 muniter
2076 4572 2393 4651 requisitae
2424 4571 2692 4650 petenda
2725 4573 2970 4635 videtur
3013 4593 3088 4635 ex
3130 4574 3311 4637 dictis
3388 4629 3504 4672 Unde
3522 4629 3626 4671 sumi

1779 4671 1929 4729 sect.
1963 4665 2232 4744 praeced.
2268 4683 2493 4743 nempe
2524 4684 2598 4724 ex
2629 4665 3012 4745 obligatione
3043 4669 3309 4728 manife-
3359 4682 3656 4746 dqbeataequa-

1780 4759 1984 4822 standi
2013 4758 2233 4819 vitium
2264 4762 2327 4817 et
2373 4757 2690 4818 defectum
2737 4759 3144 4820 intrinsecum
3191 4761 3305 4838 rei,
3385 4736 3636 4833 ξξῗέἕέυῗ

1782 4873 1923 4932 quae
1951 4856 2046 4913 est
2093 4851 2358 4911 materia
2409 4854 2792 4927 contractus,
2855 4857 2923 4913 ut
2967 4859 3209 4915 constat
3237 4873 3312 4913 ex

1780 4946 2161 5019 venditione,
2198 4948 2259 5004 et
2287 4943 2444 5004 aliis,
2482 4946 2635 5005 Cum
2667 4964 2814 5023 ergo
2845 4947 3107 5007 materia
3127 4946 3313 5027 liujus

1782 5042 2139 5099 contractus
2167 5037 2245 5098 sit
2291 5036 2636 5115 periculum
2668 5036 2836 5116 quod
2875 5027 3226 5117 suscipitur,
3261 5041 3310 5101 si

1783 5132 2130 5211 periculum
2159 5130 2283 5191 tale
2312 5148 2435 5190 non
2466 5130 2566 5205 sit,
2599 5130 2698 5189 vel
2727 5130 2804 5190 sit
2833 5131 3038 5192 minus
3057 5133 3158 5193 vel
3184 5152 3313 5193 ma·

1777 5225 1902 5305 juS,
1937 5230 2000 5285 et
2028 5224 2196 5284 aliud
2224 5223 2557 5283 intrinsece
2588 5223 2667 5282 ab
2700 5241 2772 5283 00
2803 5224 2970 5302 quod
3013 5232 3310 5306 apparet;

1783 5317 1848 5377 id
1876 5321 2076 5379 totum
2105 5316 2291 5376 debet
2317 5314 2702 5375 manifestari
2733 5316 2809 5374 ad
2835 5316 3141 5396 justitiam
3172 5338 3316 5380 con-

1784 5413 2044 5473 tractus·
2078 5411 2157 5471 Et
2180 5408 2349 5469 idem
2379 5412 2495 5484 est,
2518 5407 2567 5466 si
2590 5407 2784 5485 dicas,
2807 5427 2928 5470 11011
2943 5411 3312 5490 periculum,

2920 5508 3000 5565 34
