4263 6376
633 2006 713 2067 48

574 2134 799 2179 Solvuntur

555 2197 812 2243 argumenta.

889 250 1008 309 352
2050 247 2153 306 DE
2195 246 2549 308 JUSTITIA
2591 247 2693 307 ET
2734 248 2932 309 JURE

892 424 1145 504 quando
1173 427 1384 485 tamen
1413 424 1544 485 sine
1575 423 1875 485 debitoris
1904 423 2108 503 culpa,
2143 423 2254 484 sed
2283 441 2423 502 pro-

887 523 1025 597 pter
1053 536 1233 579 casus
1262 517 1548 578 fortuitos
1597 520 1660 577 et
1705 516 1828 576 alia
1882 517 2234 577 extrinseca
2264 516 2421 576 acci-

890 611 1124 687 dentia,
1175 610 1351 670 valor
1379 628 1603 669 census
1631 609 2031 685 decrevisset,
2085 627 2208 668 non
2237 608 2419 668 video

889 722 1001 763 cur
1028 702 1187 764 sicut
1223 701 1349 778 alii,
1413 702 1503 762 sic
1560 700 1749 762 etiam
1805 701 1939 779 ipse
1996 701 2243 761 debitor
2297 719 2420 761 non

887 795 1103 875 possit,
1154 794 1580 856 consentiente
1627 794 1958 870 creditore,
2012 812 2269 854 censum
2299 793 2418 852 mi-

887 888 1021 949 nori
1073 888 1273 967 pretio
1322 886 1632 947 redimere
1652 933 1667 962 ,
1728 891 1963 947 attento
2012 886 2232 946 saltem
2287 885 2418 946 solo

878 984 1021 1061 jure
1060 986 1325 1056 naturae,
1386 984 1448 1040 et
1492 980 1735 1039 seclusa
1791 978 2209 1057 prohibitione
2260 977 2419 1055 juris

883 1075 1154 1154 positivi.
1215 1074 1496 1133 Diximus
1546 1072 1712 1132 enim
1758 1090 1948 1150 supra
1996 1071 2419 1150 disputatione

883 1167 1283 1246 praecedenti,
1318 1170 1469 1227 sect.
1495 1183 1557 1228 vi
1575 1211 1590 1225 .
1617 1184 1799 1244 posse
1822 1164 2171 1224 debitorem
2189 1163 2413 1241 ipsum,

886 1262 1045 1322 sicut
1074 1265 1137 1321 et
1162 1260 1338 1335 alios,
1370 1259 1703 1333 redimere,
1757 1276 1866 1317 seu
1898 1275 2106 1316 emere
2137 1255 2420 1316 debitum

882 1372 1066 1415 suum
1095 1352 1321 1412 minori
1352 1351 1551 1430 pretio
1583 1369 1619 1409 a
1649 1348 1978 1423 creditore,
2016 1347 2266 1427 quando
2297 1347 2416 1408 dif-

882 1446 1125 1507 ficultas
1176 1449 1239 1505 et
1263 1444 1470 1503 minor
1514 1443 1691 1501 valor
1719 1440 1914 1501 debiti
1961 1459 2085 1500 non
2130 1439 2420 1518 provenit

883 1558 959 1599 ex
988 1538 1173 1617 culpa
1202 1535 1523 1610 debitoriS,
1554 1535 1665 1594 sed
1695 1552 1769 1592 ex
1800 1533 1936 1592 aliis
1966 1532 2170 1592 causis
2192 1531 2419 1591 extrin-

882 1632 1042 1692 secis
1099 1651 1111 1690 :
1166 1648 1360 1708 quare
1403 1628 1569 1688 idem
1600 1626 1853 1688 omnino
1884 1625 2221 1686 dicendum
2250 1624 2418 1685 vide-

883 1730 985 1786 tur
1010 1723 1075 1783 in
1103 1722 1417 1801 emptione
1475 1739 1723 1797 censuS,
1781 1719 1886 1798 qui
1942 1737 2016 1778 ex
2060 1717 2197 1777 aliis
2227 1718 2417 1778 etiam

882 1816 1332 1891 accidentibuS,
1385 1817 1447 1876 et
1478 1831 1603 1874 non
1635 1831 1709 1873 ex
1739 1812 1922 1889 culpa
1976 1809 2278 1872 debitoris
2306 1809 2418 1869 mi-

880 1929 999 1971 nus
1024 1909 1213 1970 valet.

964 2005 1190 2064 Contra
1220 1999 1429 2078 arguit
1457 1998 1739 2060 Sanchez
1784 1996 2008 2076 prime,
2062 1996 2211 2074 quia
2239 1995 2415 2055 debi-

883 2102 1002 2172 tor,
1056 2096 1201 2155 licet
1230 2093 1511 2153 absolute
1543 2109 1667 2151 non
1697 2090 1925 2150 debeat
1953 2089 2253 2168 capitale;
2310 2089 2414 2149 de-

884 2190 990 2250 bet
1018 2192 1228 2250 tamen
1258 2184 1411 2245 illud
1459 2202 1536 2242 ex
1582 2182 2006 2261 suppositione
2055 2181 2223 2260 quod
2267 2181 2416 2242 velit

884 2299 1140 2344 censum
1167 2278 1475 2338 redimere
1509 2297 1522 2337 ;
1558 2293 1682 2336 non
1708 2278 1912 2353 potest
1931 2292 2079 2352 ergo
2096 2293 2211 2352 pro
2230 2276 2406 2335 1000.

885 2393 1026 2455 quae
1056 2392 1128 2433 eo
1159 2390 1308 2431 casu
1338 2369 1545 2444 debet,
1579 2368 1823 2428 solvere
1851 2367 2059 2426 sulum
2086 2369 2226 2428 800.
2262 2368 2413 2427 Res-

879 2466 1193 2547 pondetur
1236 2468 1446 2524 tamen
1485 2460 1704 2536 facile,
1752 2459 2097 2521 debitorem
2141 2479 2265 2520 non
2308 2459 2412 2518 de·
2456 2506 2465 2514 .

880 2562 1028 2622 bere
1057 2557 1247 2633 mille,
1281 2555 1398 2616 nisi
1429 2554 1682 2634 quando
1714 2553 1864 2615 velit
1892 2571 2117 2631 cogere
2140 2553 2413 2613 credito-

877 2671 1012 2714 rem
1041 2652 1122 2712 ad
1149 2648 1646 2727 redemptionem
1666 2664 1889 2705 census
1913 2646 2404 2723 acceptandam:

878 2744 1129 2825 quando
1160 2759 1308 2802 vero
1338 2741 1469 2818 ipse
1499 2739 1773 2799 creditor
1801 2739 1982 2799 offert
2009 2756 2265 2798 censum
2295 2755 2407 2816 pro

874 2837 1103 2898 minori
1130 2835 1353 2916 pretio,
1387 2834 1534 2912 quia
1560 2837 1709 2893 tunc
1737 2848 1862 2890 non
1892 2831 2031 2910 plus
2060 2831 2246 2906 valet,
2282 2849 2406 2890 non

875 2934 971 2991 est
996 2948 1107 2990 cur
1143 2926 1388 2988 debitor
1426 2944 1549 2987 non
1592 2923 1788 3003 possit
1823 2923 2268 3001 obligationem
2308 2942 2406 2984 ac-

874 3026 1148 3101 ceptare,
1208 3037 1350 3079 cum
1395 3018 1528 3096 ipse
1578 3016 1657 3075 ad
1702 3016 2063 3076 instantiam
2106 3015 2406 3076 debitoris

872 3114 1143 3176 redimat
1171 3128 1448 3185 censum,
1501 3126 1689 3188 quem
1730 3107 2039 3169 redimere
2079 3127 2205 3169 non
2234 3113 2405 3170 tene·

871 3208 1079 3284 hatur,
1126 3206 1238 3267 sed
1266 3207 1515 3285 poterat
1554 3202 1616 3261 in
1645 3221 1719 3263 eo
1749 3206 1915 3263 statu
1944 3202 2295 3281 periculoso
2326 3203 2404 3262 il-

869 3301 1001 3362 lum
1029 3301 1401 3378 relinquere.

953 3393 1240 3456 Secundo
1272 3389 1498 3469 arguit,
1551 3388 1698 3468 quia
1726 3388 1789 3449 id
1832 3394 1997 3450 esset
2040 3394 2256 3451 contra
2285 3410 2397 3471 pa-

868 3491 1039 3548 ctum
1069 3501 1455 3564 expressum,
1509 3480 1675 3561 quod
1725 3481 2017 3560 utrinque
2055 3484 2394 3561 praecessit,

866 3597 991 3659 quo
1022 3582 1266 3657 emptor
1292 3593 1358 3635 se
1380 3572 1680 3652 obligavit
1704 3573 1783 3633 ad
1803 3574 2398 3636 retrovenditionem

865 3691 940 3733 ea
967 3671 1129 3750 lege,
1162 3674 1229 3730 ut
1257 3667 1499 3747 quoties
1527 3666 1929 3727 redimendus
1958 3672 2122 3729 esset
2145 3686 2391 3747 census„

863 3765 1132 3845 pretium
1188 3763 1501 3840 integrum
1554 3758 1947 3821 reddendum
2003 3766 2204 3838 esset,
2263 3762 2394 3823 sive

861 3877 1084 3920 census
1113 3857 1252 3937 plus
1295 3855 1425 3915 sive
1454 3853 1661 3912 minus
1703 3855 1852 3914 tunc
1894 3852 2153 3914 valeret.
2212 3856 2392 3917 Unde

861 3950 1104 4013 etiamsi
1147 3949 1281 4029 jam
1320 3965 1543 4008 census
1581 3945 1684 4004 ille
1722 3945 1916 4023 pluris
1953 3945 2388 4028 aestimaretur,

860 4061 985 4104 non
1013 4045 1224 4122 posset
1264 4045 1509 4117 emptor
1549 4039 1689 4117 plus
1719 4039 1965 4116 exigere
1996 4058 2033 4098 a
2060 4040 2388 4104 venditore

861 4135 1105 4196 volente
1161 4133 1334 4192 illum
1388 4131 1720 4192 redimere.
1781 4134 1863 4193 Ut
1908 4137 2194 4193 servetur
2238 4152 2386 4214 ergo

857 4227 1202 4307 (equalitas,
1236 4224 1525 4285 venditor
1551 4223 1739 4283 debet
1767 4223 2038 4302 pretium
2068 4224 2385 4304 integrum

855 4319 1028 4395 dare,
1062 4316 1303 4378 etiamsi
1332 4334 1556 4378 census
1592 4316 1769 4376 valor
1795 4316 2165 4379 decreverit.
2229 4322 2381 4381 Res-

853 4411 1165 4492 pondetur
1193 4408 1415 4470 eodem
1442 4409 1653 4485 modo,
1714 4414 1966 4487 pactum
1996 4410 2149 4471 illud
2178 4412 2383 4473 solum

850 4505 1039 4565 fuisse
1069 4504 1146 4563 de
1175 4502 1499 4563 reddendo
1556 4501 1799 4580 integro
1830 4501 2059 4580 pretio,
2112 4522 2236 4565 non
2267 4506 2380 4566 ob-

850 4602 1053 4659 stante
1082 4597 1479 4656 decremento
1509 4595 1739 4656 valoris
1766 4595 1830 4654 in
1860 4613 2074 4672 censu,
2125 4599 2379 4676 quando

847 4689 1141 4751 venditor
1176 4707 1250 4748 ex
1301 4707 1367 4748 se
1408 4687 1595 4749 vellet
1634 4688 1809 4748 illum
1850 4688 2200 4766 redimere,
2264 4710 2379 4754 nec

846 4784 1027 4844 aliter
1064 4781 1419 4861 cogendum
1452 4781 1585 4842 fore
1617 4786 1965 4860 emptorem
2003 4782 2083 4842 ad
2129 4783 2378 4844 redem-

842 4878 1124 4957 ptionem
1179 4874 1653 4953 acceptandam.
1727 4876 2035 4936 Caeterum
2090 4895 2202 4953 per
2257 4877 2377 4938 hoc

842 4987 969 5030 non
1009 4969 1293 5029 aufertur
1348 4967 1464 5046 ipsi
1509 4966 1779 5046 emptori
1824 4971 2099 5046 potestas
2148 4987 2377 5029 renun-

840 5061 1036 5124 tiandi
1068 5061 1214 5122 huic
1243 5064 1447 5139 pacto,
1501 5060 1752 5139 quando
1796 5060 1916 5121 hoc
1944 5060 1999 5120 ei
2043 5062 2192 5123 utile
2223 5063 2377 5124 fuis-

841 5159 955 5233 set,
1016 5160 1079 5215 et
1124 5152 1491 5233 acceptandi
1522 5153 1728 5213 minus
1758 5154 2051 5231 pretium,
2107 5174 2252 5216 cum
2278 5160 2374 5216 to-

841 5254 972 5308 tum
1002 5248 1066 5307 id
1096 5247 1264 5327 quod
1295 5247 1356 5306 in
1396 5247 1694 5325 emptoris
1736 5248 2016 5308 favorem
2045 5249 2373 5310 inductum

840 5340 974 5416 suit,
1025 5339 1224 5418 possit
1261 5339 1342 5399 ab
1371 5340 1506 5418 ipso
1536 5339 1903 5415 renuntiari,
1948 5341 2202 5419 quando
2237 5341 2373 5420 jam

839 5450 965 5493 non
994 5433 1058 5492 in
1087 5432 1365 5493 favorem
1385 5432 1496 5492 sed
1523 5431 1585 5492 in
1608 5433 1742 5510 ejus
1763 5432 2064 5494 damnum
2094 5434 2366 5510 cederet,

2524 427 2713 502 prout
2768 424 2831 484 in
2862 424 2982 486 hoc
3027 444 3177 486 casu
3232 426 3648 505 contingeret,
3708 427 3760 485 si
3812 425 3981 488 debitor

2525 536 2781 577 censum
2811 517 3120 578 redimere
3150 538 3276 579 non
3303 519 3512 580 vellet.

2602 611 2803 689 Maj0r
2829 611 3162 671 difficultas
3190 630 3323 672 esse
3353 615 3580 691 potest,
3630 611 3909 690 loquendo
3931 616 3979 676 de
4055 618 4088 674 49

2517 702 2657 782 jure
2701 703 2967 780 positivo
3030 724 3043 765 ε
3104 704 3350 766 videtur
3387 706 3556 764 enim
3596 705 3736 781 lege
3782 704 3982 769 humana
4009 744 4090 794 effi

2522 796 2836 874 prohibita
2867 796 3002 856 hoec
3025 797 3354 857 diminutio
3385 797 3567 876 pretii
3597 798 3792 857 semel
3818 799 3867 857 in
3888 818 3982 859 cen·

2523 907 2595 948 su
2641 888 2977 949 constituti.
3040 891 3268 966 Primo,
3330 889 3475 967 quia
3525 889 3698 967 leges
3728 890 3982 952 saeculares

2521 985 2865 1041 statuentes
2919 980 3190 1060 pretium
3247 1000 3551 1042 censuum
3608 982 3981 1044 redimibilium

2520 1073 2896 1151 generaliter
2938 1074 3309 1152 loquuntur;
3356 1093 3552 1152 quare
3594 1093 3719 1134 non
3750 1076 3914 1134 solum
3932 1077 3982 1136 de

2519 1166 2721 1244 prima
2762 1167 3225 1243 constitutione,
3284 1167 3394 1226 sed
3434 1168 3625 1227 etiam
3671 1167 3751 1227 de
3781 1170 3982 1227 secunda

2520 1264 2582 1319 et
2609 1259 2790 1319 tertia
2820 1260 3178 1320 venditione
3209 1279 3431 1320 census
3461 1260 3807 1338 loquuntur
3832 1280 3844 1320 z
3876 1261 3982 1321 sicut

2518 1352 2617 1411 lex
2646 1356 2926 1412 statuens
2956 1354 3222 1431 pretium
3251 1352 3437 1413 tritici
3469 1352 3569 1411 vel
3601 1352 3856 1412 aliarum
3878 1372 3984 1412 mer·

2518 1443 2705 1520 cium,
2740 1463 2863 1505 non
2894 1444 3258 1522 intelligitur
3286 1445 3511 1520 solum,
3566 1445 3818 1523 quando
3842 1446 3980 1523 primo

2517 1537 2903 1609 venduntur;
2964 1537 3073 1597 sed
3129 1536 3314 1598 etiam
3357 1538 3612 1616 quando
3668 1538 3912 1597 secundo
3944 1545 3982 1599 et

2515 1631 2698 1691 tertio
2738 1629 3094 1689 venduntur
3122 1629 3346 1690 iterum
3383 1629 3465 1690 ab
3496 1629 3571 1689 iis
3602 1629 3711 1708 qui
3742 1635 3978 1690 emerunt.

2516 1724 2647 1783 lmo
2697 1722 2867 1800 leges
2914 1720 3206 1800 Hispanae
3258 1721 3521 1801 jubent,
3586 1740 3813 1782 census
3851 1727 3982 1783 antea

2514 1816 2637 1876 alio
2667 1816 2894 1875 minori
2924 1816 3123 1895 pretio
3154 1818 3419 1893 emptOS,
3453 1821 3517 1876 et
3545 1815 3891 1876 constitutos
3911 1834 3980 1875 re·

2514 1908 2658 1968 duci
2689 1908 2768 1967 ad
2798 1908 2949 1968 illud
2980 1907 3133 1986 legis
3176 1906 3482 1986 pretium,
3533 1908 3704 1967 unde
3746 1926 3781 1966 a
3807 1906 3981 1967 fortiori

2511 2000 2865 2079 probibent,
2916 2019 2992 2059 ne
3035 2018 3256 2060 census
3293 1999 3448 2077 legis
3485 2000 3693 2079 pretio
3735 2000 3981 2059 constitut·

2511 2098 2799 2155 emantur
2816 2097 3032 2172 postea
3046 2091 3269 2152 minori
3293 2092 3516 2170 preti0.
3552 2092 3854 2167 Secunde,
3879 2092 3982 2170 quia

2510 2185 2607 2245 lex
2640 2185 2940 2246 canonica
2982 2185 3042 2243 in
3080 2185 3250 2245 bulla
3280 2185 3373 2244 Pii
3402 2186 3476 2245 V.
3527 2203 3817 2263 expresse
3855 2184 3978 2255 dicit,

2511 2279 2679 2357 quod
2709 2279 2931 2338 eadem
2973 2278 3093 2353 lex,
3142 2282 3207 2339 et
3233 2278 3626 2338 conditiones
3671 2278 3733 2336 in
3763 2296 3830 2337 ea
3866 2294 3983 2355 prae·

2509 2373 2756 2450 scripta}
2799 2371 3007 2431 locum
3039 2369 3314 2431 habeant
3352 2370 3415 2429 in
3459 2370 3754 2430 censibus
3793 2369 3985 2448 quibus·

2511 2482 2779 2543 cumque
2808 2463 3144 2543 postillam
3172 2463 3377 2540 legem
3394 2462 3710 2538 creandis,
3743 2479 3983 2541 quocum-

2510 2576 2630 2636 que
2660 2563 2939 2634 tempore
2969 2560 3188 2633 postea
3215 2555 3569 2615 alienentur
3611 2576 3625 2616 :
3676 2574 3800 2614 una
3821 2560 3980 2613 autem

2507 2668 2585 2710 ex
2611 2648 3071 2710 conditionibus
3101 2647 3186 2707 ibi
3211 2647 3512 2725 appositis
3530 2652 3644 2719 est,
3680 2652 3747 2708 ut
3771 2646 3983 2726 pretium

2505 2742 2698 2803 semel
2726 2760 2948 2802 census
2978 2740 3386 2801 constitutum
3429 2759 3754 2820 nunquam
3782 2741 3981 2800 obtem·

2504 2854 2751 2915 porum,
2797 2838 2908 2895 aut
2944 2832 3448 2894 contrahentium
3487 2833 3866 2912 qualitatem,
3901 2848 3982 2890 seu

2505 2928 2672 2988 aliud
2700 2926 3013 3001 accidenS,
3060 2943 3264 3003 neque
3296 2925 3503 3002 quoad
3534 2925 3755 2985 ultimo
3785 2929 3983 2984 eontra-

2501 3020 2722 3081 hentes
2750 3018 2945 3078 minui
2975 3017 3189 3097 possit,
3229 3016 3321 3077 vel
3349 3018 3592 3095 augeri.
3641 3022 3835 3094 Quare
3858 3016 3981 3075 hanc

2501 3112 2906 3186 sententiam,
2965 3110 3188 3171 stando
3231 3109 3295 3168 in
3347 3111 3558 3187 rigore
3601 3110 3791 3188 juriS,
3840 3108 3983 3168 docet

2501 3207 2812 3269 Guttierez
2842 3223 2985 3265 cum
3014 3203 3224 3264 multis
3253 3204 3332 3263 ab
3363 3221 3436 3264 eo
3468 3204 3704 3279 relatiS,
3749 3221 3886 3283 quos
3909 3219 3980 3259 se·

2500 3300 2711 3379 quitur
2737 3297 2970 3360 Melina
2998 3295 3156 3373 disp.
3190 3298 3328 3357 393.
3377 3315 3438 3356 n.
3469 3299 3530 3357 3.
3575 3297 3638 3356 in
3671 3296 3786 3357 boc
3810 3312 3978 3365 sensu,

2498 3398 2568 3454 ut
2594 3411 2717 3452 non
2748 3390 2944 3471 possit
2979 3390 3199 3450 saltem
3243 3408 3468 3449 census
3506 3395 3724 3467 postea
3755 3387 3866 3449 emi
3890 3385 3978 3445 mi·

2496 3485 2631 3547 nori
2661 3484 2883 3564 preti0,
2919 3501 3108 3561 quam
3130 3481 3209 3543 sit
3237 3482 3373 3561 lege
3395 3488 3699 3544 taxatum.
3723 3480 3979 3542 Eamdem

2495 3579 2724 3638 docent
2749 3576 2995 3637 Lessius
3024 3574 3174 3636 dub.
3210 3592 3328 3636 vn.
3363 3594 3538 3636 uum.
3571 3579 3672 3637 45.
3706 3570 3974 3645 Mercede,

2495 3669 2806 3745 Corduba,
2846 3667 3099 3743 Molina,
3147 3670 3484 3743 NavarruS,
3519 3667 3756 3728 Ludov.
3787 3669 3976 3742 Lopez,

2492 3762 2805 3838 Azebedo,
2857 3766 2920 3822 et
2967 3760 3072 3819 alii
3118 3778 3275 3840 quos
3320 3761 3515 3821 refert
3546 3760 3772 3822 Sanch.
3820 3758 3910 3817 lib.
3938 3757 3974 3814 1.

2497 3855 2716 3917 Consil.
2749 3873 2887 3932 cap.
2923 3870 3035 3915 vn.
3077 3853 3224 3914 dub.
3258 3856 3353 3916 19.
3413 3853 3613 3914 Addit
3655 3859 3852 3914 tamen
3875 3850 3981 3911 Μο-

2488 3948 2598 4009 lin.
2629 3948 2789 4026 disp.
2822 3951 2960 4008 392.
2994 3946 3245 4026 quando
3276 3965 3501 4007 census
3529 3946 3735 4005 miuus
3751 3945 3874 4024 jam
3900 3959 3978 4000 va·

2486 4042 2593 4118 let,
2628 4060 2700 4102 eo
2732 4040 2899 4120 quod
2926 4039 3298 4117 hypothecae
3330 4038 3672 4117 periclitari
3692 4037 3976 4116 incipiunt,

2486 4134 2585 4195 vel
2617 4134 2737 4194 alia
2767 4133 2843 4193 de
2875 4151 3086 4209 causa,
3134 4150 3259 4192 non
3288 4132 3486 4191 videri
3533 4131 3900 4211 prohibitum
3929 4126 3976 4184 in

2485 4227 2800 4307 praedictis
2827 4225 3091 4304 legibuS,
3139 4224 3307 4303 quod
3337 4224 3538 4302 possit
3565 4224 3782 4284 minori
3811 4219 3978 4300 pretio

2485 4324 2701 4398 postea
2745 4318 2888 4394 emi,
2937 4318 3085 4396 quia
3110 4318 3211 4377 hic
3253 4321 3517 4379 eventus
3557 4336 3671 4395 per
3704 4315 3976 4394 epikeiam

2483 4412 2731 4474 videtur
2757 4411 3181 4490 excipiendae.

2562 4504 2684 4565 Alii
2732 4504 2968 4580 dicunt,
3022 4505 3403 4581 emptionem
3453 4505 3626 4566 illam
3674 4501 3976 4565 secundam

2480 4597 2706 4657 minori
2755 4596 2955 4674 pretio
3002 4596 3235 4657 licitam
3277 4615 3434 4673 esse,
3482 4599 3573 4660 ita
3602 4601 3899 4658 Navarrus
3928 4594 3976 4653 in

2480 4688 2753 4750 Manuali
2778 4708 2872 4750 ca.
2908 4691 3180 4750 XXVIII.
3224 4690 3288 4749 in
3317 4690 3515 4753 addit.
3558 4693 3639 4752 ad
3664 4711 3748 4753 ca.
3777 4706 3971 4752 xxxin.

2479 4804 2541 4844 n.
2575 4787 2673 4844 82.
2721 4786 2784 4843 et
2807 4783 2870 4842 in
2900 4787 3236 4844 comment.
3271 4783 3349 4844 de
3379 4787 3586 4846 usuris
3616 4807 3677 4866 q.
3708 4804 3786 4847 xl.
3822 4803 3978 4845 num.

2479 4880 2615 4937 112.
2649 4894 2838 4955 quem
2866 4893 2903 4934 a
2931 4875 3423 4937 contradictione
3453 4878 3716 4940 liberare
3739 4885 3977 4940 conatur

2479 4969 2655 5031 Salas
2683 4968 2832 5029 dub.
2866 4985 2975 5030 xu.
3012 4988 3074 5029 n.
3105 4972 3166 5030 9.
3201 4987 3275 5029 eo
3315 4971 3483 5048 quod
3521 4973 3582 5030 in
3615 4972 3870 5033 Mamali
3892 4991 3971 5031 ca.

2473 5078 2661 5122 xxm.
2696 5081 2802 5122 nu.
2835 5064 2933 5122 91.
2968 5062 3033 5120 in
3060 5062 3206 5138 fine,
3241 5062 3343 5122 ubi
3365 5066 3738 5125 contrarium
3769 5065 3975 5125 docue-

2474 5159 2592 5230 rat,
2627 5154 2939 5233 loquatur,
2984 5154 3227 5214 seclusa
3255 5154 3427 5215 bulla
3454 5158 3547 5217 Pii
3579 5161 3650 5219 V.
3697 5158 3972 5219 Eamdem

2474 5245 2846 5307 sententiam
2874 5250 3090 5307 tenent
3117 5248 3369 5325 OlanuS,
3414 5251 3779 5326 SarmientO,
3815 5251 3972 5312 Sala·

2472 5358 2600 5416 zar,
2650 5339 2920 5415 CenedO,
2971 5343 3036 5400 et
3061 5340 3185 5412 alii,
3222 5359 3376 5419 quos
3406 5344 3600 5405 refert
3625 5345 3783 5404 idern
3812 5343 3973 5405 Salas

2472 5432 2581 5494 ibi.
2615 5433 2764 5494 item
2796 5432 3084 5508 Palatius,
3136 5436 3198 5493 et
3226 5434 3331 5494 alii
3374 5454 3535 5514 quos
3563 5440 3748 5512 affert,
3802 5443 3862 5497 et
3887 5454 3972 5495 se-
