4263 6376
639 5233 708 5293 ss

916 290 1033 348 546

914 467 1095 530 Unde
1136 468 1356 545 peccat
1404 464 1593 526 etiam
1664 465 1884 526 contra
1930 463 2263 545 justitiam,
2337 463 2445 543 qui

914 561 1185 622 scienter
1199 558 1556 620 commodat
1573 577 1709 618 rem
1728 557 2010 620 inutilem
2030 564 2140 620 aut
2158 577 2195 617 n
2208 557 2440 633 oxiam,

916 658 979 716 et
1002 658 1251 714 tenetur
1277 653 1357 724 ad
1387 651 1785 712 resarcienda
1823 653 2049 713 damna
2094 655 2330 727 secuta,
2379 654 2449 712 ut

915 747 967 806 si
994 764 1145 806 vasa
1168 744 1391 805 vitiosa
1420 745 1499 805 ad
1529 745 1746 805 vinum
1776 745 1839 804 in
1868 745 1956 805 eis
1985 744 2445 804 infundendum

914 836 1358 912 commodavit,
1408 837 1574 898 dicto
1602 838 1658 916 ἓ.
1695 838 1864 898 Sicut
1889 841 1951 898 et
1986 838 2108 916 leg.
2145 837 2218 898 In
2248 836 2439 911 rehu-5,

910 932 966 1010 ἓ.
1000 931 1145 992 Item
1175 929 1279 1010 qui
1302 930 1504 1005 scienS,
1537 930 1667 991 etl.
1704 930 1938 1008 penult.
1976 932 2037 989 ff.
2071 928 2436 989 commodati.

993 1023 1345 1099 Dubitatur,
1405 1040 1485 1083 an
1538 1023 1586 1083 si
1635 1023 2060 1084 commodanti
2117 1023 2441 1102 inopinato

797 1156 810 1198 ἱ
912 1117 1208 1179 adveniat
1238 1116 1595 1191 necessitaS,
1628 1117 1717 1176 ita
1747 1120 1813 1176 ut
1830 1115 2057 1195 majuS,
2081 1116 2180 1176 vel
2203 1115 2443 1194 aequale

841 1209 852 1219 '
912 1210 1358 1270 detrimentum
1386 1209 1666 1270 incurrat
1685 1209 2058 1270 detrimento
2088 1209 2446 1270 commoda-

821 1349 833 1361 .
909 1304 1073 1377 tarii‚
1106 1304 1303 1383 possit
1330 1306 1474 1363 ante
1499 1306 1746 1380 tempus
1774 1302 2155 1380 promissum
2183 1319 2442 1361 revoca·

908 1415 977 1457 re
1007 1401 1069 1458 et
1094 1395 1421 1476 repetere?
1448 1395 1839 1456 Conveniunt
1867 1413 2106 1471 omneS,
2141 1394 2193 1455 si
2223 1411 2440 1454 neces-

909 1489 1058 1551 sitas
1098 1490 1203 1550 illa
1232 1490 1350 1551 fuit
1393 1491 1541 1550 ante
1571 1487 1862 1566 praevisa‚
1898 1507 2019 1548 non
2051 1506 2255 1566 posse,
2291 1487 2438 1567 quia

901 1583 1037 1664 jam
1066 1586 1356 1643 censetur
1394 1580 1549 1640 illud
1590 1579 2060 1640 incommodum
2090 1580 2301 1641 subire
2329 1598 2440 1640 vo-

904 1675 1093 1736 luisse
1114 1676 1177 1734 in
1192 1674 1460 1754 gratiam
1473 1672 1972 1749 commodatarii,
1998 1692 2112 1734 nec
2141 1691 2438 1733 revocare

908 1773 1113 1847 potest
1141 1767 1306 1847 quod
1340 1765 1648 1828 concessit
1677 1785 1690 1826 :
1726 1765 1977 1845 quando
2007 1784 2157 1826 vero
2181 1785 2304 1826 non
2323 1766 2439 1827 fuit

905 1862 1193 1940 praevisa,
1227 1863 1418 1936 negat
1446 1859 1637 1919 etiam
1667 1858 1949 1919 revocari
1971 1876 2171 1937 posse,
2207 1861 2437 1919 Navar-

907 1973 1012 2015 rus
1051 1954 1113 2013 in
1141 1951 1415 2014 Mamali
1456 1969 1509 2012 c.
1545 1967 1700 2013 xvn.
1736 1969 1797 2011 n.
1837 1954 1970 2013 182.
2005 1952 2071 2011 in
2105 1952 2240 2013 foro
2289 1970 2432 2013 con-

905 2045 1201 2120 scientiae,
1259 2045 1360 2105 vel
1408 2049 1689 2106 externo.
1741 2044 1862 2105 Alii
1909 2040 2148 2120 dicunt]
2202 2044 2265 2104 in
2293 2045 2427 2105 foro

906 2138 1304 2200 conscientiae
1330 2156 1512 2217 posse
1542 2137 1848 2213 revocari,
1873 2138 2125 2216 quando
2158 2156 2436 2198 commo-

907 2231 1185 2292 datarius
1228 2249 1350 2291 non
1396 2230 1720 2308 potuisset,
1773 2233 1959 2289 antea
2005 2230 2260 2290 aliunde
2318 2229 2435 2291 sibi

903 2323 1264 2404 providere3
1326 2341 1505 2384 secus
1555 2323 1608 2383 si
1661 2323 1967 2402 potuisset
2018 2343 2031 2383 :
2084 2324 2233 2402 quia
2285 2328 2435 2385 tunc

903 2416 1372 2478 commodatum
1425 2416 1546 2476 tuit
1599 2433 1810 2491 causa,
1871 2434 1949 2475 ne
2007 2415 2258 2476 aliunde
2315 2416 2435 2477 sibi

905 2509 1358 2590 provideret,et
1376 2526 1491 2587 per
1517 2525 1907 2587 consequens
1937 2507 2239 2570 damnum
2267 2510 2436 2571 intu-

899 2604 1092 2678 lisset,
1126 2607 1341 2663 secuta
1385 2601 1803 2678 revocatione,
1853 2602 2102 2681 quando
2145 2602 2279 2681 jam
2308 2622 2433 2664 non

900 2699 1108 2776 potest
1146 2695 1397 2755 aliunde
1444 2694 1562 2754 sibi
1614 2694 1963 2754 consulere.
2012 2696 2107 2756 lta
2151 2696 2432 2774 Angelus

899 2788 1073 2850 verb.
1106 2785 1549 2861 commodanon,
1587 2805 1650 2850 n.
1682 2790 1724 2847 4
1753 2791 1816 2848 et
1845 2787 2162 2866 silvester,
2196 2788 2433 2849 ibidem

902 2900 1006 2962 qu.
1038 2884 1099 2941 4.

981 2973 1104 3035 Alii
1145 2972 1385 3049 dicunt,
1437 2983 1623 3050 posse
1678 2972 1740 3032 in
1772 2975 2040 3053 utroque
2070 2993 2242 3050 casu,
2278 2975 2431 3035 etin

900 3069 1167 3145 utroque
1200 3065 1336 3126 foro
1379 3065 1687 3125 revocari.
1741 3066 1835 3126 Ita
1860 3066 2109 3127 Lessius
2140 3085 2194 3127 c.
2229 3082 2424 3129 xxvn.

900 3158 1050 3221 dub.
1084 3179 1145 3220 v.
1195 3177 1258 3219 n.
1294 3160 1389 3220 18.
1437 3157 1669 3220 Melina
1716 3157 1875 3238 disp.
1918 3162 2055 3222 294.
2110 3164 2253 3240 post
2295 3177 2433 3221 me-

899 3253 1096 3329 dium,
1130 3255 1193 3312 et
1220 3251 1323 3311 alii
1354 3251 1555 3312 multi.
1596 3251 1871 3312 Probant
1899 3253 2127 3331 primo,
2163 3254 2310 3332 quia
2333 3253 2428 3316 lo-

898 3350 1074 3407 cator
1110 3348 1317 3425 potest
1358 3361 1655 3404 revocare
1685 3344 2081 3422 locationem,
2135 3350 2198 3407 et
2225 3348 2430 3426 expel-

896 3440 1024 3500 lere
1073 3436 1518 3498 conductorem
1563 3437 1751 3498 domo
1781 3437 2007 3515 locata,
2055 3438 2429 3502 adveniente

896 3534 1117 3612 postea
1142 3548 1291 3591 casu
1322 3548 1444 3609 quo
1471 3529 1713 3590 loeator
1737 3529 1978 3609 indiget
2006 3531 2123 3592 sibi
2146 3549 2221 3593 ea
2240 3533 2427 3594 domo

897 3625 977 3685 ad
1024 3622 1475 3695 habitandum
1523 3640 1673 3701 ergo
1717 3624 1914 3684 multo
1969 3625 2175 3703 magis
2218 3626 2432 3689 licebit

895 3733 1195 3779 revocare
1223 3715 1715 3790 commodatum,
1750 3715 1921 3795 quod
1949 3718 2152 3796 magis
2189 3720 2428 3797 gratui-

895 3816 1031 3874 tum
1058 3809 1195 3870 fuit.
1248 3808 1443 3869 Miror
1467 3811 1680 3868 tamen
1711 3807 1826 3869 hos
1855 3814 2144 3871 auctores
2183 3812 2426 3874 ratione

895 3905 1015 3965 hac
1043 3904 1129 3963 ita
1159 3901 1550 3962 confidenter
1576 3901 1688 3977 uti,
1722 3918 1866 3961 cum
1911 3901 2030 3981 ipsi
2060 3907 2317 3981 agentes
2347 3905 2426 3966 de

891 3995 1201 4058 locatione
1230 3994 1544 4054 fateantur
1582 3993 1942 4056 facultatem
1988 3995 2161 4056 illam
2190 3997 2428 4060 locato-

891 4090 978 4150 ris
1017 4086 1351 4149 recedendi
1393 4104 1467 4146 eo
1507 4104 1655 4146 casu
1699 4104 1736 4145 a
1778 4091 2100 4149 contractu
2134 4108 2258 4150 non
2288 4109 2425 4152 esse

894 4182 975 4243 de
993 4181 1136 4261 jure
1164 4182 1426 4255 naturae,
1453 4178 1563 4238 sed
1579 4178 1977 4258 privilegium
1997 4181 2136 4259 lege
2159 4183 2425 4260 positiva

894 4290 1280 4348 concessum,
1331 4275 1520 4351 atque
1571 4271 1714 4332 ideo
1774 4274 2240 4335 extendendum
2298 4295 2422 4338 non

892 4384 1029 4429 esse
1061 4365 1141 4426 ad
1167 4383 1350 4426 casus
1378 4382 1491 4442 pro
1523 4364 1750 4443 quibus
1778 4383 2145 4427 concessum
2176 4387 2300 4430 non
2332 4369 2423 4429 in-

892 4460 1159 4523 venitur.
1193 4460 1287 4518 Ita
1317 4475 1607 4536 expresse
1636 4457 1806 4518 idem
1837 4459 2070 4520 Molina
2092 4461 2254 4541 disp.
2274 4466 2415 4525 499.

888 4555 944 4633 ς.
998 4549 1296 4613 Secundus
1346 4558 1596 4624 eventuS,
1650 4550 1755 4611 ubi
1786 4552 1956 4628 dicit,
2008 4555 2252 4615 seclusa
2280 4556 2418 4635 lege

890 4648 1188 4721 humana,
1235 4661 1360 4704 non
1390 4642 1622 4704 habere
1667 4643 2011 4705 locatorem
2060 4666 2200 4708 eam
2229 4648 2419 4708 facul-

886 4732 1318 4816 tatemsidem
1348 4736 1535 4797 docet
1562 4737 1812 4797 Lessius
1844 4755 1898 4798 c.
1933 4755 2103 4800 xx1v.
2142 4741 2291 4800 dub.
2329 4757 2412 4803 vl.

887 4854 949 4896 n.
983 4836 1082 4895 34.
1116 4832 1271 4892 Cum
1299 4847 1449 4908 ergo
1481 4828 1654 4906 leges
1685 4828 1976 4891 humanae
2008 4832 2128 4894 hoc
2158 4834 2414 4912 privile-

882 4928 1059 5007 gium
1122 4922 1547 4984 commodanti
1604 4940 1729 4983 non
1785 4928 2227 5003 concesserint,
2293 4945 2419 4988 non

882 5024 1089 5102 potest
1133 5016 1211 5077 ab
1259 5034 1385 5077 uno
1426 5033 1576 5075 casu
1606 5015 1689 5075 ad
1733 5016 1925 5076 alium
1972 5024 2416 5098 argumentum

883 5112 1132 5176 deducL
1492 5150 1499 5156 -

964 5205 1185 5269 Melius
1215 5219 1367 5282 ergo
1397 5201 1648 5279 probari
1678 5206 1884 5283 potest
1926 5204 2060 5264 haec
2104 5205 2414 5267 sententia

884 5303 964 5364 ab
994 5297 1282 5377 exemplo
1330 5295 1704 5373 donationis,
1740 5315 1881 5376 quae
1913 5297 1994 5358 ob
2026 5301 2239 5359 natam
2269 5317 2414 5377 pos-

2074 285 2177 346 DE
2217 284 2573 347 JUSTITIA
2616 286 2716 348 ΕΤ
2758 289 2959 352 JURE

2550 471 2612 528 et
2640 466 2760 528 hoc
2790 468 3044 547 quidem
3090 489 3166 531 ex
3206 470 3353 551 jure
3401 476 3674 551 naturae,
3707 477 3780 535 ut
3815 473 4038 535 diximm

2549 566 2806 639 agentes
2836 561 2913 621 de
2941 564 3339 625 revocatione
3370 566 3736 628 donationis
3768 587 3784 627 z
3817 567 3952 646 quia
3971 569 4040 627 ni·

2545 653 2776 712 mirum
2830 660 3119 716 censetur
3163 657 3406 718 donans
3452 659 3514 718 in
3559 659 3701 738 ipsa
3746 659 4039 720 donatione

2548 745 2904 808 facultatem
2935 747 3105 808 illam
3133 750 3248 809 sibi
3280 751 3610 812 retinuisse
3645 773 3659 813 2
3697 771 3848 830 ergo
3877 772 3912 811 a
3948 753 4040 812 for-

2545 838 2688 899 tiori
2718 840 2780 898 in
2811 841 3232 919 commodate,
3280 843 3343 903 in
3374 864 3496 924 quo
3542 846 3946 906 commodans
3967 865 4042 905 re-

2543 931 2701 993 tinet
2739 932 2860 993 sibi
2903 935 2997 994 rei
3039 935 3411 1013 dominium,
3463 957 3807 1017 possumus
3848 958 4040 1018 praesu-

2544 1042 2715 1083 mere
2759 1025 3029 1086 noluisse
3079 1046 3144 1087 se
3192 1028 3272 1088 ad
3321 1048 3464 1089 eum
3507 1049 3732 1090 casum
3773 1032 4038 1109 obligare.

2547 1118 2724 1178 Ratio
2757 1123 2969 1179 autem
3014 1139 3053 1180 a
3080 1120 3273 1200 priori
3316 1124 3588 1184 sumitur
3617 1143 3696 1184 ex
3725 1125 4040 1186 differentia

2543 1209 2705 1269 inter
2733 1215 3090 1274 contractus
3119 1232 3414 1276 onerosos
3443 1220 3507 1277 et
3530 1217 3866 1294 gratuitoe,
3887 1237 4038 1297 quam

2542 1302 2948 1380 explicuimus
2996 1310 3254 1384 agentes
3295 1306 3374 1367 de
3403 1308 3826 1386 promissione
3853 1317 3909 1370 et
3933 1311 4038 1388 ejus

2542 1394 2924 1473 obligatione
2967 1417 2981 1458 ε
3025 1398 3234 1459 minus
3280 1400 3446 1460 enim
3493 1407 3878 1463 censeturse
3913 1404 4037 1462 velle

2539 1486 2817 1567 obligare
2857 1490 3079 1569 aliquis
3120 1491 3179 1550 in
3212 1493 3631 1571 promissione
3677 1496 3962 1573 gratuita,
3997 1502 4039 1555 a

2537 1596 2663 1640 non
2690 1581 2776 1641 ad
2800 1583 2889 1643 ita
2911 1583 3231 1644 difficilem
3260 1587 3759 1663 observantiam,
3789 1607 3964 1667 quam
3991 1590 4034 1648 in

2540 1691 2826 1736 onerosa.
2861 1677 3089 1738 Totum
3138 1678 3352 1758 itaque
3381 1680 3522 1757 hoc,
3560 1688 3630 1743 ut
3673 1682 3905 1743 notuit
3931 1684 4035 1744 Ho-

2535 1766 2683 1842 lina‚
2716 1768 3150 1829 reducendum
3177 1776 3273 1832 est
3297 1772 3380 1832 ad
3409 1773 3828 1835 intentionem
3855 1781 3914 1836 et
3933 1777 4035 1836 ani·

2535 1877 2707 1919 mum
2762 1862 3257 1939 commodantis,
3328 1865 3437 1943 qui
3515 1867 3571 1926 si
3643 1867 3940 1946 cogitavit
3978 1868 4032 1927 de

2535 1953 2905 2015 necessitate
2935 1956 3187 2034 propria
3227 1956 3461 2033 futura,
3492 1958 3593 2018 vel
3626 1960 3928 2037 possibili,
3953 1967 4031 2021 aul

2531 2044 2580 2104 si
2636 2046 2970 2124 cogitasset
3035 2048 3245 2109 adbuc
3290 2051 3702 2111 commodare
3751 2054 4026 2128 voluisset,

2535 2156 2657 2199 non
2712 2140 2942 2217 poterit
2994 2146 3212 2220 postea
3252 2148 3395 2203 ante
3439 2148 3700 2224 tempus
3739 2153 4028 2225 repetere:

2533 2249 2711 2291 secus
2755 2233 2808 2292 si
2854 2252 2977 2294 non
3028 2234 3250 2295 habuit
3289 2236 3573 2296 animum
3604 2238 3698 2299 ita
3724 2239 4029 2314 liberalem,

2531 2328 2601 2385 ut
2663 2343 2807 2385 eum
2861 2325 3050 2386 etiam
3119 2345 3336 2387 casum
3388 2328 3701 2390 habituali
3751 2332 4030 2393 voluntate

2532 2418 3113 2497 comprehenderet,
3145 2425 3208 2481 et
3236 2421 3680 2484 universaliter
3698 2443 3771 2484 se
3799 2425 4028 2504 obligare

2532 2510 2739 2571 vellet.

2611 2593 2917 2681 Objicitur
2941 2603 3167 2682 primo,
3214 2604 3362 2684 quia
3401 2606 3662 2670 donatio
3710 2611 3898 2670 etiam
3920 2629 4027 2689 gra·

2529 2694 2687 2755 tuita
2735 2696 3083 2757 executioni
3113 2697 3438 2776 mandata,
3484 2718 3611 2761 non
3657 2707 3871 2780 potest
3892 2722 4028 2763 rere·

2529 2788 2655 2847 cari
2688 2787 2768 2848 ob
2795 2787 2915 2848 hoc
2944 2789 3113 2868 quod
3140 2794 3361 2869 postea
3388 2808 3576 2870 aeque
3602 2794 3708 2854 vel
3735 2795 3924 2874 magis
3948 2814 4028 2855 ne·
4074 2822 4104 2856 n

2529 2880 2800 2940 cessaria
2825 2881 2907 2942 sit
2933 2882 3157 2942 resilla
3172 2882 3455 2960 donanti,
3480 2903 3678 2963 quam
3695 2887 4025 2958 domarim
4082 2875 4105 2900 “

2529 2991 2678 3051 ergo
2709 2992 2824 3033 nec
2852 2975 3348 3051 commodatum,
3379 2977 3554 3055 quod
3585 2987 3689 3040 est.
3713 2980 3887 3059 quasi
3912 2999 4030 3058 gra·

2525 3066 2685 3127 tuita
2742 3065 2993 3127 donatio
3064 3068 3273 3146 quoad
3344 3087 3553 3130 usum.
3631 3073 4030 3151 Respondebit

2526 3159 2942 3221 communiter
2987 3159 3273 3238 negando
3315 3168 3884 3243 consequentiam:
3913 3165 4029 3246 qnia

2525 3253 2766 3313 donans
2794 3253 3032 3313 nullum
3061 3253 3291 3315 retinet
3314 3255 3407 3315 rei
3438 3254 3829 3335 dominium,
3858 3260 3954 3320 sed
3981 3259 4029 3319 id

2523 3349 2724 3406 totum
2751 3346 3046 3407 transfert
3073 3346 3137 3406 in
3169 3346 3614 3422 donatarium;
3648 3353 4030 3413 commodans

2524 3443 2735 3499 autem
2765 3438 3111 3499 dominium
3139 3439 3385 3516 retinet,
3414 3444 3609 3520 atque
3637 3443 3784 3506 ideo
3813 3446 4026 3507 titulum

2524 3532 2865 3592 radicalem
2895 3531 2976 3591 ad
3002 3532 3440 3611 repetendum.

2606 3625 2730 3687 Sed
2772 3628 2991 3686 contra
3033 3624 3327 3704 objicitur
3366 3627 3675 3703 secundo,
3730 3632 3873 3709 quia
3901 3632 4030 3691 sieut

2523 3717 2909 3793 donatariuS,
2940 3736 3010 3777 re
3039 3716 3153 3777 sibi
3185 3718 3437 3795 tradita,
3472 3721 3755 3799 acquirit
3772 3725 3875 3802 jus
3898 3724 4028 3783 inre

2521 3809 2677 3888 ipsa,
2711 3814 2776 3869 et
2800 3809 2940 3870 ideo
2961 3809 3158 3889 repeti
3191 3810 3271 3871 ab
3302 3830 3376 3871 eo
3408 3830 3533 3873 non
3569 3821 3780 3891 potest
3809 3836 3906 3877 res
3935 3817 4027 3876 ὼ·

2524 3907 2703 3976 nata;
2737 3903 2824 3962 ita
2853 3903 3402 3980 commodatarius,
3435 3923 3508 3964 re
3526 3907 3649 3966 sibi
3673 3909 3921 3985 tradita,
3947 3927 4032 3969 ac-

2524 3997 2715 4076 quirit
2731 3996 2837 4074 jus
2864 3995 2927 4055 in
2974 4014 3042 4055 re
3073 3995 3211 4074 ipsa
3252 3996 3418 4058 circa
3449 4017 3676 4074 usum;
3710 4001 4030 4062 differentia

2522 4088 2654 4149 sola
2707 4092 2820 4163 est,
2880 4087 3045 4167 quod
3104 4088 3165 4147 in
3213 4089 3418 4168 primo
3475 4109 3629 4152 casu
3660 4092 3927 4155 donatur
3956 4096 4030 4154 τό

2520 4181 2891 4260 proprietaS,
2941 4181 3005 4241 in
3035 4181 3311 4243 secundo
3340 4186 3558 4243 autem
3590 4185 3862 4247 donatur
3887 4188 4030 4248 solus

2520 4292 2669 4334 usus
2702 4293 2716 4333 :
2751 4273 2960 4353 quoad
3007 4292 3190 4334 usum
3236 4279 3448 4336 tamen
3496 4296 3628 4338 non
3656 4280 3922 4358 acquirit
3944 4283 4030 4359 jus

2520 4366 2726 4427 minus
2755 4366 3285 4427 commodatarius
3332 4386 3445 4446 pro
3478 4374 3766 4450 tempore
3798 4378 4025 4447 statuto,

2519 4477 2709 4539 quam
2765 4458 3129 4520 donatarius
3183 4461 3388 4539 quoad
3431 4463 3527 4522 rei
3565 4466 4025 4544 proprietatem:

2519 4571 2668 4631 ergo
2727 4552 3006 4631 perfecta
3059 4551 3188 4630 jam
3262 4553 3608 4616 donatione
3666 4557 3854 4637 hujus
3904 4577 4030 4617 mus

2517 4645 2928 4725 temporanei,
2973 4664 3096 4706 non
3144 4646 3346 4725 magis
3389 4650 3629 4726 poterit
3670 4652 3946 4712 revocari
3981 4660 4030 4711 et

2516 4741 2715 4818 repeti
2759 4758 2909 4800 usus
2953 4739 3222 4801 donatus
3267 4739 3347 4800 ob
3378 4744 3821 4805 necessitatem
3863 4746 4029 4805 adve-

2517 4832 2813 4909 nientem,
2864 4850 3056 4911 quam
3102 4832 3167 4892 in
3196 4833 3399 4910 primo
3443 4851 3600 4896 casu
3630 4838 3828 4916 possit
3853 4838 4030 4918 repeti

2517 4925 2887 5004 proprietas,
2949 4927 3080 4986 Hoc
3149 4925 3401 4986 videtur
3466 4946 3608 4989 esse
3663 4932 4027 5010 praecipuum

2514 5019 2994 5080 fundamentum
3023 5018 3352 5080 contrariae
3373 5024 3722 5099 sententiae,
3750 5044 3892 5104 quoe
3908 5024 4026 5086 red·

2516 5111 2607 5172 dit
2636 5129 2776 5171 eam
2805 5110 3216 5190 probabilem.

2596 5204 2981 5282 Responderi
3025 5208 3235 5264 tamen
3284 5209 3495 5283 potest
3522 5206 3933 5284 probabiliter
3963 5228 4022 5271 ex

2513 5296 2713 5373 dictis,
2773 5301 2974 5358 totum
3027 5296 3148 5357 hoc
3203 5296 3484 5375 pendere
3555 5318 3631 5359 ex
3691 5301 4021 5364 intentione

879 5401 984 5460 tea
1012 5391 1254 5474 prolem
1282 5388 1566 5449 revocari
1585 5393 1793 5467 potest
1821 5389 1899 5450 ab
1930 5407 2004 5451 eo
2035 5390 2145 5470 qui
2170 5390 2412 5470 prolem
2509 5388 2999 5463 commodanti53
3052 5407 3192 5468 ques
3245 5407 3392 5450 cum
3442 5390 3529 5452 eit
3576 5394 3874 5470 gratuita,
3917 5412 4018 5457 nen

878 5507 1003 5552 non
1052 5485 1318 5558 habene,
1370 5497 1487 5540 nec
1535 5480 1613 5541 de
1643 5500 1719 5542 ea
1755 5483 2060 5562 cogitans,
2096 5484 2357 5545 donavit
2390 5503 2405 5543 :

2509 5487 2798 5544 censetur
2849 5482 2936 5543 ita
2989 5482 3200 5544 stricte
3254 5481 3536 5561 obligare
3589 5485 3753 5549 sicut
3794 5488 3846 5548 si
3881 5496 4018 5550 esset
