4263 6376
1219 294 1687 356 DISPUTATIO
1728 293 1948 370 XXIX,
1996 295 2271 358 SEc'rlo
2315 298 2389 359 11.

226 479 411 535 tamen
442 472 544 533 hoe
574 490 793 534 omnes
820 472 1143 534 sententiae
1183 491 1306 534 non
1339 472 1685 552 probantur
1719 492 1732 532 :

225 566 349 644 quia
378 566 768 644 computatio
793 612 808 642 ,
852 585 992 645 quoe
1034 566 1104 627 fit
1138 583 1210 625 ex
1244 567 1374 625 sola
1404 565 1740 644 exiguitate

225 660 519 719 fructuum
551 658 953 719 collectorum
979 705 994 735 ,
1036 676 1161 718 non
1190 657 1438 718 videtur
1465 657 1613 717 dare
1643 674 1742 716 re-

225 752 413 829 gulam
444 751 860 812 sufficientem
887 751 970 811 ad
1020 750 1140 810 hoc
1183 751 1514 810 intentum.
1573 748 1742 809 Finis

227 843 364 903 enim
397 843 716 904 dictarum
743 844 955 920 legum
1002 847 1095 904 est
1131 842 1463 903 subvenire
1493 841 1738 917 colonn,

226 955 284 995 ne
311 936 589 997 notabile
619 936 921 995 damnum
975 935 1253 995 incurrat
1282 939 1538 1012 propter
1566 934 1745 995 steri-

227 1030 437 1089 litatem
465 1075 481 1103 ,
520 1028 619 1088 vel
643 1046 868 1104 ‚casum
895 1028 1219 1088 fortuitum
1255 1046 1267 1086 :
1302 1030 1507 1104 potest
1534 1031 1744 1087 autem

227 1122 612 1199 contingere,
665 1124 728 1181 et
755 1138 923 1198 saepe
955 1119 1261 1198 contingit
1304 1119 1471 1197 quod
1499 1119 1749 1180 deficiat

229 1214 420 1289 tertia,
481 1214 609 1274 imo
658 1218 723 1274 et
750 1213 1006 1273 dimidia
1058 1231 1203 1290 pars
1249 1212 1574 1273 solitorum
1622 1213 1745 1272 fru-

227 1315 416 1368 ctuum
440 1354 458 1382 ,
506 1311 571 1367 et
595 1311 807 1367 tamen
837 1305 1095 1367 colonus
1142 1305 1442 1364 damnum
1472 1305 1744 1365 notabile

227 1419 327 1460 non
354 1400 591 1460 sentiat
624 1419 639 1459 τ
670 1397 877 1476 majus
911 1397 1078 1457 enim
1107 1397 1402 1474 pretium,
1444 1415 1566 1476 quo
1597 1416 1747 1474 pau·

228 1493 404 1553 ciores
463 1492 551 1552 illi
601 1492 841 1552 fructus
883 1490 945 1550 in
993 1489 1318 1550 sterilitate
1365 1489 1742 1565 vendantur,

229 1589 577 1662 compensat
604 1585 667 1643 in
701 1587 923 1658 totum,
957 1582 1056 1642 vel
1086 1581 1145 1640 in
1177 1599 1474 1659 magnam
1504 1586 1747 1660 partem

230 1679 526 1738 fructuum
557 1676 903 1746 defectum;
938 1692 1129 1753 quare
1161 1693 1286 1734 non
1309 1673 1499 1736 debet
1524 1674 1610 1733 illi
1639 1673 1748 1734 ali·

232 1770 359 1850 quid
390 1770 472 1829 de
500 1769 799 1847 pensione
829 1766 1129 1842 diminui,
1175 1784 1318 1827 cum
1351 1766 1429 1827 ob
1459 1766 1749 1827 sterilita-

233 1869 340 1924 tem
394 1880 521 1922 non
569 1864 831 1939 cogatur
883 1859 1181 1919 damnum
1238 1858 1512 1919 notabile
1562 1858 1746 1920 susti·

233 1974 381 2016 nere.

293 2046 492 2125 Magis
546 2062 695 2124 ergo
740 2044 948 2124 placet
991 2044 1245 2122 regula,
1279 2061 1469 2122 quam
1515 2042 1751 2122 ample-

232 2144 468 2200 ctuntur
494 2138 783 2200 Bartolus
813 2137 942 2198 inl.
975 2136 1158 2212 Licet,
1192 2139 1259 2197 C.
1294 2135 1364 2196 de
1388 2135 1603 2212 locato,
1639 2139 1750 2197 Co·

229 2251 464 2293 rarruv.
488 2235 551 2292 et
579 2230 684 2291 alii
712 2231 944 2309 plureS,
979 2248 1136 2309 quos
1175 2230 1357 2288 affert
1384 2229 1617 2289 Molina
1643 2228 1748 2288 ubi

228 2344 431 2403 supra,
486 2329 548 2384 et
574 2323 637 2383 in
667 2341 859 2402 quam
886 2321 1018 2401 ipse
1073 2321 1275 2398 magis
1304 2321 1555 2381 videtur
1583 2320 1752 2389 inclif·

228 2437 357 2478 nare
416 2437 432 2477 ε
485 2422 638 2478 tunc
693 2416 934 2476 scilicet
986 2412 1420 2475 remissionem
1475 2414 1751 2493 aliquam

226 2509 677 2572 concedendam
708 2508 952 2583 colono,
985 2506 1237 2586 quando
1268 2507 1349 2566 ob
1370 2508 1749 2584 paucitatem

227 2604 542 2678 fructuum,
563 2601 834 2662 deducto
856 2600 1091 2659 semine
1123 2603 1186 2659 et
1212 2598 1518 2678 expensis,
1551 2599 1603 2658 si
1631 2599 1749 2659 sol-

227 2703 390 2757 vatur
413 2694 634 2774 pensio
684 2693 929 2770 integra
952 2738 969 2768 ,
1017 2691 1279 2752 colonus
1309 2690 1559 2752 laeditur
1585 2690 1749 2751 ultra

226 2789 536 2848 dimidium
559 2786 715 2866 justi
744 2784 964 2864 pretii,
1013 2789 1083 2845 ut
1110 2782 1163 2844 si
1201 2783 1418 2861 pensio
1449 2783 1748 2844 solvenda

223 2882 333 2942 sint
356 2881 578 2941 decem
607 2877 805 2938 modii
832 2876 1058 2952 tritici,
1094 2876 1192 2935 vel
1239 2879 1492 2935 centum
1548 2876 1742 2951 aurei,

224 2980 278 3036 et
299 2975 530 3035 fructus
560 2971 719 3031 adeo
734 2969 858 3031 sint
886 2968 1090 3048 pauci,
1115 2972 1185 3030 ut
1212 2967 1481 3028 deducto
1510 2967 1747 3028 semine

221 3070 276 3127 et
299 3065 604 3144 expensis,
630 3081 753 3123 non
785 3064 1083 3121 maneant
1111 3060 1386 3138 quinque
1414 3058 1627 3135 modii,
1647 3058 1747 3120 vel

224 3158 665 3238 quinquaginta
693 3155 905 3227 aurei;
961 3159 1113 3217 tunc
1154 3154 1319 3214 enim
1350 3157 1412 3214 et
1438 3169 1563 3213 non
1593 3152 1747 3214 alias

220 3251 574 3329 intelligitur
594 3249 894 3308 damnum
919 3244 1192 3307 notabile
1232 3264 1307 3306 ex
1332 3244 1745 3306 conductione

220 3343 610 3404 etsterilitate
626 3338 1108 3417 superveniente
1129 3338 1380 3399 sentire.
1417 3341 1552 3399 Non
1579 3338 1746 3418 quod

217 3434 428 3497 locatio
458 3433 649 3494 fuerit
690 3432 769 3491 ab
799 3431 974 3492 initio
1004 3431 1275 3508 injusta;
1335 3431 1537 3509 potuit
1579 3431 1745 3490 enim

217 3533 486 3605 tempore
507 3526 868 3587 contractus
895 3522 1110 3600 pensio
1142 3521 1245 3582 illa
1276 3521 1444 3600 justa
1475 3521 1744 3583 aestima-

215 3620 284 3695 ri,
311 3620 418 3681 sed
447 3619 597 3698 quia
640 3615 720 3678 ob
750 3615 1158 3677 infortunium
1204 3619 1608 3676 consecutum
1637 3614 1744 3675 da-

216 3731 423 3773 mnum
450 3729 645 3789 grave
676 3709 970 3787 patiatur,
1003 3712 1066 3768 et
1093 3706 1233 3767 ideo
1255 3726 1327 3767 ex
1357 3706 1744 3786 benignitate

208 3804 381 3883 juria,
411 3801 798 3864 remissionis
845 3801 899 3861 ei
944 3799 1323 3860 concedatur
1365 3799 1737 3861 remedium.

213 3898 381 3959 Sicut
421 3896 589 3956 enim
631 3895 695 3954 in
725 3892 944 3953 ordine
983 3891 1065 3952 ad
1090 3890 1569 3952 rescindendam
1596 3910 1746 3952 ven·

212 3989 505 4049 ditionem
526 4033 542 4063 ‚
590 3987 789 4047 solam
816 3986 988 4045 illam
1015 3985 1186 4062 leges
1212 3984 1531 4063 appellant
1560 3989 1743 4045 nota-

211 4081 398 4141 bilem
424 4081 770 4154 laesionem,
823 4096 948 4157 qua
994 4077 1157 4138 ultra
1213 4076 1542 4137 dimidium
1589 4077 1740 4155 justi

212 4174 389 4252 pretii
414 4173 666 4235 laeditur
705 4175 978 4247 emptor;
1042 4170 1129 4229 sic
1176 4169 1238 4229 in
1285 4169 1403 4229 hoc
1445 4186 1591 4229 casu
1629 4187 1742 4229 no-

210 4268 378 4326 mine
418 4264 710 4326 notabilis
754 4262 1027 4323 laesionis
1069 4279 1191 4321 non
1232 4260 1481 4321 videtur
1515 4260 1742 4320 intelli-

207 4360 414 4438 genda
442 4359 504 4419 i'1
531 4358 610 4417 iis
637 4355 903 4433 legibuS,
938 4353 1054 4413 nisi
1086 4353 1337 4432 quando
1375 4354 1538 4413 ultra
1557 4353 1741 4412 dimi-

208 4453 382 4512 dium
409 4448 724 4529 pensionis
744 4446 1066 4525 promissae
1083 4464 1156 4505 ex
1177 4464 1288 4505 suo
1307 4445 1547 4505 solvere
1575 4464 1739 4506 com-

206 4545 558 4623 pelleretur.
594 4540 774 4603 Unde
803 4539 1006 4599 obiter
1033 4541 1298 4613 constat,
1331 4541 1629 4616 quantum
1663 4537 1742 4598 sit

208 4637 284 4697 de
335 4635 634 4715 pensione
663 4630 1106 4693 remittendum
1154 4635 1409 4708 propter
1451 4630 1740 4690 sterilita-

207 4734 338 4791 tem
367 4750 381 4790 z
414 4727 724 4801 nimirum,
752 4728 1055 4802 quantum
1084 4722 1332 4794 sufficit,
1355 4725 1421 4783 ut
1441 4722 1739 4782 damnum

207 4821 609 4883 conductoris
658 4837 781 4879 non
826 4819 1081 4894 superet
1125 4814 1449 4874 dimidiam
1497 4820 1739 4893 partem

206 4915 527 4995 pensionis
571 4909 886 4973 solvendae
935 4908 1205 4968 deducto
1260 4907 1496 4967 semine
1538 4911 1599 4968 et
1636 4926 1742 4966 ex-

203 5009 445 5089 pensiS,
473 5013 541 5068 ut
567 5006 805 5066 dictum
834 5007 949 5063 est.
990 5001 1253 5061 Nomine
1273 5004 1486 5060 autem
1515 5019 1740 5078 expen-

203 5120 425 5163 sarum
449 5099 725 5176 intelligo
757 5095 946 5157 etiam
970 5093 1252 5153 laborem
1283 5097 1346 5154 et
1371 5092 1739 5153 industriam

198 5195 408 5273 ipsius
432 5190 829 5254 conductoris
864 5209 877 5249 :
927 5205 1073 5247 nam
1109 5186 1271 5246 sicut
1299 5186 1350 5244 si
1376 5204 1490 5264 per
1519 5203 1742 5264 opera-

196 5288 332 5349 rios
363 5303 584 5366 agrum
615 5283 930 5357 coluisset,
954 5282 1317 5357 computare
1344 5282 1553 5355 posset
1580 5296 1743 5337 mer-

195 5381 435 5442 cedem
461 5375 760 5457 operariis
789 5372 1088 5443 solutam;
1137 5369 1226 5430 sic
1256 5370 1507 5449 quando
1534 5389 1647 5449 per
1675 5388 1742 5430 se

195 5474 421 5554 ipsum
446 5476 506 5532 et
528 5488 676 5531 suos
720 5466 884 5528 filios
910 5462 1253 5539 laboravit,
1300 5462 1532 5542 poterit
1575 5481 1741 5523 com·

3255 301 3367 359 451

1837 475 2060 549 putare
2101 473 2379 535 valorem
2424 475 2518 536 sui
2569 473 2801 536 laboris
2847 477 2911 535 et
2938 491 3194 535 suorum
3223 473 3375 535 filio·

1836 582 1998 626 rum.

1921 657 2193 720 Adverte
2236 660 2471 739 prim0‚
2530 679 2688 722 onus
2743 659 3053 738 probandi
3108 659 3377 737 gradum
3523 674 3600 732 44

1838 749 2181 811 sterilitatis
2210 758 2272 813 et
2305 758 2691 832 sumptuum,
2721 770 2795 812 ac
2825 770 3243 829 expensarum
3271 771 3376 811 va·
3474 797 3535 839 Ad
3609 810 3674 841 em

1838 843 2034 902 lorem
2066 849 2127 905 et
2153 846 2533 922 paucitatem
2563 846 2878 905 fructuum
2898 890 2913 919 ,
2949 848 3232 923 spectare
3265 862 3379 923 po-
3427 811 3723 947 spemffiffim

1840 935 1963 996 tius
2001 936 2080 996 ad
2110 937 2579 1014 conductorem,
2608 942 2677 999 ut
2703 938 2862 997 bene
2894 936 3119 1015 probat
3146 937 3379 998 Molina
3470 916 3544 959 ΡΝ
3672 935 3683 947 ’

1842 1033 2056 1088 contra
2077 1029 2231 1089 alios
2260 1050 2322 1095 n.
2356 1035 2416 1092 4.
2470 1030 2730 1104 Quando
2762 1032 2973 1090 tamen
3004 1029 3080 1089 de
3111 1029 3208 1090 his
3240 1029 3378 1108 qui·

1844 1119 1988 1180 dem
2018 1126 2299 1197 constat,
2332 1124 2442 1184 sed
2473 1123 2795 1183 dubitatur
2818 1169 2833 1197 ,
2869 1141 2947 1181 an
2977 1122 3385 1184 intervenerit

1843 1214 2026 1291 culpa
2056 1214 2486 1291 conductoris,
2520 1216 2626 1295 qui
2658 1215 2755 1276 vel
2785 1214 2959 1275 dedit
2989 1216 3384 1275 occasionem

1841 1305 2136 1380 incendii,
2168 1307 2267 1367 vel
2298 1309 2621 1385 negligens
2650 1307 2764 1368 fuit
2793 1307 2856 1366 in
2887 1307 3149 1383 cultura,
3184 1307 3280 1367 vel
3321 1308 3385 1366 in

1843 1398 2119 1476 periculo
2170 1399 2569 1477 impediendo
2594 1445 2610 1475 ,
2670 1405 2787 1460 etc.
2848 1401 3057 1460 verius
3117 1399 3383 1459 videtur‘

1844 1494 2127 1568 spectare
2182 1491 2260 1551 ad
2290 1492 2631 1552 locatorem
2663 1509 2819 1551 onus
2867 1491 3206 1569 probandi,
3241 1490 3389 1569 quia

1845 1582 2143 1644 delictum
2191 1603 2313 1645 non
2362 1584 2798 1663 praesumitur,
2852 1588 2919 1644 ut
2965 1589 3182 1644 contra
3234 1583 3389 1644 alios

1845 1675 2074 1752 probat
2100 1676 2334 1736 Molina
2381 1694 2553 1737 num.
2583 1680 2643 1736 7.
2697 1675 2926 1736 sufficit
2966 1680 3176 1737 tamen
3219 1675 3388 1755 quod

1844 1766 2191 1827 conductor
2205 1767 2303 1829 vel
2333 1767 2467 1846 ejus
2498 1767 2820 1828 domestici
2840 1768 2898 1826 in
2923 1768 3104 1845 culpa
3131 1768 3382 1844 fuerint,

1844 1858 1944 1919 vel
1974 1877 2228 1920 causam
2258 1860 2549 1920 dederint
2576 1859 2921 1935 sterilitati,
2953 1880 3013 1920 v.
3049 1878 3142 1938 gr.
3178 1860 3386 1919 incen-

1845 1951 1972 2028 dio,
2006 1952 2369 2028 inimicitiae,
2405 1971 2529 2032 qua
2558 1952 2884 2013 occasione
2916 1952 3151 2012 inimici
3182 1956 3389 2013 vasta-

1843 2048 1991 2104 runt
2033 2044 2335 2117 fundum;
2389 2063 2568 2105 secus
2614 2044 2662 2104 si
2712 2045 2882 2105 nulla
2929 2063 3117 2104 causa
3168 2045 3249 2106 ab
3299 2045 3388 2105 eis

1846 2136 2015 2209 data,
2049 2137 2283 2198 inimici
2314 2137 2618 2198 damnum
2647 2137 3009 2198 intulerunt.

1925 2229 2198 2291 Adverte
2229 2230 2529 2306 secundo,
2564 2229 2734 2308 quod
2764 2230 2999 2291 dictum
3029 2233 3122 2291 est
3155 2231 3232 2290 de
3265 2231 3390 2291 sru·
3536 2246 3614 2306 45

1846 2320 2048 2382 ctibus
2075 2321 2297 2401 praedii
2329 2322 2565 2398 rustici,
2589 2321 2930 2383 dicendum
2961 2341 3101 2383 cum
3132 2341 3389 2402 propor-
3493 2369 3598 2422 Qum
3631 2370 3683 2412 de

1845 2413 2014 2474 tione
2044 2413 2122 2473 de
2151 2412 2516 2474 molendino
2536 2458 2553 2489 ,
2604 2432 2664 2473 v.
2698 2433 2761 2491 g.
2801 2415 2970 2493 quod
3000 2433 3263 2493 magnos
3291 2434 3392 2475 re·
3442 2422 3493 2465 a..
3517 2424 3733 2476 fructibus.

1845 2505 2011 2566 ditus
2043 2505 2276 2566 habere
2306 2505 2566 2580 solebat,
2602 2508 2665 2566 et
2702 2507 2912 2585 aliquo
2934 2526 3097 2569 anno
3131 2508 3391 2586 exiguos
3442 2483 3737 2574 ‘ffol'e‘ffiffifu

1844 2596 2058 2674 habet,
2092 2597 2242 2676 quia
2273 2601 2454 2675 rupto
2498 2597 2760 2658 fortasse
2791 2601 3002 2676 ponte,
3028 2598 3128 2659 vel
3158 2599 3280 2659 alia
3310 2601 3389 2661 de

1843 2707 2033 2751 causa
2075 2689 2260 2769 pauci
2318 2692 2580 2767 possunt
2635 2689 2716 2748 ad
2762 2690 2914 2751 illud
2945 2691 3196 2768 venire,
3259 2711 3384 2772 quo

1843 2800 1991 2843 casu
2038 2782 2402 2843 conductori
2442 2781 2785 2842 minuenda
2831 2784 3048 2860 pensio
3092 2789 3187 2845 est
3206 2783 3388 2864 juxta

1842 2874 2127 2954 regulam
2156 2873 2456 2952 positam,
2491 2879 2561 2935 ut
2591 2873 2832 2936 notavit
2857 2874 3025 2958 idem
3054 2876 3285 2937 Molina
3318 2897 3378 2938 n.

1840 2970 1901 3028 5.
1934 2967 1998 3027 in
2028 2968 2173 3028 fine.

1922 3060 2197 3121 Adverte
2243 3059 2427 3121 tertio
2453 3105 2468 3136 ,
2520 3059 2807 3138 copiam,
2860 3060 2959 3120 vel
2996 3062 3380 3140 paucitatem
3528 3074 3609 3134 46

1840 3154 2157 3215 fructuum
2186 3152 2674 3232 computandam
2695 3170 2851 3229 esse,
2887 3172 3007 3215 non
3040 3159 3381 3235 antequam
3482 3200 3585 3255 Qum
3637 3207 3675 3249 ,Ι

1841 3246 2237 3321 colligantur,
2262 3246 2373 3305 sed
2404 3251 2739 3325 postquam
2769 3247 3008 3308 collecti
3033 3247 3167 3328 jam
3197 3254 3373 3312 sunt:
3503 3236 3661 3301 nucius

1840 3339 1967 3398 imo
1998 3337 2416 3398 additMolina
2438 3356 2499 3397 n.
2519 3341 2579 3399 8.
2615 3356 2756 3398 cum
2788 3338 2923 3399 aliis
2953 3358 3076 3400 non
3095 3342 3378 3403 sufficere
3426 3316 3728 3419 &ffatim

1840 3447 1975 3491 esse
2000 3429 2134 3507 Jam
2166 3428 2227 3488 in
2260 3446 2407 3489 area
2428 3474 2443 3505 ,
2488 3430 2540 3489 si
2568 3433 2778 3491 tamen
2812 3430 2896 3490 ibi
2927 3432 3164 3512 absque
3195 3434 3379 3514 culpa
3508 3425 3640 3463 “⁸¹¹“

1841 3520 2239 3583 conductoris
2269 3524 2331 3582 et
2357 3539 2639 3598 suorum,
2671 3522 3005 3600 alluvione,
3029 3525 3377 3604 rapina,ch

1845 3613 2131 3675 incendio
2161 3616 2421 3691 pereant
2453 3634 2466 3675 :
2520 3614 2798 3675 nondum
2838 3616 3005 3675 enim
3047 3623 3379 3680 censentur

1845 3706 2098 3767 omnino
2127 3704 2414 3766 collecti:
2466 3724 2646 3767 secus
2687 3710 2887 3784 esset,
2947 3708 2998 3768 si
3046 3715 3377 3790 postquam

1839 3798 2096 3858 domum
2126 3796 2407 3857 translati
2438 3802 2605 3873 sunt,
2638 3803 3033 3877 putrescant,
3083 3804 3182 3862 vel
3230 3822 3373 3864 ace·-

1838 3896 2034 3952 scant.
2094 3889 2288 3951 Addit
2316 3890 2564 3950 Lessius
2602 3910 2776 3953 num.
2817 3896 2914 3955 18.
2965 3894 3133 3954 idem
3163 3895 3376 3956 dicen-

1837 3982 2010 4059 dum,
2042 3982 2096 4042 si
2122 3981 2389 4042 conditis
2411 3981 2472 4040 in
2496 3981 2720 4044 horreo
2750 3985 3074 4053 fructibus.
3109 3989 3369 4066 fulmen,

1836 4076 1933 4136 vel
1961 4074 2169 4135 hostes
2197 4073 2617 4134 calamitatem
2648 4075 2917 4141 inferant
2949 4096 2964 4143 :
2999 4080 3109 4141 sed
3140 4100 3266 4142 non
3285 4083 3372 4143 vi·

1837 4167 1955 4228 deo
1987 4186 2109 4245 quo
2134 4166 2275 4246 jure
2304 4165 2621 4227 fundetur.

1914 4258 2235 4338 Excipitur
2277 4259 2476 4337 primo
2525 4257 2604 4317 ab
2648 4258 2766 4320 hac
2805 4264 3054 4341 regula,
3116 4268 3366 4347 quando
3514 4281 3592 4338 47

1835 4352 2247 4412 infortunium
2290 4369 2412 4411 non
2445 4356 2540 4411 est
2575 4351 2915 4431 insolitum,
2950 4358 3059 4417 sed
3092 4360 3363 4436 solitum,

2057 4444 2068 4455 .
2124 4444 2136 4455 ,
3104 4451 3114 4463 ·
3472 4404 3592 4457 Quid,
3624 4403 3661 4447 si

1837 4449 1905 4504 ut
1933 4444 2244 4520 colligitur
2272 4463 2346 4503 ex
2376 4444 2415 4504 l.
2450 4443 2559 4503 Ex
2587 4444 2864 4506 conducto
2888 4494 2904 4524 ,
2947 4449 3002 4527 ξ.
3039 4449 3107 4510 Sz
3137 4453 3256 4527 vis,
3306 4456 3367 4515 in
3434 4458 3701 4521 intortunium

1836 4537 2044 4596 verbis
2076 4536 2194 4595 illis
2226 4554 2240 4595 ε
2275 4535 2350 4595 Si
2373 4554 2509 4595 vcro
2536 4536 2687 4596 nihil
2711 4546 2880 4598 extra
2908 4545 3368 4607 consuetudinem
3457 4512 3684 4609 inaguffln.

1836 4628 2148 4703 acciderit,
2196 4627 2470 4687 damnum
2498 4628 2689 4689 coloni
2711 4640 2870 4693 esset.
2934 4636 3109 4697 Ratio
3158 4644 3368 4699 autem

1838 4740 1972 4782 esse
2002 4724 2226 4800 potest,
2262 4720 2407 4798 quia
2429 4739 2645 4781 eorum
2668 4741 2924 4784 casuum
2954 4732 3371 4792 communiter

1837 4812 2331 4891 contingentium
2370 4813 2716 4891 periculum
2759 4819 3101 4881 conductor
3128 4823 3372 4885 videtur

1836 4908 1901 4967 in
1945 4925 2011 4966 se
2041 4904 2311 4965 voluisse
2359 4907 2697 4984 suscipere.
2762 4911 2972 4973 Placet
3018 4919 3229 4975 tamen
3277 4918 3372 4978 di-

1837 4999 2084 5061 stinctio
2113 4997 2361 5058 Molinae
2390 5018 2562 5061 num.
2596 5004 2654 5061 6.
2689 5008 2893 5081 potest
2919 5007 3081 5066 enim
3116 5009 3375 5072 infortu-

1840 5093 2013 5153 nium
2043 5090 2196 5151 illud
2227 5108 2362 5150 esse
2383 5091 2631 5153 solitum
2661 5093 2723 5153 in
2752 5114 3006 5175 genere,
3041 5105 3104 5161 et
3132 5101 3250 5163 hoc
3278 5122 3375 5165 so-

1838 5186 1971 5246 lum
2004 5201 2126 5243 non
2156 5182 2317 5244 tollit
2344 5184 2739 5263 privilegium
2762 5190 3180 5270 conductoriS,
3209 5214 3270 5257 v.
3303 5215 3367 5275 g.

1841 5277 1904 5337 in
1934 5276 2146 5354 aliqua
2200 5274 2523 5352 provincia
2578 5278 2780 5341 solent
2833 5300 2967 5343 esse
3005 5288 3367 5366 grandines,

1842 5388 1982 5448 quae
2024 5366 2363 5445 aliquando
2404 5365 2643 5431 laedunt
2684 5370 2846 5433 hanc
2892 5377 3184 5438 territorii
3233 5398 3374 5457 par-

1839 5466 1989 5537 tem,
2023 5459 2359 5538 aliquando
2390 5459 2557 5519 illam
2579 5507 2594 5537 ,
2630 5481 2752 5523 non
2782 5470 2992 5530 tamen
3031 5473 3374 5532 communi·
