4263 6376
82 561 153 622 111,ῐᾲ
179 557 219 599 de

52 614 168 658 minis
191 620 264 674 ‚¹⁸⁰⁰

76 678 232 721 5111110100.

101 2031 160 2086 91

36 2155 263 2209 Quadam-

37 2211 259 2251 mestar-bi·

63 2265 165 2309 traria.
194 2276 238 2306 tu

36 2318 262 2423 Ἓιρίἱιωῐρο-

1234 363 1699 423 DISPUTATIO
1745 362 2045 437 XXXVII,
2096 365 2369 427 SECTIO
2414 367 2572 428 vm.

312 542 374 599 et
397 538 680 615 00101105,
732 539 836 618 qui
868 540 984 601 sub
1013 540 1134 599 0110
1164 540 1442 618 principe
1482 545 1648 615 sunt,
1701 557 1840 618 pos-

311 632 437 691 sint
465 632 529 691 in
558 632 684 692 suis
709 632 891 692 terris
918 633 1237 693 remittere
1271 651 1489 710 ptenas
1519 652 1593 691 ex
1624 649 1837 707 causa,

311 725 473 785 sicut
501 730 676 803 potes
649 729 708 786 st
734 725 1024 804 princeps
1053 726 1430 803 supremus?
1481 725 1844 803 Responde-

311 821 432 892 tur,
452 818 504 877 si
533 835 738 895 poenae
769 819 892 879 sint
913 819 1290 896 pecuniaria.»
1311 818 1700 897 applicandae
1724 819 1844 878 eis-

313 908 457 968 dem
486 910 776 984 dominis,
806 929 988 988 posse
1018 911 1152 970 illas
1182 910 1560 970 condonare.
1617 913 1843 971 Poenas

310 1019 459 1061 vero
491 1003 868 1079 corporaleS‚
917 1003 1017 1062 vel
1061 1004 1251 1064 etiam
1292 1003 1685 1082 pecuniarias
1731 1022 1842 1082 ap-

315 1094 640 1171 plicandas
687 1114 979 1174 supremo
1029 1095 1314 1174 principi,
1360 1097 1460 1156 vel
1506 1097 1664 1172 aliis,
1717 1116 1840 1158 non

308 1192 606 1266 poterunt
632 1188 671 1247 ii
703 1187 940 1248 domini
970 1189 1310 1262 remittere,
1359 1190 1505 1268 quia
1535 1208 1677 1250 cum
1724 1190 1840 1268 ipsi

310 1280 663 1341 subdantur
714 1281 958 1360 legibus
1001 1282 1339 1361 superioris
1382 1282 1679 1362 principis
1727 1302 1841 1345 nec

310 1373 552 1451 possint
578 1374 637 1433 in
669 1373 744 1433 iis
773 1374 1158 1452 dispensare,
1200 1393 1321 1435 non
1343 1384 1608 1453 possunt
1624 1393 1841 1436 earum

309 1467 743 1527 executionem
774 1467 1100 1545 impedire,
1146 1466 1261 1527 nisi
1294 1468 1356 1527 id
1387 1468 1840 1530 consuetudine

308 1557 587 1636 legitime
617 1561 1005 1639 111-0150111110,
1062 1562 1124 1621 et
1153 1580 1191 1619 a
1234 1579 1528 1639 supremo
1558 1561 1841 1640 principe

308 1651 574 1714 tolerata
594 1654 798 1714 facere
828 1654 1119 1729 solerent,
1153 1672 1342 1732 quam
1373 1654 1567 1733 aliqui
1588 1659 1841 1716 centum

310 1745 491 1806 annis
537 1746 758 1808 dicunt
801 1764 982 1825 posse
1013 1746 1355 1824 praescribi.
1416 1749 1561 1807 Hoec
1604 1746 1836 1824 omnia,

309 1837 447 1898 aliis
474 1838 700 1915 citatis,
751 1838 934 1900 docet
963 1838 1193 1900 Sanch.
1245 1839 1352 1900 lib.
1387 1840 1490 1900 III.
1528 1839 1745 1900 Consil.
1781 1858 1834 1901 c.

309 1930 476 1991 unic.
513 1930 663 1991 dub.
697 1951 757 1992 v.

389 2023 725 2086 Dubitatur
749 2024 1047 2101 secunde,
1100 2043 1179 2086 an
1212 2025 1463 2103 quando
1510 2044 1698 2104 poena
1727 2025 1841 2085 im·

309 2117 606 2194 ponenda
647 2137 760 2197 pro
809 2117 1034 2179 delicto
1085 2122 1180 2179 est
1233 2118 1586 2195 arbitraria,
1646 2119 1844 2196 possit

303 2209 542 2288 judex
526 2228 847 2288 imponere
876 2228 1128 2289 poenam
1148 2211 1479 2289 capitalem
1495 2212 1525 2271 *Ρ
1553 2210 1844 2272 Affirmat

311 2319 454 2362 cum
515 2302 671 2378 aliis,
730 2320 889 2382 quos
945 2303 1138 2365 refert
1180 2304 1451 2364 Didacus
1482 2307 1672 2364 Perez
1726 2303 1833 2364 lib.

316 2397 469 2456 Vlll.
504 2395 924 2470 Ordmameun,
959 2397 1052 2458 tit.
1089 2412 1172 2458 111.
1206 2396 1451 2475 10348.
1488 2401 1843 2458 0110510101·

308 2489 468 2548 5010
519 2489 695 2566 praxi
745 2508 911 2567 saepe
957 2488 1207 2550 vidisse.
1271 2492 1473 2567 Negat
1517 2488 1840 2550 Simancas

307 2581 416 2642 lib.
451 2582 632 2642 instit.
665 2582 760 2642 tit.
794 2598 953 2642 xtxl.
1003 2600 1108 2642 nu.
1142 2584 1241 2642 81.
1305 2582 1536 2643 Sanch.
1585 2581 1694 2642 lib.
1729 2584 1832 2644 VI.

311 2674 533 2735 Consil.
586 2693 725 2754 cap.
760 2691 802 2734 1.
837 2675 987 2735 dub.
1021 2677 1118 2734 21.
1172 2673 1230 2733 in
1261 2674 1408 2751 fine,
1456 2674 1610 2734 nihil
1637 2674 1834 2734 resol-

309 2767 419 2840 vit,
455 2767 566 2826 sed
596 2767 748 2828 dicit
779 2766 891 2827 hos
933 2771 1217 2827 auctores
1239 2766 1652 2827 consulendos
1679 2784 1834 2827 esse.

308 2861 448 2939 lpse
498 2865 709 2921 tamen
758 2859 1037 2922 Sanchez
1086 2859 1254 2935 alibi,
1301 2877 1529 2938 nempe
1576 2859 1683 2920 lib.
1732 2860 1834 2919 111.

310 2952 533 3014 Consil.
589 2972 726 3032 cap.
761 2954 926 3014 unic.
979 2953 1129 3013 dub.
1165 2969 1291 3013 xiv,
1346 2970 1490 3012 cum
1519 2952 1654 3013 aliis
1684 2969 1840 3030 quos

306 3048 511 3122 affert,
545 3046 847 3106 docuerat
873 3045 934 3105 id
968 3063 1090 3105 non
1118 3063 1300 3122 posse
1323 3044 1604 3123 judicem
1631 3046 1840 3106 facere

310 3138 429 3199 nisi
473 3140 631 3201 tales
676 3143 884 3200 essent
924 3138 1146 3200 (1011011
1204 3138 1713 3216 circumstantias,
1772 3141 1843 3199 ut

307 3250 423 3311 pro
454 3251 528 3293 eo
573 3232 716 3312 jure
747 3232 1064 3293 communi
1121 3231 1219 3291 vel
1267 3249 1341 3291 ex
1389 3231 1838 3291 consuetudine

306 3331 474 3389 esset
501 3326 720 3387 mortis
753 3343 941 3403 poena
969 3323 1369 3403 imponenda.
1430 3326 1562 3402 Ego
1609 3342 1684 3384 ex
1720 3322 1840 3384 cir-

306 3419 704 3480 cumstantiis
734 3417 1159 3495 colligendum
1191 3420 1363 3494 put0,
1396 3435 1478 3477 an
1507 3418 1607 3475 lex
1634 3416 1839 3476 inten-

306 3510 472 3571 derit
519 3529 773 3590 poenam
830 3510 1002 3571 illam
1059 3508 1316 3569 arbitrio
1375 3508 1564 3570 etiam
1604 3507 1838 3587 judicis

305 3604 698 3666 committere
752 3623 764 3665 :
825 3603 1199 3681 regulariter
1227 3602 1395 3662 enim
1424 3601 1487 3661 id
1520 3620 1646 3662 non
1676 3619 1840 3680 prae-

302 3698 594 3774 sumitur,
655 3697 780 3757 imo
833 3715 956 3757 non
993 3695 1185 3755 semel
1231 3696 1390 3755 solet
1437 3694 1499 3753 id
1548 3695 1832 3773 exprimi,

303 3791 655 3871 praesertim
685 3790 747 3849 in
788 3790 973 3849 bullis
1003 3788 1395 3864 Pontificum,
1447 3788 1697 3867 quando
1744 3806 1839 3846 ar-

301 3884 492 3945 bitrio
517 3883 804 3964 judicum
834 3881 1215 3961 permittitur
1257 3900 1445 3960 poena
1484 3900 1595 3959 pro
1628 3881 1836 3959 aliquo

302 3977 592 4053 crimine,
640 3976 828 4038 etiam
878 3992 1073 4054 usque
1104 3974 1184 4034 ad
1226 3978 1573 4036 extremum
1602 3971 1838 4053 suppli-

301 4088 497 4130 010111.

384 4163 664 4223 Adverte
707 4164 957 4236 tamen,
1017 4161 1206 4222 etiam
1255 4159 1318 4219 in
1366 4159 1440 4220 iis
1487 4159 1737 4220 casibus
1774 4159 1835 4217 in

301 4256 537 4336 quibus
575 4254 771 4334 judex
819 4255 1076 4315 inferior
1126 4256 1331 4332 potest
1377 4270 1632 4330 poenam
1680 4251 1837 4329 10315

299 4351 613 4423 minuere,
664 4366 788 4408 non
816 4366 998 4426 posse
1029 4347 1090 4406 id
1121 4347 1326 4407 facere
1370 4346 1613 4424 prolata
1636 4344 1768 4424 jain
1800 4363 1839 4405 a

301 4462 370 4503 se
401 4442 738 4517 sententia,
801 4441 946 4520 (1010
969 4441 1103 4519 Jam
1147 4457 1258 4499 suo
1288 4457 1548 4499 munere
1589 4438 1838 4500 functus

302 4540 426 4612 est,
455 4538 502 4599 l.
540 4534 709 4610 Quod
723 4534 918 4615 jussit,
979 4535 1040 4595 fl.
1077 4530 1147 4593 de
1175 4552 1238 4593 re
1256 4531 1545 4612 judicata,
1596 4535 1662 4592 01
1693 4549 1837 4591 cum

299 4629 444 4692 aliis
473 4632 651 4690 notat
679 4627 907 4689 Sanch.
943 4626 1050 4687 lib.
1085 4628 1188 4688 VI.
1243 4624 1460 4687 Consil.
1498 4643 1551 4685 c.
1587 4642 1629 4685 1.
1680 4623 1829 4685 dub.

297 4727 405 4785 23.
459 4721 767 4799 excipitur
805 4725 1016 4782 tamen
1064 4738 1244 4780 casus
1291 4718 1546 4778 haeresis
1582 4718 1646 4777 in
1692 4735 1831 4795 cap.

306 4816 393 4878 Ut
435 4814 740 4887 commissi,
798 4815 853 4891 ἓ.
893 4812 1134 4888 11111100,
1195 4810 1266 4872 de
1310 4810 1593 4872 lzoerett'cts
1649 4811 1711 4870 in
1745 4827 1829 4870 111.

298 4910 464 4971 Item
510 4908 562 4968 si
585 4906 778 4986 judex
824 4906 885 4965 in
916 4923 1171 4983 poenam
1204 4903 1393 4983 jussit
1438 4904 1678 4964 solvere
1708 4921 1838 4964 cer·

297 5006 434 5063 tam
470 5000 748 5079 pecuniae
796 5016 1128 5073 summam,
1176 5015 1363 5076 quam
1404 4996 1450 5056 si
1501 5014 1643 5056 reus
1673 4996 1837 5056 intra

300 5092 669 5174 quindecim
716 5093 850 5152 dies
881 5111 1005 5152 non
1049 5091 1269 5166 solvat,
1322 5088 1550 5150 debeat
1589 5088 1835 5167 publice

299 5186 635 5267 flagellari,
671 5186 932 5264 pecunia
965 5186 1129 5245 intra
1159 5183 1332 5243 illum
1351 5182 1688 5244 terminum
1710 5199 1837 5243 non

296 5282 533 5356 soluta,
567 5284 774 5358 potest
793 5279 989 5359 judex
1033 5277 1255 5337 eadem
1286 5275 1551 5354 pecunia
1580 5279 1837 5335 conten·

295 5378 404 5436 tus
434 5391 592 5448 esse,
642 5372 729 5431 ita
757 5369 1194 5445 Covarruvia8‚
1243 5374 1304 5430 et
1333 5367 1437 5427 alii
1481 5367 1647 5446 apud
1679 5369 1836 5427 San-

295 5467 457 5528 chez
480 5465 586 5525 ibi.
622 5464 823 5540 Ratio,
858 5464 923 5524 ni
948 5463 1150 5538 fallor,
1184 5465 1298 5538 est,
1334 5461 1479 5540 quia
1501 5460 1834 5538 flagellatio

295 5559 546 5638 indiget
573 5557 780 5618 adhuc
812 5575 977 5618 nova
1007 5555 1334 5631 sententia,
1386 5558 1455 5614 ut
1485 5552 1835 5615 executioni

3361 369 3477 430 707

1940 540 2484 618 mandetur,ch
2529 544 2693 603 enim
2752 542 3022 604 ministri
3065 543 3320 623 propria
3366 563 3479 604 au-

1941 634 2227 695 ctoritate
2257 640 2511 712 possent
2551 636 2725 696 illum
2758 637 3076 714 flagellare
3126 636 3259 695 5100
3312 653 3475 697 novo

1931 726 2166 830 judicis
2195 727 2468 803 decreto,
2521 734 2583 790 et
2611 729 2969 807 cognitione
3008 746 3238 804 causae,
3290 728 3479 790 debet

1942 818 2108 878 enim
2137 819 2340 880 audiri
2371 839 2513 881 reus
2543 840 2655 881 cur
2678 841 2801 881 non
2833 821 3109 883 solverit.
3159 823 3292 880 Non
3326 839 3474 898 crgo

1941 915 2222 973 mutatur
2249 918 2396 974 tunc
2426 915 2734 975 sententia
2762 914 3003 990 ultima,
3039 913 3147 974 sed
3182 931 3303 972 non
3334 932 3474 991 pro-

1941 1005 2140 1066 fertur
2170 1005 2408 1082 ultima,
2460 1024 2599 1084 quae
2629 1007 2838 1068 adhuc
2884 1005 3365 1067 desiderabatur
3392 1006 3473 1064 ad

1913 1099 2373 1177 'exequendam
2404 1117 2657 1176 poenam
2687 1098 3142 1176 flagellationis,

2020 1191 2224 1253 Infero
2255 1191 2461 1267 tertie,
2496 1192 2941 1253 resolutionem
2986 1192 3240 1253 alterius
3270 1211 3474 1272 (10005-

1939 1282 2125 1343 tionis
2152 1282 2354 1360 magis
2382 1284 2659 1360 moralis,
2696 1303 2774 1344 an
2805 1284 3042 1345 scilicet
3061 1290 3123 1346 et
3152 1284 3471 1363 quomodo

1939 1373 2124 1435 liceat
2168 1376 2337 1453 apud
2382 1375 2620 1454 judices
2663 1377 3053 1438 intercedere
3099 1395 3212 1456 pro
3272 1377 3473 1437 delin-

1941 1467 2323 1546 quentibus?
2362 1470 2450 1529 Ex
2480 1468 2662 1529 dictis
2693 1469 2859 1530 enim
2888 1469 3136 1530 videtur
3165 1469 3378 1530 inferri
3409 1469 3472 1529 id

1939 1579 2063 1621 non
2096 1559 2283 1622 licere
2309 1581 2324 1634 ;
2372 1561 2521 1640 quia
2548 1580 2584 1622 a
2614 1562 2863 1623 nemine
2896 1565 3107 1640 petere
3139 1580 3473 1642 possumus

1941 1654 2109 1732 quod
2147 1655 2282 1732 ipse
2309 1654 2476 1716 licite
2507 1673 2631 1715 non
2663 1660 2869 1734 potest
2909 1656 3114 1716 facere
3164 1675 3177 1716 ε
3225 1655 3273 1715 51
3323 1672 3472 1734 ergo

1932 1747 2126 1824 judex
2160 1766 2283 1808 non
2314 1746 2699 1826 potestlicite
2721 1748 3039 1809 remittere
3063 1748 3160 1808 vel
3190 1747 3474 1808 minuere

1941 1858 2194 1919 poenam
2223 1841 2399 1919 10315,
2456 1859 2578 1901 non
2624 1841 2835 1902 licebit
2876 1840 3045 1919 apud
3094 1859 3238 1901 eum
3286 1842 3474 1903 inter-

1939 1934 2162 1993 cedere
2209 1951 2321 2012 pro
2368 1933 2900 1995 malefactoribus,
2964 1936 3032 1994 ln
3088 1934 3472 1996 contrarium

1941 2030 2152 2086 autem
2183 2031 2276 2088 est
2317 2044 2465 2087 usus
2510 2026 2757 2105 piorum
2804 2026 3155 2103 hominum,
3204 2030 3266 2088 et
3313 2026 3473 2088 anti-

1941 2136 2209 2197 quorum
2239 2121 2493 2179 Patrum
2549 2118 2655 2196 qui
2710 2118 2772 2178 id
2830 2120 3138 2196 fecerunt,
3202 2137 3472 2198 quorum

1937 2211 2076 2271 loca
2108 2211 2248 2270 vide
2279 2210 2448 2290 apud
2477 2212 2710 2273 Suarez
2742 2210 2847 2272 ubi
2880 2230 3073 2290 supra
3098 2231 3159 2273 n.
3196 2215 3253 2273 1.

2022 2303 2458 2381 Respondetur
2485 2303 2712 2382 prim0‚
2742 2303 2981 2366 licitum
2999 2323 3134 2365 esse
3165 2305 3472 2384 imprimis

1941 2400 2164 2474 rogare
2195 2414 2530 2475 personam
2559 2396 2893 2475 privatam,
2945 2415 3055 2457 500
3086 2401 3332 2475 partem
3360 2397 3470 2457 101-

1941 2508 2097 2564 sam,
2135 2494 2203 2549 ut
2228 2488 2522 2566 injuriam
2550 2488 2832 2550 remittat
2873 2493 2935 2550 et
2962 2489 3042 2550 ab
3072 2491 3470 2551 accusatione
3574 2510 3621 2539 ro

1941 2581 2221 2657 desistat,
2264 2585 2330 2641 ut
2375 2581 2494 2641 hoc
2544 2581 2733 2642 modo
2756 2581 2949 2660 judex
3007 2582 3204 2660 possit
3252 2587 3472 2661 postea

1941 2673 2155 2735 mitius
2185 2692 2249 2733 se
2281 2673 2513 2733 habere
2544 2691 2687 2734 cum
2710 2674 3135 2754 delinquente,
3169 2675 3314 2754 quia
3337 2694 3473 2754 per-

1940 2784 2094 2826 sona
2121 2766 2272 2826 laesa
2300 2765 2429 2826 fere
2458 2784 2708 2845 semper
2752 2771 2959 2845 potest
3007 2766 3070 2826 id
3118 2767 3344 2843 facere,
3405 2773 3472 2829 ut

1941 2857 2125 2920 docet
2142 2860 2326 2920 Sotus
2354 2861 2427 2920 V.
2460 2862 2546 2919 10.
2582 2857 2651 2918 de
2664 2858 2863 2938 justit.
2901 2879 2962 2938 q.
2986 2876 3071 2920 lv.
3107 2864 3226 2922 art.
3259 2865 3318 2922 4.
3358 2863 3471 2921 Po-

1940 2954 2063 3013 test
2089 2950 2362 3012 secundo
2395 2951 2520 3030 peti
2549 2969 2589 3012 a
2608 2951 2843 3030 judice,
2880 2952 3048 3032 qnod
3075 2952 3127 3013 si
3154 2972 3255 3014 res
3284 2953 3473 3013 fuerit

1942 3044 2153 3120 dubia,
2212 3044 2424 3104 mitior
2485 3043 2915 3121 interpretatio
2970 3046 3101 3119 fiat,
3163 3049 3233 3106 ut
3288 3046 3473 3107 docet

1941 3139 2173 3199 Suarez
2202 3136 2307 3198 ubi
2337 3154 2528 3215 supra
2556 3155 2662 3197 nu.
2701 3138 2797 3198 10.
2831 3138 2992 3200 110111
3022 3137 3191 3217 quod
3224 3141 3470 3199 tantum

1940 3231 2017 3290 de
2048 3248 2237 3309 poena
2267 3230 2637 3305 remittatur,
2669 3234 2974 3308 quantum
3004 3230 3169 3291 intra
3198 3230 3471 3292 latitudi-

1940 3342 2081 3383 nem
2106 3322 2364 3402 justitiae
2411 3322 2545 3382 fieri
2594 3322 2826 3401 possit;
2886 3322 2963 3382 de
3014 3341 3137 3401 quo
3185 3322 3472 3384 videatur

1939 3418 2153 3477 Castro
2185 3417 2259 3476 ΙΙ.
2295 3413 2363 3474 de
2389 3414 2515 3494 leqe
2532 3414 2775 3494 poenali,
2826 3432 2964 3493 cap.
3000 3431 3134 3476 xm.
3169 3415 3370 3476 concl.
3407 3419 3463 3475 1.

1938 3509 2217 3587 Denique
2249 3508 2314 3567 10
2344 3506 3221 3586 ejusmodiintercessionibus
3240 3526 3470 3584 magna

1938 3600 2266 3678 prudentia
2300 3605 2393 3660 est
2420 3599 2800 3660 adhibenda.
2862 3599 3093 3676 Primo,
3146 3600 3198 3660 si
3242 3600 3467 3661 delicta

1937 3695 2061 3754 sint
2116 3692 2486 3773 frequentia,
2548 3696 2611 3754 et
2668 3712 2743 3752 ex
2791 3691 3077 3771 judicum
3132 3693 3468 3754 clementia

1938 3786 2299 3864 respublica
2320 3786 2596 3863 graviter
2640 3785 2936 3863 patiatur,
2991 3784 3468 3846 intercessiones

1934 3883 2080 3939 sunt
2093 3878 2386 3939 vitanda).
2423 3877 2711 3939 Secundo
2735 3877 3192 3938 consideranda
3215 3882 3310 3938 est
3329 3897 3468 3957 per-

1935 3992 2091 4033 sona
2118 3972 2545 4043 intercedens;
2580 3989 2726 4032 nam
2755 3988 3023 4049 persona
3051 3970 3330 4032 securius
3359 3989 3467 4049 po-

1935 4071 2057 4128 test
2083 4063 2470 4125 intercedere
2500 4063 2582 4124 ad
2610 4062 3065 4124 ostendendam
3094 4063 3465 4124 charitatem

1935 4158 2339 4219 christianam
2369 4174 2517 4235 erga
2545 4156 2945 4217 offensorem.
3005 4154 3213 4216 Tertio
3259 4155 3462 4216 consi-

3619 1207 3694 1264 95

3547 1330 3637 1426 Qu
3627 1331 3777 1393 idpost

3571 1390 3691 1426 emen
3698 1386 3793 1428 1111111

3559 1449 3633 1491 pro
3589 1441 3776 1481 1·ο.1010111

3618 2320 3695 2378 96

3543 2443 3800 2490 intercedere

3599 2555 3735 2599 liceat.

1937 4251 2217 4313 derauda
2246 4253 2340 4310 est
2380 4267 2649 4328 persona
2683 4247 2932 4327 judicis,
2981 4266 3127 4308 nam
3170 4249 3218 4308 si
3249 4249 3330 4310 sit
3357 4248 3465 4309 do·
3554 4240 3563 4249 ’

1936 4351 2092 4421 0105,
2124 4343 2381 4423 11101105,
2414 4346 2476 4403 01
2504 4347 2796 4404 constans
2827 4340 2888 4399 in
2917 4340 3462 4402 administratione

1936 4439 2032 4499 sui
2060 4436 2270 4512 officii,
2320 4434 2597 4496 securius
2644 4438 2852 4513 potest
2899 4434 3066 4513 apud
3097 4452 3241 4493 eum
3270 4435 3464 4496 inter-

1935 4531 2074 4592 cedi
2135 4550 2147 4591 :
2210 4548 2333 4589 non
2388 4527 2555 4587 enim
2599 4526 3000 4606 praesumitur
3055 4544 3462 4587 concessurus

1937 4643 2076 4703 quae
2107 4640 2232 4682 non
2259 4621 2470 4683 licent.
2519 4619 2581 4681 Si
2611 4638 2760 4680 vero
2791 4619 2872 4681 sit
2896 4618 3208 4695 indoctuS,
3242 4620 3341 4679 vel
3370 4620 3462 4679 in-

1934 4717 2173 4792 firmus,
2232 4714 2427 4792 etqui
2483 4712 2663 4772 facile
2708 4711 3098 4773 reverebitur
3127 4729 3459 4789 personam

1934 4806 2425 4869 intercedentem
2483 4805 2581 4866 cui
2632 4804 2876 4882 placere
2924 4803 3256 4880 desiderat,
3317 4808 3379 4866 et
3424 4824 3462 4865 a

1936 4920 2058 4980 quo
2089 4899 2440 4978 dependet;
2488 4902 2636 4959 tunc
2668 4896 2909 4957 nonnisi
2958 4914 3189 4974 magna
3218 4899 3464 4958 cautela

1935 4993 2274 5072 petendum
2318 4995 2434 5067 est,
2495 4990 2761 5049 dicendo
2810 5007 2932 5049 non
2983 4988 3166 5066 exigi,
3226 4988 3344 5048 nisi
3398 4990 3460 5050 id

1937 5085 2106 5165 quod
2136 5086 2301 5146 intra
2321 5083 2579 5162 justitiae
2611 5081 2906 5143 terminos
2934 5082 3071 5141 fieri
3100 5080 3313 5158 possit.
3348 5083 3451 5141 vi-

1936 5178 2163 5239 deatur
2212 5175 2595 5254 Augustinus
2652 5175 2830 5253 epist.
2888 5191 3010 5238 Liv.
3070 5171 3151 5233 ad
3196 5172 3461 5235 Macedo-

1934 5271 2114 5342 nium,
2153 5269 2261 5330 ubi
2289 5271 2544 5329 excusat
2570 5285 2807 5345 1110005,
2830 5286 2999 5345 quas
3027 5266 3194 5344 apud
3217 5267 3461 5345 judiees

1936 5382 2047 5443 pro
2077 5362 2201 5422 reis
2229 5360 2564 5440 aliquando
2595 5359 3056 5437 interponebat.

2014 5456 2284 5516 Infertur
2311 5455 2555 5532 quarte,
2580 5451 2874 5512 resolutio
2897 5451 3149 5512 alterius
3178 5454 3465 5531 quoestio·

1940 5550 2054 5625 nis,
2089 5567 2165 5607 an
2198 5546 2435 5607 scilicet
2453 5544 2796 5624 judex,qui
2818 5543 2949 5603 sine
2965 5543 3294 5609 sufficienti
3324 5573 3466 5616 cau-

3609 5472 3684 5531 97
