4263 6376
1177 273 1648 338 DISPUTATIO
1689 274 1990 352 XXXVII,
2040 277 2314 339 SECTIO
2359 280 2488 340 XV.

156 478 168 483 ·
227 455 560 536 promissae
605 453 1015 533 impunitatiS.
1080 454 1202 517 Sed
1269 459 1488 515 contra
1531 472 1606 513 ex
1652 452 1773 513 hoc

229 550 371 630 ipso
402 548 688 629 exemplo
717 547 1076 609 confirmari
1101 550 1305 626 potest
1325 547 1602 608 secunda
1629 564 1773 607 con-

234 643 472 716 01υείος
507 661 654 702 nam
711 642 774 701 in
826 641 992 702 bello
1053 641 1343 720 princeps
1388 641 1491 720 qui
1539 640 1774 721 justam

233 737 386 801 belli
442 754 698 797 causam
751 736 963 811 habet,
1031 753 1156 795 non
1211 739 1460 796 tenetur
1515 733 1774 812 implere

236 830 411 912 quod
432 829 742 910 promisit,
773 827 1023 908 quando
1053 846 1153 889 res
1195 830 1329 887 erat
1370 828 1511 888 talis
1557 827 1635 887 de
1683 845 1771 902 se,

235 928 311 986 ut
338 923 503 985 licite
534 941 661 983 non
683 924 896 1002 posset
933 921 1068 983 fieri
1120 940 1134 982 :
1169 924 1240 981 ut
1286 919 1542 981 tradunt
1589 917 1778 979 etiam

239 1003 660 1079 communiter
710 1016 835 1076 DD.
896 1012 980 1075 ibi
1052 1014 1115 1073 d.
1185 1016 1300 1073 art.
1362 1014 1420 1073 3.
1477 1011 1781 1073 Videatur

239 1112 489 1173 Bannes
514 1108 599 1169 ibi
626 1110 690 1169 et
715 1108 945 1170 Molina
973 1111 1144 1168 tomo
1183 1121 1227 1166 1.
1278 1103 1349 1165 de
1367 1104 1566 1184 justit.
1614 1103 1773 1181 disp.

243 1206 383 1265 111.
434 1203 588 1264 Cum
646 1219 796 1279 ergo
866 1198 1192 1260 absolvere
1264 1202 1616 1273 nocentem,
1675 1197 1782 1276 qui

239 1296 579 1360 tenebatur
606 1293 890 1355 confiteri
920 1296 983 1354 et
1001 1290 1272 1371 juridice
1301 1291 1620 1352 confessus
1663 1293 1777 1366 est,

243 1391 327 1452 sit
347 1389 692 1451 secundum
736 1406 802 1448 se
859 1386 1163 1460 illicitum,
1223 1385 1444 1447 saltem
1496 1387 1783 1462 respectu

239 1483 475 1564 judicis
505 1481 854 1552 inferioris;
905 1497 1297 1558 consequens
1344 1480 1458 1554 est,
1503 1476 1785 1557 judicem

246 1596 375 1639 non
397 1576 671 1656 potuisse
698 1573 852 1633 illud
867 1572 1255 1652 promittere,
1290 1589 1406 1631 nec
1432 1570 1631 1631 teneri
1660 1588 1785 1630 ser·

243 1691 399 1734 vare
442 1669 841 1751 promissum,
895 1670 1082 1745 atque
1138 1665 1294 1725 adeo
1351 1665 1627 1743 potuisse
1674 1682 1787 1743 per

248 1762 813 1846 aeqnivocationem
854 1759 1144 1837 decipere
1180 1776 1359 1818 reum
1413 1762 1481 1820 ut
1529 1757 1788 1819 confite-

247 1864 443 1923 retur.

78 1951 92 2007 Ι
335 1951 520 2017 Aliud
566 1951 828 2012 fortasse
872 1945 1142 2022 videtur,
1189 1943 1242 2005 si
1284 1960 1428 2005 reus
1474 1943 1540 2005 in
1568 1963 1786 2007 securo

85 2076 125 2118 ,ἰ
250 2049 391 2109 1000
417 2044 655 2125 positus
679 2039 1126 2120 deciperetura
1145 2037 1359 2116 judice
1387 2037 1504 2098 sub
1532 2057 1641 2118 spe
1672 2039 1790 2098 im-

253 2236 424 2297 enim
448 2234 596 2293 licet
614 2229 810 2310 ,iudex
835 2225 1068 2286 habeat
1087 2225 1191 2303 jus
1226 2225 1305 2285 ad
1334 2224 1511 2285 illum
1537 2226 1789 2305 capien-

252 2329 437 2402 dum3
470 2328 604 2406 ipse
633 2328 842 2385 tamen
875 2319 1148 2379 habebat
1171 2317 1360 2379 etiam
1377 2317 1481 2397 jus
1513 2319 1592 2379 ad
1628 2338 1693 2380 se
1720 2319 1790 2379 li-

251 2420 627 2494 berandum,
662 2433 778 2476 nec
804 2412 1137 2475 tenebatur
1163 2430 1229 2471 se
1259 2411 1508 2472 tradere
1534 2411 1737 2490 judici
1768 2430 1782 2472 ε

251 2534 449 2598 qnare
478 2515 694 2574 contra
716 2506 1024 2588 justitiam
1053 2503 1300 2583 cogitur
1325 2523 1439 2584 per
1464 2504 1636 2565 illam
1675 2505 1789 2566 do-

248 2611 455 2672 losam
480 2601 1040 2686 aequivocationem
1067 2598 1240 2659 adid
1292 2598 1460 2678 quod
1500 2597 1633 2677 ipse
1675 2618 1790 2678 po-

248 2708 418 2767 terat
439 2701 607 2782 juste
636 2695 923 2758 omittere
950 2712 963 2754 :
1004 2695 1067 2753 et
1091 2695 1242 2753 tunc
1276 2690 1624 2771 applicatur
1656 2711 1790 2753 me-

246 2799 374 2860 lius
401 2792 755 2872 exemplum
783 2788 861 2848 de
895 2785 1018 2847 fide
1056 2784 1338 2846 hostibus
1377 2784 1685 2845 servanda
1723 2787 1786 2847 in

246 2891 419 2953 bello
454 2887 563 2949 :in
593 2887 804 2945 nostro
830 2884 1042 2942 tamen
1071 2896 1220 2939 casu
1249 2877 1444 2957 judex
1463 2878 1663 2938 solum
1688 2899 1790 2941 ex-

251 2985 509 3065 torquet
533 3000 572 3042 a
593 2996 702 3039 reo
732 2973 1182 3037 confessionem
1211 2989 1400 3052 quam
1447 2971 1578 3051 ipse
1625 2971 1790 3052 juste

251 3097 383 3140 non
412 3075 658 3156 poterat
683 3068 992 3143 omittere,
1038 3069 1101 3128 et
1145 3065 1475 3145 promissio
1514 3065 1661 3125 ficta
1698 3069 1793 3127 est

251 3172 334 3235 de
366 3190 434 3231 re
462 3164 810 3230 secundum
838 3179 903 3222 se
929 3159 1141 3221 illicita
1169 3162 1232 3221 et
1267 3158 1454 3219 mala.
1498 3157 1704 3237 Adde,
1730 3158 1794 3219 in

249 3265 423 3327 bello
446 3262 700 3342 propter
731 3254 1052 3336 publicum
1077 3253 1250 3333 pacis
1296 3252 1554 3329 bonum,
1587 3255 1650 3314 et
1697 3269 1795 3314 se-

251 3357 589 3421 curitatem
641 3365 982 3430 regnorum
1029 3349 1341 3424 oportere,
1389 3344 1558 3425 quod
1610 3350 1794 3424 pacta

252 3451 550 3530 utrinque
584 3446 932 3518 serventur,
982 3440 1235 3521 quando
1291 3440 1450 3499 fiunt
1483 3437 1616 3498 sine
1655 3454 1795 3497 coa-

251 3545 466 3608 ctione
496 3546 559 3603 et
591 3541 810 3610 metu;
858 3533 1134 3614 alioquin
1178 3550 1321 3594 cum
1366 3530 1795 3611 unusquisque

246 3638 620 3721 praesumat,
653 3651 719 3692 se
748 3629 983 3691 habere
1022 3626 1254 3707 justam
1309 3642 1562 3686 causam
1619 3621 1788 3697 belli,

249 3746 607 3811 numquam
642 3722 947 3806 ejusmodi
968 3723 1151 3800 pacta
1182 3722 1600 3793 servarentur,
1626 3714 1795 3797 quod

253 3830 426 3891 esset
453 3822 800 3885 maximum
840 3814 1360 3895 impedimentum
1417 3811 1590 3891 pacis
1628 3827 1794 3870 com-

250 3918 570 4004 ponendae
599 3934 615 3977 2
642 3914 803 3974 sicut
829 3910 1019 3971 etiam
1056 3910 1314 3987 propter
1366 3904 1655 3964 eamdem
1698 3920 1798 3963 ra-

249 4017 497 4080 tionem
525 4008 789 4071 debetur
815 4001 1153 4082 impunitas
1182 4003 1244 4061 et
1271 3997 1647 4059 indemnitas
1664 4013 1798 4056 ora-

252 4109 504 4175 toribus
532 4107 594 4165 et
619 4098 844 4179 legatis
869 4093 1158 4176 publiciS,
1193 4091 1338 4171 quia
1366 4088 1640 4168 alioquin
1673 4105 1798 4148 non

253 4202 475 4286 posset
524 4195 742 4259 haberi
783 4192 1085 4254 tractatus
1141 4186 1309 4247 circa
1351 4202 1594 4264 pacem,
1630 4182 1797 4262 quod

256 4300 428 4359 esset
455 4305 756 4371 magnum
782 4279 1246 4345 inconveniens
1273 4280 1423 4338 Haec
1437 4281 1646 4338 autem
1670 4294 1799 4336 om-

259 4390 370 4451 nia
396 4406 520 4449 non
547 4381 817 4445 limitant
844 4378 908 4437 in
937 4378 1148 4435 nostro
1179 4390 1349 4433 casu.

344 4482 496 4543 Dico
527 4475 731 4549 tertiO,
766 4467 1158 4532 etiamsinon
1187 4465 1352 4541 ficte,
1386 4462 1495 4524 sed
1542 4480 1619 4524 ex
1662 4461 1800 4523 ani-

79 4610 106 4653 ἦ
263 4595 372 4637 mo
402 4567 706 4634 liberandi
728 4581 903 4626 reum
930 4559 1235 4640 promissa
1256 4558 1337 4618 sit
1357 4557 1408 4617 ei
1435 4555 1795 4634 impunitaS,

79 4638 137 4705 'm
266 4687 395 4730 non
424 4666 674 4728 tenetur
701 4660 826 4719 imo
857 4673 972 4716 neo
1001 4655 1208 4733 potest
1226 4650 1422 4730 judex
1452 4653 1616 4711 stare
1656 4666 1804 4728 pro-

78 4728 196 4813 g
266 4759 501 4835 missis,
532 4759 863 4835 postquam
912 4747 1210 4809 delictum
1246 4743 1523 4822 legitime
1563 4742 1806 4802 confes-

131 4848 172 4858 ”
267 4872 379 4918 sus
407 4855 529 4925 est3
561 4850 615 4910 si
638 4852 851 4910 tamen
872 4844 1040 4924 juste
1065 4838 1220 4899 illud
1251 4854 1480 4916 negare
1527 4853 1650 4895 non
1694 4853 1810 4914 po-

268 4950 454 5011 terat.
487 4946 635 5006 Haec
663 4940 907 5001 constat
959 4954 1034 4996 ex
1079 4931 1361 5013 proxime
1409 4928 1611 5004 dictis,
1663 4927 1813 5007 quia

268 5040 463 5122 judex
491 5056 616 5099 non
645 5033 847 5115 potuit
873 5027 1248 5109 'promittere
1291 5024 1352 5084 id
1401 5022 1571 5101 quod
1617 5021 1696 5082 de
1744 5040 1811 5082 se

268 5134 558 5195 illicitum
589 5133 725 5190 erat
758 5148 772 5189 z
817 5124 1001 5206 quale
1049 5125 1144 5183 est
1185 5138 1310 5179 non
1350 5115 1569 5195 punire
1614 5114 1815 5174 delin-

269 5231 572 5308 quentem
601 5220 880 5301 legitime
922 5215 1321 5284 confessum;
1371 5228 1520 5288 ergo
1569 5207 1812 5269 etiamsi

264 5321 334 5382 id
368 5340 440 5381 ex
473 5318 682 5379 animo
715 5311 1089 5396 promiserit,
1123 5326 1251 5369 non
1280 5309 1527 5367 tenetur
1555 5319 1670 5363 nec
1697 5320 1810 5380 po-

264 5416 395 5476 test
421 5411 573 5472 illud
606 5407 984 5490 promissum
1015 5401 1298 5482 implere.

351 5506 505 5569 Dico
536 5506 781 5585 quart0,
808 5501 861 5562 si
881 5498 1102 5579 judex,
1138 5514 1199 5557 v.
1233 5511 1296 5573 g.
1331 5508 1663 5570 supremus
1702 5507 1816 5569 po·

78 2143 126 2173 ¹¹²
252 2139 575 2222 punitatiS,
629 2140 699 2198 ut
741 2152 808 2195 se
856 2132 1089 2193 sineret
1141 2131 1574 2210 apprehendi:
1640 2136 1788 2193 tunc
1841 2145 1844 2146 ’

3291 283 3408 340 739

1871 456 2037 515 terat
2062 454 2125 513 in
2157 474 2229 514 oo
2260 473 2408 515 casu
2436 472 2689 534 paenam
2718 455 3021 534 relaxare,
3069 459 3131 518 et
3173 457 3292 518 hoc
3334 477 3407 516 cx

1873 546 2083 607 animo
2131 549 2435 625 promisit,
2488 552 2737 609 tenetur
2782 549 3091 627 implere:
3145 548 3313 628 quod
3358 551 3410 610 si

1875 658 2000 699 non
2021 639 2299 718 impleat,
2321 645 2567 701 tenetur
2592 643 2894 702 resarcire
2913 644 3121 703 omnia
3153 645 3404 705 damna.

1875 734 1966 793 Ita
1996 733 2226 793 Sanch.
2262 751 2406 794 cum
2434 734 2570 794 aliis
2614 735 2721 795 ubi
2765 755 2975 815 supra,
3023 741 3084 797 et
3123 739 3405 815 Fagund.

1875 830 2190 905 praecepto
2222 843 2357 887 vm.
2393 846 2447 888 c.
2473 844 2599 889 xxl.
2636 848 2697 888 n.
2734 832 2829 889 16.
2865 833 3038 908 patet
3084 850 3159 891 ex
3205 832 3409 908 dictis,

1879 919 2027 998 quia
2043 919 2329 997 promisit
2346 920 2409 979 id
2430 921 2599 999 quod
2628 921 2793 982 licite
2814 927 3060 1000 poterat
3075 930 3374 1002 praestaro
3396 946 3409 996 ;

1881 1016 1942 1072 et
1970 1030 2045 1071 ex
2075 1012 2485 1089 promissione
2516 1032 2659 1074 reus
2690 1016 3019 1093 acquisivit
3039 1016 3062 1094 j
3074 1036 3143 1075 us
3173 1019 3252 1076 ad
3285 1037 3416 1077 rom

1880 1104 1995 1164 sibi
2024 1106 2438 1183 promissam:
2476 1126 2625 1185 ergo
2658 1107 2708 1168 si
2747 1127 2870 1168 non
2928 1109 3224 1187 impletur
3273 1131 3420 1190 pro-

1879 1197 2116 1274 missio,
2151 1198 2385 1275 patitur
2410 1198 2726 1278 injuriam,
2763 1205 2825 1263 et
2855 1202 3122 1263 debetur
3151 1204 3204 1264 oi
3236 1206 3421 1265 resti-

1881 1291 2038 1351 tutio
2067 1309 2180 1369 pro
2211 1291 2456 1351 damnis
2486 1294 2735 1355 secutis.

1962 1383 2112 1444 Dico
2143 1384 2384 1463 quintO,
2428 1385 2481 1445 si
2518 1405 2663 1447 reus
2698 1406 2821 1449 non
2858 1391 3191 1452 tenebatur
3235 1394 3421 1452 confi-

1883 1476 1998 1538 teri
2034 1495 2218 1536 suum
2246 1478 2504 1556 crimen,
2540 1480 2640 1540 vel
2671 1482 2817 1560 quia
2867 1502 2991 1543 non
3038 1489 3173 1546 crat
3209 1492 3423 1547 contra

1885 1588 2029 1631 eum
2086 1571 2431 1649 semiplena
2476 1574 2784 1650 probatiO,
2818 1577 2917 1635 vel
2973 1580 3120 1656 quia
3168 1579 3428 1639 deerant

1886 1663 2007 1724 alia
2033 1664 2355 1742 requisita,
2379 1665 2457 1724 de
2490 1667 2715 1745 quibus
2745 1669 2904 1731 infra
2926 1672 3169 1749 agendo
3198 1673 3273 1732 do
3291 1692 3421 1749 rec,

1886 1761 1949 1818 et
1975 1756 2090 1817 sub
2119 1756 2226 1816 illa
2255 1776 2363 1835 spe
2396 1758 2783 1836 impunitatis
2814 1764 3027 1824 dolose
3059 1771 3430 1844 extorquea-

1887 1855 1990 1912 tur
2018 1850 2317 1911 delictum
2356 1870 2369 1912 t
2417 1853 2721 1915 confessio
2770 1875 2895 1916 non
2940 1862 3034 1919 est
3087 1860 3318 1936 valida,
3368 1865 3430 1921 ct

1887 1944 2199 2004 sententia
2229 1948 2444 2005 secuta
2474 1964 2549 2005 ex
2579 1947 2640 2006 vi
2670 1947 2833 2009 illius
2873 1952 3278 2012 confessionis
3336 1959 3429 2015 ost

1890 2037 2079 2112 nulla,
2114 2055 2190 2097 ac
2223 2036 2493 2117 denique
2515 2040 2712 2117 J‘udex
2770 2047 3018 2104 tenetur
3061 2046 3141 2105 ad
3180 2047 3426 2106 restitu-

1887 2131 2124 2192 tionem
2166 2131 2447 2191 omnium
2496 2132 2891 2197 damnorum.
2946 2139 3093 2198 Haec
3125 2145 3215 2200 est
3247 2143 3427 2219 juxta

1888 2223 2232 2284 secundam
2261 2226 2632 2285 sententiam
2664 2247 2854 2306 supra
2874 2231 3135 2290 relatam
3162 2248 3175 2293 τ
3198 2240 3257 2293 et
3289 2255 3428 2312 pro-

1888 2317 2074 2379 batur
2101 2323 2471 2395 argumento
2504 2322 2838 2398 contrario,
2876 2324 3020 2402 quia
3043 2325 3238 2404 judex
3279 2333 3425 2389 tunc

1887 2429 2013 2473 non
2041 2411 2233 2472 habet
2252 2410 2357 2489 jus
2386 2412 2463 2471 ad
2495 2413 2901 2492 obligandum
2931 2437 3130 2494 reum,
3170 2425 3237 2481 ut
3275 2441 3425 2481 con-

1887 2505 2139 2565 fiteatur
2193 2523 2377 2564 suum
2432 2505 2667 2566 crimen
2693 2528 2708 2580 ;
2745 2528 2894 2588 ergo
2950 2514 3079 2571 sive
3136 2534 3247 2591 per
3301 2517 3426 2575 vim

1888 2598 2016 2659 sive
2048 2617 2161 2676 per
2187 2598 2403 2658 dolum
2433 2617 2577 2659 eum
2607 2601 2860 2681 obliget,
2896 2605 3120 2684 injuste
3166 2609 3421 2686 obligat,

1889 2695 1951 2753 et
1977 2710 2090 2770 per
2116 2708 2506 2770 consequens
2536 2712 2676 2754 cum
2718 2695 2944 2775 injuria
2987 2700 3301 2777 obligante
3347 2703 3427 2762 ad

1887 2783 2365 2845 restitutionem.
2400 2785 2578 2858 Quod
2598 2805 2745 2849 vero
2775 2791 3082 2852 sententia
3113 2793 3192 2853 sit
3232 2795 3423 2870 nulla,

1889 2880 2136 2939 constat
2162 2893 2235 2938 ex
2264 2877 2358 2953 iis,
2393 2897 2533 2957 quas
2577 2880 2846 2942 diximus
2893 2885 2951 2944 in
2999 2886 3181 2946 simili
3240 2908 3430 2966 supra

1889 2973 2039 3032 sect.
2073 2986 2169 3030 111.
2200 2969 2279 3030 de
2302 2971 2513 3048 judice
2544 2992 2658 3051 per
2683 2975 2831 3052 vim,
2866 2979 2963 3037 vel
2987 2979 3196 3040 dolum
3231 2987 3428 3042 extra-

1891 3065 2078 3126 hente
2109 3064 2336 3141 injuste
2367 3065 2839 3145 delinquentem
2869 3071 2949 3129 ab
2981 3072 3265 3148 ccclesia,
3306 3095 3427 3152 quo

1893 3176 2042 3219 casu
2072 3156 2343 3218 diximus
2373 3157 2548 3218 illum
2580 3165 2788 3223 actum
2831 3182 2966 3223 osse
3006 3165 3267 3241 nullum,
3318 3187 3431 3227 noc

1891 3270 2073 3331 posse
2104 3250 2417 3311 deservire
2439 3253 2520 3312 ad
2540 3273 2898 3332 processum
2923 3259 3263 3335 juridicum
3284 3280 3433 3320 cun-

1889 3349 1990 3406 tra
2016 3363 2217 3405 reum.
2254 3347 2580 3405 Rationem
2607 3353 2818 3410 autem
2843 3352 3256 3429 reddidimus,
3285 3356 3431 3434 quia

1893 3438 2195 3514 desectuS,
2221 3456 2376 3517 quos
2390 3438 2585 3518 judex
2602 3443 2968 3504 auctorItate
2993 3446 3245 3524 publica
3265 3467 3432 3509 com-

1891 3531 2101 3608 mittit,
2136 3531 2430 3593 videntur
2457 3535 2781 3595 annullare
2811 3540 3011 3598 totum
3068 3558 3429 3617 processum

1893 3643 2121 3700 causas,
2173 3643 2300 3686 non
2342 3626 2508 3685 enim
2551 3632 2758 3705 potest
2795 3632 3134 3693 auctoritas
3184 3635 3431 3711 publica

1892 3718 1983 3780 uti
2036 3718 2144 3777 illa
2224 3717 2591 3797 probatione
2658 3721 2889 3800 injusta
2954 3730 3173 3786 contra
3227 3748 3425 3790 rcum.

1893 3811 2081 3873 Aliud
2110 3815 2294 3888 esset,
2329 3810 2379 3871 si
2409 3812 2589 3873 dolus
2644 3814 2745 3875 illo
2783 3819 3152 3879 commissus
3190 3821 3306 3882 fuit
3352 3824 3430 3883 ab

1893 3905 2014 3967 alio
2043 3904 2329 3984 privato;
2363 3908 2512 3967 tunc
2541 3926 2706 3967 enim
2760 3928 2832 3970 ex
2890 3912 3109 3973 notItia
3157 3915 3432 3975 criminis

1887 4001 2022 4079 jam
2052 3999 2369 4078 patefacti,
2402 4005 2613 4078 posset
2631 4003 2829 4081 judex
2859 4010 3267 4067 contrareum
3290 4029 3433 4087 pro-

1897 4092 2121 4154 cedere
2148 4110 2162 4165 ;
2195 4092 2313 4152 nisi
2342 4093 2559 4154 notitia
2588 4095 2692 4155 illa
2721 4098 3093 4175 procederet
3122 4120 3195 4159 ox
3226 4103 3434 4181 aliqua

1896 4185 2286 4247 confessione
2316 4189 2751 4250 sacramentali
2779 4191 3054 4253 revelata
3087 4214 3100 4255 :
3136 4194 3240 4255 illa
3270 4195 3435 4255 onim

1897 4279 2115 4341 notitia
2172 4298 2491 4359 nunquam
2542 4287 2753 4360 posset
2820 4286 3084 4347 fundare
3161 4288 3435 4367 aliquem

1897 4392 2258 4453 processum
2290 4378 2506 4435 contra
2533 4395 2731 4456 reum,
2763 4385 3021 4459 proptor
3056 4382 3435 4460 peculiarem

1894 4468 2311 4529 reverentiam
2340 4473 2735 4534 sacramenti.

1978 4561 2182 4636 DiceS‚
2206 4561 2267 4621 in
2290 4562 2409 4622 hoc
2433 4564 2620 4623 etiam
2644 4584 2792 4624 casu
2815 4566 3079 4626 militare
3105 4587 3438 4642 argumen-

1902 4659 2034 4716 tum
2065 4653 2299 4715 factum
2329 4674 2518 4734 supra
2543 4676 2656 4735 pro
2706 4658 2982 4718 secunda
3014 4662 3433 4739 conclusione,

1904 4747 2051 4826 quia
2082 4746 2316 4809 scilicet
2335 4747 2530 4827 judex
2551 4768 2673 4809 non
2698 4750 2897 4827 potuit
2916 4753 3278 4831 promittere
3305 4774 3438 4813 rom

1905 4839 2183 4900 illicitam
2222 4859 2235 4901 :
2271 4840 2381 4899 sed
2409 4840 2735 4902 absolvere
2764 4862 2974 4920 reum,
3011 4845 3086 4905 do
3118 4846 3295 4924 cujus
3327 4847 3440 4907 cri-

1907 4932 2075 4992 mine
2104 4936 2347 4994 constat
2376 4952 2488 5011 per
2516 4936 2833 5013 propriam
2864 4939 3318 4999 confessionem
3352 4945 3444 5001 nst

1909 5024 2226 5097 illicitum3
2262 5044 2410 5103 orgo
2440 5028 2769 5105 promissio
2800 5049 2921 5089 non
2946 5030 3444 5109 potestjudicom

1912 5117 2215 5195 obligare,
2253 5119 2493 5177 etiamsi
2526 5140 2597 5179 ox
2645 5122 2853 5181 animo
2890 5125 3293 5201 promisisset.
3334 5130 3442 5186 llo-

1912 5210 2259 5289 spondetur
2315 5210 2756 5290 distinguendo
2814 5216 3119 5275 minorem
3173 5238 3184 5278 :
3240 5219 3447 5277 absol-

1911 5322 2057 5364 vere
2090 5323 2265 5363 reum
2295 5304 2570 5381 legitime
2604 5309 2956 5369 confessum
2997 5316 3089 5370 ost
3140 5311 3443 5385 illicitum,

1913 5398 2223 5470 concod03
2247 5398 2571 5458 absolvero
2600 5419 2777 5460 reum
2809 5402 2985 5481 cnjus
3015 5404 3317 5463 confessio
3349 5405 3443 5463 in-

1908 5489 2075 5570 juste
2106 5491 2186 5551 ab
2220 5491 2349 5568 ipso
2381 5498 2619 5553 extorta
2652 5500 2763 5571 est,
2809 5497 3226 5572 estillic-itum,
3262 5516 3443 5576 nego,

3574 1399 3646 1455 18
3660 1397 3680 1454 1

3528 1522 3655 1574 Quid,
3680 1522 3714 1563 st

3478 1590 3571 1618 rens
3591 1589 3667 1616 non
3690 1577 3769 1616 cle-

3477 1631 3598 1672 bebai
3641 1630 3772 1691 conli-

3586 1689 3678 1724 lori.
