4263 6376
1374 339 1847 400 DISPUTATIO
1889 339 2104 413 xxm,
2154 338 2429 399 snc‘rlo
2473 339 2546 397 v,
3104 314 3105 317 ‘
3492 340 3533 398 ο

352 527 546 591 posse
571 512 1030 591 rempublicam
1058 522 1385 593 acceptare
1407 558 1424 591 ‚
1470 515 1524 575 si
1549 513 1737 590 velit,
1780 531 1898 592 pro

354 604 706 665 infantibus
734 609 797 666 et
821 606 964 666 aliis
992 606 1276 683 subditis,
1310 623 1579 686 quorum
1605 607 1896 667 volunta·

354 698 461 757 tes
487 695 552 755 in
579 714 645 756 se
686 697 970 758 continet
997 718 1013 759 ε
1043 698 1346 777 potuisset
1383 717 1531 778 ergo
1580 698 1896 760 communi

356 788 507 866 lege
559 789 938 850 constituere
992 791 1271 871 singulos
1338 797 1409 852 ut
1461 797 1897 869 procuratores

356 880 633 942 aliorum
661 881 743 941 ad
772 883 1228 962 acceptandum
1258 902 1474 945 eorum
1505 884 1756 944 nomine
1783 901 1897 964 pro

359 973 771 1049 absentibus,
829 980 1019 1054 atque
1059 976 1148 1037 ita
1190 977 1633 1056 promissiones
1675 976 1899 1038 confir-

356 1084 596 1127 mare:
638 1067 786 1146 quia
836 1068 984 1130 licet
1027 1070 1371 1149 acceptatio
1421 1069 1774 1150 requiratur
1819 1068 1898 1128 de

353 1157 506 1237 jure
536 1162 775 1220 natnrae
796 1206 813 1236 ,
846 1160 982 1239 jam
1011 1165 1160 1222 tunc
1189 1162 1391 1240 posita
1420 1164 1584 1223 esset
1609 1164 1899 1240 accepta-

356 1250 451 1311 tio
483 1249 819 1323 sufficiens,
853 1253 1090 1314 scilicet
1115 1254 1505 1316 audientium
1527 1255 1634 1333 qui
1660 1272 1774 1333 pro
1792 1253 1898 1313 ab·

357 1348 547 1404 sente
576 1349 905 1422 acceptare
961 1352 1260 1424 possunt,
1309 1347 1472 1408 sicut
1494 1350 1665 1408 tutor
1691 1351 1901 1426 posset

358 1440 697 1514 acceptare
744 1455 857 1514 pro
900 1455 1012 1498 suo
1058 1438 1317 1517 pupillo.
1353 1439 1533 1499 Addo
1563 1443 1775 1501 tamen
1803 1457 1897 1498 se-

357 1528 576 1588 cundo
605 1546 729 1589 non
759 1528 955 1589 videri
984 1529 1049 1589 in
1079 1530 1216 1609 lege
1243 1531 1348 1591 illa
1387 1530 1660 1592 ablatam
1690 1548 1897 1592 neces-

357 1619 615 1680 sitatem
661 1622 1140 1701 acceptationis;
1192 1624 1393 1684 solum
1421 1625 1586 1684 enim
1634 1626 1901 1701 negatur

358 1713 652 1790 exceptio
680 1733 757 1773 ex
781 1713 980 1775 tribus
1008 1716 1336 1794 capitibus,
1372 1716 1666 1777 nimirum
1693 1735 1766 1776 ex
1789 1716 1898 1776 de-

357 1804 536 1865 fectu
562 1805 996 1883 stipulationis,
1027 1808 1125 1868 vel
1155 1826 1229 1867 ex
1259 1826 1332 1869 eo
1354 1808 1521 1887 quod
1542 1811 1898 1869 contractus

361 1896 572 1958 factus
599 1896 717 1958 fuit
739 1898 903 1959 inter
931 1899 1254 1976 absentes»,
1290 1901 1391 1960 vel
1419 1900 1689 1979 denique
1720 1919 1794 1960 ex
1823 1918 1897 1960 eo

362 1986 539 2067 quod
566 1987 756 2049 alicui
784 1988 1026 2066 privato
1058 1991 1334 2053 absentis
1360 1993 1611 2054 nomine
1638 1993 1899 2071 promis-

361 2098 511 2141 sum
563 2086 680 2141 est.
727 2082 875 2142 Haec
922 2087 1132 2145 autem
1180 2086 1391 2145 omnia
1435 2090 1600 2146 stare
1642 2091 1902 2165 possunt

361 2191 515 2233 cum
542 2175 970 2252 acceptatione
1004 2196 1017 2236 ε
1047 2181 1254 2254 potest
1279 2177 1446 2238 enim
1474 2178 1610 2239 dari
1640 2178 1902 2256 promis-

363 2264 462 2325 sio
506 2270 831 2345 acceptata
876 2267 1118 2347 absque
1165 2269 1433 2330 formula
1486 2270 1902 2349 stipulationis

364 2375 562 2436 quam
588 2357 759 2436 leges
785 2359 997 2420 civiles
1018 2361 1452 2439 requirebant:
1480 2367 1684 2440 potest
1709 2363 1900 2425 etiam

362 2450 698 2529 promissio
725 2452 1198 2531 fieriabsentiet
1224 2453 1303 2513 ab
1324 2473 1397 2516 eo
1421 2456 1737 2534 acceptari
1758 2477 1770 2516 :
1791 2474 1901 2536 po-

364 2547 492 2604 test
507 2541 776 2623 denique
791 2544 924 2604 fieri
948 2563 1232 2624 personas
1248 2547 1507 2624 privatae
1528 2550 1780 2609 nomine
1796 2549 1903 2609 ab·

366 2635 584 2709 sentis,
610 2641 674 2697 et
687 2636 1000 2697 abeodem
1019 2638 1279 2701 absente
1297 2646 1515 2718 postea
1535 2642 1850 2721 acceptari
1882 2662 1896 2703 ε

368 2747 520 2808 ergo
550 2747 628 2789 ex
648 2747 722 2790 eo
748 2729 917 2808 quod
946 2732 1342 2808 exceptiones
1370 2732 1491 2793 illae
1514 2733 1897 2813 rejiciantur,

368 2839 497 2882 non
506 2820 787 2900 rejicitur
795 2823 1076 2901 exceptio
1092 2842 1231 2902 quae
1248 2824 1446 2885 oritur
1456 2843 1528 2884 ex
1540 2825 1784 2888 defectu
1801 2844 1902 2886 ac·

368 2914 762 2992 ceptationis,
788 2933 928 2993 quae
944 2916 1163 2977 fortior
1178 2922 1292 2991 est,
1313 2921 1375 2978 et
1389 2918 1589 2995 magis
1612 2937 1902 2997 expresse

369 3006 695 3068 debuisset
723 3007 935 3086 rejici,
968 3011 1040 3069 ιιι
1063 3014 1424 3070 censeretur
1463 3010 1692 3072 ablata.
1724 3011 1905 3074 Unde

369 3098 590 3160 ultimo
621 3098 786 3159 addo
825 3117 1030 3178 neque
1068 3100 1255 3162 etiam
1304 3119 1380 3162 ex
1425 3103 1530 3163 illa
1575 3104 1713 3181 lege
1756 3121 1908 3164 con-

370 3196 560 3268 stare,
594 3192 764 3270 quod
795 3192 1058 3271 quilibet
1084 3213 1196 3272 pro
1227 3195 1348 3257 alio
1376 3196 1574 3274 possit
1598 3196 1901 3276 stipulari,

370 3284 471 3343 vel
515 3289 848 3362 acceptare
904 3287 1379 3364 promissionem
1427 3308 1441 3348 :
1486 3307 1690 3368 neque
1737 3289 1904 3349 enim

372 3375 458 3436 ibi
488 3376 552 3436 id
581 3376 930 3454 deciditur,
982 3379 1093 3438 sed
1134 3380 1334 3439 solum
1365 3381 1534 3459 quod
1575 3382 1736 3442 sicut
1760 3381 1905 3441 abs-

372 3487 493 3548 que
520 3468 919 3548 stipulatione
948 3475 1153 3550 potest
1176 3472 1380 3532 valide
1408 3490 1474 3532 se
1504 3474 1642 3553 quis
1671 3474 1902 3554 obliga-

370 3580 438 3621 re
466 3561 648 3623 alteri
678 3561 921 3622 absenti
965 3580 1078 3641 per
1106 3564 1433 3643 epistolam
1464 3566 1655 3645 (quod
1693 3571 1904 3627 tamen

374 3654 741 3734 intelligitur
766 3655 970 3732 posita
995 3656 1443 3736 acceptatione)
1463 3658 1548 3718 ita
1575 3662 1781 3736 potest
1798 3659 1903 3719 ali·

371 3748 512 3828 quis
539 3747 785 3808 absenti
823 3765 889 3807 se
936 3748 1213 3826 obligare
1259 3767 1373 3827 per
1407 3755 1901 3829 procuratorem,

365 3841 468 3909 ,vel
522 3839 718 3900 alium
784 3840 1034 3900 nomine
1102 3840 1376 3903 absentis
1447 3848 1898 3922 acceptantem,

370 3931 628 4013 quando
653 3930 889 3993 scilicet
917 3931 997 3991 ad
1041 3932 1106 3991 id
1153 3932 1343 3995 babet
1369 3935 1801 3997 auctoritatem
1831 3955 1902 3996 ex

370 4024 673 4085 mandato
700 4024 976 4084 absentis
995 4070 1011 4100 ,
1043 4025 1145 4085 vel
1174 4025 1294 4086 alio
1323 4027 1503 4088 titulo
1527 4074 1543 4102 ,
1594 4028 1682 4088 ita
1708 4032 1779 4089 ιιι
1806 4047 1906 4090 so·

370 4118 501 4177 lum
530 4115 901 4177 excludatur
939 4117 1219 4195 exceptio
1250 4136 1325 4178 ex
1369 4120 1615 4180 defectu
1653 4120 1906 4199 stipula·

369 4209 580 4284 tionis,
614 4207 1052 4287 undecumque
1078 4209 1181 4270 ille
1199 4210 1480 4273 defectus
1493 4210 1751 4289 oriatur,
1774 4213 1904 4273 sive

373 4301 517 4382 quia
548 4304 906 4362 contractus
934 4301 1135 4363 sactus
1161 4302 1277 4365 fuit
1303 4321 1416 4382 per
1445 4305 1793 4383 epistolam,
1826 4307 1904 4366 si-

370 4412 449 4455 ve
483 4394 634 4474 quia
674 4392 876 4455 factus
921 4394 1039 4455 fuit
1079 4412 1194 4474 per
1232 4401 1737 4475 procuratorem,
1803 4400 1902 4460 vel

372 4503 775 4567 quocumque
806 4486 929 4547 alio
958 4487 1171 4548 modo.
1223 4489 1427 4559 Quare
1456 4507 1569 4567 pro
1616 4489 1734 4551 hac
1769 4510 1906 4552 sen-

372 4578 597 4652 tentia,
650 4595 841 4657 quam
894 4577 1027 4656 ipse
1077 4580 1359 4659 sequitur
1398 4580 1608 4658 plures
1651 4583 1909 4646 adducit

376 4670 660 4732 Sanchez
685 4670 852 4730 dicto
882 4688 1053 4732 num.
1085 4674 1186 4733 28.

451 4764 543 4824 Ex
570 4762 756 4822 dictis
788 4762 852 4821 in
892 4762 1012 4822 hac
1052 4764 1328 4825 sectione
1367 4765 1631 4828 infertur
1671 4766 1903 4830 decisio

377 4855 536 4915 illius
564 4872 769 4929 casus,
802 4872 987 4933 quem
1015 4857 1310 4935 proponit
1336 4860 1403 4919 P.
1423 4859 1648 4921 Thom.
1670 4861 1898 4923 Sancb.

354 4948 480 5009 —lib.
509 4950 558 5009 1.
593 4946 814 5009 Consu.
839 4965 978 5026 cap.
1011 4965 1098 5009 v1.
1133 4949 1282 5010 dub.
1304 4953 1359 5010 1.
1389 4953 1641 5030 quando
1670 4953 1906 5015 scilicet

377 5042 595 5101 Petrus
625 5040 855 5115 donat,
903 5040 1004 5101 vel
1046 5042 1355 5120 promittit
1378 5045 1605 5105 Joanni
1641 5045 1903 5107 fundum

382 5132 497 5194 hac
523 5133 665 5212 lege
689 5178 706 5208 ,
756 5136 827 5192 ut
851 5138 994 5211 post
1017 5134 1279 5195 Joannis
1323 5141 1590 5197 mortem
1629 5142 1907 5199 transeat

379 5225 456 5286 ad
485 5225 787 5297 Paulnm;
843 5243 920 5285 an
970 5231 1335 5305 acceptante
1379 5230 1413 5290 J
1420 5248 1621 5290 oanne
1645 5276 1660 5306 ,
1710 5231 1906 5309 possit

379 5320 594 5380 Petrus
622 5336 920 5379 revocare
949 5318 1111 5380 hanc
1138 5319 1580 5396 conditionem,
1613 5329 1679 5384 et
1699 5324 1902 5402 legem

377 5408 436 5469 in
477 5410 761 5472 favorem
801 5411 976 5471 Pauli
1017 5412 1288 5490 positam
1311 5458 1326 5488 ,
1393 5418 1733 5494 antequam
1777 5415 1910 5494 ipse

381 5504 604 5565 Paulus
633 5503 965 5581 acceptet?
1008 5505 1078 5566 In
1107 5522 1232 5583 quo
1278 5523 1427 5567 casu
1463 5506 1598 5585 ipse
1628 5507 1910 5569 Sanchez

1994 514 2188 575 refert
2239 514 2608 575 sententiam
2664 514 2937 593 plurium
2982 514 3344 589 dicentium,
3405 530 3532 574 non

1994 624 2179 685 posse
2231 607 2499 687 amplius
2551 608 2975 670 conditionem
3027 608 3200 669 illam
3244 605 3532 668 revocari

1997 703 2329 778 postquam
2356 702 2390 761 J
2398 718 2632 760 oannes
2660 700 3050 779 acceptavit,
3101 700 3249 781 quia
3287 717 3399 777 per
3424 699 3535 760 Jo-

1999 791 2177 851 annis
2203 792 2697 870 acceptationem
2718 793 3091 873 acquisitum
3110 791 3228 854 fuit
3248 791 3354 872 jus
3374 793 3531 852 Pau-

1996 882 2078 943 lo.
2126 883 2251 944 Sed
2297 884 2505 944 verius
2553 884 2804 947 omnino
2860 890 2956 947 est
2989 883 3270 946 revocari
3323 881 3534 943 adhuc

1997 992 2201 1054 posse,
2232 980 2300 1037 ut
2326 976 2555 1038 docent
2580 978 2706 1055 alii,
2739 996 2895 1058 quos
2923 978 3134 1050 refert,
3161 980 3224 1037 et
3250 974 3534 1055 sequitur

1997 1067 2166 1128 idem
2198 1069 2477 1130 Sanchez
2505 1069 2590 1130 ibi
2622 1089 2793 1132 num.
2827 1073 2885 1132 3.
2920 1071 3071 1149 quia
3114 1073 3264 1131 tunc
3302 1067 3531 1147 duplex

1998 1158 2251 1221 donatio
2282 1160 2572 1224 distincta
2600 1162 2970 1236 includitur;
3021 1162 3216 1223 altera
3264 1160 3327 1220 in
3357 1159 3534 1220 favo-

1997 1269 2134 1312 rem
2159 1253 2419 1314 Joannis
2448 1272 2637 1333 quam
2682 1255 2816 1334 ipse
2859 1257 3173 1333 acceptat,
3209 1256 3271 1313 et
3296 1253 3535 1313 irrevo-

1997 1344 2263 1405 cabilem
2293 1345 2531 1419 reddit;
2557 1346 2752 1408 altera
2773 1346 2834 1407 in
2856 1347 3135 1408 favorem
3151 1345 3326 1406 Pauli
3343 1361 3535 1423 quam

1997 1455 2202 1516 neque
2231 1438 2460 1499 Paulus
2485 1439 2855 1518 acceptavit,
2880 1444 2951 1501 ut
2969 1437 3398 1517 supponimus,
3423 1454 3535 1496 ne-

1999 1547 2121 1608 que
2149 1530 2423 1591 Joannes
2465 1531 2668 1608 potuit
2711 1531 2884 1592 illam
2928 1530 3135 1592 valide
3182 1533 3529 1609 acceptare,

2000 1639 2145 1682 cum
2173 1641 2375 1701 neque
2402 1622 2466 1683 in
2495 1641 2675 1683 suam
2704 1623 3035 1685 utilitatem
3064 1621 3394 1697 redundet,
3431 1638 3508 1681 ne
3526 1652 3540 1665 ·

1996 1731 2117 1793 que
2147 1714 2378 1776 habeat
2403 1716 2770 1778 mandatum
2793 1717 2965 1777 Pauli
2982 1715 3061 1775 ad
3079 1712 3535 1793 acceptandum

1997 1806 2135 1886 ejus
2162 1808 2452 1881 nomine;
2487 1827 2636 1887 ergo
2669 1810 2875 1888 quoad
2910 1809 3082 1868 illam
3110 1808 3386 1886 partem,
3422 1806 3536 1866 do-

1999 1899 2167 1961 natio
2197 1903 2410 1960 manet
2435 1899 2647 1961 adbuc
2687 1900 3060 1961 revocabilis
3083 1946 3099 1974 ,
3147 1898 3310 1960 sicut
3343 1898 3398 1958 si
3424 1899 3536 1958 Pe-

1997 1997 2130 2052 trus
2159 1991 2268 2053 det
2292 1992 2402 2054 tibi
2434 1996 2686 2053 centum
2715 2011 2941 2055 aureos
2970 1990 3346 2053 dividendos
3374 1990 3537 2051 inter

1997 2089 2083 2159 te,
2117 2088 2181 2145 et
2211 2085 2471 2145 Paulum
2499 2085 2825 2145 absentem
2850 2130 2866 2159 ,
2918 2102 3043 2145 non
3099 2085 3394 2144 censetur
3423 2080 3538 2142 do-

2000 2177 2168 2238 natio
2210 2177 2640 2239 irrevocabilis
2685 2177 2893 2258 quoad
2938 2176 3263 2237 dimidiam
3292 2178 3537 2253 partem

2000 2269 2275 2331 dandam
2303 2270 2496 2331 Paulo
2516 2317 2532 2347 ,
2566 2274 2907 2350 antequam
2939 2269 3166 2331 Paulus
3195 2269 3329 2347 ipse
3360 2284 3536 2328 acce-

1998 2366 2152 2442 ptet,
2185 2362 2333 2441 quia
2362 2361 2615 2423 donatio
2645 2362 2752 2423 illa
2780 2380 2905 2422 non
2933 2365 3069 2422 erat
3108 2359 3531 2436 indivisibilis,

1999 2455 2109 2515 sed
2140 2454 2368 2533 duplex
2392 2500 2408 2530 ,
2441 2472 2644 2534 neque
2672 2458 2739 2516 tu
2769 2457 3096 2533 acceptare
3142 2456 3392 2533 poteras
3421 2450 3539 2512 nisi

2003 2546 2212 2626 quoad
2239 2551 2412 2608 tuam
2440 2552 2681 2625 partem
2715 2565 2730 2606 ε
2762 2563 3046 2625 suppono
3076 2546 3243 2606 enim
3266 2591 3284 2621 ,
3315 2549 3377 2607 te
3406 2543 3538 2604 nul-

2001 2640 2127 2699 lam
2158 2638 2389 2700 habere
2418 2638 2879 2715 connexionem,
2901 2656 3045 2698 cum
3077 2638 3268 2699 Paulo
3293 2682 3310 2714 ‚
3342 2636 3537 2697 ratio·

2007 2752 2085 2793 ne
2133 2733 2311 2811 cujus
2365 2750 2579 2810 posses
2634 2730 2823 2793 etiam
2886 2734 3130 2810 partem
3182 2733 3534 2809 acceptare.

2006 2824 2299 2903 Alioquin
2327 2824 2381 2884 si
2406 2823 2721 2883 sufficeret
2765 2822 3050 2883 simultas
3092 2821 3227 2883 sola
3252 2821 3542 2883 donatio-

2008 2918 2125 2993 nis,
2155 2920 2226 2977 ut
2251 2933 2377 2977 uno
2404 2915 2730 2977 donatario
2760 2918 3149 2993 acceptante,
3180 2917 3542 2976 censeretur

2009 3009 2264 3070 donatio
2293 3012 2423 3070 tota
2451 3011 2777 3086 acceptata
2797 3013 2862 3069 et
2878 3006 3327 3078 irrevocabilis,
3359 3005 3541 3067 facile

2009 3105 2263 3181 possent
2291 3118 2508 3162 omnes
2548 3099 2918 3162 donationes
2958 3100 3056 3160 vel
3098 3097 3542 3179 promissiones

2009 3195 2371 3257 absentibus
2398 3194 2579 3256 factae
2608 3194 2790 3255 reddi
2818 3212 2855 3254 a
2895 3193 3202 3272 principio
3232 3193 3544 3254 irrevoca-

2008 3289 2166 3349 biles
2194 3294 2257 3350 et
2283 3288 2480 3348 firmae
2505 3291 2655 3348 ante
2692 3287 2968 3348 absentis
2996 3285 3489 3365 acceptationem
3523 3305 3538 3346 ε

2008 3381 2305 3441 nimirum
2332 3378 2617 3441 faciendo
2636 3424 2653 3455 ,
2699 3382 2770 3440 ut
2794 3381 3014 3440 Petrus
3041 3378 3258 3439 volens
3287 3376 3544 3455 promit-

2008 3479 2164 3547 tere,
2196 3472 2297 3532 vel
2326 3472 2561 3533 donare
2596 3471 2838 3532 absenti
2866 3465 3035 3530 mille
3054 3515 3071 3545 ,
3104 3470 3432 3548 promittat
3458 3468 3543 3530 si·-

2009 3567 2161 3642 mul,
2195 3566 2295 3625 vel
2324 3564 2519 3626 donet
2544 3563 2658 3624 tibi
2688 3563 2906 3624 decem
2930 3609 2947 3639 ,
2997 3562 3213 3624 dicens
3243 3561 3542 3640 promitto

2009 3659 2108 3720 vel
2137 3658 2303 3719 dono
2331 3657 2501 3717 mille
2529 3660 2592 3717 et
2618 3655 2859 3731 decem,
2895 3673 3035 3734 quae
3064 3653 3449 3729 dividantur,
3483 3656 3547 3715 et

2010 3752 2136 3812 sint
2161 3769 2273 3829 pro
2304 3749 2497 3810 Paulo
2543 3748 2839 3824 absente,
2897 3752 2960 3809 et
3007 3747 3225 3808 decem
3273 3764 3387 3824 pro
3427 3749 3491 3806 te
3525 3765 3540 3806 ε

2011 3842 2180 3923 quod
2201 3848 2413 3905 tamen
2441 3840 2784 3902 absurdum
2825 3844 3027 3914 esset,
3077 3858 3223 3900 cum
3263 3838 3546 3900 simultas

2011 3955 2136 3998 non
2164 3935 2356 3996 faciat
2381 3933 2551 4012 quod
2579 3932 2829 3993 illorum
2863 3931 3031 3991 mille
3062 3931 3316 3993 donatio
3343 3930 3547 4009 magis

2010 4029 2093 4090 ad
2119 4033 2185 4089 te
2212 4025 2557 4106 perveniat,
2592 4042 2782 4104 quam
2811 4023 2862 4084 si
2890 4023 3046 4084 nibil
3073 4024 3190 4085 tibi
3216 4023 3401 4085 simul
3429 4022 3544 4084 do-

2011 4125 2292 4183 naretur.
2322 4118 2387 4181 Si
2408 4117 2576 4178 enim
2603 4116 2928 4179 interesset
2946 4121 3074 4193 tua,
3100 4117 3269 4195 quod
3289 4117 3544 4178 donatio

2011 4215 2118 4275 illa
2145 4217 2280 4276 tota
2306 4213 2489 4273 firma
2514 4215 2771 4271 maneat
2793 4255 2809 4284 ,
2860 4214 2971 4272 tua
3016 4210 3150 4270 sola
3197 4209 3545 4287 acceptatio

2010 4307 2328 4367 sufficeret
2355 4303 2435 4364 ad
2461 4307 2656 4364 totam
2687 4302 3090 4364 donationem
3126 4303 3373 4363 firmam
3403 4301 3548 4363 red-

2013 4399 2327 4469 dendam;
2359 4395 2525 4455 unde
2554 4394 2603 4455 si
2631 4393 2743 4455 tibi
2772 4393 3060 4468 donetur,
3093 4395 3193 4454 vel
3222 4394 3549 4472 promitta-

2011 4497 2114 4555 tur
2142 4495 2211 4552 ιιι
2237 4508 2339 4551 res
2366 4492 2583 4566 postea
2610 4491 2889 4547 transeat
2915 4486 2996 4546 ad
3041 4491 3186 4548 tuos
3230 4486 3542 4563 baeredes,

2014 4585 2112 4646 vel
2145 4584 2223 4644 ad
2252 4587 2426 4645 tuam
2454 4578 2777 4653 familiam,
2811 4577 3042 4639 sufficit
3068 4583 3130 4639 te
3161 4581 3543 4656 acceptasse,

2016 4675 2164 4756 quia
2191 4674 2254 4734 id
2284 4672 2453 4753 quod
2482 4670 2562 4731 ad
2599 4670 3093 4732 emolumentum
3138 4674 3389 4731 tuorum
3417 4669 3549 4731 hae-

2015 4768 2239 4831 redum
2267 4764 2366 4827 vel
2393 4763 2644 4825 familiae
2675 4761 3024 4838 ordinatur,
3059 4761 3121 4821 in
3150 4765 3328 4823 tuum
3353 4762 3544 4823 etiam

2013 4858 2327 4922 redundat
2353 4855 2877 4917 emolumentum:
2903 4854 3027 4916 imo
3056 4854 3110 4915 si
3123 4853 3376 4914 donatio
3407 4871 3549 4931 per-

2014 4958 2203 5031 petua
2230 4951 2310 5012 sit
2350 4966 2462 5029 pro
2511 4947 3024 5027 aliquasfamilia,
3065 4964 3180 5025 pro
3220 4964 3347 5025 qua
3384 4963 3445 5006 v.
3478 4963 3543 5022 g.

2011 5043 2358 5123 majoratus
2379 5087 2396 5116 ‚
2460 5059 2573 5102 seu
2614 5039 3108 5118 primogenitura
3176 5037 3545 5112 instituitur,

2009 5142 2161 5198 tunc
2187 5135 2419 5196 sufficit
2446 5132 2793 5212 acceptatio
2822 5150 2861 5191 a
2891 5131 3091 5210 primo
3113 5133 3336 5190 vocato
3352 5127 3543 5205 facta,

2012 5229 2121 5307 qui
2152 5228 2338 5289 totius
2371 5226 2622 5287 familiae
2674 5223 2926 5285 nomine
2974 5226 3302 5300 acceptare
3330 5238 3548 5281 cense-

2010 5327 2136 5396 tur,
2169 5338 2314 5380 cum
2341 5337 2465 5380 non
2495 5317 2689 5396 possit
2716 5315 2900 5377 aliter
2919 5319 3049 5378 tota
3064 5312 3301 5375 familia
3328 5312 3410 5372 ad
3439 5330 3545 5373 ac-

2010 5413 2392 5492 ceptandum
2424 5427 2796 5473 concurrere
2821 5454 2839 5485 ,
2888 5412 2960 5470 ut
2996 5424 3140 5488 cum
3166 5405 3302 5467 aliis
3330 5404 3545 5466 obser-

2009 5512 2118 5570 vat
2145 5504 2377 5569 Sancb.
2409 5503 2497 5566 ibi
2524 5521 2588 5564 n.
2619 5504 2680 5566 8.
