4263 6376
513 2464 627 2527 241

436 2648 595 2699 possint
615 2661 694 2691 so·

414 2698 499 2744 lum
517 2713 567 2744 ex
597 2708 713 2757 parto

452 2756 672 2811 acceptari.

777 309 894 369 130

775 484 1028 564 propria
1059 483 1428 547 auctoritate
1457 483 1605 546 illud
1636 483 1753 545 sibi
1783 501 2086 563 usurpare
2115 489 2180 546 et
2208 500 2306 542 ac-

774 577 1005 658 cipere,
1040 578 1154 639 sub
1183 596 1370 657 poena
1413 577 1567 638 illud
1607 576 1844 638 haeredi
1872 576 2225 651 amittendi,
2257 575 2300 635 l.

772 671 911 733 Non
936 680 1018 733 est
1046 671 1301 749 dubium,
1334 674 1400 732 C.
1435 670 1506 732 de
1535 670 1761 752 leyatz's,
1795 671 1967 750 quod
1984 669 2180 750 aliqui
2209 668 2305 729 di-

776 769 944 843 cunt,
995 765 1335 844 procedere
1364 765 1568 827 solum
1598 764 1849 845 quando
1883 767 2024 842 post
2069 762 2306 824 aditam

774 858 1207 920 haereditatem
1238 859 1583 938 usurpavit.
1619 858 1684 921 Si
1714 857 1882 921 enim
1912 859 2054 919 ante
2086 854 2305 917 aditio-

772 971 917 1016 nem
945 957 1329 1032 usurpasset,
1353 954 1556 1014 solum
1586 952 1828 1032 cogitur
1855 951 2119 1012 reddere
2134 948 2303 1029 quod

771 1046 1034 1127 accepit,
1069 1050 1138 1108 ut
1163 1050 1383 1126 postea
1410 1046 1564 1107 illud
1608 1048 1689 1108 ab
1731 1045 1980 1107 haerede
2011 1042 2298 1121 accipiat,

770 1143 811 1204 I.
863 1158 908 1202 1.
957 1141 1015 1220 ἓ.
1066 1139 1455 1220 Redz'quntur,
1515 1142 1579 1202 ff.
1631 1157 1899 1220 quorum
1925 1139 2297 1218 legatorum.

770 1234 889 1298 Alii
919 1237 1128 1296 tamen
1174 1234 1397 1295 melius
1429 1235 1489 1294 in
1536 1238 1801 1313 utroque
1853 1252 2001 1294 casu
2046 1247 2302 1311 poenam

771 1328 943 1388 illam
969 1327 1188 1388 dicunt
1230 1328 1436 1389 locum
1493 1326 1746 1400 habere,
1780 1330 1842 1388 et
1887 1326 2168 1387 additam
2224 1324 2301 1384 de

770 1439 933 1483 novo
960 1421 1027 1481 in
1057 1420 1223 1482 dicta
1253 1421 1293 1481 1.
1325 1420 1463 1481 Non
1489 1429 1574 1482 est
1617 1419 1874 1498 dubium,
1909 1436 2065 1499 quos
2094 1420 2296 1494 affert,

770 1519 833 1576 et
881 1514 1167 1594 sequitur
1221 1515 1454 1577 Molina
1503 1516 1561 1595 ἓ.
1621 1515 1698 1576 Si
1736 1513 2073 1596 leqatarius,
2133 1512 2300 1575 dicta

769 1609 931 1688 disp.
990 1625 1191 1671 cxmv.
1251 1626 1396 1669 cum
1446 1613 1656 1672 tamen
1703 1608 1952 1671 amissio
1993 1607 2184 1687 legati
2221 1606 2302 1668 sit

768 1721 978 1782 poena,
1026 1720 1149 1763 non
1178 1701 1428 1764 videtur
1473 1702 1687 1765 deberi
1718 1706 1863 1764 ante
1894 1700 2294 1776 sententiam,

767 1814 883 1858 nec
913 1796 1101 1857 etiam
1130 1796 1382 1875 quando
1410 1796 1545 1858 sine
1576 1797 1758 1875 culpa
1804 1797 1930 1857 ulla
1958 1794 2300 1875 legatarius

765 1909 901 1952 rem
930 1893 1278 1970 acceperat.
1316 1889 1489 1952 Sicut
1517 1909 1634 1952 nec
1660 1890 2019 1967 incurritur,
2046 1888 2298 1969 quando

767 2002 843 2047 ex
869 1984 1163 2047 facultate
1204 1983 1519 2045 testatoris
1558 1984 1920 2063 accepisset,
1955 1983 2167 2058 tacita,
2200 1984 2299 2044 vel

765 2097 1079 2158 expressa.
1140 2077 1333 2139 Addit
1373 2080 1657 2158 Vasquez
1721 2097 1860 2158 cap.
1911 2079 2072 2140 VIII.
2117 2077 2173 2156 ἓ.
2233 2080 2292 2138 3.

766 2171 917 2233 dub.
951 2175 1009 2233 9.
1045 2170 1095 2231 si
1138 2171 1381 2233 occulte
1423 2171 1595 2231 illam
1626 2189 1759 2232 rem
1789 2171 2117 2250 accpisset,
2151 2170 2299 2233 licet

765 2265 929 2326 male
958 2264 1225 2341 fecisset,
1260 2284 1386 2327 non
1415 2265 1615 2327 teneri
1642 2265 1943 2327 tamenin
1971 2265 2299 2327 conscien-

764 2357 855 2420 tia
882 2357 964 2418 ad
993 2376 1133 2420 eam
1162 2358 1634 2421 restituendam.

843 2450 1232 2531 Legatarius,
1262 2451 1409 2514 licet
1435 2457 1646 2533 posset
1673 2456 2021 2532 acceptare,
2041 2452 2141 2514 vel
2171 2471 2293 2515 non

764 2550 1091 2625 acceptare
1132 2545 1433 2624 legatum,
1478 2566 1604 2608 non
1654 2551 1865 2609 tamen
1908 2547 2137 2627 poterit
2182 2565 2294 2626 pro

759 2643 938 2719 parte
968 2658 1091 2701 non
1119 2644 1471 2719 acceptare,
1504 2642 1545 2703 I.
1580 2641 1904 2719 Neminem,
1938 2644 2001 2703 et
2019 2660 2194 2721 seqq.
2220 2642 2287 2702 ff.

757 2732 830 2794 de
857 2733 1063 2813 legatis
1104 2750 1177 2798 11.
1227 2735 1406 2798 Unde
1445 2736 1497 2796 si
1543 2737 1821 2815 legatum
1872 2736 2158 2797 relictum
2213 2736 2294 2798 sit

757 2828 874 2889 sub
902 2827 1261 2890 conditione
1316 2828 1509 2889 dandi
1555 2835 1792 2890 certam
1837 2829 2170 2909 pecuniam
2201 2831 2292 2891 al-

754 2920 898 2998 teri,
933 2939 1056 2982 non
1084 2920 1315 3000 poterit
1341 2921 1684 3000 legatarius
1712 2922 2010 3003 consequi
2042 2927 2288 3002 partem

754 3013 970 3093 legati,
1002 3014 1213 3076 dando
1242 3018 1488 3094 partem
1536 3016 1815 3094 pecuniae
1856 3015 1963 3093 illi,
1996 3034 2111 3076 nec
2142 3016 2292 3077 dan-

753 3107 836 3170 do
866 3112 1114 3187 partem
1151 3108 1289 3185 uni,
1323 3109 1575 3187 quando
1605 3110 1877 3172 conditio
1908 3115 2072 3172 esset
2099 3110 2288 3172 dandi

752 3202 1085 3282 pecuniam
1116 3202 1394 3264 duobus:
1422 3204 1706 3265 haeredes
1735 3210 1948 3267 tamen
1978 3205 2285 3284 legatarii,

751 3297 830 3358 ad
866 3315 1022 3377 quos
1043 3295 1149 3376 jus
1173 3296 1363 3376 legati
1394 3299 1853 3373 transmittitur,
1889 3303 2100 3379 posset
2130 3318 2290 3360 unus

750 3393 1081 3471 acceptare
1102 3409 1280 3451 suam
1296 3392 1805 3469 partem,etalter
1820 3411 1940 3453 non
1958 3396 2287 3471 acceptare

748 3502 952 3561 suam,
984 3484 1027 3545 l.
1078 3483 1449 3565 Leqatarius,
1499 3486 1722 3546 versic.
1768 3503 1811 3549 1.
1844 3491 1907 3548 et
1925 3487 2148 3547 versic.
2183 3486 2289 3547 Le-

746 3577 1036 3657 9atarius,
1070 3579 1134 3638 ff.
1166 3576 1236 3640 de
1262 3578 1467 3658 leqatis
1484 3595 1528 3639 1.
1550 3580 1705 3641 Item
1723 3578 1775 3639 si
1798 3579 2049 3640 diversa
2076 3580 2286 3659 legata

747 3671 1186 3751 relinquantur
1200 3671 1405 3732 eidem
1432 3671 1497 3732 in
1514 3672 1777 3733 diversis
1798 3673 2078 3753 partibus
2099 3677 2285 3735 testa-

744 3764 961 3841 menti,
1013 3768 1224 3844 posset
1272 3784 1467 3826 unum
1512 3771 1840 3844 acceptare
1887 3772 1951 3829 et
1970 3785 2094 3827 non
2126 3767 2279 3829 alte-

743 3876 907 3935 rum,
942 3859 1089 3937 quia
1116 3863 1267 3920 tunc
1294 3858 1587 3920 voluntas
1617 3859 1935 3921 testatoris
1966 3861 2157 3922 etiam
2187 3862 2282 3922 di·

742 3951 877 4011 visa
918 3955 1032 4013 est.
1064 3953 1241 4029 Item,
1266 3952 1316 4013 si
1347 3952 1595 4015 duobus
1624 3953 1863 4035 aliquid
1890 3955 2137 4034 legetur
2163 3956 2279 4017 sub

740 4044 1099 4105 conditione
1127 4046 1321 4106 dandi
1367 4051 1605 4108 certam
1650 4066 1963 4109 summam
1994 4050 2277 4127 pecuniae

742 4138 949 4214 Petro,
980 4138 1175 4199 altero
1207 4139 1477 4218 nolente,
1510 4146 1722 4221 posset
1748 4143 1908 4204 alter
1926 4142 2077 4203 dare
2097 4162 2276 4204 suam

739 4234 1007 4309 partem,
1042 4240 1107 4293 et
1133 4234 1430 4314 consequi
1473 4254 1651 4296 suam
1680 4241 1923 4316 partem
1951 4236 2162 4315 legati,
2198 4237 2277 4297 de

740 4324 965 4402 quibus
993 4343 1137 4387 cum
1188 4327 1457 4389 Antonio
1508 4330 1763 4406 Gomez‚
1813 4331 2101 4409 vasquez
2131 4348 2270 4411 cap.

737 4418 897 4480 VIII.
927 4419 984 4498 ἓ.
1020 4436 1106 4484 1v.
1133 4419 1284 4484 dub.
1315 4436 1453 4485 xm.

1936 308 2037 368 DE
2078 305 2432 369 JUSTITIA
2478 305 2578 367 ΕΤ
2621 305 2820 368 JURE.

3090 805 3146 885 ς.
3183 809 3239 866 1.

2429 1067 2518 1129 De
2547 1067 2750 1148 leyatis
2776 1066 2881 1128 sub
2908 1065 3253 1144 conditione,
3286 1066 3484 1145 modo,
3519 1067 3615 1130 vel
3639 1067 3699 1129 in
3728 1067 3923 1130 diem.

2479 1326 2716 1403 Legata
2740 1323 3079 1403 aliquando
3107 1343 3263 1405 pure
3291 1325 3470 1404 fiunt,
3504 1325 3799 1389 etstatim
3823 1326 3961 1387 sol·
4086 1340 4168 1397 242

2398 1418 2639 1504 vendat,
2689 1421 2752 1479 et
2797 1417 2875 1478 de
2916 1417 3013 1479 his
3055 1420 3228 1482 nulla
3265 1422 3362 1481 est
3388 1418 3745 1481 difficultas.
3796 1419 3955 1480 Ali·
4003 1463 4093 1515 ω,
4116 1467 4154 1506 a

2399 1511 2649 1591 quando
2678 1511 2837 1571 fiunt
2864 1510 2928 1571 in
2955 1510 3123 1572 diem
3151 1515 3415 1589 certum,
3446 1532 3507 1573 v.
3531 1532 3593 1591 g.
3629 1511 3957 1575 solvenda
4045 1527 4190 1613 {6²:²2

2397 1608 2540 1685 post
2567 1621 2834 1682 annum,
2888 1606 2950 1665 et
2992 1609 3143 1667 tunc
3190 1625 3226 1666 a
3253 1609 3458 1668 morte
3484 1606 3807 1668 testatoris
3845 1625 3958 1668 ac-
4003 1630 4172 1682 Q

2399 1698 2664 1778 quiritur
2725 1697 2830 1778 jus
2885 1698 3187 1777 legatario
3208 1745 3224 1777 ,
3285 1699 3456 1780 quod
3507 1700 3958 1763 transmittere

2398 1792 2596 1873 possit
2627 1791 2708 1854 ad
2737 1810 2884 1854 suos
2912 1791 3197 1856 haeredes
3216 1840 3232 1871 ‚
3279 1797 3343 1855 et
3365 1792 3514 1856 licet
3538 1794 3780 1856 fructus
3810 1813 3958 1856 non

2400 1886 2701 1948 debeatur
2727 1886 3027 1965 temporis
3044 1886 3422 1966 intermedii,
3451 1904 3565 1951 nec
3580 1887 3958 1950 dominium

2396 1983 2675 2042 transeat
2720 1979 2784 2040 in
2817 1980 3230 2058 legatarium,
3282 1985 3486 2060 potest
3529 1985 3742 2042 tamen
3791 1987 3959 2044 ante

2395 2074 2572 2135 illum
2602 2073 2769 2136 diem
2796 2074 2958 2135 solvi
2987 2074 3066 2135 ab
3095 2074 3347 2135 haerede
3375 2074 3569 2137 invito
3597 2074 3954 2154 legatariO,

2397 2168 2544 2248 quia
2574 2167 2790 2229 dilatio
2822 2172 3115 2230 censetur
3142 2169 3308 2230 facta
3339 2169 3403 2229 in
3431 2169 3699 2248 gratiam
3731 2169 3961 2230 haere-

2395 2261 2514 2322 dis.
2577 2260 2932 2341 Aliquando
2962 2263 3122 2323 fiunt
3174 2261 3238 2322 in
3269 2261 3439 2322 diem
3467 2263 3786 2323 incertum
3811 2308 3829 2338 ‚
3893 2265 3960 2324 et

2395 2361 2545 2418 tunc
2574 2360 2721 2418 sunt
2748 2355 3216 2432 conditionalia,
3253 2355 3401 2436 quia
3428 2359 3633 2435 potest
3660 2355 3809 2416 dies
3841 2355 3957 2417 ille

2395 2468 2518 2510 non
2549 2448 2763 2509 venire
2799 2468 2812 2509 :
2859 2451 2928 2509 ut
2955 2448 3010 2510 si
3034 2448 3281 2529 legetur
3308 2467 3422 2528 pro
3452 2449 3553 2510 die
3581 2467 3707 2529 qua
3755 2450 3951 2529 lega·

2392 2543 2588 2605 tarius
2617 2542 2817 2604 factus
2847 2541 3033 2604 fuerit
3061 2542 3357 2604 sacerdos
3375 2588 3391 2619 ‚
3425 2543 3524 2604 vel
3553 2542 3950 2622 episcopus;

2391 2638 2543 2698 item
2570 2637 2621 2697 si
2652 2636 2853 2697 haeres
2875 2635 3175 2715 jubeatur
3196 2682 3212 2714 ,
3272 2654 3398 2715 qua
3427 2636 3528 2697 die
3556 2636 3767 2697 haeres
3798 2655 3952 2698 mo-

2391 2730 2606 2804 rietur,
2623 2730 2774 2790 dare
2795 2731 2978 2791 Petro
2999 2733 3272 2802 centum;
3305 2733 3510 2809 potest
3538 2731 3700 2790 enim
3724 2730 3954 2791 haeres

2391 2843 2516 2886 non
2542 2823 2706 2884 mori
2733 2823 2983 2885 vivente
3013 2826 3220 2885 Petro.
3257 2826 3451 2885 Secus
3481 2828 3673 2900 esset,
3717 2825 3780 2884 si
3813 2828 3953 2887 tes-

2395 2922 2558 2979 tator
2586 2917 2787 2978 dicat:
2821 2919 2989 2995 Lego
3011 2919 3194 2978 Petro
3227 2922 3479 2979 centum
3500 2935 3612 2995 pro
3639 2917 3777 2994 die,
3816 2935 3953 2998 qua

2392 3000 2742 3072 morietur:
2789 3009 2895 3070 illa
2941 3009 3110 3070 enim
3159 3009 3293 3070 dies
3338 3015 3513 3072 certa
3553 3010 3946 3087 aestimatur,

2392 3124 2537 3166 cum
2568 3107 2785 3166 Petrus
2813 3102 3225 3183 supervivens
3251 3103 3537 3164 testatori
3566 3105 3948 3166 necessario

2391 3204 2610 3280 postea
2636 3197 2976 3259 moriturus
3003 3197 3104 3258 sit.
3137 3200 3207 3258 In
3238 3198 3407 3259 diem
3439 3216 3583 3260 vero
3609 3199 3950 3261 incertum

2390 3294 2538 3370 erit,
2572 3292 2622 3353 si
2652 3292 2899 3371 legetur
2926 3291 3017 3367 ei,
3052 3308 3197 3351 cum
3228 3291 3310 3351 ad
3336 3291 3736 3371 pubertatem
3759 3337 3779 3370 ,
3835 3293 3946 3354 vel

2387 3386 2756 3448 vicesimum
2804 3385 3092 3465 quintum
3139 3403 3376 3447 annum
3428 3385 3708 3462 venerit,
3781 3386 3948 3466 quia

2387 3482 2593 3559 potest
2638 3497 2763 3540 non
2790 3478 3030 3540 venioe.
3090 3480 3168 3540 Et
3211 3478 3275 3539 in
3320 3477 3419 3539 his
3465 3478 3516 3539 si
3562 3482 3702 3540 ante
3755 3479 3946 3541 diem

2384 3574 2562 3633 illum
2588 3572 2930 3651 legatarius
2958 3571 3298 3650 moriatur,
3333 3572 3578 3651 expirat
3613 3573 3941 3651 legatum,

2385 3670 2448 3727 et
2479 3666 2632 3726 nihil
2661 3665 3027 3727 transmittit
3055 3666 3135 3725 ad
3166 3683 3310 3727 suos
3330 3666 3631 3727 haeredeS.
3659 3666 3938 3747 Excipe,

2384 3760 2504 3819 nisi
2533 3759 2668 3819 dies
2719 3759 2996 3820 incertus
3042 3759 3367 3839 appositus
3418 3760 3500 3820 sit
3542 3759 3605 3819 in
3647 3761 3940 3838 gratiam

2380 3853 2671 3932 legatarii
2699 3853 2926 3930 soliuS,
2979 3857 3046 3913 ut
3071 3853 3123 3913 si
3153 3852 3545 3914 consobrinas
3573 3853 3742 3933 legat
3776 3872 3943 3915 cen-

2380 3953 2515 4008 tum
2543 3966 2683 4026 quae
2724 3946 2864 4008 ideo
2893 3946 3028 4007 vult
3055 3964 3180 4007 non
3210 3945 3348 4007 dari
3378 3946 3432 4006 ei
3461 3964 3661 4026 usque
3688 3946 3777 4007 ad
3810 3967 3939 4009 nu-

2380 4041 2565 4122 ptias,
2600 4060 2679 4102 ne
2709 4041 2763 4102 si
2791 4040 2964 4119 prius
2993 4040 3247 4117 habeat,
3284 4058 3360 4101 ea
3385 4039 3665 4120 dissipet,
3695 4044 3764 4102 et
3795 4060 3934 4104 non

2378 4137 2440 4195 in
2473 4135 2745 4215 gratiam
2775 4133 2967 4195 etiam
2996 4133 3288 4207 haerediS,
3323 4132 3402 4194 de
3427 4133 3653 4213 quibus
3679 4134 3934 4197 Melina

2377 4229 2605 4309 disput.
2656 4244 2791 4291 ccv.
2848 4230 2910 4289 et
2946 4227 3114 4301 alibi,
3163 4231 3227 4290 et
3254 4229 3538 4307 vasquez
3593 4245 3726 4309 cap.
3769 4244 3925 4292 vm.

2372 4323 2431 4403 ἓ.
2464 4327 2522 4383 2.

2454 4417 2758 4495 Legatum
2784 4414 2902 4476 sub
2931 4411 3289 4476 conditione
3318 4414 3396 4475 de
3426 4413 3765 4493 praeterito,
3804 4420 3930 4479 aut
4072 4422 4160 4480 243

2372 4510 2452 4572 de
2481 4506 2796 4591 praesenti,
2830 4507 2883 4568 si
2909 4506 3185 4569 conditio
3215 4507 3537 4570 verificata
3565 4512 3688 4586 est,
3720 4508 3925 4573 abso-
3977 4549 4035 4594 Β,
4163 4530 4201 4591 ,4

2369 4605 2569 4665 lutum
2609 4621 2724 4682 per
2760 4601 2975 4663 omnia
3003 4605 3341 4663 censetur:
3389 4601 3443 4663 si
3483 4620 3634 4664 vero
3678 4600 3760 4663 sit
3791 4603 3922 4665 sub
4002 4550 4201 4647 svm*

2371 4697 2726 4759 conditione
2755 4696 2835 4756 de
2865 4695 3108 4772 futuro,
3161 4694 3476 4774 pendente
3519 4694 3915 4775 conditione,

2370 4792 2523 4851 nihil
2542 4790 2702 4871 juris
2729 4788 3033 4870 legatario
3051 4787 3424 4868 acquiritur;
3458 4807 3653 4869 quare
3681 4788 3728 4850 si
3749 4793 3921 4854 tunc

2367 4884 2694 4961 moriatur,
2729 4884 2919 4946 etiam
2959 4884 3101 4963 post
3144 4885 3414 4944 mortem
3459 4882 3813 4958 testatoris,
3851 4889 3923 4949 et

2367 4979 2602 5040 aditam
2632 4978 3065 5040 haereditatem
3093 5024 3106 5054 ,
3143 4977 3300 5039 nihil
3329 4976 3410 5039 ad
3438 4994 3586 5039 suos
3612 4977 3915 5040 haeredes

2366 5072 2680 5148 transfert,
2709 5071 2822 5131 sed
2844 5070 3120 5150 legatum
3140 5071 3546 5152 extinguitur.
3582 5073 3670 5133 De
3689 5071 3912 5151 leg-ato

2364 5167 2529 5228 facto
2560 5165 2677 5227 sub
2723 5164 3082 5226 conditione
3110 5164 3518 5244 impossibili,
3562 5164 3660 5226 vel
3697 5166 3904 5246 turpi,

2363 5260 2563 5321 multa
2591 5258 2860 5321 dicenda
2888 5262 3119 5334 essent,
3153 5258 3264 5319 sed
3295 5258 3374 5319 de
3403 5258 3478 5320 iis
3507 5258 3777 5319 diximus
3807 5277 3915 5320 sa·

2362 5356 2440 5416 tis
2471 5354 2630 5433 disp.
2662 5369 2814 5413 xxn.
2852 5357 3001 5413 sect.
3041 5356 3136 5413 13.
3176 5356 3434 5431 agentes
3462 5352 3542 5413 de
3573 5353 3915 5416 contracti·

2361 5449 2479 5508 bus
2508 5446 3056 5522 conditionalibus,
3091 5464 3233 5525 quae
3252 5464 3378 5506 non
3400 5450 3646 5525 oportet
3664 5445 3765 5508 hic
3798 5447 3913 5509 de·

2363 5561 2485 5604 nuo
2515 5546 2822 5621 repetere.
2876 5540 2995 5603 Ubi
3043 5540 3232 5603 etiam
3281 5540 3554 5602 diximus
3583 5540 3662 5602 de
3690 5541 3909 5621 legato
