4263 6376
95 1470 161 1512 rei

1233 313 1705 376 DISPUTATIO
1749 311 1966 384 XXIV,
2017 309 2292 370 SECTIO
2314 307 2412 409 ‘X.

731 776 1152 863 ssscw)
1216 777 1299 865 X.

434 1074 528 1137 De
555 1075 768 1157 leqataes
795 1071 992 1156 quoad
1010 1090 1103 1134 res
1129 1087 1262 1154 quoe
1289 1070 1578 1152 leqantur.

311 1331 506 1394 Circa
534 1349 636 1391 res
666 1348 810 1410 qnoe
836 1329 1123 1409 legantur
1145 1375 1161 1405 ,
1212 1328 1391 1408 plura
1420 1328 1616 1408 quaeri
1644 1346 1783 1408 pos-

221 1429 407 1486 sunt.
443 1424 657 1485 Primo
689 1423 991 1503 qnaeritur
1018 1422 1096 1483 de
1142 1422 1348 1501 legato
1390 1422 1482 1482 rei
1519 1422 1787 1483 indeter-

102 1537 161 1565 ιο
222 1518 522 1579 minatae.
556 1519 636 1578 Et
663 1517 920 1597 quidem
942 1563 958 1593 ,
991 1516 1043 1575 si
1073 1515 1275 1576 solum
1303 1515 1553 1594 legatur
1579 1516 1644 1575 in
1672 1534 1783 1594 ge-

72 3130 194 3406 ‚33-

71 4231 133 4289 ΒΞ

71 4410 206 4451 nb-

72 4475 199 4557 3¹1?-

71 4574 127 4612 ss.

222 1629 392 1672 nere
421 1609 921 1690 generalissimO,
951 1612 1020 1671 ιιι
1054 1608 1107 1669 si
1135 1607 1305 1669 dicat
1336 1625 1350 1670 ε
1385 1611 1552 1688 Lego
1585 1609 1640 1670 ei
1671 1611 1779 1670 ali-

223 1704 416 1785 quid,
443 1704 542 1765 vel
559 1702 815 1783 aliquod
845 1701 1097 1778 animal,
1118 1701 1337 1762 inutile
1355 1705 1449 1764 est
1474 1703 1776 1782 legatum,

222 1816 384 1858 cum
414 1798 566 1858 dato
595 1814 850 1874 passere
878 1794 1228 1870 satisfieret,
1263 1798 1333 1856 ut
1351 1813 1495 1855 cum
1511 1797 1782 1860 Antonio

227 1892 478 1951 Gomez
507 1891 687 1950 notat
715 1890 998 1968 vasquez
1038 1906 1177 1966 cap.
1210 1889 1371 1949 vlll.
1413 1888 1469 1968 ς.
1504 1903 1592 1949 lv.
1628 1889 1778 1952 dub.

224 2000 352 2045 vn.
389 1981 646 2063 quando
675 1999 827 2042 vero
867 1981 1116 2060 legatur
1159 1980 1395 2059 aliquid
1442 1982 1644 2061 magis
1675 1983 1786 2043 de-

225 2076 672 2152 terminatum,
707 2074 989 2135 dandum
1013 2077 1108 2135 est
1137 2092 1211 2133 ex
1241 2073 1314 2134 iis
1337 2092 1476 2154 quae
1507 2074 1785 2138 habebat

229 2174 551 2232 testator:
586 2168 637 2229 si
666 2173 880 2230 autem
907 2185 1034 2228 non
1080 2166 1396 2242 habebat,
1448 2169 1785 2230 emendum

230 2266 357 2325 est.
392 2262 493 2324 Ad
522 2280 707 2341 quem
740 2279 891 2321 vero
943 2261 1254 2341 pertineat
1303 2260 1561 2338 electi0,
1615 2266 1677 2323 et
1721 2263 1785 2323 in

230 2374 370 2436 qua
396 2356 747 2434 quantitate
779 2357 842 2415 et
864 2353 1144 2415 bonitate
1169 2399 1184 2429 ‚
1239 2357 1472 2415 tractat
1498 2356 1786 2435 vasquez

230 2450 380 2510 loco
412 2448 627 2524 citato,
661 2451 725 2508 et
750 2447 940 2508 latius
967 2446 1199 2508 Melina
1214 2447 1373 2526 disp.
1398 2463 1652 2510 cxcvln.
1679 2449 1784 2528 qui

234 2541 447 2601 videri
472 2544 738 2620 possunt
771 2560 785 2601 :
819 2558 921 2601 res
967 2540 1133 2600 enim
1177 2543 1273 2601 est
1315 2559 1458 2602 raro
1507 2541 1675 2602 utilis
1706 2542 1785 2602 ad

234 2635 511 2714 praxim,
545 2651 691 2694 cum
718 2636 1049 2695 testatores
1078 2634 1496 2694 communiter
1525 2633 1663 2696 haec
1679 2635 1789 2695 de-

237 2728 585 2789 terminare
614 2726 876 2788 soleant.
911 2728 1008 2787 An
1037 2743 1185 2786 vero
1235 2726 1514 2787 ecclesiae
1562 2726 1790 2789 debeat

238 2821 401 2881 solvi
431 2821 495 2880 in
524 2837 773 2881 summo
804 2819 1047 2896 valore,
1080 2818 1284 2880 videri
1325 2819 1514 2881 etiam
1560 2821 1790 2899 poterit

238 2914 445 2974 Diana
473 2959 489 2989 ,
524 2912 629 2993 qui
661 2912 816 2973 alios
845 2915 1025 2974 affert
1050 2916 1204 2974 tom.
1237 2913 1317 2975 II.
1352 2920 1526 2975 tract.
1561 2930 1648 2976 v1.
1682 2914 1789 2975 mi-

238 3005 405 3069 scell.
441 3006 626 3067 resol.
659 3008 758 3067 29.

326 3099 643 3171 Quaeritur
670 3098 947 3159 secundo
979 3098 1057 3158 de
1104 3097 1313 3177 legato
1361 3098 1452 3159 rei
1494 3117 1622 3162 non
1669 3101 1791 3161 exi·

246 3193 470 3255 stentis
494 3242 510 3266 ,
558 3192 636 3251 de
669 3209 793 3272 quo
824 3192 877 3252 si
906 3195 1196 3270 speratur
1223 3192 1495 3254 extitura
1517 3239 1533 3270 ,
1580 3194 1790 3254 dicen-

246 3286 404 3346 dum
434 3289 528 3346 est
549 3285 759 3345 valere
783 3330 798 3360 ‚
833 3288 902 3345 ut
928 3282 978 3344 si
1007 3284 1250 3364 legetur
1298 3290 1515 3364 partus
1546 3288 1787 3349 ancillae

246 3380 518 3455 suturuS,
547 3378 647 3438 vel
675 3377 914 3439 fructus
941 3377 1089 3437 anni
1110 3378 1429 3457 sequentis
1465 3399 1476 3440 :
1513 3379 1666 3440 illud
1682 3398 1791 3441 au-

245 3478 379 3534 tem
406 3471 684 3550 legatum
711 3470 861 3532 licet
888 3488 1012 3531 non
1049 3473 1330 3532 transeat
1357 3472 1569 3533 statim
1599 3473 1660 3532 in
1684 3473 1789 3535 do-

247 3564 517 3625 minium
570 3563 881 3641 legatarii,
942 3563 1090 3642 quia
1147 3567 1241 3624 est
1296 3564 1719 3627 conditionale
1773 3585 1785 3625 :

248 3656 506 3737 quando
551 3660 760 3717 tamen
810 3656 1085 3718 conditio
1143 3674 1269 3717 non
1327 3657 1445 3719 fuit
1499 3658 1789 3738 explicite

249 3768 582 3830 expressa,
616 3749 727 3809 sed
757 3747 1061 3829 implicita
1083 3795 1099 3827 ,
1146 3751 1616 3813 transmitttitur
1641 3772 1681 3813 a
1707 3752 1793 3813 le-

250 3842 497 3922 gatario
572 3842 878 3903 moriente
948 3846 1090 3921 post
1153 3847 1422 3905 mortem
1476 3845 1792 3907 testatoris

254 3936 337 3996 ad
367 3936 654 4014 proprios
701 3934 987 3995 haeredes
1010 3980 1026 4008 ,
1073 3937 1144 3998 ut
1189 3954 1335 3997 curn
1363 3937 1639 3998 Antonio
1672 3940 1793 4000 Go-

252 4047 391 4089 mez
420 4028 676 4090 tradunt
694 4031 979 4108 vasquez
1012 4028 1160 4090 dict.
1193 4030 1249 4107 ἓ.
1271 4030 1374 4091 Iv.
1402 4029 1551 4092 dub.
1582 4048 1642 4093 v.
1680 4050 1785 4094 nu.

254 4126 357 4184 75.
388 4126 453 4181 et
477 4122 707 4184 Molina
738 4121 899 4200 disp.
936 4138 1028 4183 ec,
1063 4122 1125 4181 in
1155 4122 1422 4201 princip.

340 4215 651 4289 Quaeritur
687 4215 874 4277 tertio
918 4215 997 4275 de
1043 4214 1250 4294 legato
1291 4215 1455 4277 facto
1498 4216 1788 4295 debitori,

258 4327 383 4390 quo
414 4312 676 4370 testator
704 4326 850 4367 eum
878 4325 915 4367 a
943 4306 1154 4368 debito
1182 4306 1445 4372 liberat:
1467 4310 1635 4389 quod
1661 4311 1796 4390 qui-

259 4402 404 4463 dem
434 4400 711 4461 validum
743 4404 839 4462 est
871 4420 884 4462 :
919 4403 983 4460 et
1008 4400 1175 4461 circa
1199 4400 1404 4480 ipsum
1434 4402 1679 4464 adverti
1698 4421 1795 4464 so-

260 4496 347 4555 let
371 4494 598 4573 primo,
632 4493 765 4553 fleri
800 4511 981 4571 posse
1010 4493 1108 4553 vel
1139 4512 1452 4572 expresse,
1476 4495 1577 4556 vel
1606 4496 1795 4556 etiam

260 4588 447 4649 tacite
471 4586 741 4665 legando
770 4588 829 4647 ei
859 4586 1230 4665 scripturam
1252 4585 1467 4648 debiti.
1506 4588 1794 4650 Secundo

259 4680 311 4742 si
330 4680 443 4742 fiat
469 4679 740 4742 debitori
766 4679 1117 4759 principali,
1138 4679 1394 4758 prodest
1416 4679 1791 4760 fidejussori,

261 4792 385 4835 non
414 4791 565 4834 vero
595 4791 629 4833 e
677 4775 916 4833 contra.
966 4772 1175 4833 Tertio
1221 4772 1270 4832 si
1320 4771 1568 4835 debitor
1616 4774 1797 4852 plura

262 4865 553 4941 debebat,
587 4866 756 4926 facta
782 4865 986 4926 solum
1013 4864 1381 4926 remissione
1413 4864 1650 4943 debiti,
1702 4866 1798 4927 in-

263 4958 562 5037 telligitur
581 4957 659 5018 de
677 4957 887 5038 debito
908 4976 1088 5037 puro,
1119 4976 1243 5019 non
1266 4958 1343 5019 de
1365 4959 1792 5037 conditionali,

263 5052 409 5131 quia
456 5050 575 5112 hoc
614 5050 824 5111 adhuc
881 5068 1003 5111 non
1061 5050 1346 5112 debetur.
1399 5051 1631 5124 Quarto
1681 5070 1797 5113 nec

265 5144 453 5205 etiam
483 5144 746 5204 veniunt
771 5146 922 5204 tunc
949 5142 1163 5205 debita
1192 5143 1415 5220 realia,
1448 5143 1557 5204 sed
1588 5162 1798 5222 perso-

265 5237 449 5298 nalia.
485 5237 692 5311 Quare
722 5236 773 5295 si
823 5254 923 5296 res
963 5236 1279 5297 testatoris
1310 5240 1404 5297 est
1433 5236 1600 5317 apud
1626 5237 1800 5317 lega-

264 5331 488 5393 tarium
509 5376 525 5407 ,
557 5329 698 5391 haec
728 5346 853 5389 non
884 5334 1173 5392 censetur
1198 5329 1407 5408 legata
1430 5375 1446 5406 ,
1479 5330 1600 5390 nisi
1626 5330 1798 5392 aliud

266 5424 671 5503 exprimatur.
713 5421 939 5494 Quinto
970 5421 1221 5501 quando
1252 5422 1545 5501 aliquem,
1580 5424 1683 5503 qui
1715 5424 1800 5484 al-

265 5519 451 5580 terius
477 5536 580 5580 res
610 5520 677 5578 et
706 5515 961 5593 negotia
990 5515 1578 5593 administraverat,
1610 5520 1796 5579 testa-

3299 296 3411 356 137

1880 491 1977 549 tor
2003 486 2230 546 liberat
2256 485 2336 545 ab
2366 501 2554 544 onere
2602 479 2907 542 reddendi
2946 478 3255 539 rationem
3286 492 3412 534 sure

1881 577 2476 652 administrationiS,
2525 575 2718 636 habet
2764 573 2931 634 hunc
2975 572 3267 632 effectum
3320 584 3415 626 re·

1881 672 2090 734 missio
2115 718 2131 748 ,
2167 675 2237 733 ut
2265 689 2389 731 non
2419 672 2710 731 teneatur
2740 667 2820 727 ad
2850 684 2924 726 ea
2948 712 2963 742 ,
2995 682 3134 744 quae
3164 682 3239 724 ex
3269 680 3418 722 cau-

1883 784 1951 826 sa
1981 768 2043 826 et
2074 763 2454 842 negligentia
2499 781 2613 822 sua
2656 759 2905 840 perdita
2953 761 3096 819 sunt
3129 778 3142 818 :
3176 753 3418 818 tenebi-

1881 862 1984 943 ιιιι·
2010 861 2220 918 tamen
2254 855 2333 916 ad
2362 873 2435 916 ea
2458 901 2474 932 ,
2507 873 2647 935 quae
2687 853 2828 915 dolo
2854 897 2870 930 ,
2922 854 2983 912 et
3020 849 3258 912 malitia
3305 865 3418 908 sua

1883 950 2206 1030 perierunt
2238 995 2253 1025 ,
2327 948 2406 1008 de
2478 947 2705 1028 quibus
2776 945 3085 1008 Antonius
3161 945 3412 1017 Gomez,

1884 1062 2071 1124 quem
2088 1043 2287 1118 affert,
2310 1044 2372 1103 et
2397 1041 2679 1121 sequitur
2705 1042 2991 1120 vasquez
3020 1037 3187 1100 dicto
3215 1037 3272 1116 §-
3307 1036 3412 1098 IV.

1885 1138 2276 1304 dugngeritur
2306 1232 2526 1310 quarto
2566 1226 2879 1307 delegato
2928 1226 3092 1287 facto
3123 1223 3416 1286 creditori

1882 1323 2197 1387 testatoris
2221 1369 2236 1399 ,
2289 1341 2368 1383 an
2398 1324 2730 1384 censeatur
2772 1320 2909 1380 fieri
2937 1319 3001 1379 in
3042 1319 3416 1380 solutionem
3480 1330 3557 1383 Qun

1884 1417 2119 1494 debiti,
2166 1435 2248 1478 an
2297 1434 2446 1477 vero
2489 1415 2654 1476 ultra
2699 1412 2763 1473 id
2793 1412 2961 1493 quod
3005 1412 3063 1473 ei
3109 1410 3418 1473 debetur?
3467 1451 3542 1482 suo

1885 1513 2136 1573 Certum
2161 1556 2177 1586 ,
2212 1512 2307 1570 est
2328 1556 2343 1587 ,
2386 1507 2680 1570 standum
2710 1526 2844 1568 esse
2874 1504 3206 1567 intentioni
3233 1508 3418 1566 testa-

1880 1604 2054 1681 toriS,
2089 1603 2140 1664 si
2172 1621 2245 1662 ea
2276 1620 2587 1682 expresse,
2612 1600 2714 1661 vel
2743 1619 2818 1660 ex
2847 1598 3223 1678 conjecturis
3251 1596 3418 1657 suffi-

1883 1697 2190 1760 cientibus
2219 1700 2480 1758 constet.
2516 1695 2733 1756 Plures
2754 1696 2967 1754 autem
2998 1712 3072 1752 ex
3102 1692 3178 1752 iis
3208 1690 3420 1770 conje-

1883 1791 2075 1853 cturis
2106 1792 2287 1851 affert
2329 1788 2583 1851 Mantic.
2616 1786 2685 1848 de
2712 1786 2953 1867 conject.
2987 1784 3096 1846 ult.
3127 1783 3415 1846 voluntat.

1880 1884 1988 1946 lib.
2024 1902 2083 1947 x.
2117 1884 2212 1945 tit.
2246 1887 2303 1944 2.
2341 1881 2603 1955 Quando
2632 1898 2783 1942 vero
2814 1879 3065 1954 aliunde
3095 1897 3272 1939 mens
3294 1896 3420 1938 non

1882 1981 2148 2054 constat,
2181 1977 2419 2056 aliquae
2450 1974 2682 2053 regulae
2713 1972 3100 2033 universales
3128 1971 3290 2033 tradi
3322 1989 3423 2032 so-

1881 2073 2031 2148 lent,
2066 2088 2210 2131 cum
2240 2069 2369 2130 suis
2395 2072 2606 2130 tamen
2635 2066 3111 2129 limitationibus
3140 2069 3202 2128 et
3247 2083 3422 2126 exce-

1882 2164 2222 2246 ptionibus,
2285 2162 2492 2223 Prima
2549 2179 2697 2239 ergo
2735 2160 2956 2239 regula
2994 2163 3114 2236 est,
3165 2158 3419 2239 quando

1885 2258 2166 2319 debitum
2196 2275 2320 2317 non
2354 2254 2551 2316 oritur
2579 2272 2654 2314 ex
2684 2253 3054 2314 necessitate
3083 2252 3240 2332 legis
3269 2252 3421 2313 illud

1882 2349 2259 2424 inducentiS,
2293 2347 2404 2409 sed
2434 2366 2510 2407 ex
2535 2347 2857 2408 voluntate
2904 2349 3014 2407 aut
3052 2345 3217 2407 facto
3248 2345 3425 2406 debi-

1885 2445 2037 2505 toris
2059 2490 2075 2520 ,
2121 2442 2400 2521 legatum
2432 2459 2555 2501 non
2587 2444 2879 2500 censetur
2920 2439 3207 2500 relictum
3236 2439 3317 2499 ad
3343 2438 3417 2498 il-

1884 2537 1993 2598 lud
2040 2533 2598 2614 compensandum.
2647 2532 2913 2592 Nomine
2968 2535 3181 2593 autem
3229 2530 3422 2593 debiti

1883 2628 2223 2691 voluntarii
2254 2627 2314 2687 in
2343 2624 2637 2706 proesenti
2667 2624 3053 2704 intelligitur,
3075 2624 3425 2704 quodcum-

1887 2741 2007 2804 que
2038 2721 2238 2784 oritur
2266 2739 2338 2782 ex
2371 2722 2702 2782 contractu
2750 2718 3025 2797 gratuito
3051 2764 3065 2794 ,
3105 2718 3203 2778 vel
3234 2718 3424 2779 etiam

1886 2834 2173 2893 oneroso,
2202 2814 2301 2876 vel
2332 2833 2407 2874 ex
2437 2813 2604 2875 facto
2634 2812 2955 2874 testatoris
2982 2858 2998 2888 ,
3037 2816 3107 2872 ut
3136 2811 3428 2874 observat

1887 2909 2119 2972 Sancb.
2156 2910 2218 2970 d.
2252 2926 2391 2988 cap.
2426 2908 2501 2969 ΙΙ.
2537 2906 2687 2967 dub.
2721 2922 2825 2968 xv.
2862 2924 2924 2968 n.
2959 2908 3057 2966 16.
3093 2905 3272 2966 Unde
3302 2904 3427 2966 col-

1882 3003 2007 3083 ligo
2030 3002 2212 3082 juxta
2251 3004 2527 3062 mentem
2570 2999 2898 3060 doctorum
2947 2998 3115 3059 idem
3163 2998 3427 3077 intelligi

1888 3096 1965 3156 de
1995 3094 2207 3156 debito
2238 3098 2374 3157 orto
2405 3112 2480 3153 ex
2510 3092 2763 3169 delicto,
2798 3092 2950 3152 dum
2979 3111 3102 3154 non
3131 3092 3211 3154 sit
3238 3109 3428 3171 poena

1889 3208 1925 3250 a
1951 3190 2089 3268 lege
2119 3187 2411 3268 imposita
2444 3204 2458 3252 :
2493 3186 2642 3268 quia
2679 3186 2897 3249 dicunt
2939 3185 3059 3249 hoc
3087 3185 3427 3266 procedere

1886 3284 1949 3343 in
1980 3282 2206 3344 debitis
2237 3301 2312 3342 ex
2356 3280 2701 3357 voluntate,
2745 3280 2845 3341 vel
2899 3280 3062 3341 facto
3109 3279 3426 3341 testatoris

1888 3377 2076 3448 ortis;
2111 3379 2174 3437 et
2203 3375 2352 3455 quia
2379 3374 2515 3435 haec
2545 3374 2759 3435 debita
2780 3419 2796 3449 ,
2845 3376 2908 3435 et
2950 3374 3113 3436 hanc
3143 3372 3427 3452 regulam

1888 3469 2402 3549 condistinguunt
2456 3467 2785 3547 adaequate
2842 3484 2880 3526 a
2928 3466 3155 3528 debitis
3209 3484 3429 3544 prove-

1888 3562 2202 3625 nientibus
2232 3562 2473 3644 exlege
2507 3581 2520 3623 :
2554 3579 2698 3622 cum
2743 3577 2893 3639 ergo
2942 3559 3155 3621 debita
3200 3558 3306 3619 illa
3354 3577 3429 3619 cx

1884 3656 2107 3717 delicto
2140 3672 2267 3715 non
2294 3655 2420 3716 sint
2447 3673 2522 3714 ex
2549 3654 2710 3733 lege,
2733 3653 2845 3713 sed
2862 3670 2939 3713 ex
2960 3652 3124 3713 facto
3146 3652 3424 3731 proprio,

1889 3749 2123 3810 debent
2150 3748 2266 3809 sub
2295 3747 2414 3808 hac
2442 3747 2646 3828 prima
2685 3746 2906 3825 regula
2952 3743 3424 3823 comprehendi,

1891 3860 2080 3923 quam
2124 3840 2385 3903 tradunt
2438 3839 2856 3901 communiter
2910 3836 3220 3913 doctores,
3273 3853 3432 3915 quos

1892 3937 2192 4004 afferunt,
2227 3936 2290 3994 et
2327 3935 2672 4011 sequuntur
2702 3929 2985 3993 Sanchez
3025 3929 3163 3990 loco
3213 3928 3425 4004 citato,

1891 4032 1953 4090 et
1979 4026 2194 4088 Molin.
2228 4025 2391 4104 disq.
2427 4040 2521 4086 ce.
2551 4025 2609 4102 g.
2642 4023 2774 4084 Hoc
2814 4023 2986 4103 jacto
3029 4020 3426 4103 fundamenta

1892 4120 2070 4183 Unde
2098 4119 2198 4179 vir
2229 4119 2448 4196 legans
2468 4118 2670 4193 uxori,
2692 4120 2983 4178 censetur
3001 4116 3165 4178 ultra
3195 4116 3429 4192 dotem,

1893 4231 2083 4293 quam
2110 4212 2391 4291 recipere
2421 4210 2629 4287 debet,
2664 4210 2728 4269 id
2756 4209 2985 4271 facere.
3009 4208 3188 4282 Quod
3217 4209 3280 4268 in
3301 4214 3434 4270 tan-

1891 4313 2024 4371 tum
2053 4323 2276 4367 verum
2305 4309 2419 4381 est,
2454 4307 2521 4365 ut
2537 4304 2589 4363 si
2607 4304 2868 4365 maritus
2888 4322 2990 4364 res
3015 4301 3255 4364 dotales
3276 4301 3433 4363 aesti-

1895 4404 2095 4462 matas
2125 4400 2456 4477 acceperat
2486 4416 2611 4458 non
2640 4396 3059 4459 restituendas
3094 4396 3159 4456 in
3199 4395 3429 4474 specie,

1896 4492 2005 4554 sed
2035 4510 2253 4554 eorum
2281 4491 2584 4567 valorem,
2619 4495 2682 4550 et
2709 4493 2928 4568 postea
2947 4489 3213 4549 fundum
3242 4488 3306 4548 in
3327 4487 3435 4549 do-

1894 4590 2022 4649 tem
2046 4588 2377 4662 acceptum
2404 4584 2572 4662 leget
2601 4582 2813 4659 uxori,
2856 4600 2982 4644 non
3011 4584 3343 4642 censeatur
3371 4580 3434 4640 id

1896 4679 2100 4739 facere
2128 4678 2194 4737 in
2239 4681 2484 4756 partem
2529 4676 2727 4752 dotis,
2776 4680 2839 4736 et
2879 4674 2998 4736 hoc
3036 4675 3183 4735 licet
3228 4678 3439 4735 utatur

1896 4771 2102 4832 verbis
2131 4769 2659 4846 demonstrativis»,
2695 4766 2852 4848 Leqo
2882 4767 2937 4828 ei
2961 4766 3134 4828 talem
3160 4765 3429 4847 fundum,

1896 4882 2064 4945 quem
2120 4863 2181 4923 in
2227 4862 2416 4924 dotem
2471 4861 2689 4943 accepi,
2756 4866 2826 4923 ut
2879 4879 3020 4921 cum
3080 4861 3216 4920 aliis
3261 4861 3437 4920 notat

1898 4957 2127 5021 Sancb.
2163 4976 2224 5017 n.
2261 4959 2357 5017 Η.
2394 4955 2542 5035 quia
2578 4955 2859 5017 debitum
2890 4954 3053 5016 dotis
3082 4972 3153 5012 ex
3186 4955 3435 5013 contra·

1899 5055 2004 5113 ctu
2031 5054 2094 5111 et
2119 5051 2442 5111 voluntate
2471 5049 2775 5129 procedit.
2810 5050 2967 5109 Item
2995 5046 3047 5106 si
3075 5046 3165 5122 ia,
3205 5044 3308 5124 qui
3341 5063 3434 5104 re-

1898 5143 2155 5207 stituere
2181 5146 2478 5221 gravatus
2507 5145 2602 5203 est
2627 5138 3202 5201 fideicommissario
3225 5138 3436 5216 aliqua

1895 5237 2063 5298 bona
2089 5240 2231 5315 post
2257 5239 2545 5310 mortem,
2581 5233 2786 5295 eidem
2805 5232 3085 5311 legatum
3106 5230 3425 5309 relinquit,

1901 5348 2027 5391 non
2055 5334 2346 5391 censetur
2373 5327 2522 5388 dare
2549 5327 2611 5388 in
2628 5329 2874 5406 partem
2896 5342 3087 5404 quam
3104 5323 3432 5385 restituere

1899 5423 2107 5498 debet,
2149 5420 2476 5501 quiaillud
2505 5419 2693 5482 etiam
2740 5417 3021 5478 debitum
3066 5434 3191 5479 non
3237 5416 3436 5478 oritur

1899 5536 1974 5578 ex
2002 5515 2164 5595 lege,
2201 5515 2308 5576 sed
2339 5533 2413 5575 ex
2444 5512 2624 5594 quasi
2653 5514 3000 5575 contractu.

3604 1206 3679 1265 63
