4263 6376
37 4458 104 4515 98

58 4580 109 4621 ue

1250 377 1720 437 DISPUTATIO
1767 378 1983 452 XXIV,
2034 380 2308 441 SEC‘PIO
2355 382 2456 441 vl.

256 544 504 604 tertiam
534 550 783 624 partem
826 567 1046 611 eorum
1088 551 1398 613 bonorum
1433 573 1446 614 :
1491 552 1541 613 si
1591 556 1800 615 autem

257 636 508 714 spurius
556 646 703 716 post
746 640 911 701 bona
960 645 1284 720 restituta,
1332 645 1393 705 id
1424 646 1800 722 manifestet,

258 731 672 809 consequitur
699 732 1026 796 dimidiam
1048 743 1313 815 partem,
1335 738 1412 800 de
1433 739 1660 819 quibus
1677 740 1805 801 Mo·

256 821 393 881 lina
417 822 556 884 loeo
586 825 695 886 cit.

342 914 654 993 Objieitur
685 918 887 997 primo
918 940 992 983 ex
1022 925 1063 985 1.
1098 924 1427 1000 Ρνωιίοηίε,
1461 927 1525 986 ff.
1558 924 1628 986 de
1658 926 1810 1006 peti-

260 1006 416 1068 tione
440 1008 841 1086 koereditatis,
890 1016 998 1077 ubi
1029 1017 1338 1096 ejusmodi
1386 1020 1584 1081 haeres
1625 1023 1808 1098 pacto

181 1127 192 1137 ·
254 1102 683 1180 praecedente,
721 1124 847 1166 noa
874 1110 1209 1172 restituens
1234 1111 1387 1173 fisco
1418 1130 1531 1190 pro
1564 1112 1810 1190 praedo-

258 1211 341 1252 ne
368 1193 663 1257 habetur.
728 1200 912 1279 Resp.
958 1220 1082 1263 non
1138 1222 1273 1264 esse
1327 1205 1688 1284 praedonem
1744 1205 1808 1264 in

254 1287 666 1358 conscientia,
693 1292 805 1352 sed
826 1293 963 1355 loco
997 1297 1311 1375 praedonis
1336 1297 1698 1358 habendum
1727 1297 1809 1359 ad

256 1378 427 1440 hunc
482 1383 812 1462 effectum,
867 1389 1038 1466 quod
1081 1391 1269 1451 fiscus
1315 1390 1395 1451 ab
1442 1408 1515 1451 eo
1564 1391 1808 1452 auferre

254 1474 457 1551 possit
484 1473 925 1540 haereditatem
952 1498 1099 1542 cum
1126 1481 1431 1544 fructibus
1464 1503 1477 1543 :
1530 1502 1673 1543 cum
1702 1502 1807 1544 au·

254 1567 388 1624 tem
416 1566 559 1628 haec
584 1568 667 1629 sit
694 1589 883 1648 poena
930 1573 1175 1650 delicti,
1225 1593 1349 1636 non
1394 1581 1640 1638 tenetur
1677 1576 1807 1654 ipse

252 1675 323 1718 se
352 1660 766 1754 manifestare
795 1665 875 1724 ad
904 1666 1300 1729 subeundam
1328 1686 1605 1747 poenam.

336 1752 652 1830 objicitur
677 1759 955 1820 secundo
975 1806 991 1835 ,
1034 1761 1181 1840 quia
1209 1761 1412 1822 haeres
1442 1779 1567 1822 non
1597 1766 1808 1840 potest

252 1861 330 1904 ex
348 1845 679 1909 voluntate
706 1853 1020 1913 testatoris
1047 1853 1215 1914 bona
1236 1854 1342 1914 illa
1370 1854 1488 1915 sibi
1511 1855 1804 1930 retinere,

254 1955 402 1998 cum
434 1943 705 2002 testator
730 1943 811 2003 ad
844 1945 962 2006 hoc
992 1947 1194 2006 solum
1238 1947 1486 2009 dederit
1526 1953 1596 2009 ut
1636 1948 1810 2009 resti-

253 2034 396 2091 tuat
420 2031 557 2093 filio
593 2054 607 2094 z
655 2053 783 2113 quo
830 2055 981 2116 ergo
1037 2038 1217 2099 titulo
1272 2029 1571 2100 retinebit*
1614 2039 1803 2119 juste.

256 2125 451 2203 Resp.
487 2124 948 2190 institutionem
990 2130 1162 2190 illam
1191 2150 1313 2192 non
1343 2151 1477 2192 esse
1507 2132 1810 2194 condit-io-

252 2217 507 2294 nalem,
559 2218 675 2280 sed
722 2221 1075 2284 absolutam
1099 2270 1115 2299 ,
1169 2224 1412 2303 adjecto
1442 2225 1667 2298 mode,
1702 2231 1811 2287 aut

251 2311 633 2387 gravamine
654 2359 671 2382 ‚
707 2317 778 2374 ut
802 2313 925 2374 late
956 2315 1182 2393 probat
1209 2317 1489 2378 Sanchez
1518 2316 1669 2378 dub.
1704 2334 1804 2379 xx.

252 2420 317 2460 n.
351 2405 417 2463 9.
452 2403 525 2464 fit
553 2423 709 2482 ergo
738 2406 1031 2467 dominus
1058 2399 1471 2486 haereditatiS,
1506 2414 1569 2471 et
1594 2416 1810 2488 postea

250 2493 424 2554 liber
448 2503 549 2557 est
566 2515 604 2556 a
623 2499 1017 2576 gravamine,
1041 2500 1210 2579 quod
1239 2505 1332 2562 est
1358 2506 1576 2562 contra
1605 2502 1804 2581 leges:

252 2605 460 2666 quare
512 2588 710 2650 habet
749 2590 857 2651 illa
905 2592 1069 2653 bona
1111 2593 1338 2671 purtim
1388 2611 1460 2653 ex
1492 2593 1809 2656 voluntate

250 2681 612 2757 testatoriS,
647 2684 879 2761 partim
908 2703 983 2744 ex
1013 2685 1151 2765 lege
1179 2686 1461 2748 irritante
1491 2686 1641 2746 illud
1671 2705 1806 2765 gra·

252 2791 525 2849 vamen,
562 2776 733 2853 quod
763 2777 951 2838 etiam
983 2797 1127 2839 cum
1157 2778 1291 2840 aliis
1320 2779 1628 2858 approbat
1657 2782 1812 2842 Vas-

253 2885 429 2946 quez
455 2867 520 2927 d.
552 2868 610 2946 g.
646 2884 758 2929 vu.
793 2889 855 2930 n.
891 2873 1029 2933 ¹08.

337 2962 853 3039 consequenter,
885 2963 938 3023 si
977 2965 1177 3025 haeres
1205 2965 1623 3043 interrogetur
1650 2984 1684 3026 a
1707 2968 1813 3045 ju·

179 3106 207 3117 -
253 3052 435 3127 dice,
466 3054 700 3131 poterit
726 3073 960 3134 negare
981 3104 996 3132 ,
1032 3057 1200 3118 nulla
1228 3059 1623 3136 praecedente
1651 3060 1812 3120 infa-

252 3146 395 3206 mia
425 3146 523 3206 vel
554 3145 923 3225 probatione
950 3150 1317 3231 semiplena,
1338 3152 1485 3232 quia
1505 3153 1713 3231 agitur
1731 3153 1809 3213 de

254 3238 410 3319 ejus
432 3239 685 3311 delicte,
710 3245 774 3301 et
800 3240 879 3301 de
908 3261 1095 3321 poena
1125 3245 1495 3323 gravissima
1523 3247 1580 3305 ei
1608 3246 1810 3326 injun-

251 3331 499 3410 genda.
531 3334 623 3394 Ita
650 3333 886 3394 Melina
912 3334 1020 3394 ubi
1049 3355 1259 3415 supra,
1290 3338 1346 3416 ἓ.
1377 3337 1484 3398 Ex
1503 3339 1727 3419 quinta,
1749 3344 1811 3400 et

254 3428 557 3503 vasquez
581 3426 639 3504 ἓ.
677 3442 790 3487 vn.
824 3446 887 3488 n.
923 3430 1061 3489 1¹5.
1103 3430 1273 3491 Less.
1303 3430 1455 3492 dub.
1492 3448 1574 3493 vl.
1612 3452 1675 3493 n.
1704 3435 1802 3493 61.

254 3519 504 3581 Sanch.
538 3518 690 3579 dub.
723 3535 902 3581 xxm.
938 3526 998 3581 et
1026 3521 1129 3582 alii
1161 3523 1595 3585 communiter.
1655 3527 1808 3586 Item

252 3616 728 3689 consequenter
781 3613 1117 3674 dicendum
1174 3620 1304 3692 est,
1356 3616 1410 3676 si
1448 3615 1647 3676 haeres
1686 3633 1809 3677 non

253 3707 492 3783 sponte
511 3749 527 3778 ,
579 3703 692 3763 sed
724 3710 794 3765 ut
818 3713 1030 3768 servet
1058 3713 1310 3785 pactum
1332 3753 1348 3783 ,
1401 3713 1463 3769 et
1490 3714 1717 3787 putans
1742 3728 1809 3768 se

255 3796 346 3856 ad
378 3795 444 3855 id
471 3796 699 3870 teneri,
732 3797 898 3858 bona
925 3799 1136 3877 spurio
1164 3800 1497 3876 restituat„
1531 3801 1811 3879 spurium

256 3908 401 3950 non
427 3907 607 3967 posse
638 3889 924 3969 accipere
955 3937 971 3966 ,
1027 3891 1136 3952 sed
1165 3892 1397 3953 debere
1429 3893 1546 3972 ipsi
1577 3893 1811 3954 haeredi

258 3983 601 4043 raetituere
628 4028 645 4058 ,
691 3984 799 4061 qui
827 3984 1241 4045 involuntarie
1272 3991 1335 4048 et
1363 4004 1439 4046 ex
1468 4005 1680 4047 errore
1709 3986 1813 4046 de-

259 4076 402 4149 dit,
449 4080 681 4154 putans
726 4094 792 4136 se
831 4076 911 4137 ad
943 4077 1005 4137 id
1037 4078 1257 4140 teneri.
1318 4080 1381 4140 Si
1410 4084 1620 4140 autem
1648 4080 1814 4140 filius

261 4186 409 4229 rem
436 4168 588 4229 velit
618 4167 769 4229 fiseo
798 4169 1196 4231 manifestare
1216 4217 1232 4247 ,
1266 4171 1610 4233 lucrabitur
1637 4172 1813 4231 dimi·

261 4262 446 4322 dium
494 4261 831 4337 bonorum,
889 4267 962 4325 ut
1005 4263 1242 4323 dictum
1291 4268 1405 4325 est.
1463 4267 1555 4326 lta
1583 4265 1814 4325 Melina

262 4355 437 4432 disp.
468 4371 670 4415 cmxx.
703 4355 759 4433 ς.
791 4360 852 4416 7.
889 4354 1218 4418 Conclusio.

350 4450 495 4509 Jam
537 4447 619 4507 dc
659 4448 1097 4511 substitutione
1143 4449 1427 4528 pupillari
1478 4450 1816 4511 dicendum

268 4546 394 4614 est,
428 4540 508 4600 de
538 4559 669 4620 qua
694 4540 1074 4604 conveniunt
1102 4560 1339 4618 omneS,
1372 4542 1543 4622 quod
1570 4543 1817 4621 spurius

6 4636 221 4698 lami&
267 4633 654 4695 substitutus
681 4635 1073 4713 pupillariter
1098 4636 1225 4696 filio
1254 4636 1556 4713 legitime,
1592 4637 1820 4714 poterit

4 4690 175 4739 -plsslan,

270 4727 621 4787 succedere
649 4728 711 4787 in
741 4727 954 4802 bonis,
1006 4745 1144 4806 quae
1174 4728 1444 4807 pupillus
1470 4728 1723 4789 aliunde
1760 4733 1821 4789 et

270 4838 405 4879 non
434 4839 511 4880 ex
540 4825 718 4898 patre
750 4820 1055 4891 habebam
1106 4822 1253 4899 quia
1283 4822 1492 4900 quoad
1520 4821 1626 4882 illa
1653 4822 1820 4882 bona

272 4931 405 4971 non
436 4912 668 4990 accipit
690 4912 855 4972 bona
884 4913 1099 4990 patriS,
1135 4912 1243 4972 sed
1275 4913 1517 4992 pupilli,
1552 4931 1664 4991 pro
1696 4932 1819 4992 qno

271 5008 541 5067 testatus
566 5008 663 5065 est
687 5010 886 5083 pater.
940 5007 1033 5066 lta
1057 5005 1270 5066 multis
1297 5006 1508 5067 relatis
1539 5006 1820 5068 Sanchez

274 5097 411 5158 dub
437 5114 609 5158 xxlv.
645 5117 707 5157 n.
740 5103 800 5158 7.
836 5103 899 5158 et
924 5101 983 5159 8.
1019 5098 1234 5158 dicens
1263 5117 1396 5159 esse
1425 5105 1665 5160 certum
1689 5145 1704 5173 ,
1738 5100 1823 5159 lo-

275 5190 529 5269 quendo
560 5190 641 5249 de
662 5192 806 5270 jure
837 5190 1154 5251 communi
1202 5208 1216 5254 :
1266 5210 1413 5250 nam
1444 5190 1522 5251 de
1544 5192 1687 5270 jure
1720 5192 1820 5251 Hi-

279 5301 477 5361 spano
506 5284 690 5344 aliter
718 5283 1055 5345 dicendum
1083 5287 1178 5344 est
1204 5284 1283 5344 de
1310 5284 1434 5344 filio
1462 5285 1673 5362 spurio
1704 5285 1822 5345 cle-

281 5377 395 5437 rici
434 5377 534 5437 vel
581 5376 894 5455 religiosi,
945 5377 1053 5455 qui
1098 5395 1212 5437 nec
1257 5395 1296 5437 a
1343 5377 1822 5455 consanguineis

282 5471 475 5547 patris
506 5473 718 5550 potest
742 5468 983 5548 aliquid
1011 5469 1315 5547 accipere.
1378 5469 1551 5529 Idem
1594 5469 1824 5530 docent

284 5563 512 5625 Melina
555 5562 721 5643 disp.
775 5578 1001 5623 curn.
1051 5562 1105 5641 ἓ.
1140 5561 1326 5622 Pater
1353 5580 1534 5644 neque
1562 5561 1814 5642 vulpot-i.

3362 384 3439 442 85

1901 554 2089 633 Vasq.
2124 554 2188 616 d.
2220 555 2276 634 ς.
2313 572 2424 616 vn.
2459 576 2519 616 n.
2554 559 2651 617 21.
2685 559 2854 618 Less,
2890 558 3039 619 dub.
3076 575 3161 620 vl.
3197 577 3302 621 nu.
3336 563 3435 623 59.

1902 651 1962 706 et
1990 647 2116 707 alii.
2180 648 2399 721 Quoad
2429 648 2594 709 bona
2623 668 2773 710 vero
2803 669 2943 729 quoe
2972 650 3243 730 pupillus
3273 670 3308 711 a
3336 671 3442 732 pa-

1903 742 1996 800 tre
2019 738 2257 816 habuit,
2279 747 2373 802 est
2392 741 2623 820 duplex
2651 743 2981 816 sententia.
3017 746 3226 804 Prima
3257 748 3446 823 negat

1906 849 2088 909 posse
2130 833 2415 910 spurium
2464 834 2526 893 in
2567 834 2643 894 iis
2684 835 3022 895 succedere
3062 836 3296 915 pupillo
3324 836 3443 896 vir·

1904 928 2037 985 tute
2086 926 2229 985 talis
2272 926 2730 988 substitutionis
2755 974 2770 1005 ,
2817 928 2965 1006 quia
3000 927 3133 1006 jam
3182 932 3329 989 tunc
3370 948 3444 988 ex

1906 1017 2227 1079 voluntate
2265 1019 2458 1096 patris
2488 1019 2802 1098 acciperet
2830 1020 2933 1079 illa
2962 1019 3127 1080 bona
3158 1024 3439 1098 paterna.

1905 1111 1999 1170 Ita
2025 1109 2314 1188 plurimi,
2368 1129 2525 1190 quos
2554 1112 2773 1189 affert,
2809 1116 2872 1172 et
2897 1112 3180 1191 sequitur
3210 1112 3438 1174 Sanch.

1905 1201 2058 1262 dub.
2087 1219 2230 1263 xxv.
2268 1223 2371 1263 nu.
2406 1207 2463 1265 2.
2497 1204 2728 1265 Molina
2750 1251 2764 1280 ,
2808 1208 2870 1266 et
2896 1205 3145 1265 Lessius
3178 1204 3331 1266 locis
3360 1207 3445 1266 ci-

1906 1296 2071 1357 tatis.

1976 1388 2263 1449 Secunda
2293 1389 2600 1451 sententia
2630 1391 2920 1467 affirmat,
2953 1409 3136 1470 posse
3167 1392 3353 1454 etiam
3383 1394 3442 1454 in

1904 1480 1980 1540 iis
2008 1481 2187 1542 bonis
2216 1483 2574 1558 succedere,
2610 1503 2798 1562 quam
2825 1489 2995 1546 tenet
3023 1488 3250 1547 Acosta
3277 1486 3442 1563 apud

1907 1574 2140 1635 Sancht
2176 1595 2280 1637 nu.
2314 1581 2374 1638 3.
2421 1582 2483 1638 et
2528 1577 2662 1655 ipse
2692 1577 2873 1653 dicit,
2926 1596 3066 1638 eam
3115 1596 3250 1638 esse
3298 1578 3448 1639 satis

1907 1667 2297 1745 probabilem
2327 1673 2390 1730 et
2418 1674 2638 1742 tutam,
2674 1674 2736 1731 et
2761 1669 2914 1729 mihi
2939 1670 3193 1750 quidem
3223 1670 3446 1732 stando

1904 1760 1968 1820 in
2006 1761 2250 1822 ratione
2298 1762 2500 1839 magis
2546 1761 2768 1840 placet.
2832 1762 2986 1834 Quia
3032 1762 3195 1824 sicut
3239 1764 3446 1842 quoad

1904 1853 2027 1915 alia
2054 1854 2223 1914 bona
2250 1855 2467 1933 pupilli
2513 1858 2719 1934 potest
2763 1860 2942 1933 pater
2970 1873 3081 1934 pro
3110 1855 3246 1934 ipso
3278 1857 3447 1918 intra

1905 1946 2300 2024 pubertatem
2329 1946 2671 2007 decedente
2702 1946 2957 2022 testari,
3013 1966 3091 2007 ne
3143 1947 3448 2010 moriatur

1904 2039 2268 2110 intestatus;
2319 2038 2400 2099 ita
2434 2044 2639 2118 potest
2682 2040 2890 2118 quoad
2931 2039 3099 2100 bona
3146 2059 3286 2119 quae
3316 2060 3433 2120 pu-

1904 2130 2088 2210 pillus
2116 2150 2156 2192 a
2184 2135 2362 2209 patre
2393 2131 2644 2208 habuit,
2697 2150 2840 2192 cum
2888 2131 3023 2193 haec
3065 2151 3190 2193 non
3239 2133 3446 2193 minus

1904 2223 2027 2284 sint
2053 2223 2217 2284 bona
2249 2225 2466 2302 pupilli
2486 2270 2501 2299 ,
2548 2242 2737 2303 quam
2781 2224 2940 2299 alia,
2995 2228 3058 2286 et
3087 2243 3210 2285 non
3240 2226 3447 2285 minus

1907 2316 2200 2396 expediat
2230 2363 2245 2392 ,
2312 2317 2619 2397 pupillum
2673 2336 2796 2377 non
2852 2317 3009 2378 mori
3084 2319 3446 2380 intestatum

1906 2410 2115 2489 quoad
2149 2410 2303 2486 boec,
2338 2429 2525 2489 quam
2557 2410 2764 2489 quoad
2795 2409 2940 2472 alia.
2977 2410 3318 2490 Dupliciter
3345 2428 3448 2470 er·-

1905 2521 1986 2581 go
2015 2507 2228 2580 posset
2265 2507 2446 2581 pater
2472 2502 2551 2563 de
2583 2502 2679 2562 his
2703 2502 2885 2563 bonis
2931 2502 3265 2581 disponere
3285 2550 3301 2579 ,
3348 2504 3445 2563 vel

1906 2598 1967 2656 in
1997 2596 2116 2656 illis
2145 2595 2518 2655 substituere
2548 2596 2852 2674 spurium.
2890 2596 3119 2671 Primo,
3141 2600 3447 2675 quatenus

1905 2689 2073 2749 bona
2119 2705 2231 2747 sua
2275 2691 2459 2762 sunt,
2510 2692 2572 2748 et
2600 2687 2740 2749 ideo
2770 2688 2859 2750 ita
2903 2706 2979 2749 ea
3006 2688 3301 2768 relinquit
3328 2707 3443 2767 pu-

1906 2781 2078 2861 pillo,
2113 2784 2182 2842 ut
2210 2779 2360 2841 velit
2387 2780 2495 2841 tali
2527 2799 2675 2840 casu
2705 2785 3093 2856 occurrente,
3126 2781 3337 2841 venire
3366 2780 3447 2840 ad

1907 2873 2188 2952 spurium
2213 2889 2227 2935 :
2263 2875 2325 2934 et
2354 2872 2489 2933 haec
2522 2873 2726 2952 magis
2754 2878 2917 2935 esset
2943 2873 3299 2934 substitutio
3312 2874 3449 2934 vul-

1905 2966 2094 3046 gariS,
2127 2983 2318 3044 quam
2348 2965 2694 3044 pupillariS,
2727 2970 2789 3027 et
2818 2966 2987 3026 nullo
3018 2966 3206 3026 modo
3237 2966 3446 3027 valida

1904 3063 2085 3120 esset.
2122 3057 2411 3119 Secundo
2441 3062 2646 3136 potest
2673 3076 2748 3118 ea
2776 3058 3059 3119 absolute
3088 3058 3444 3138 relinquere

1904 3150 2177 3231 pupille,
2229 3155 2292 3213 et
2334 3155 2551 3229 postea
2599 3150 2767 3211 nullo
2800 3149 3013 3213 habito
3043 3154 3330 3230 respectu
3362 3150 3443 3211 ad

1908 3244 2064 3319 hoc,
2116 3242 2286 3322 quod
2315 3243 2483 3303 bona
2510 3243 2613 3303 illa
2654 3242 2778 3304 sint
2805 3262 2844 3304 a
2872 3248 3049 3323 patre
3074 3290 3088 3319 ,
3140 3244 3253 3305 sed
3300 3244 3447 3322 quia

1904 3341 2050 3398 sunt
2076 3337 2245 3397 bona
2273 3336 2492 3414 pupilli
2517 3381 2533 3411 ,
2567 3336 2898 3414 disponere
2947 3336 3200 3397 nomine
3230 3336 3446 3415 pupilli

1906 3430 1983 3489 de
2013 3428 2154 3504 illis,
2179 3427 2229 3489 si
2263 3427 2428 3488 intra
2457 3428 2850 3505 pubertatem
2880 3428 3204 3504 moriatur,
3230 3432 3294 3489 et
3311 3427 3447 3488 haec

1906 3528 2001 3584 est
2029 3521 2284 3600 propria
2312 3521 2669 3583 substitutio
2702 3521 3055 3600 pupillaris;
3110 3526 3173 3583 et
3201 3540 3326 3582 non
3354 3520 3448 3580 vi·-

1906 3616 2025 3675 deo
2064 3633 2178 3674 cur
2227 3632 2348 3676 non
2397 3613 2594 3693 possit
2640 3617 2816 3692 pater
2856 3614 3068 3675 testari
3107 3614 3304 3674 libere
3332 3632 3445 3693 pro

1906 3706 2033 3767 filio
2063 3704 2231 3766 circa
2260 3705 2395 3765 haec
2428 3706 2616 3781 bona,
2649 3705 2811 3766 sicut
2838 3706 3005 3766 circa
3035 3706 3178 3783 alia,
3211 3725 3354 3767 cum
3381 3706 3445 3765 in

1909 3799 2005 3859 his
2045 3797 2237 3859 etiam
2285 3814 2409 3858 non
2449 3802 2577 3858 tam
2624 3798 2703 3859 sit
2743 3801 3189 3858 testamentum
3227 3797 3442 3876 patriS,

1906 3909 2095 3970 quam
2124 3890 2363 3968 pupilli,
2395 3889 2575 3968 cuius
2605 3890 2854 3950 nomine
2884 3895 3061 3968 pater
3089 3893 3359 3950 testatur
3387 3893 3450 3950 et

1906 3982 2181 4062 disponit
2208 3983 2286 4043 de
2306 3983 2426 4042 illis
2446 3982 2648 4059 bonis,
2686 4001 2800 4042 nec
2831 3982 3080 4061 spurius
3110 3986 3257 4043 tunc
3284 3981 3446 4042 acci·

1911 4077 2001 4156 pit
2027 4095 2100 4137 ea
2133 4095 2169 4136 a
2201 4080 2376 4154 patre
2397 4121 2412 4151 ,
2455 4076 2566 4136 sed
2596 4095 2632 4135 a
2662 4075 2895 4154 pupillo
2921 4121 2936 4152 ,
2988 4093 3105 4135 nec
3133 4074 3273 4136 ideo
3302 4076 3452 4154 quia

1909 4173 2004 4231 sue
2016 4175 2163 4230 runt
2189 4170 2353 4229 bona
2387 4168 2603 4247 patriS,
2623 4169 2734 4229 sed
2762 4168 2964 4229 solum
2995 4168 3144 4247 quia
3169 4171 3317 4228 sunt
3342 4167 3450 4228 bo·

1912 4283 1993 4324 na
2021 4262 2260 4341 pupilli.
2312 4264 2390 4324 Et
2415 4261 2771 4322 confirmari
2804 4266 3008 4340 potest
3036 4278 3107 4320 ex
3141 4261 3471 4337 doctrina„

1913 4374 2103 4436 quam
2131 4373 2275 4416 cum
2303 4355 2441 4415 aliis
2470 4354 2680 4416 multis
2710 4353 3105 4432 amplectitur
3131 4353 3264 4432 ipse
3295 4355 3451 4415 San-

1914 4449 2067 4510 chez
2098 4448 2159 4508 d.
2193 4466 2332 4525 cap.
2367 4464 2462 4509 111.
2500 4466 2560 4507 n.
2596 4451 2694 4507 27.
2737 4446 2903 4525 quod
2935 4450 3229 4507 executor
3253 4450 3448 4507 testa-

1916 4541 2147 4615 menti,
2198 4541 2306 4619 qui
2346 4540 2559 4620 aliqua
2600 4540 2787 4601 debet
2826 4539 3207 4618 pauperibus
3252 4538 3454 4600 distri-

1917 4634 2145 4709 buere,
2197 4639 2404 4712 potest
2431 4652 2506 4693 ex
2536 4633 2654 4693 illis
2684 4632 2835 4692 dare
2862 4632 2989 4692 filio
3026 4632 3279 4711 proprio
3309 4650 3456 4710 spu-

1917 4728 2009 4787 rio
2048 4727 2352 4806 pauperi,
2389 4726 2534 4805 quia
2580 4744 2704 4786 non
2746 4725 2856 4786 dat
2882 4725 3133 4789 nomine
3174 4724 3451 4804 proprio,

1917 4820 2029 4880 sed
2068 4820 2404 4881 testatoris
2465 4821 2619 4881 Cum
2662 4837 2812 4897 ergo
2860 4823 3038 4897 pater
3076 4818 3458 4879 substituens

1919 4912 2314 4992 pupillariter
2365 4930 2488 4973 non
2533 4912 2592 4972 id
2644 4913 2833 4974 faciat
2879 4912 3130 4972 nomine
3179 4910 3452 4988 proprio,

1920 5005 2031 5065 sed
2060 5004 2301 5083 pupilli,
2357 5010 2420 5066 et
2448 5005 2741 5084 disponat
2769 5005 2847 5065 de
2895 5004 2986 5064 eis
3030 5003 3212 5064 bonis
3256 5002 3460 5063 solum

1920 5103 2230 5177 quatenus
2259 5102 2405 5159 sunt
2428 5098 2595 5159 bona
2626 5096 2865 5177 pupilli,
2900 5100 2964 5157 et
2993 5115 3116 5157 non
3146 5095 3294 5174 quia
3317 5098 3463 5156 sunt

1922 5191 2019 5251 vel
2047 5192 2300 5251 fuerunt
2334 5208 2478 5265 sua,
2530 5208 2919 5269 consequens
2964 5193 3059 5249 est
3105 5193 3175 5249 ut
3214 5187 3292 5247 de
3342 5186 3461 5247 illis

1921 5284 2117 5362 possit
2137 5283 2471 5361 disponere
2502 5282 2563 5342 in
2586 5282 2865 5343 savorem
2882 5282 3098 5360 spurii,
3121 5280 3456 5359 loquendo·

1924 5380 1993 5436 ut
2022 5375 2170 5451 dixi,
2203 5376 2283 5435 de
2307 5374 2450 5454 jure
2479 5373 2818 5436 communi.

2000 5468 2182 5530 Unde
2210 5485 2353 5527 cum
2383 5467 2606 5528 eodem
2635 5469 2864 5527 Acesta
2893 5465 2976 5525 ibi
3005 5466 3294 5540 infertur,
3317 5464 3465 5526 licet

1922 5561 2192 5640 pupillus
2222 5560 2584 5621 melioratus
2615 5559 2831 5621 fuisset
2860 5565 3088 5642 epatre
3117 5559 3277 5621 ultra
3308 5557 3462 5619 alios
