4263 6376
840 229 958 286 560

842 402 1199 482 officiaquae
1231 420 1355 462 non
1384 401 1620 462 habent
1644 401 1763 462 sibi
1800 418 2112 463 annexam
2124 401 2377 482 jurisdi-

843 497 1135 572 ctionem,
1173 496 1266 554 vel
1296 515 1332 555 a
1373 496 1598 574 quibus
1653 514 1777 555 non
1834 497 2068 574 pendet
2110 496 2377 573 multum

840 589 1009 650 bona
1038 587 1489 649 administratio
1545 587 1926 667 reipublicae,
1983 593 2170 667 prout
2222 585 2379 648 indi-

844 687 990 743 cant
1013 682 1259 742 Lessius
1301 701 1361 741 n.
1423 684 1501 741 22
1555 686 1617 742 et
1671 680 1951 742 Sanchez
2008 682 2174 743 dicto
2224 680 2372 741 dub.

842 792 1078 836 xxxvn.
1113 795 1175 835 n.
1209 779 1268 836 7.
1306 775 1485 836 Ratio
1508 778 1719 835 autem
1748 780 1842 835 est
1873 775 2020 853 quia
2040 776 2102 834 in
2133 775 2209 835 iis
2238 794 2383 835 ven-

844 868 1065 928 dendis
1087 867 1328 928 facilius
1357 871 1562 946 potest
1602 867 1865 927 inveniri
1922 868 2158 928 bonum
2214 886 2383 928 com-

842 979 1032 1021 mune
1060 961 1572 1039 praeponderanS,
1607 961 1703 1020 vel
1751 961 2139 1040 aequivalens
2196 959 2382 1020 malis

844 1072 983 1132 quae
1013 1072 1088 1112 ex
1133 1052 1492 1113 venditione
1541 1053 1717 1132 sequi
1757 1056 2036 1132 possunt.
2092 1053 2381 1115 Secundo

844 1148 922 1208 ob
955 1146 1245 1207 eamdem
1273 1145 1607 1222 rationem,
1642 1150 1704 1206 et
1731 1145 1791 1205 in
1824 1146 2044 1206 eodem
2075 1165 2262 1206 sensu
2289 1147 2384 1206 lo-

843 1258 987 1300 cum
1031 1238 1263 1299 habere
1304 1243 1510 1316 potest
1554 1239 1772 1316 regula
1826 1239 1953 1314 illa,
2003 1244 2064 1299 et
2105 1237 2380 1298 conditio

843 1331 1260 1393 communiter
1288 1331 1614 1410 requisita,
1650 1332 1816 1410 quod
1847 1332 2084 1393 scilicet
2113 1332 2380 1392 interce-

845 1425 955 1485 dat
981 1424 1232 1504 publica
1261 1424 1598 1484 necessitas
1632 1445 1645 1484 :
1681 1443 1823 1484 cum
1859 1424 2024 1484 enim
2054 1425 2222 1484 mala
2243 1442 2382 1503 quae

844 1537 921 1578 ex
948 1517 1305 1578 venditione
1322 1520 1689 1595 sequuntur,
1724 1517 1847 1577 sint
1887 1523 2105 1578 contra
2146 1517 2384 1577 bonum

845 1611 1167 1690 publicum
1199 1609 1368 1688 quod
1399 1609 1675 1687 praeferri
1707 1610 1897 1670 debet
1924 1610 2089 1670 bono
2110 1609 2377 1688 privat0,

845 1707 1090 1783 oportet
1118 1702 1252 1763 dari
1287 1697 1721 1763 necessitatem
1757 1703 2095 1781 publicam,
2131 1703 2231 1763 cui
2273 1702 2381 1764 tali

844 1795 1200 1858 venditione
1232 1795 1470 1855 obviari
1502 1795 1750 1855 debeat.
1781 1798 1989 1856 Potest
2018 1799 2230 1856 autem
2249 1795 2383 1855 haec

846 1888 1181 1950 necessitas
1208 1888 1348 1948 talis
1379 1891 1621 1962 esse,ut
1641 1888 1943 1966 justificet
1964 1888 2382 1949 venditionem

845 1981 1033 2042 etiam
1086 1979 1400 2059 majorum
1456 1980 1825 2040 officiorum.
1889 1983 2045 2040 Nam
2107 1981 2254 2045 licet
2309 1999 2384 2040 ea

845 2073 1201 2134 venditione
1254 2072 1603 2151 periculum
1651 2072 1730 2132 sit
1781 2073 2202 2133 deteriorandi
2258 2077 2385 2134 sta-

844 2171 980 2227 tum
1009 2170 1073 2225 et
1098 2165 1379 2243 regimen
1411 2165 1731 2242 publicum
1766 2186 1778 2226 :
1815 2169 2019 2243 potest
2058 2170 2268 2225 tamen
2310 2184 2385 2225 ea

846 2258 1243 2319 deterioratio
1321 2256 1484 2316 licite
1540 2257 1813 2335 permitti
1901 2258 1981 2317 ad
2062 2258 2383 2318 vitandam

846 2351 1035 2412 aliam
1072 2350 1427 2429 graviorem
1480 2349 1762 2427 ejusdem
1804 2355 2001 2411 status
2040 2351 2385 2411 deteriora-

846 2445 1103 2519 tionem,
1151 2462 1291 2522 quae
1334 2442 1639 2504 imminet.
1686 2446 1766 2504 Ut
1819 2444 1869 2503 si
1926 2444 2385 2521 periclitaretur

846 2536 1220 2615 respublica,
1254 2555 1332 2595 ne
1361 2535 1603 2596 veniret
1644 2536 1707 2595 in
1737 2541 2111 2614 potestatem
2154 2536 2385 2596 barba-

846 2648 1057 2690 rorum
1106 2629 1203 2688 vel
1248 2628 1616 2704 infidelium,
1661 2633 1723 2688 et
1764 2629 1844 2688 ad
1877 2628 1997 2688 hoc
2039 2629 2385 2706 periculum

845 2722 1173 2784 vitandum
1202 2721 1627 2782 venderentur
1656 2721 1865 2782 officia
1893 2721 2083 2782 etiam
2130 2723 2387 2800 majoris

845 2815 1144 2876 momenti
1207 2813 1270 2873 in
1327 2818 1723 2893 perpetuum,
1787 2832 1910 2874 non
1972 2818 2066 2875 est
2123 2815 2389 2874 dubium

848 2909 1016 2988 quod
1045 2907 1212 2967 licite
1241 2906 1686 2982 venderentur,
1710 2925 1851 2966 cum
1884 2906 1945 2965 id
1975 2906 2156 2968 fieret
2185 2907 2265 2968 ad
2296 2908 2388 2966 vi-

849 3001 1107 3062 tandam
1134 3000 1490 3078 graviorem
1522 2999 2070 3060 deteriorationem
2102 3001 2386 3078 ejusdem

853 3099 1074 3170 statuS,
1109 3097 1171 3154 et
1196 3092 1519 3171 regiminis
1549 3091 1815 3171 publici:
1860 3112 1998 3172 quae
2040 3094 2200 3154 ratio
2244 3113 2386 3155 cum

850 3185 1261 3267 proportione
1300 3174 1382 3245 ad
1421 3185 1575 3245 alias
1625 3184 2016 3247 venditiones
2070 3187 2388 3248 minorum

851 3280 1202 3341 officiorum
1232 3277 1531 3358 applicari
1560 3282 1801 3357 potest:
1834 3279 1884 3338 si
1914 3283 2125 3340 tamen
2167 3280 2392 3340 vendi-

850 3374 939 3435 tio
973 3377 1182 3451 posset
1209 3371 1342 3431 fieri
1385 3390 1529 3431 cum
1573 3372 1717 3449 jure
1774 3371 2123 3431 redimendi
2165 3373 2387 3432 eadem

852 3466 1061 3527 officia
1087 3464 1371 3525 restituto
1400 3464 1622 3542 pretiO,
1666 3465 1919 3543 quando
1964 3465 2205 3526 restitui
2249 3485 2388 3544 pos-

851 3564 966 3636 set,
999 3559 1218 3638 procul
1249 3557 1438 3618 dubio
1470 3557 1553 3617 ita
1581 3557 1939 3618 faciendum
1970 3563 2154 3620 esset.

1970 226 2072 285 DE
2114 228 2467 289 JUSTITIA
2513 227 2613 286 ET
2659 226 2857 288 JURE

2478 422 2667 482 quam
2716 403 2983 481 ipsemet
3037 419 3165 475 rex,
3222 404 3284 459 et
3332 400 3469 477 ejus
3511 398 3738 477 posteri
3787 417 3893 476 per
3929 417 3981 457 sc

2479 498 2646 576 ipsos
2673 514 2828 575 praes
2842 498 3066 556 tarent.
3102 493 3283 555 Unde
3307 510 3430 552 non
3464 491 3828 569 praejudicat
3845 491 3984 550 bono

2480 589 2800 650 communi
2828 587 3115 648 faciendo
3139 605 3253 664 per
3281 585 3474 644 alium
3505 584 3568 643 id
3596 583 3765 662 quod
3793 602 3897 662 per
3933 603 3987 643 se

2479 684 2685 762 ipsum
2733 701 2857 743 non
2886 681 3109 740 melius
3163 679 3400 739 faceret
3445 698 3460 737 :
3512 677 3639 736 imo
3679 677 3988 754 aliquando

2482 776 2647 837 cedit
2697 775 2816 836 hoc
2871 774 2933 833 in
2992 773 3197 852 majus
3249 771 3491 831 bonum
3547 787 3897 844 commune,
3939 777 3993 828 ut

2483 870 2733 949 quando
2764 868 2926 927 hanc
2958 868 3330 944 potestatem
3353 863 3571 925 tribuit
3589 862 3886 936 ecclesiae,
3913 863 3994 921 vel

2482 960 2888 1035 monasteriO,
2923 958 3000 1019 de
3032 958 3258 1037 quibus
3287 956 3514 1016 merito
3558 974 3815 1034 sperare
3850 960 3999 1033 pote-

2484 1055 2584 1130 rit,
2614 1052 2782 1133 quod
2811 1050 3034 1131 majori
3059 1050 3386 1129 vigilantia
3414 1054 3480 1109 et
3519 1048 3654 1108 zelo
3700 1047 4001 1107 attendent

2483 1147 2649 1207 bono
2681 1145 3074 1205 subditorum
3101 1142 3413 1222 regimini,
3439 1145 3503 1201 et
3522 1140 3816 1201 electioni
3835 1139 4006 1201 bono-

2484 1258 2624 1300 rum
2651 1239 3101 1312 ministrorum,
3137 1253 3326 1315 quam
3372 1235 3508 1312 ipse
3552 1237 3618 1295 et
3654 1234 3754 1293 sui
3796 1233 4005 1312 posteri

2486 1333 2880 1394 attenderent
2914 1350 2926 1390 :
2962 1335 3022 1390 et
3054 1328 3443 1407 experientia
3485 1331 3735 1387 constat
3764 1326 3930 1404 quod
3966 1327 4010 1384 si

2484 1444 2666 1505 pares
2693 1424 2816 1483 sint
2845 1422 3048 1501 quoad
3082 1421 3377 1499 pietatem
3407 1425 3473 1480 et
3500 1419 3710 1479 zelum
3739 1419 4010 1497 princeps

2482 1535 2832 1596 supremuS,
2867 1521 2930 1576 et
2954 1516 3080 1574 dux
3107 1515 3232 1588 ille,
3266 1513 3365 1573 vel
3397 1512 3695 1572 dominus
3750 1512 4007 1584 inferior,

2483 1612 2705 1671 melius
2732 1612 3055 1687 reguntur,
3090 1612 3152 1668 et
3177 1625 3323 1667 cum
3355 1605 3590 1684 majori
3620 1623 3777 1665 cura
3819 1605 4010 1682 populi

2483 1703 2690 1782 hujuS,
2725 1720 2914 1781 quam
2944 1701 3107 1760 illius
3136 1703 3395 1779 propter
3437 1697 3758 1776 majorem
3795 1701 3854 1758 et
3897 1715 4012 1755 ma-

2482 1798 2578 1875 gis
2616 1799 2919 1856 attentam
2967 1793 3265 1872 principis
3306 1791 3764 1853 assistentiam.
3803 1792 3870 1850 ln
3915 1790 4007 1848 eli-

2483 1888 2704 1968 gendis
2777 1891 2987 1947 autem
3062 1884 3536 1962 magistratibus
3609 1882 4008 1954 inferioribus,

2485 1983 2618 2042 haec
2646 1980 2802 2041 ratio
2832 1997 2957 2039 non
2980 1978 3262 2057 procedit
3291 1997 3306 2038 :
3343 1981 3495 2038 tunc
3516 1976 3690 2035 enim
3715 1994 3843 2035 non
3868 1993 4012 2036 com-

2483 2074 2672 2135 mittit
2701 2092 2830 2148 rex,
2878 2073 2975 2131 vel
3026 2071 3315 2149 princeps
3355 2070 3443 2144 id,
3506 2069 3686 2148 quod
3746 2070 4007 2146 ipsemet.ยน

2483 2169 2581 2229 vel
2613 2168 2746 2244 ejus
2775 2166 3008 2244 posteri
3028 2183 3141 2241 per
3169 2183 3233 2224 se
3264 2163 3433 2241 ipsos
3455 2162 3791 2223 executuri
3809 2169 4010 2236 essent,

2484 2261 2594 2321 sed
2624 2260 2687 2319 id
2719 2259 2887 2338 quod
2914 2277 3029 2337 per
3072 2257 3228 2318 alios
3274 2257 3502 2334 exequi
3550 2256 3749 2317 debet
3781 2272 3798 2317 ฮต
3847 2272 4014 2333 qnare

2484 2354 2537 2414 si
2567 2371 2674 2413 eos
2704 2371 2827 2412 non
2857 2351 3081 2429 seligat
3104 2368 3249 2410 cum
3275 2349 3508 2427 majori
3536 2367 3718 2425 cura,
3746 2348 4010 2427 praejudiฮ

2486 2450 2586 2507 cat
2615 2446 2779 2505 bono
2810 2443 3150 2519 communi,
3184 2442 3284 2502 cui
3313 2442 3588 2521 positive
3619 2442 3793 2501 mala
3823 2459 4010 2519 prore-

2487 2541 2686 2615 niunt,
2721 2538 2996 2616 alioquin
3027 2556 3149 2597 non
3181 2537 3412 2610 futura,
3456 2536 3508 2595 si
3555 2536 3885 2613 negligens
3909 2553 4007 2594 nou

2487 2636 2650 2693 esset
2677 2631 2739 2691 in
2771 2631 3072 2691 electione
3093 2647 3311 2690 eorum
3340 2628 3738 2689 officialium.
3767 2628 4008 2687 Facilius

2491 2743 2642 2803 ergo
2714 2723 2998 2784 excusari
3062 2727 3270 2801 potest
3321 2722 3387 2780 in
3441 2721 3813 2782 venditione
3865 2740 4005 2780 mar-

2488 2819 2838 2892 chionatus,
2872 2815 2920 2876 si
2955 2815 3143 2894 digno
3175 2814 3429 2890 vendat,
3467 2833 3665 2892 quam
3708 2815 3776 2874 in
3817 2814 4004 2874 vendiฮ

2486 2913 2655 2973 tione
2707 2909 3109 2987 magistratus
3158 2906 3476 2966 inferioris
3522 2922 3536 2967 2
3578 2907 3731 2986 quia
3784 2907 3834 2966 si
3867 2907 4008 2965 hum:

2488 3023 2610 3065 non
2641 3001 2964 3076 venderet,
2998 3001 3232 3078 eligere
3263 2999 3529 3060 deberet
3571 3001 3769 3061 alium
3813 2999 4006 3058 melioโ

2486 3095 2737 3168 remอพsi
2769 3113 2918 3154 vero
2963 3092 3473 3154 marchionatum
3520 3111 3649 3153 non
3707 3093 3998 3162 venderet,

2488 3192 2689 3251 solum
2710 3190 2969 3249 deberet
3001 3207 3112 3265 per
3138 3206 3203 3246 se
3250 3187 3461 3265 ipsum
3507 3187 3811 3267 populum
3851 3185 4000 3246 illum

2486 3302 2726 3363 regere,
2761 3282 2921 3342 sicut
2948 3281 3110 3359 regit
3130 3280 3305 3356 alios,
3340 3280 3517 3358 quod
3562 3280 3836 3357 regimen
3880 3279 3993 3357 ple-

2486 3395 2752 3457 rumque
2769 3394 2894 3435 non
2917 3378 3010 3435 est
3039 3374 3099 3433 in
3118 3373 3323 3452 majus
3339 3372 3585 3434 bonum
3615 3374 3993 3433 subditorum.

2489 3471 2552 3532 Si
2583 3475 2792 3530 tamen
2821 3466 3049 3527 alicubi
3072 3466 3151 3526 ob
3175 3466 3634 3543 experientiam
3656 3466 3996 3526 contrariam

2485 3563 2812 3625 timeretur
2839 3559 3286 3619 detrimentum
3316 3558 3536 3636 populi
3560 3559 3666 3637 qui
3713 3558 3992 3627 venditur,

604 3651 680 3709 529
929 3650 1158 3728 TertiO,
1206 3664 1282 3711 ex
1323 3650 1548 3711 eodem
1588 3649 1894 3730 principio
1937 3651 2073 3710 fieri
2113 3650 2384 3728 videtur,

507 3774 805 3818 mmmm-
850 3744 1091 3806 facilius
1121 3761 1302 3821 posse
1334 3742 1682 3820 principem
1714 3742 1987 3803 vendere
2040 3744 2248 3804 officia
2287 3764 2391 3804 su-

507 3829 657 3871 โถยนยนยนยนยฒยนยนโ
689 3828 804 3871 ยนยนโฐยณยนโฐ
894 3838 1097 3899 eriora
1125 3835 1621 3910 marchionatuS,
1683 3835 1968 3911 ducatus,
2031 3837 2385 3913 comitatuS,

507 3882 803 3986 tffsffโffiiโffl-
853 3936 916 3992 et
958 3929 1204 4005 similia,
1241 3947 1430 4008 quam
1459 3928 1581 3987 alia
1610 3927 1815 3988 officia
1837 3926 2124 4007 judicum
2147 3930 2394 3989 inferio-

506 3992 806 4083 แผแฟแฟฮนแฝทแผแฟฮนแฟแฟแฟแฟแฝฒแฟแผถ
853 4041 1016 4098 rum,
1051 4039 1087 4082 a
1134 4021 1360 4100 quibus
1415 4020 1777 4081 immediate
1833 4019 2079 4099 justitia
2122 4022 2393 4081 admini-

853 4120 1103 4176 stratur.
1136 4114 1313 4174 Ratio
1353 4117 1563 4174 autem
1606 4132 1740 4173 esse
1776 4117 2002 4192 potest,
2060 4114 2207 4192 quia
2249 4115 2394 4176 licet

855 4226 1000 4268 cum
1027 4206 1144 4267 illis
1173 4206 1364 4267 titulis
1394 4209 1455 4266 et
1484 4205 1774 4266 dominiis
1804 4206 1991 4268 detur
2021 4207 2392 4286 plerumque

846 4299 1197 4380 jurisdictio
1230 4298 1461 4376 aliqua,
1495 4302 1556 4359 et
1585 4299 1849 4360 facultas
1879 4299 2148 4376 eligendi
2166 4301 2396 4378 guber-

854 4396 1122 4464 natoreS,
1163 4394 1226 4451 et
1247 4390 1496 4469 judices
1534 4390 1881 4468 inferiores,
1929 4392 2138 4452 minus
2181 4396 2393 4453 tamen

852 4486 1091 4547 malum
1116 4484 1493 4563 plerumque
1538 4485 1720 4545 affert
1758 4485 2190 4547 communitati
2235 4486 2397 4546 illius

856 4576 1196 4656 superioris
1283 4576 1605 4654 potestatis
1660 4578 2168 4655 communicatio,
2209 4598 2397 4658 quam

854 4671 1044 4749 hujus
1073 4668 1384 4729 inferioris
1414 4673 1477 4729 et
1503 4668 1907 4747 immediatae,
1954 4671 2002 4731 si
2050 4675 2261 4732 tamen
2304 4672 2399 4731 di-

847 4762 988 4842 gnis
1038 4760 1555 4823 communicetur.
1618 4764 1774 4822 Nam
1816 4764 2065 4842 quando
2106 4764 2398 4842 princeps

848 4856 1022 4915 illam
1092 4854 1367 4934 priorem
1428 4855 1874 4932 communicat,
1949 4858 2280 4919 committit
2336 4857 2400 4917 id

854 4949 1024 5029 quod
1053 4949 1319 5027 ipsemet
1355 4947 1638 5008 facturus
1674 4952 1829 5025 erat,
1876 4968 2102 5027 nempe
2146 4949 2397 5012 electio-

859 5061 1003 5102 nem
1043 5041 1477 5101 ministrorum
1517 5045 1580 5102 et
1629 5041 1911 5120 regimen
1953 5044 2299 5105 mediatum
2340 5048 2402 5105 et

859 5134 1168 5214 superius,
1217 5134 1384 5213 quod
1423 5134 1556 5214 ipse
1601 5140 1851 5197 exercet
1902 5136 1968 5196 in
2023 5157 2134 5198 suo
2178 5155 2398 5215 regno,

870 5231 1080 5289 Potest
1098 5230 1309 5287 autem
1331 5228 1700 5307 plerumque
1737 5248 1847 5288 rex
1888 5230 2233 5308 prudenter
2263 5248 2406 5308 spe-

865 5339 1031 5395 rare,
1063 5319 1231 5403 quod
1262 5319 1363 5379 ille
1395 5319 1573 5397 aliuS,
1609 5325 1672 5381 et
1700 5321 1836 5400 ejus
1866 5323 2102 5401 posteri
2137 5342 2256 5384 non
2289 5323 2411 5382 mi-

863 5432 982 5473 nus
1010 5412 1194 5488 bene,
1228 5411 1340 5472 sed
1386 5412 1610 5475 melius
1663 5415 1928 5476 fortasse
1975 5416 2038 5475 id
2084 5417 2412 5494 praestabit

2486 3661 2636 3719 tunc
2665 3654 2748 3714 ad
2778 3671 2916 3713 eam
2971 3651 3398 3713 venditionem
3428 3649 3884 3729 justificandam
3921 3668 4002 3708 reฮ

2493 3748 2848 3828 quireretur
2875 3744 3215 3805 necessitas
3242 3743 3524 3822 publica,
3567 3744 3668 3803 vel
3703 3744 3842 3802 ratio
3893 3741 4002 3800 alia

2495 3839 2844 3902 communis
2899 3839 3070 3914 boni,
3140 3855 3280 3915 quae
3353 3836 3850 3914 praeponderaret
3917 3833 3998 3891 vel

2490 3932 2895 4013 oequivaleret
2922 3931 3157 3990 damno
3183 3928 3270 3988 illi
3301 3929 3633 3989 communi
3661 3928 3812 4007 quod
3841 3928 3998 3987 tim

2490 4031 2612 4087 tur.
2650 4026 2757 4085 His
2788 4021 3145 4101 suppositis,

2572 4118 2906 4179 Dubitatur
2933 4115 3194 4176 ulterius
3219 4113 3526 4191 secundo,
3559 4133 3643 4174 an
3669 4113 3820 4174 solus
3843 4112 4000 4189 prinฮ
4099 4130 4104 4181 อพ

2495 4230 2641 4289 ceps
2669 4228 3000 4288 supremus
3028 4228 3152 4267 non
3201 4225 3558 4285 agnoscens
3617 4206 3995 4285 superiorem.
4034 4258 4104 4299 tฮ-

2494 4304 2692 4384 possit
2719 4304 2853 4363 haec
2911 4301 3118 4362 officia
3172 4300 3469 4375 vendere,
3537 4300 3782 4379 quando
3828 4296 3996 4355 rendi
4065 4322 4104 4347 ยซ-

2495 4401 2792 4475 possuntอพ
2827 4414 2902 4454 an
2937 4394 3128 4454 etiam
3154 4393 3368 4469 duceS,
3403 4394 3795 4453 marchiones
3819 4398 3871 4450 et
3902 4390 3995 4449 alii
4035 4374 4104 4457 โฮ

2499 4489 2600 4568 qui
2632 4489 2748 4549 sub
2780 4488 2899 4548 alio
2933 4487 3212 4565 principe
3242 4491 3410 4561 sunt,
3437 4489 3502 4545 et
3532 4487 3756 4565 quibus
3777 4501 4000 4559 compe-
4035 4480 4104 4517 *ฮ

2497 4583 2570 4643 tit
2599 4582 2859 4642 facultas
2891 4579 3164 4658 eligendi
3196 4577 3507 4657 ejusmodi
3558 4577 3996 4638 01116แผฐฮฑแฝท9980-

2496 4679 2598 4736 tus
2626 4675 2732 4734 lib.
2768 4676 2869 4734 111.
2905 4671 3225 4752 dejustitae'a
3252 4690 3357 4750 qu.
3395 4686 3481 4731 v1.
3520 4676 3639 4731 art.
3672 4676 3728 4731 4.
3771 4678 3824 4729 et
3867 4671 4000 4727 Les-

2501 4770 2626 4829 sius
2658 4788 2718 4828 n.
2747 4772 2842 4829 29.
2867 4768 3113 4841 docent,
3147 4783 3272 4825 non
3303 4782 3488 4842 posse
3558 4783 3633 4824 ex
3685 4769 3876 4824 natura
3917 4760 3996 4819 rei

2500 4862 2636 4922 haec
2676 4861 2891 4921 officia
2932 4860 3011 4919 ab
3040 4858 3117 4918 iis
3145 4857 3356 4932 vendi,
3392 4857 3547 4935 quia
3581 4876 3718 4917 cum
3766 4874 3866 4915 non
3901 4854 3998 4912 ha-

2503 4954 2694 5015 beant
2746 4970 3107 5032 supremam
3162 4949 3527 5030 reipublicae
3583 4949 3995 5017 auctoritatem,

2502 5047 2566 5107 in
2618 5047 2719 5126 cuj
2731 5067 2800 5108 us
2833 5045 3108 5106 dominio
3140 5044 3274 5103 haec
3306 5043 3519 5103 officia
3548 5049 3709 5119 sunt,
3740 5039 4000 5101 venderet

2508 5141 2679 5220 quod
2709 5156 2831 5200 non
2880 5143 2974 5199 est
3001 5155 3206 5198 suum.
3243 5136 3366 5195 Alii
3409 5140 3625 5196 tamen
3679 5137 3887 5197 dicunt.
3933 5150 3997 5190 ex

2510 5239 2736 5294 natura
2752 5234 2842 5293 rei
2873 5249 3055 5310 posse
3084 5229 3166 5289 ab
3196 5229 3270 5288 iis
3299 5228 3514 5304 vendi,
3545 5229 3663 5288 nisi
3710 5229 3824 5304 lege
3875 5242 3996 5302 pro-

2509 5325 2818 5402 hibeatur,
2844 5328 3031 5404 prout
3058 5321 3382 5401 prohiberi
3431 5322 3678 5383 videtur
3719 5318 3994 5396 aliquibus

2509 5419 2778 5497 legibuS,
2812 5416 3162 5497 praesertim
3191 5414 3271 5474 de
3295 5413 3442 5491 jure
3471 5415 3751 5492 Hispano.
3780 5413 3860 5472 lta
3899 5412 3992 5468 do-
