4263 6376
96 955 164 1013 ¹38

71 5316 161 5376 {29

1198 308 1669 370 DISPUTATIO
1713 307 1985 383 xxvm,
2035 307 2309 370 SECTIO
2353 308 2458 372 lx.

243 487 332 545 ret
358 486 645 563 tempore
673 483 964 546 solutioni
1017 483 1357 547 destinato:
1403 486 1564 545 sicut
1600 485 1769 563 juste

247 577 471 638 emitur
499 581 564 638 et
591 578 884 639 venditur
929 578 1201 639 triticum
1228 578 1601 639 tradendum
1634 581 1777 655 post

247 674 365 729 tres
395 686 666 742 menses,
700 669 748 729 si
780 674 1025 730 ematur
1052 671 1251 750 pretio
1283 672 1517 730 incerto
1547 688 1772 748 nempe

247 761 442 840 pretio
472 763 749 823 currenti
775 809 790 839 ,
843 763 1013 842 quod
1042 764 1159 824 erit
1187 770 1467 842 tempore
1497 763 1774 826 traditio-

249 873 356 914 ms.

317 947 420 1007 Ad
448 947 571 1009 hoc
598 953 1039 1028 argumentum
1085 948 1594 1028 respondendum
1621 953 1772 1027 puto

253 1057 318 1097 ex
344 1040 441 1116 iis,
475 1060 619 1120 quae
650 1042 1023 1116 notavimuS,
1063 1046 1126 1102 et
1150 1043 1336 1103 latius
1363 1040 1773 1118 explicuimus

252 1138 393 1192 sect.
426 1149 524 1193 111.
559 1134 666 1193 ubi
695 1133 964 1194 diximus
991 1181 1006 1208 ,
1040 1135 1283 1196 lucrum
1314 1135 1517 1211 majus
1547 1133 1776 1194 cambii

251 1223 454 1285 localis
484 1244 612 1287 non
635 1227 965 1306 justificari
984 1228 1343 1289 immediate
1366 1231 1620 1305 propter
1645 1244 1775 1286 ma-

250 1315 439 1395 jorem
470 1319 750 1379 valorem
780 1321 1198 1381 extrinsecum
1242 1319 1526 1399 pecuniae
1556 1318 1617 1377 in
1647 1336 1772 1379 uno

252 1409 376 1470 loco
404 1430 598 1489 quam
628 1411 693 1472 in
718 1414 864 1489 alio,
898 1414 977 1474 ob
1006 1414 1313 1475 minorem
1342 1415 1441 1474 vel
1469 1414 1773 1494 majorem

253 1504 525 1581 pecuniae
556 1505 828 1584 copiam,
861 1507 971 1567 sed
999 1507 1201 1567 solum
1230 1507 1526 1583 mediate,
1561 1512 1773 1587 quate·

253 1615 357 1655 nus
385 1596 493 1656 illa
520 1597 727 1676 maj0r
752 1600 851 1660 vel
877 1600 1084 1661 minor
1111 1601 1292 1679 copia
1321 1601 1601 1679 pecuniae
1631 1600 1776 1660 red-

253 1688 333 1749 dit
355 1689 791 1767 trajectionem
813 1692 1141 1752 virtualem
1171 1697 1233 1753 et
1245 1693 1775 1754 assecurationem

253 1783 524 1858 pecuniae
552 1783 898 1845 faciliorem
925 1786 1023 1845 vel
1053 1785 1490 1846 difficiliorem.
1525 1784 1593 1847 ld
1623 1801 1774 1869 ergo

254 1875 405 1952 quod
436 1875 802 1937 immediate
834 1882 929 1938 est
954 1878 1126 1939 lucro
1156 1879 1449 1957 dignum,
1513 1883 1606 1939 est
1649 1885 1777 1938 tra-

248 1969 421 2045 jectio
450 1969 739 2029 virtualis
768 1976 831 2031 et
856 1972 1237 2033 assecuratio
1268 1970 1552 2049 pecuniae
1578 2016 1594 2046 ‚
1654 1988 1775 2030 nen

256 2077 529 2122 excessus
565 2062 798 2122 valoris
846 2063 1176 2124 extrinseci
1221 2064 1505 2143 pecuniae
1547 2064 1607 2123 in
1659 2063 1777 2124 hoc

254 2152 395 2228 loco,
428 2154 532 2214 vel
560 2155 623 2214 in
646 2155 782 2229 illo;
804 2155 1306 2235 alioquinliceret
1326 2156 1514 2218 etiam
1532 2157 1777 2217 lucrum

256 2247 526 2325 accipere
554 2266 631 2307 ex
659 2253 876 2310 mutuo
903 2294 919 2324 ,
964 2249 1216 2328 quando
1247 2253 1341 2310 est
1384 2248 1778 2310 reddendum

256 2357 318 2398 eo
352 2344 637 2419 tempore
685 2359 808 2420 quo
866 2341 1132 2419 pecunia
1173 2347 1428 2421 propter
1472 2341 1778 2423 majorem

256 2431 690 2494 abundantiam
721 2435 1027 2495 minorem
1054 2435 1332 2496 valorem
1361 2435 1778 2496 extrinsecum

254 2524 472 2587 habere
487 2531 535 2602 t,
560 2527 731 2606 quod
779 2531 990 2588 tamen
1019 2545 1408 2608 consequens
1435 2527 1779 2589 absurdum

257 2625 424 2695 esset,
457 2625 529 2680 ut
557 2620 643 2679 ibi
670 2620 878 2679 visum
907 2625 1019 2681 est.
1056 2623 1150 2681 Ad
1174 2619 1651 2699 justificandum
1682 2638 1781 2680 er·

256 2730 325 2789 go
352 2712 623 2791 pretinm
654 2718 717 2774 et
750 2713 998 2773 lucrum
1036 2712 1263 2773 cambii
1305 2731 1427 2772 non
1457 2716 1553 2773 est
1579 2717 1782 2773 atten-

257 2804 483 2868 dendus
510 2805 873 2866 immediate
904 2805 1083 2865 valor
1098 2805 1480 2867 extrinsecus
1497 2805 1780 2884 pecunioe

257 2897 580 2958 reddendae
606 2944 622 2973 ‚
656 2899 807 2977 quia
835 2897 1157 2977 supposito
1206 2898 1374 2978 quod
1421 2901 1673 2959 maneat
1700 2915 1779 2958 τε·

259 2991 447 3068 qualis
473 2991 651 3050 valor
679 2990 1057 3052 intrinsecus
1086 2997 1150 3052 et
1188 2991 1443 3070 legalis,
1497 3008 1618 3050 non
1667 3008 1780 3069 po-

259 3088 371 3143 test
395 3084 661 3162 pretium
688 3082 891 3162 accipi
920 3101 1032 3162 pro
1062 3083 1167 3143 illa
1208 3083 1630 3163 inaequalitate
1660 3102 1780 3143 va-

258 3174 397 3236 loris
423 3176 750 3238 extrinseci
780 3176 1164 3254 immediate,
1197 3175 1308 3237 sed
1323 3176 1526 3237 solum
1545 3175 1778 3237 media-

257 3273 335 3344 te,
368 3274 672 3348 quatenus
702 3288 779 3330 ea
808 3270 1138 3330 occasione
1179 3268 1463 3347 trajectio
1494 3268 1777 3330 virtualis

261 3366 318 3422 et
341 3363 715 3424 assecuratio
747 3362 1030 3441 pecuniae
1060 3362 1372 3423 difficilior
1399 3367 1512 3437 est,
1547 3366 1610 3423 et
1636 3379 1775 3422 ma-

255 3454 372 3534 iori
395 3456 588 3534 pretio
620 3456 844 3533 digna;
893 3456 1040 3534 quia
1069 3455 1201 3515 sola
1229 3453 1510 3533 trajectio
1541 3454 1775 3515 virtua-

262 3548 331 3607 lis
356 3553 414 3609 et
434 3549 815 3609 assecuratio
844 3552 958 3624 cst,
993 3565 1133 3627 quae
1162 3547 1362 3626 pretio
1378 3550 1442 3609 et
1466 3547 1640 3608 lucro
1663 3547 1780 3606 im-

261 3641 513 3702 mediate
539 3646 1003 3720 compensatur.
1039 3642 1172 3711 Quo
1202 3639 1521 3719 supposito
1542 3640 1622 3699 ad
1653 3639 1777 3699 dif-

262 3733 586 3796 ficultatem
616 3733 1004 3814 propositam
1032 3734 1469 3811 respondetur,
1492 3732 1778 3792 differen-

263 3826 405 3887 tiam
430 3846 563 3889 esse
592 3827 756 3888 inter
782 3826 1068 3904 exempla
1099 3824 1372 3887 adducta
1390 3870 1406 3901 ,
1457 3829 1520 3885 et
1564 3842 1780 3884 casum

266 3924 569 3980 nostrum:
605 3937 750 3979 nam
777 3918 843 3979 in
870 3917 1188 3996 emptione
1215 3917 1425 3992 tritici,
1442 3916 1646 3995 ipsum
1676 3915 1779 3978 tri-

267 4011 441 4071 ticum
469 4016 564 4073 est
590 4012 760 4091 quod
786 4011 988 4091 pretio
1018 4010 1414 4090 compensari
1442 4009 1629 4070 debet
1647 4055 1665 4082 ,
1719 4012 1781 4070 et

267 4106 390 4183 ejus
414 4106 588 4166 valor
615 4105 805 4165 debet
833 4104 1073 4166 attendi
1101 4109 1371 4183 quantus
1391 4104 1470 4164 sit
1494 4123 1507 4163 :
1534 4103 1594 4162 in
1616 4120 1781 4163 cam-

267 4196 362 4257 bio
387 4204 594 4260 autem
621 4197 800 4258 valor
827 4197 1108 4276 pecuniae
1129 4197 1499 4258 intrinsecus
1528 4200 1592 4257 et
1614 4196 1782 4274 lega-

267 4289 339 4350 lis
361 4291 519 4354 solus
545 4290 784 4352 attendi
818 4295 1044 4369 potest,
1079 4309 1205 4351 non
1225 4289 1632 4365 extrinsecae„
1676 4287 1785 4367 qui

268 4401 379 4443 non
408 4390 613 4464 potest
640 4402 775 4445 esse
804 4382 1122 4463 objectum
1152 4383 1310 4443 lucri
1333 4429 1350 4459 ,
1400 4380 1675 4460 alioquin
1708 4398 1782 4441 eo

269 4476 387 4537 solo
410 4477 584 4538 titulo
612 4477 856 4537 lucrum
888 4476 1103 4538 liceret
1129 4476 1193 4536 in
1217 4480 1434 4537 mutuo
1461 4473 1794 4536 reddendo

271 4568 332 4627 in
354 4570 562 4629 eodem
592 4570 734 4630 loco
769 4589 783 4629 ε
816 4569 949 4630 sola
974 4586 1124 4648 ergo
1143 4569 1427 4649 trajectio
1457 4579 1518 4629 et
1547 4584 1790 4628 assecu-

271 4663 413 4724 ratio
440 4664 630 4725 debet
655 4681 791 4723 esse
814 4661 1129 4741 objectum
1146 4662 1578 4722 immediatum
1604 4658 1785 4735 lucri,

267 4758 440 4834 atque
458 4757 599 4817 ideo
621 4756 697 4816 ad
714 4756 1057 4817 taxandum
1077 4754 1131 4834 ej
1141 4774 1212 4817 us
1230 4754 1500 4834 pretium
1520 4754 1785 4832 justum,

269 4850 492 4910 attendi
520 4850 710 4911 debet
726 4850 861 4929 ejus
879 4849 1058 4910 valor
1078 4868 1152 4910 eo
1173 4854 1456 4927 tempore
1477 4864 1600 4926 quo
1630 4845 1789 4926 ejus-

273 4942 429 5002 modi
455 4942 739 5022 trajectio
770 4942 1052 5004 virtualis
1088 4942 1364 5020 ponitur,
1399 4958 1522 5019 quo
1553 4944 1791 5016 tempo-

274 5051 343 5092 re
365 5053 475 5095 non
504 5036 674 5098 valet
701 5036 841 5115 plus
871 5040 1126 5114 propter
1153 5035 1326 5094 illum
1354 5034 1661 5093 minorem
1691 5048 1794 5090 va-

277 5125 455 5188 lorem
482 5129 897 5190 extrinsecum
930 5128 1211 5208 pecuniae
1241 5127 1517 5188 futurum
1563 5125 1626 5185 in
1668 5122 1791 5185 alio

278 5218 423 5298 loco,
452 5223 556 5283 ubi
587 5222 904 5284 cambium
933 5221 1324 5281 reddendum
1354 5223 1468 5279 est.

359 5314 460 5374 Pro
488 5334 609 5395 qno
644 5317 901 5376 adverte
925 5360 941 5391 ,
986 5314 1250 5375 dubium
1278 5328 1556 5392 praesens
1586 5306 1793 5387 dupli-

282 5402 424 5465 citer
445 5426 623 5486 posse
655 5426 1003 5469 occurrere.

361 5500 586 5580 Primo,
644 5502 898 5581 quando
944 5517 1236 5579 campsor
1274 5497 1444 5577 prior
1470 5496 1579 5557 dat
1606 5512 1792 5575 pecu-

3293 324 3409 384 435

1871 483 2007 544 nias
2032 485 2406 562 campsario,
2441 485 2550 564 qui
2577 491 2671 547 est
2697 504 2879 550 casus
2907 488 3220 572 frequens,
3241 499 3305 558 et
3332 498 3410 559 de

1872 596 1995 655 quo
2028 577 2216 638 locuti
2248 582 2394 638 sunt
2420 579 2702 656 praedicti
2733 587 3043 646 auctores.

1952 669 2277 745 Secund0‚
2334 671 2588 750 quando
2643 676 3032 751 campsarius
3087 681 3258 759 prior
3303 683 3414 746 dat

1871 762 2184 842 campsori
2230 769 2595 842 recepturus
2632 773 2847 843 postea
2875 769 2939 828 in
2968 771 3091 833 alio
3119 775 3278 838 loco.
3335 781 3410 840 In

1871 855 2073 934 primo
2122 874 2272 934 ergo
2311 875 2458 917 casu
2490 857 2793 934 dicimu5‚
2846 879 3239 942 campsorem
3285 888 3410 931 non

1870 966 2052 1028 posse
2083 948 2312 1027 pacisci
2334 948 2601 1011 delucro
2623 950 2860 1014 incerto
2891 959 3163 1020 currenti
3194 966 3412 1040 postea

1872 1046 2153 1119 tempore
2184 1041 2475 1103 solutioni
2503 1042 2811 1105 destinato
2832 1092 2847 1121 ,
2899 1050 3151 1125 quando
3184 1054 3413 1132 praevi-

1873 1132 2056 1194 detur
2084 1134 2442 1212 augendum
2473 1135 2604 1195 fore
2636 1142 2781 1197 tunc
2802 1140 3093 1215 pretium.
3130 1146 3308 1207 Ratio
3339 1165 3415 1206 ex

1873 1227 2053 1288 dictis
2095 1233 2229 1296 est,
2288 1227 2435 1307 quia
2480 1228 2764 1307 trajectio
2820 1236 2880 1292 et
2927 1239 3307 1299 assecuratio
3340 1258 3416 1299 ex

1871 1321 2225 1396 Placentia,
2260 1321 2364 1382 ubi
2397 1322 2713 1382 cambium
2743 1324 3114 1387 solvendum
3146 1336 3278 1409 est,
3334 1332 3415 1392 ad

1872 1413 2039 1473 hunc
2067 1413 2313 1489 locum,
2350 1433 2577 1492 nempe
2610 1417 2872 1476 Romam
2897 1464 2913 1495 ,
2946 1420 3052 1480 ubi
3083 1424 3416 1499 pecuniam

1873 1524 1908 1565 a
1938 1523 2264 1584 campsore
2293 1506 2548 1585 accipis,
2581 1526 2706 1568 non
2735 1515 2829 1570 est
2858 1517 3075 1588 postea
3102 1514 3411 1593 facienda,

1875 1597 2126 1677 quando
2183 1604 2443 1677 propter
2480 1601 2788 1678 majorem
2835 1605 3120 1680 pecuniae
3163 1609 3412 1687 copiam

1875 1690 2206 1751 Placentiae
2236 1690 2511 1751 futuram
2538 1736 2554 1767 ,
2604 1692 2743 1770 plus
2786 1696 3020 1759 valebit
3047 1698 3215 1759 illam
3247 1701 3418 1781 traji-

1873 1801 2014 1844 cere
2047 1785 2310 1843 Romam
2331 1829 2347 1859 ,
2394 1784 2505 1843 sed
2532 1785 2602 1845 fit
2630 1803 2794 1846 nunc
2844 1790 3095 1867 quando
3126 1809 3420 1873 campsor

1875 1878 2088 1936 Romae
2114 1875 2447 1952 pecuniam
2476 1882 2767 1938 numerat
2823 1898 2836 1939 ε
2887 1899 3036 1958 ergo
3067 1882 3118 1941 si
3149 1902 3315 1944 nunc
3344 1886 3415 1947 fit

1873 1985 1985 2046 pro
2016 1967 2217 2046 pretio
2247 1969 2563 2045 praesenti,
2585 1987 2708 2047 quo
2731 1989 2895 2032 nunc
2917 1973 3264 2037 aestimatur
3295 1982 3420 2037 tra-

1868 2060 2061 2140 jectio
2089 2060 2196 2119 illa
2227 2065 2288 2121 et
2317 2061 2698 2122 assecuratio
2724 2108 2739 2138 ,
2796 2068 2859 2125 et·
2905 2084 3027 2144 quo
3058 2085 3418 2148 campsores

1877 2153 1981 2213 alii
2008 2151 2446 2232 trajectionem
2475 2157 2537 2213 et
2568 2157 3098 2218 assecurationem
3120 2163 3413 2239 offerunt,

1877 2263 2000 2307 non
2031 2248 2236 2322 potest
2263 2263 2555 2324 campsor
2575 2246 2744 2325 juste
2773 2250 2914 2327 plus
2949 2252 3220 2331 exigere,
3272 2256 3420 2334 quia

1877 2341 2094 2416 postea
2122 2336 2407 2416 trajectio
2434 2338 2540 2399 illa
2567 2338 2706 2417 plus
2736 2341 3002 2402 valitura
3030 2349 3143 2420 est,
3171 2348 3317 2424 quia
3347 2346 3421 2407 il-

1875 2431 1985 2492 lud
2016 2434 2112 2490 est
2138 2430 2410 2508 pretium
2441 2429 2682 2509 justum
2713 2433 2882 2510 quod
2912 2436 3081 2498 valet
3108 2439 3416 2517 trajectiO,

1878 2522 2129 2603 quando
2161 2523 2252 2598 fit,
2284 2527 2347 2583 et
2375 2541 2500 2583 non
2532 2523 2685 2583 illud
2715 2526 2883 2603 quod
2920 2535 3137 2605 postea
3165 2534 3420 2596 mutatis

1877 2615 2364 2677 circumstantiis
2407 2615 2685 2677 habebit.
2738 2619 3034 2689 Quamvis
3069 2627 3281 2685 autem
3310 2644 3421 2685 va-

1877 2709 2061 2770 riatio
2090 2708 2196 2768 illa
2208 2709 2416 2768 futura
2444 2709 2886 2788 praevideatur,
2910 2712 3118 2776 adhuc
3134 2734 3423 2796 campso-

1877 2821 1978 2864 res
2009 2801 2113 2861 alii
2143 2801 2563 2862 communiter
2606 2802 2669 2861 in
2713 2802 2849 2864 foro
2899 2819 3013 2883 pro
3055 2810 3256 2885 pretio
3301 2810 3421 2870 mi-

1878 2894 2014 2955 nori
2046 2895 2316 2954 offerunt
2341 2892 2776 2972 trajectionem
2807 2895 2977 2957 illam
3022 2918 3036 2960 ε
3072 2918 3223 2978 ergo
3253 2922 3419 2964 nunc

1878 2987 1999 3048 hoc
2027 2986 2299 3066 pretium
2330 2986 2538 3047 minus
2566 2986 3005 3050 aestimandum
3036 2996 3130 3054 est
3150 2992 3413 3073 justum,

1877 3083 1941 3141 et
1966 3097 2091 3140 non
2120 3079 2274 3139 illud
2303 3079 2495 3140 aliud.

1958 3175 2228 3250 Rursus,
2260 3172 2510 3251 quando
2540 3174 2927 3254 campsarius
2968 3177 3142 3257 prins
3172 3178 3280 3242 dat
3305 3201 3416 3261 pe-

1876 3265 2093 3328 cunias
2120 3264 2430 3342 campsori
2461 3267 2673 3326 Romae
2702 3268 2818 3328 sibi
2851 3275 3068 3347 postea
3085 3272 3416 3334 Placentiae

1875 3358 2266 3434 reddendas,
2320 3376 2442 3418 non
2485 3359 2716 3436 poterit
2742 3361 2931 3421 etiam
2962 3380 3252 3442 campsor
3278 3367 3418 3445 plus

1877 3452 2164 3529 exigere,
2215 3468 2403 3529 quam
2434 3451 2641 3513 valeat
2680 3471 2847 3513 nunc
2884 3454 2989 3514 illa
3036 3457 3318 3537 trajectio
3357 3463 3421 3522 et

1877 3544 2295 3619 assecuratio,
2349 3543 2494 3604 licet
2532 3549 2749 3623 postea
2788 3546 2927 3625 plus
2974 3550 3242 3611 valitura
3288 3554 3415 3618 sit:

1878 3637 2027 3717 quia
2055 3642 2206 3698 tunc
2239 3635 2428 3696 etiam
2458 3638 2845 3715 campsarius
2874 3657 2997 3699 non
3020 3642 3211 3720 exigit
3236 3646 3421 3724 traje-

1878 3730 2152 3791 ctionem
2181 3728 2457 3789 futuram
2504 3729 2614 3789 sed
2645 3737 3043 3809 praesentem,
3078 3740 3142 3795 et
3169 3735 3249 3795 ad
3298 3737 3418 3799 hoc

1879 3821 2191 3901 campsori
2247 3821 2357 3882 dat
2410 3839 2576 3881 nunc
2633 3823 2951 3900 pecunias,
3012 3831 3081 3887 ut
3118 3846 3283 3889 nunc
3311 3849 3418 3892 eas

1877 3914 2217 3977 transferat
2240 3912 2621 3974 Placentiam
2639 3959 2655 3989 ,
2689 3920 2751 3975 et
2778 3915 3009 3978 habeat
3036 3918 3120 3978 ibi
3148 3921 3420 3983 redden-

1880 4008 1994 4068 das
2020 4010 2260 4086 postea.
2324 4005 2503 4077 Quod
2532 4006 2583 4065 si
2615 4024 2908 4085 campsor
2935 4010 3092 4072 nolit
3117 4030 3222 4072 eas
3252 4033 3419 4077 nunc

1878 4100 2191 4180 trajicere,
2223 4098 2334 4159 sed
2364 4102 2580 4176 postea
2608 4101 2860 4178 quando
2890 4102 3173 4183 trajectio
3202 4106 3420 4170 diffiei-

1878 4195 1998 4254 lior
2026 4197 2088 4254 et
2117 4192 2322 4253 carior
2364 4191 2503 4267 erit,
2538 4192 2656 4252 sibi
2686 4193 2955 4272 imputet
2985 4215 2999 4255 :
3035 4203 3421 4277 campsarins

1882 4287 2049 4348 enim
2077 4286 2159 4346 ad
2190 4285 2308 4345 hoc
2342 4303 2466 4345 non
2494 4286 2762 4364 obligat,
2796 4288 2907 4347 sed
2953 4290 3183 4353 sufficit
3211 4294 3266 4353 ei
3293 4299 3425 4357 tra-

1876 4380 2067 4461 jectio
2097 4397 2397 4457 praesenS,
2432 4380 2684 4457 quando
2716 4380 2957 4442 facilior
2987 4389 3101 4461 est,
3139 4386 3425 4450 dummo-

1885 4473 1965 4533 do
1997 4477 2282 4548 tempore
2313 4476 2544 4532 statuto
2588 4474 2887 4549 pecunias
2914 4494 3060 4537 suas
3089 4479 3422 4543 Placentiae

1887 4565 2120 4625 habeat
2152 4584 2165 4624 :
2200 4582 2394 4643 quare
2426 4582 2543 4624 nec
2573 4570 2723 4626 tunc
2752 4568 2938 4628 etiam
2970 4586 3260 4649 campsor
3286 4576 3425 4653 plus

1886 4662 2093 4737 potest
2111 4657 2382 4734 exigere,
2406 4656 2524 4716 nisi
2552 4657 2610 4716 id
2645 4677 2757 4736 pro
2781 4678 2904 4737 quo
2934 4679 3292 4740 campsores
3322 4667 3425 4727 alii

1889 4760 2055 4811 nunc
2082 4749 2517 4827 trajectionem
2564 4749 2731 4810 illam
2775 4753 3071 4828 offerunt,
3124 4759 3291 4835 quod
3335 4764 3430 4822 est

1888 4843 2159 4923 pretium
2192 4860 2470 4920 praesens
2504 4842 2787 4920 praedicti
2826 4845 3076 4907 cambii.
3128 4850 3178 4909 Ε
3210 4857 3429 4914 contra

1887 4942 2098 4998 tamen
2113 4981 2136 5006 ν,
2199 4934 2250 4993 si
2302 4935 2688 5012 campsarius
2729 4934 2885 4996 dans
2926 4938 3097 5015 prius
3131 4944 3428 5017 pecunias

1889 5027 2196 5108 praevidet
2221 5028 2499 5088 futurum
2516 5028 2698 5089 vilius
2718 5029 2986 5108 pretium
3017 5033 3248 5093 cambii
3274 5042 3427 5098 tem-

1890 5139 2077 5200 pore,
2123 5120 2340 5199 quoin
2368 5121 2491 5181 alio
2540 5121 2675 5182 loco
2723 5122 3022 5199 pecunias
3063 5132 3428 5206 recepturus

1893 5219 2007 5289 est,
2034 5213 2221 5274 credo
2254 5213 2422 5292 quod
2455 5220 2665 5292 posset
2692 5215 2859 5275 licite
2890 5217 3140 5294 pacisci,
3169 5225 3238 5282 ut
3263 5240 3430 5282 cam-

1890 5306 2064 5367 bium
2093 5324 2219 5365 ηοη
2262 5306 2375 5366 nisi
2407 5307 2606 5385 pretio
2635 5313 2855 5386 postea
2875 5317 3162 5372 currente
3192 5315 3433 5376 solven-

1891 5399 2044 5458 dum
2072 5404 2237 5460 esset
2269 5418 2284 5458 ε
2318 5398 2467 5477 quia
2493 5404 2704 5478 posset
2731 5418 2855 5461 non
2891 5402 3170 5481 obligare
3199 5407 3280 5468 ad
3313 5415 3434 5470 tra-

1885 5492 2226 5572 jectionem
2256 5495 2406 5553 tunc
2434 5493 2788 5554 faciendam
2807 5539 2823 5571 ,
2870 5496 2981 5556 sed
3029 5498 3277 5578 exigere
3305 5506 3434 5563 tra-
