4263 6376
1234 379 1705 440 DISPUTATIO
1750 377 2026 453 XXXVI,
2075 378 2349 439 SEC'I'IO
2394 380 2496 441 xl.

969 554 1233 616 venditio
1260 555 1333 615 fit
1359 555 1583 633 pretio,
1632 554 1801 635 quod

957 647 1214 724 navarit,
1240 647 1509 708 diximus
1528 647 1803 708 sectione

943 740 1171 800 endum
1217 744 1463 819 tempus
1500 757 1623 820 quo
1666 758 1804 819 pos-

933 836 1090 908 atur,
1125 832 1272 911 quia
1301 837 1485 895 antea
1523 832 1801 893 venditio

913 944 1078 985 *ecus
1107 930 1269 987 esset
1299 927 1346 985 si
1379 926 1675 987 venditur
1703 943 1803 984 res

912 1026 968 1077 to
1001 1017 1079 1078 ad
1121 1019 1357 1098 aliquid
1391 1018 1797 1097 praeteritum,

879 1138 884 1165 l
923 1116 982 1171 te
1013 1130 1168 1188 rem,
1204 1113 1419 1192 quanti
1439 1130 1580 1171 eam
1599 1110 1800 1172 emisti

899 1222 1028 1263 rem
1056 1205 1324 1265 similem
1354 1206 1525 1280 emit,
1560 1205 1659 1266 vel
1690 1222 1798 1283 pe·

853 1315 940 1356 *eo
984 1297 1047 1357 in
1094 1298 1204 1358 tali
1234 1299 1370 1359 loco
1407 1318 1420 1358 :
1455 1301 1602 1358 tunc
1634 1298 1801 1357 enim

847 1400 864 1447 t
893 1409 1059 1451 nunc
1094 1392 1171 1452 de
1213 1391 1560 1470 quantitate
1591 1390 1796 1468 pretii,

829 1484 1126 1560 bsolutus,
1162 1503 1304 1544 curn
1329 1483 1461 1563 jam
1493 1484 1691 1562 posita
1725 1483 1804 1544 sit

853 1576 1310 1655 inspiciendum
1395 1581 1488 1637 est
1555 1581 1803 1655 tempus

795 1669 945 1729 iobis
975 1675 1239 1745 constat,
1273 1671 1381 1730 sed
1409 1689 1532 1751 quo
1563 1674 1803 1731 contra-

956 2164 1012 2243 ἓ.
1048 2167 1104 2226 1.

625 2426 708 2487 De
734 2426 856 2489 loco
878 2427 1161 2491 solvendoe
1186 2430 1451 2512 qabelloe.

519 2730 530 2737 ,
561 2682 788 2759 locum,
811 2680 915 2744 ubi
945 2682 1191 2761 gabella
1219 2684 1375 2746 solvi
1407 2684 1617 2764 debet,
1652 2689 1806 2748 rnul-

479 2774 727 2835 ›cndent
754 2793 828 2835 ex
857 2776 1098 2854 legibus
1125 2777 1609 2856 municipalibus
1670 2801 1684 2841 :
1744 2784 1807 2843 et

456 2888 484 2925 s
513 2886 588 2927 ex
640 2867 715 2928 iis
743 2886 882 2948 quoe
927 2869 1006 2929 ad
1053 2870 1414 2948 Hispaniam
1461 2873 1798 2951 pertinent,

401 2967 455 3020 :t
484 2959 711 3021 Molina
739 2976 834 3024 111.
864 2965 1016 3023 tom.
1040 2962 1269 3042 disput.
1303 2966 1439 3025 676.
1475 2968 1538 3025 et
1565 2984 1638 3025 ex
1670 2967 1802 3045 ipso

373 3052 616 3112 rrianus
644 3053 873 3131 disput.
907 3056 1087 3115 XLV.
1142 3054 1291 3116 dub.
1325 3073 1385 3117 v.
1422 3062 1485 3118 et
1511 3074 1598 3118 w.
1637 3058 1804 3136 apud

321 3162 430 3207 ,ios
471 3146 669 3207 videri
709 3150 972 3226 possunt
1003 3168 1015 3210 :
1051 3165 1194 3208 cum
1223 3149 1389 3210 enim
1421 3169 1543 3212 non
1574 3151 1697 3214 sint
1726 3152 1803 3212 de

277 3258 408 3316 ‚ure
439 3245 682 3301 naturae
704 3286 720 3316 ‚
768 3241 867 3300 vel
897 3241 975 3301 de
996 3241 1140 3320 jure
1171 3245 1511 3322 communi,
1544 3251 1806 3325 possunt

271 3350 385 3410 pro
427 3333 728 3394 varietate
774 3332 1054 3395 locorum
1084 3353 1209 3396 non
1239 3336 1553 3398 deservire
1584 3339 1701 3400 nisi
1731 3339 1805 3398 iis

271 3425 438 3503 apud
468 3443 626 3505 quos
652 3426 885 3504 vigent.
932 3428 1273 3508 Loquendo
1304 3448 1450 3508 ergo
1483 3431 1542 3491 in
1572 3450 1803 3510 genere

269 3517 348 3578 de
383 3518 647 3597 gabellis
668 3565 684 3592 ,
724 3523 965 3581 certum
995 3524 1088 3581 est
1121 3539 1227 3581 eas
1257 3542 1396 3603 quoe
1425 3524 1505 3583 ad
1534 3526 1804 3603 vectiga-

267 3609 353 3671 lia
387 3617 449 3672 ct
476 3613 756 3690 portoria
781 3614 1115 3692 pertinent,
1151 3614 1364 3676 deberi
1393 3617 1482 3676 ibi
1509 3617 1615 3677 ubi
1647 3636 1805 3678 mer-

269 3722 375 3765 ces
403 3710 810 3784 asportantur
834 3707 932 3766 vel
961 3706 1461 3771 introducuntur.
1522 3712 1679 3772 Tota
1708 3730 1806 3771 er-

268 3816 350 3877 go
379 3798 718 3860 difficultas
757 3802 851 3861 est
879 3799 957 3859 de
985 3801 1247 3878 gabellis
1277 3821 1416 3882 quae
1454 3821 1528 3863 ex
1559 3808 1807 3865 contra-

269 3891 472 3952 ctibus
489 3892 815 3970 debentur,
836 3912 916 3953 an
945 3893 1368 3955 debeanturin
1399 3896 1501 3956 illo
1530 3895 1666 3958 loco
1698 3897 1802 3957 ubi

270 3988 630 4045 contractus
659 3985 1008 4047 executioni
1034 3987 1418 4049 mandatur?
1446 3990 1523 4049 Et
1551 3990 1804 4069 quidem

269 4076 440 4157 leges
467 4077 549 4137 ad
578 4078 865 4140 vitandas
894 4080 1147 4141 fraudes
1190 4087 1251 4142 et
1278 4082 1557 4143 tollenda
1586 4084 1800 4160 dubia,

268 4171 476 4231 solent
502 4171 835 4250 providere
865 4176 928 4233 et
955 4173 1266 4252 explicare
1309 4175 1413 4235 ubi
1470 4181 1534 4237 et
1579 4176 1806 4257 quibus

269 4263 573 4324 solvenda
625 4265 707 4325 sit
752 4266 999 4344 gabella
1060 4285 1136 4326 ex
1190 4272 1512 4329 contractu
1568 4270 1801 4347 debita,

269 4375 411 4437 quae
439 4357 615 4436 leges
643 4357 1040 4421 consulendoe
1073 4364 1134 4421 et
1162 4361 1568 4423 observandae
1598 4368 1800 4426 erunt.

270 4451 366 4511 Ad
395 4468 513 4510 nos
540 4468 692 4511 vero
739 4451 942 4512 solum
972 4453 1196 4515 attinet
1239 4453 1447 4514 dicere
1476 4501 1491 4531 ‚
1550 4456 1806 4516 seclusis

269 4541 344 4603 iis
371 4542 617 4622 legibus
640 4590 655 4619 ,
715 4544 864 4624 quid
910 4549 1277 4625 sequeretur
1303 4547 1561 4625 praecise
1592 4567 1666 4608 ex
1694 4549 1807 4608 irn-

270 4636 580 4714 positione
607 4635 908 4714 gabellae?
960 4638 1199 4716 Regula
1242 4638 1455 4718 itaque
1496 4641 1807 4717 generalis

269 4734 385 4803 est,
419 4728 589 4807 quod
617 4729 1023 4790 attendantur
1050 4730 1241 4791 verba
1270 4731 1425 4810 legis
1446 4733 1672 4812 quibus
1699 4752 1805 4813 ga·

269 4821 438 4882 bella
466 4821 811 4901 imponitur
857 4843 872 4882 :
923 4823 1260 4903 aliquando
1309 4825 1476 4884 enim
1526 4826 1808 4904 impone-

269 4918 374 4975 tur
412 4914 526 4974 soli
574 4915 919 4976 contractui
976 4935 990 4976 ε
1050 4916 1386 4996 aliquando
1434 4918 1752 4980 traditioni
1787 4938 1800 4979 ε

269 5006 607 5086 aliquando
637 5024 785 5068 vero
806 5007 956 5085 ipsis
988 5008 1168 5070 bonis
1198 5009 1275 5069 de
1305 5010 1531 5090 quibus
1562 5016 1805 5074 contra·

272 5099 461 5160 bitur.

352 5192 612 5266 Quando
643 5211 793 5272 ergo
838 5193 936 5255 lex
983 5193 1335 5273 imponeret
1362 5198 1664 5260 tributum
1692 5199 1804 5260 soli

270 5287 641 5362 contractui,
674 5287 758 5347 ibi
792 5287 1129 5350 deberetur
1148 5290 1251 5350 ubi
1283 5296 1641 5355 contractus
1666 5312 1809 5371 per-

271 5379 480 5440 ficitur
512 5378 575 5438 in
602 5379 847 5441 rationo
876 5381 1018 5443 talis
1047 5388 1428 5461 contractus,
1468 5386 1614 5447 licet
1640 5386 1809 5448 bona

272 5472 354 5533 ibi
384 5490 509 5532 non
539 5477 749 5534 essent
788 5473 899 5534 sed
944 5475 1113 5536 alibi.
1164 5478 1256 5538 Ita
1283 5478 1622 5539 dicendum
1672 5498 1806 5541 esse

271 5565 348 5627 de
371 5564 515 5644 jure
544 5567 884 5644 communi,
918 5568 1146 5630 docent
1173 5570 1405 5632 Baldus
1430 5617 1446 5648 ,
1477 5577 1542 5634 et
1569 5574 1804 5634 Panor-

3327 378 3443 437 667

1902 554 2200 631 mitanuS‚
2234 571 2501 634 quorum
2530 554 2903 616 sententiam
2928 555 3111 615 affert
3138 554 3201 614 et
3227 550 3448 613 laudat

1904 647 2133 711 Sanch.
2164 646 2225 709 d.
2261 666 2398 728 cap.
2433 650 2536 709 lv.
2570 647 2719 709 dub.
2755 663 2901 707 xm.
2954 663 3127 707 num.
3161 647 3222 706 3.
3274 643 3446 723 quod

1903 744 2112 802 tamen
2145 741 2575 819 exceptionem
2596 740 2789 801 babet
2804 739 2993 802 etiam
3015 738 3246 817 dejure
3274 754 3443 798 com-

1902 834 2116 909 muni,
2165 852 2289 914 quo
2332 835 2626 895 statuitur
2651 836 3039 894 contractum
3087 830 3173 890 ibi
3203 828 3448 890 censeri

1902 925 2160 1002 factum,
2195 926 2301 986 ubi
2331 926 2708 987 contrahens
2735 944 2800 986 se
2831 925 2911 986 ad
2938 922 3309 985 solvendum
3339 922 3445 983 ob·

1900 1019 2120 1097 ligavit
2152 1039 2166 1079 :
2203 1037 2399 1098 quare
2429 1020 2479 1079 si
2510 1022 2723 1080 Romoe
2752 1023 2813 1079 te
2845 1018 3088 1096 obligas
3108 1015 3189 1077 ad
3204 1016 3447 1077 solven-

1901 1110 2054 1171 dum
2080 1111 2314 1173 Matriti
2336 1157 2352 1188 ‚
2401 1112 2635 1190 poteris
2681 1110 2909 1172 Matriti
2957 1107 3277 1170 conveniri
3301 1153 3318 1185 ,
3376 1110 3448 1168 ut

1904 1201 2173 1265 habetur
2199 1205 2262 1264 in
2292 1205 2331 1265 l.
2371 1204 2753 1266 Contraxisse
2776 1250 2791 1280 ,
2843 1205 2908 1266 ff.
2959 1201 3030 1263 de
3054 1202 3269 1262 aetion.
3304 1204 3369 1261 et
3394 1200 3436 1261 1.

1906 1296 2163 1375 OuoerO„
2197 1298 2264 1359 ff.
2297 1297 2367 1358 de
2390 1297 2660 1358 solution.
2697 1314 2891 1377 quare
2921 1314 3064 1356 cum
3093 1312 3195 1355 res
3223 1295 3444 1354 immo-

1902 1389 2058 1450 biles
2087 1395 2149 1452 et
2176 1390 2308 1452 solo
2339 1390 2547 1450 affixae
2577 1408 2702 1450 non
2732 1388 2977 1468 possint
3004 1386 3159 1448 solvi
3190 1386 3308 1446 nisi
3335 1383 3444 1447 ubi

1903 1487 2083 1560 sunt,
2145 1502 2361 1544 earum
2411 1484 2586 1544 locus
2613 1483 2864 1544 videtur
2909 1479 3333 1541 attendendus
3363 1477 3444 1538 ad

1901 1575 2236 1655 gabellam,
2268 1577 2583 1657 loquendo
2613 1576 2691 1635 de
2715 1574 2857 1654 jure
2888 1572 3226 1649 communi,
3263 1573 3447 1650 prout

1903 1669 2086 1730 docet
2110 1669 2344 1730 Baldus
2374 1670 2436 1729 in
2466 1669 2511 1729 l.
2546 1668 2798 1729 Multum
2830 1667 3071 1727 interest
3090 1711 3105 1742 ,
3141 1667 3208 1726 ff.
3237 1665 3294 1725 si
3315 1663 3446 1745 quis

1903 1760 2080 1821 alteri
2104 1760 2199 1821 vel
2218 1761 2364 1838 sibi,
2418 1780 2607 1841 quem
2636 1760 2815 1822 multi
2844 1763 3235 1840 sequuntur,
3287 1774 3444 1837 quos

1901 1853 2092 1915 refert
2119 1854 2532 1915 Bertachinus
2577 1853 2647 1914 de
2690 1851 2934 1933 yabellis
2963 1868 3050 1913 v1.
3086 1854 3247 1930 part.
3282 1868 3344 1910 n.
3378 1853 3437 1911 8.

1903 1946 2084 2010 Unde

1982 2040 2185 2101 infero
2215 2038 2441 2119 primo,
2475 2038 2527 2099 si
2553 2057 2654 2099 res
2682 2038 2848 2099 eirca
2878 2055 3066 2117 quam
3096 2037 3166 2097 fit
3185 2037 3440 2097 coutra-

1906 2135 2064 2208 ctuS,
2087 2137 2151 2193 et
2180 2150 2321 2212 quae
2348 2131 2656 2193 tradenda
2683 2134 2800 2206 est,
2838 2130 2994 2190 sitin
3027 2128 3347 2207 Hispania,
3381 2130 3444 2189 et

1901 2224 1987 2286 ibi
2017 2225 2178 2286 tradi
2209 2224 2471 2299 debeat,
2505 2228 2567 2286 et
2594 2226 2951 2286 contractus
2981 2222 3094 2283 fiat
3116 2222 3180 2282 in
3211 2220 3433 2296 Gallia,

1902 2318 2214 2396 gabellam
2236 2335 2360 2378 non
2376 2317 2438 2377 in
2458 2315 2653 2377 Gallia
2675 2315 2857 2377 sedin
2878 2313 3177 2392 Hispania
3199 2313 3440 2374 solven—

1905 2410 2049 2471 dam
2080 2428 2215 2470 esse
2250 2429 2263 2470 ε
2298 2428 2490 2489 quare
2517 2410 2567 2470 si
2599 2409 2662 2468 in
2691 2407 2991 2486 Hispania
3011 2424 3134 2466 non
3165 2406 3246 2468 sit
3272 2405 3446 2466 debi-

1902 2507 1969 2565 ta
1995 2503 2099 2562 illa
2126 2502 2410 2582 gabella‚
2468 2501 2613 2562 licet
2657 2501 2738 2561 sit
2781 2499 3077 2578 imposita
3122 2500 3188 2559 in
3220 2498 3438 2574 Gallia,

1905 2614 2029 2656 non
2061 2595 2346 2671 debetur,
2382 2598 2445 2655 et
2472 2594 2558 2655 ita
2585 2592 2901 2673 loquendo
2931 2590 3010 2651 de
3040 2591 3290 2672 gabella
3317 2590 3439 2652 Al-

1904 2687 2107 2750 cavala
2147 2692 2360 2748 contra
2383 2689 2640 2748 Lasarte
2684 2685 2871 2746 docet
2897 2682 3127 2745 Molina
3155 2688 3307 2745 tom.
3341 2700 3440 2745 111.

1904 2782 2063 2861 disp.
2099 2784 2238 2843 676.

1985 2875 2194 2937 infero
2222 2873 2499 2934 secundo
2526 2919 2541 2949 ,
2577 2871 2746 2952 ‘quid
2777 2870 3112 2931 dicendum
3143 2868 3224 2931 sit
3248 2887 3448 2948 quan-

1903 2968 1984 3029 do
2017 2971 2374 3028 contractus
2414 2967 2484 3026 fit
2523 2984 2638 3046 per
2665 2969 3167 3043 procuratorem,
3227 2981 3305 3023 an
3337 2961 3448 3021 de-

1903 3060 2127 3121 beatur
2156 3060 2402 3135 gabella
2434 3058 2540 3119 ubi
2559 3061 2931 3137 procurator
2959 3054 3275 3118 contrahit
3297 3101 3312 3131 ,
3364 3072 3444 3115 an

1904 3171 2055 3215 vero
2111 3152 2215 3213 ubi
2277 3156 2369 3214 est
2423 3152 2557 3231 ejus
2611 3149 2946 3212 dominus?
3011 3147 3449 3229 Respondetur

1905 3247 2091 3307 etiam
2145 3244 2359 3305 deberi
2406 3245 2491 3304 ibi
2528 3244 2633 3304 ubi
2682 3263 2792 3323 per
2828 3248 3301 3323 procuratorem
3331 3242 3447 3302 ha-

1903 3340 2159 3400 bentem
2196 3338 2277 3398 ad
2334 3338 2396 3397 id
2437 3337 2801 3398 facultatem
2850 3336 3172 3416 perficitur
3197 3339 3446 3398 contra-

1905 3436 2062 3509 ctus,
2094 3432 2182 3493 ita
2209 3434 2464 3493 Lasarte
2495 3449 2639 3492 cum
2667 3430 2864 3491 Baldo
2890 3477 2905 3506 ,
2958 3447 3116 3510 quos
3164 3429 3357 3491 refert
3384 3430 3448 3489 et

1905 3525 2188 3605 sequitur
2213 3525 2444 3587 Molina
2473 3523 2537 3584 d.
2571 3523 2732 3602 disp.
2769 3526 2910 3585 676.
2946 3541 3117 3583 num.
3151 3527 3211 3583 4.

1983 3621 2214 3679 Contra
2259 3617 2369 3677 bas
2399 3617 2554 3677 duas
2583 3617 2892 3677 illationes
2938 3615 3076 3674 fieri
3102 3617 3313 3694 potest
3340 3614 3448 3674 ob-

1898 3710 2088 3791 jectio
2124 3729 2139 3770 :
2173 3710 2320 3788 quia
2349 3710 2595 3787 gabella
2642 3727 2768 3769 non
2816 3711 3023 3787 potest
3064 3706 3228 3784 exigi
3259 3705 3372 3766 nisi
3406 3723 3443 3765 a

1905 3802 2155 3864 subdito
2203 3822 2215 3863 :
2268 3802 2379 3863 scd
2412 3802 2620 3863 Gallus
2667 3800 2938 3862 existens
2978 3800 3043 3859 in
3073 3798 3272 3860 Gallia
3318 3816 3442 3858 non

1905 3900 1998 3957 est
2025 3895 2312 3957 subditus
2342 3893 2693 3973 Hispaniae3
2742 3912 2890 3972 ergo
2923 3891 3174 3972 quando
3204 3891 3269 3950 in
3301 3890 3443 3951 Gal-

1903 3989 1988 4049 lia
2015 3988 2232 4049 vendit
2260 3989 2435 4050 alteri
2463 3989 2628 4049 bona
2660 4004 2798 4067 quae
2828 3986 3021 4047 habet
3049 3985 3111 4045 in
3141 3982 3444 4062 Hispania

1905 4101 2029 4144 non
2061 4086 2266 4161 potest
2312 4082 2439 4160 peti
2486 4081 2568 4142 ab
2598 4099 2671 4141 eo
2700 4079 2950 4159 gabella
2978 4097 3017 4140 a
3041 4096 3190 4156 rege
3222 4077 3445 4156 Hispa-

1904 4174 2056 4248 niae3
2099 4179 2163 4236 et
2206 4175 2374 4235 idem
2404 4176 2523 4236 erit
2551 4174 2800 4254 quando
2830 4191 2943 4252 per
2970 4174 3444 4251 procuratorem

1906 4267 2219 4330 contrahit
2246 4268 2307 4327 iu
2339 4267 2637 4346 Hispania
2671 4286 2683 4327 :
2720 4266 2867 4346 quia
2894 4265 3143 4344 gabella
3170 4283 3295 4326 non
3326 4265 3445 4327 sol·

1903 4363 2071 4423 vitur
2099 4380 2136 4421 a
2166 4364 2569 4440 procuratore
2593 4406 2608 4436 ,
2669 4377 2813 4419 cum
2860 4358 2993 4437 ipse
3041 4376 3166 4419 non
3195 4361 3445 4420 contra-

1903 4455 2065 4515 xerit
2092 4473 2279 4529 vere,
2342 4452 2448 4513 sed
2495 4451 2706 4512 Gallus
2748 4450 2957 4512 medio
3003 4451 3172 4529 ipso;
3234 4450 3444 4510 Gallus

1907 4551 2117 4608 autem
2148 4547 2384 4624 degens
2410 4545 2476 4605 in
2507 4544 2703 4605 Gallia
2733 4563 2855 4605 non
2896 4548 2989 4604 est
3033 4542 3318 4604 subditus
3346 4561 3445 4601 re-

1905 4641 2002 4720 gis
2031 4639 2369 4719 Hispaniae.
2404 4637 2859 4717 Respondetur,
2876 4636 2928 4697 si
2946 4636 3112 4697 bona
3142 4653 3281 4715 quae
3298 4652 3443 4695 ven-

1911 4734 2024 4810 dit,
2053 4737 2199 4794 sunt
2224 4731 2460 4811 praedia
2490 4732 2588 4792 vel
2606 4731 2828 4791 domus
2850 4748 3004 4808 quas
3017 4727 3208 4788 habet
3232 4728 3295 4788 in
3309 4727 3443 4789 His-

1904 4826 2113 4907 pania,
2148 4824 2469 4888 conveniri
2485 4826 2688 4901 potest
2704 4839 2893 4900 super
2927 4840 3000 4882 eo
3031 4823 3357 4883 contractu
3379 4820 3440 4880 in

1905 4919 2226 5000 Hispania,
2260 4918 2359 4980 vel
2388 4917 2578 4979 etiam
2607 4916 2658 4975 si
2687 4914 2990 4976 sintbona
3016 4913 3295 4990 mobilia,
3331 4913 3441 4974 ob-

1905 5013 2123 5092 ligavit
2150 5032 2216 5073 se
2263 5029 2377 5090 per
2402 5011 2794 5071 contractum
2822 5006 2903 5067 ad
2936 5025 3012 5067 ea
3038 5005 3347 5068 tradenda
3375 5006 3437 5066 in

1905 5107 2244 5186 Hispania,
2296 5108 2483 5184 atque
2531 5101 2690 5162 adeo
2741 5099 2951 5180 quoad
2992 5099 3167 5160 illum
3198 5103 3442 5161 contra-

1906 5205 2075 5262 ctum
2121 5201 2192 5261 fit
2231 5197 2516 5259 subditus
2568 5199 2631 5257 et
2668 5212 2866 5272 capax
2896 5192 3295 5272 obligationis
3320 5192 3442 5253 sol-

1907 5294 2097 5356 vendi
2143 5291 2475 5371 gabellam.
2524 5287 2786 5360 Quando
2826 5304 2974 5346 vero
3020 5284 3335 5346 contrahit
3379 5286 3443 5345 in

1906 5386 2209 5468 Hispania
2238 5403 2350 5464 per
2377 5383 2868 5462 procuratorem,
2903 5378 3092 5439 debet
3119 5378 3309 5438 etiam
3336 5397 3442 5456 ga·

1904 5479 2159 5556 bellam,
2193 5476 2491 5558 quiajam
2538 5476 2827 5536 censetur
2871 5490 3005 5532 esse
3053 5489 3329 5551 praesens
3357 5471 3444 5532 ibi

1904 5591 2017 5654 per
2045 5589 2229 5634 suum
2258 5572 2730 5650 procuratorem
2751 5612 2769 5644 ,
2814 5567 2877 5628 et
2911 5564 3074 5627 sicut
3100 5563 3342 5627 ratione
3370 5563 3443 5626 il-

3593 2034 3705 2091 175

3531 2157 3657 2213 Cujus
3674 2158 3685 2200 1
3740 2158 3750 2169 ”

3526 2212 3761 2254 immunitas

3507 2265 3763 2308 attendenda.
