4263 6376
513 847 591 906 38

471 972 589 1024 Quia,
624 971 659 1014 si

416 1091 532 1122 reum
567 1084 636 1121 ext

516 1192 578 1227 usi
625 1185 677 1227 ab

441 1198 498 1281 2¹1¹}
524 1198 692 1282 ωἶηο,
762 1209 891 1288 qui,
955 1226 1113 1288 quos
1141 1208 1333 1269 refert
1393 1211 1457 1268 et
1509 1207 1792 1287 sequitur
1830 1208 2029 1268 Diana
2054 1213 2205 1268 tom.
2242 1207 2287 1266 1.

753 295 872 354 686

756 486 862 530 sus
906 468 970 529 in
1018 486 1092 529 eo
1120 467 1419 529 fundatus
1455 471 1550 529 est
1575 467 1920 540 invalidus;
1980 486 2130 547 ergo
2162 485 2288 528 non

759 565 855 622 est
880 561 1176 622 credibile
1198 607 1214 636 ‚
1247 559 1554 639 majorem
1583 560 1860 620 valorem
1901 560 2038 621 dari
2067 565 2287 639 captu-

1899 292 2001 352 DE
2042 292 2399 354 JUSTITIA
2446 292 2546 351 ET
2588 292 2786 353 JURE

2463 467 2643 528 Dices
2669 467 2900 543 adhuc,
2933 485 3010 531 ex
3040 467 3161 528 hoc
3189 468 3392 529 solum
3418 467 3619 548 sequi,
3645 464 3931 545 judicem

2385 578 2463 620 ex
2506 560 2612 620 illa
2649 561 3033 621 extractione
3070 561 3305 639 injusta
3359 579 3549 640 quam
3598 559 3746 620 feeit
3794 558 3930 618 sine

4072 467 4149 527 39

3978 594 4230 641 Prooe-sm·

759 672 847 714 rae
876 655 1057 714 factae
1087 653 1150 713 in
1180 653 1456 717 Ecclesia
1480 700 1497 731 ,
1530 662 1593 715 et
1618 654 1862 717 actibus
1883 652 2290 733 judicialibus
2387 653 2717 714 sufficienti
2739 652 3175 732 jurisdictione
3216 655 3415 715 teneri
3465 653 3544 713 ad
3591 651 3930 715 restitutio-
3976 650 4230 692 *ssimfflffi

759 747 824 806 in
854 747 989 825 ipsa
1016 745 1311 808 fundatis·

841 839 1001 900 Hinc
1031 838 1229 899 oritur
1258 837 1521 899 dubium
1549 838 1787 900 morale
1811 885 1827 915 ,
1876 858 1957 900 an
1989 839 2042 898 si
2065 836 2291 916 aliquis

760 932 1040 1012 privatus
1103 949 1214 1009 per
1282 930 1431 1007 vim,
1504 932 1604 992 vel
1653 932 1867 992 dolum
1924 930 2294 992 extraxisset

482 1026 663 1068 ¹¹¹W¹⁸¹⁸²
682 1100 707 1110 -
764 1043 940 1085 reum
971 1024 1050 1084 ab
1079 1022 1343 1083 ecclesia
1362 1068 1377 1099 ,
1426 1023 1622 1102 possit
1650 1028 1868 1102 postea
1891 1023 2087 1102 judex
2117 1022 2293 1082 illum

457 1138 570 1196 ριμηι
588 1132 672 1185 Jam
759 1116 926 1178 licite
964 1121 1027 1178 et
1053 1115 1261 1175 valide
1291 1115 1865 1194 comprehendere?
1908 1118 2156 1193 Negant
2180 1114 2296 1174 ali-

759 1305 939 1363 tract.
973 1316 1017 1361 1.
1052 1298 1123 1359 de
1148 1299 1532 1377 immunitate,
1563 1318 1684 1360 reS.
1722 1303 1818 1361 16.
1871 1304 1934 1361 et
1961 1303 2058 1361 26.
2087 1304 2150 1360 et
2177 1300 2281 1359 111.

757 1398 912 1455 tom.
943 1396 1125 1454 tract.
1158 1407 1202 1452 1.
1224 1390 1293 1452 de
1317 1391 1697 1469 immunitate,
1743 1392 1927 1452 resol.
1960 1395 2096 1453 102.
2145 1390 2293 1471 quia

756 1489 890 1548 tota
916 1485 1023 1545 illa
1051 1484 1527 1562 comprehensio
1557 1485 1856 1546 fundatur
1884 1485 1946 1545 in
1976 1484 2170 1563 priori
2198 1483 2294 1542 in-

751 1577 923 1658 juria
950 1596 1076 1657 qua
1102 1576 1222 1637 fuit
1247 1576 1327 1638 ab
1358 1576 1620 1637 ecclesia
1642 1582 1972 1638 extractus.
2004 1578 2294 1638 Affirmat

758 1677 972 1734 tamen
1004 1672 1236 1731 Suarez
1281 1669 1386 1729 ubi
1424 1689 1612 1748 supra
1645 1688 1815 1730 num.
1854 1674 1949 1731 Π.
1983 1671 2124 1731 cum
2155 1670 2293 1731 aliis

758 1763 972 1825 multis
1019 1762 1187 1841 apud
1216 1762 1478 1822 Dianam
1506 1762 1659 1823 locis
1689 1762 1893 1823 citatis
1918 1809 1933 1838 ‚
1986 1763 2104 1823 nisi
2131 1764 2291 1824 forte

761 1857 864 1916 ille
891 1855 1173 1934 privatus
1201 1854 1427 1915 missus
1454 1854 1673 1915 fuisset
1701 1873 1776 1919 ex
1802 1855 2109 1916 industria
2128 1900 2144 1931 ,
2192 1855 2290 1915 vel

763 1947 1021 2010 consilio
1043 1946 1277 2026 judicis
1306 1947 1385 2007 ad
1414 1947 1587 2007 illum
1619 1949 1910 2009 effectum
1942 1968 1956 2008 :
1999 1949 2051 2008 si
2079 1954 2292 2010 autem

629 2054 640 2058 ’
756 2040 951 2122 judex
994 2057 1119 2099 non
1160 2039 1278 2099 fuit
1305 2040 1616 2118 particeps
1645 2039 1808 2099 illius
1838 2040 2238 2102 extractionis
2270 2060 2286 2113 ;

754 2133 890 2214 jam
906 2135 1125 2211 postea
1143 2131 1340 2192 utitur
1351 2130 1493 2211 jure
1523 2149 1636 2191 suo
1657 2131 1909 2210 capiens
1938 2151 2082 2192 eum
2103 2152 2292 2211 quem

761 2225 1002 2287 invenit
1029 2227 1204 2285 extra
1232 2224 1441 2284 locum
1476 2242 1749 2299 sacrum.
1785 2225 1959 2286 Sicut
1986 2225 2037 2285 si
2066 2225 2292 2304 aliquis

760 2335 904 2381 cum
932 2315 1160 2395 injuria
1189 2314 1353 2376 Petri
1385 2315 1694 2393 producat
1719 2316 1784 2375 in
1817 2317 2139 2395 publicum
2169 2317 2293 2378 cri-

760 2430 906 2471 men
937 2412 1248 2468 secretum
1274 2406 1440 2469 Petri
1472 2427 1486 2467 :
1522 2412 1727 2486 potest
1753 2412 1971 2487 postea
1989 2409 2185 2489 judex
2217 2429 2289 2470 ex

763 2503 882 2564 hac
910 2499 1130 2562 notitia
1158 2500 1473 2578 inquirere
1504 2500 1808 2561 adversus
1839 2505 2113 2580 Petrum,
2146 2503 2294 2566 licet

761 2597 865 2656 illa
893 2593 1155 2655 scientia
1183 2592 1575 2655 emanaverit
1615 2612 1730 2673 per
1756 2594 2055 2675 injustam
2085 2596 2292 2674 publi-

761 2688 1074 2750 cationem
1105 2686 1382 2749 alteriuS.

841 2780 1045 2856 DiceS,
1079 2796 1230 2857 ergo
1261 2778 1313 2837 si
1343 2777 1609 2856 ipsemet
1635 2777 1826 2858 judex
1854 2798 1968 2858 per
1995 2780 2292 2859 injuriam

762 2871 1101 2936 extraxerit
1135 2889 1315 2930 reum
1357 2870 1437 2931 ab
1482 2870 1746 2931 ecclesia
1769 2918 1785 2948 ,
1845 2877 1908 2933 et
1933 2891 2046 2950 per
2072 2891 2293 2934 conse-

761 2985 959 3048 quens
987 2963 1343 3044 peccaverit
1370 2963 1433 3023 in
1462 2962 1599 3041 ipsa
1628 2964 2009 3026 extractione
2035 2985 2049 3028 :
2083 2966 2292 3027 adhuc

761 3062 980 3139 postea
1035 3056 1264 3135 poterit
1317 3073 1462 3115 eum
1520 3055 1720 3117 valide
1791 3059 2287 3137 apprehendere,

762 3149 1013 3233 quando
1061 3147 1196 3229 jam
1253 3148 1492 3210 invenit
1530 3166 1673 3209 eum
1717 3154 1892 3212 extra
1937 3152 2287 3229 ecclesiam,

760 3263 910 3306 nam
936 3242 1141 3323 prima
1182 3240 1483 3302 extractio
1512 3240 1678 3303 facta
1705 3242 1822 3305 fuit
1850 3262 1887 3303 a
1913 3243 2128 3324 judice
2157 3246 2291 3305 sine

751 3335 1189 3419 jurisdictione
1209 3333 1561 3411 sufficienti,
1594 3338 1782 3413 atque
1811 3336 1969 3397 adeo
1988 3343 2292 3417 tanquam

759 3430 840 3492 ab
869 3428 1124 3490 homine
1159 3426 1443 3506 privat03
1492 3427 1723 3505 poterit
1755 3446 1906 3508 ergo
1937 3434 2157 3508 postea
2183 3448 2289 3490 as-

759 3540 1011 3584 sumere
1038 3536 1375 3599 personam
1410 3518 1646 3598 judicis
1667 3565 1686 3596 ,
1746 3527 1809 3582 et
1830 3522 2037 3583 valide
2065 3540 2291 3601 capere

761 3618 939 3675 extra
964 3610 1293 3673 ecclesiam
1321 3629 1467 3672 eum
1496 3630 1686 3690 quem
1712 3612 1979 3692 ipsemet
2005 3618 2078 3675 ut
2100 3615 2293 3676 homo

758 3707 1043 3786 privatus
1070 3704 1151 3765 ab
1181 3703 1443 3766 ecclesia
1478 3706 1744 3767 extraxit
1770 3705 2019 3785 injuste.

843 3798 1278 3878 Respondetur
1303 3844 1320 3875 ,
1379 3799 1672 3877 negando
1702 3801 2023 3879 sequelam
2054 3820 2069 3861 ε
2119 3802 2289 3864 aliud

760 3894 929 3956 enim
957 3897 1052 3953 est
1079 3890 1330 3971 quando
1352 3891 1550 3970 judex
1596 3892 1838 3955 invenit
1877 3913 2057 3955 reum
2085 3899 2292 3956 extra-

759 3993 931 4050 ctum
977 3985 1056 4046 ab
1086 3984 1248 4058 ali03
1299 3983 1469 4056 aliud
1513 3986 1768 4063 quando
1816 3986 2058 4049 invenit
2084 3993 2290 4050 extra-

760 4085 931 4143 ctum
960 4097 997 4138 a
1023 4096 1090 4138 se
1118 4077 1278 4155 ipsc.
1324 4079 1394 4138 In
1423 4078 1628 4156 primo
1671 4097 1823 4140 casu
1863 4080 1966 4141 ille
1995 4080 2153 4142 alius
2183 4082 2292 4161 qui

759 4171 988 4252 injuste
1015 4169 1321 4245 extraxit,
1383 4174 1669 4232 remanet
1715 4190 1858 4232 cum
1890 4190 2079 4232 onere
2107 4174 2291 4235 resti-

759 4264 976 4328 tuendi
1020 4263 1252 4324 damna
1299 4266 1361 4322 et
1389 4263 1793 4341 procurandi,
1845 4269 2150 4343 quantum
2178 4285 2293 4346 po-

758 4357 971 4432 tuerit,
1003 4355 1335 4416 restituere
1365 4373 1545 4414 reum
1577 4357 1878 4418 ecclesiae.
1914 4360 1982 4417 In
2010 4359 2290 4421 secundo

761 4469 908 4512 casu
937 4449 1059 4512 hoc
1086 4449 1291 4528 ipsum
1322 4465 1479 4508 onus
1508 4447 1702 4510 habet
1727 4448 1861 4529 ipse
1873 4449 2067 4530 judex
2097 4472 2109 4513 :
2145 4471 2294 4532 qua·

761 4563 830 4606 re
859 4559 983 4603 non
1019 4544 1227 4621 potest
1271 4540 1406 4618 ipse
1434 4541 1824 4619 continuare,
1878 4562 1989 4604 seu
2042 4563 2294 4606 conser-

762 4655 912 4699 vare
939 4635 1112 4706 illam
1161 4632 1609 4694 extractionem
1649 4654 1689 4700 a
1716 4654 1783 4700 se
1813 4637 2081 4710 factam;
2135 4638 2295 4701 sicut

765 4730 827 4792 in
859 4727 1143 4806 exemplo
1189 4726 1391 4805 posito
1421 4732 1625 4805 potest
1662 4728 1858 4808 judex
1907 4749 1980 4794 ex
2010 4730 2293 4810 divulga·

765 4823 935 4888 tione
959 4809 1168 4880 delicti
1195 4819 1358 4882 facta
1397 4837 1509 4897 per
1535 4819 1830 4899 injuriam
1871 4823 2126 4883 alterius
2154 4842 2293 4902 pro-

767 4915 991 4984 cedere
1019 4911 1102 4986 ad
1129 4910 1598 4990 inquisitionem
1644 4920 1861 4976 contra
1888 4933 2069 4975 reum
2104 4936 2117 4977 :
2168 4935 2294 4978 non

766 5012 979 5070 tamen
1017 5005 1137 5065 hoc
1167 5008 1396 5082 posset,
1441 5006 1495 5065 si
1545 5007 1810 5085 ipsemet
1845 5007 2042 5087 judex
2066 5008 2295 5089 injuste

766 5099 1124 5162 extorsisset
1153 5118 1190 5160 a
1216 5116 1323 5158 reo
1355 5098 1592 5159 crimen
1614 5145 1629 5176 ,
1665 5107 1814 5162 tunc
1842 5102 2010 5161 enim
2040 5103 2294 5164 omnino

762 5211 983 5256 curare
1004 5191 1213 5268 debet,
1247 5209 1324 5251 ne
1345 5191 1450 5251 illa
1475 5191 1782 5254 confessio
1801 5193 2031 5273 injuste
2052 5199 2297 5257 extorta

764 5289 987 5360 noceat
1038 5302 1146 5350 reo
1203 5284 1283 5345 ad
1339 5284 1616 5364 aliquem
1652 5287 1963 5364 effectum,
2023 5292 2091 5350 ut
2119 5292 2296 5351 notat

760 5378 1009 5441 Lessius
1062 5395 1207 5438 cum
1259 5377 1579 5442 communi
1631 5377 1770 5440 libr.
1806 5380 1877 5441 ΙΙ.
1936 5397 2076 5458 cap.
2109 5398 2279 5444 xxix.

762 5492 824 5533 n.
863 5475 996 5532 174.

2391 764 2534 806 nem
2586 745 2747 807 sicut
2799 745 2991 806 alium
3032 745 3352 806 hominem
3409 746 3767 824 privatum
3803 761 3932 805 non

2390 843 2599 901 tamen
2623 839 2906 918 sequitur
2935 840 3099 918 quod
3132 857 3461 916 processus
3481 842 3701 917 postea
3728 837 3935 899 sactus

2390 932 2470 994 sit
2514 931 2846 992 invaliduS.
2892 932 3286 1010 RespondeO,
3335 932 3513 1011 sequi
3564 936 3929 1008 utrumque,

2391 1026 2537 1105 quia
2558 1026 2705 1103 Jura
2735 1023 2961 1103 quibus
2973 1023 3174 1103 judici
3205 1024 3485 1085 aufertur
3527 1027 3805 1103 potestas
3848 1021 3931 1081 ad

2391 1116 2847 1178 extrahendum
2865 1115 3356 1195 delinquentem,
3387 1115 3931 1195 prohibentetiam

2390 1210 2613 1271 eodem
2639 1208 2870 1287 rigore,
2904 1226 2983 1267 ne
3014 1212 3437 1287 prosequatur
3478 1226 3759 1283 causam,
3813 1207 3933 1266 do·

2390 1320 2506 1362 nec
2535 1301 2820 1362 restituat
2845 1319 3029 1360 reum
3062 1300 3365 1376 ecclesiae,
3410 1318 3605 1380 quare
3646 1318 3774 1360 non
3813 1298 3933 1358 mi·

2389 1413 2507 1455 nus
2533 1394 2759 1455 tollunt
2800 1392 3269 1473 juridictionem
3304 1391 3388 1452 ad
3422 1391 3931 1472 prosecutionem

2391 1506 2579 1567 quam
2612 1487 2694 1548 ad
2714 1486 3135 1564 inceptionem
3165 1504 3394 1546 causae.
3416 1486 3652 1546 Deinde
3677 1502 3931 1564 proces-

2389 1600 2494 1642 sus
2521 1579 2818 1640 fundatus
2846 1579 2908 1638 in
2938 1584 3198 1656 captura
3230 1578 3334 1637 illa
3360 1578 3635 1640 violenta
3662 1596 3791 1638 non
3819 1594 3931 1655 po-

2387 1677 2510 1734 test
2535 1672 2767 1732 habere
2796 1671 3076 1731 valorem
3108 1687 3123 1734 ε
3177 1688 3320 1730 nam
3378 1670 3428 1731 si
3478 1670 3675 1749 judex
3713 1669 3931 1748 capiat

2388 1784 2567 1826 reum
2592 1765 2657 1824 in
2693 1763 3008 1825 territorio
3071 1763 3327 1824 alterius
3371 1762 3709 1842 principis;
3757 1767 3930 1825 totus

2387 1876 2713 1938 processus
2743 1856 2847 1935 qui
2874 1860 3089 1934 postea
3116 1856 3420 1935 sequitur,
3455 1855 3574 1917 erit
3606 1856 3817 1917 nullus
3859 1860 3932 1917 ut

2387 1951 2616 2012 docent
2641 1949 3057 2010 communiter
3075 1948 3340 2027 juristae.

2466 2043 2668 2123 Majus
2696 2045 2906 2120 posset
2933 2060 3067 2101 esse
3095 2041 3359 2103 dubium
3387 2060 3536 2102 casu
3566 2060 3691 2120 quo
3728 2041 3929 2120 judex

2387 2135 2644 2196 inferior
2666 2135 2894 2214 injuste
2924 2134 3294 2196 extraxisset
3319 2152 3499 2195 reum
3517 2134 3598 2194 ab
3618 2135 3922 2195 ecclesia:

2389 2248 2467 2290 an
2492 2228 2781 2308 princeps
2808 2227 3114 2305 superior,
3148 2226 3257 2306 qui
3292 2227 3468 2287 illum
3499 2228 3637 2306 jam
3686 2227 3931 2288 invenit

2389 2327 2561 2383 extra
2591 2319 2944 2396 ecclesiam,
2974 2320 3170 2398 possit
3196 2338 3341 2380 eum
3368 2338 3592 2398 capere
3638 2325 3705 2381 et
3755 2319 3933 2399 judi-

2390 2433 2555 2490 care,
2586 2418 2883 2473 manente
2913 2411 3126 2491 judice
3171 2412 3463 2473 inferiore
3518 2412 3797 2492 obligato
3844 2413 3929 2474 ad

2388 2505 2772 2569 restituenda
2801 2523 2874 2565 ea
2911 2504 3145 2564 damna
3189 2508 3445 2583 propter
3494 2507 3795 2584 injuriam
3843 2507 3930 2567 ab

2386 2601 2521 2679 ipso
2550 2597 2992 2659 commissam?
3018 2597 3096 2658 Et
3150 2596 3406 2676 quidem
3446 2616 3560 2677 pro
3610 2604 3791 2677 parte
3833 2600 3933 2659 af-

2388 2691 2703 2754 firmativa
2751 2689 3001 2751 videtur
3059 2708 3195 2749 esse
3277 2691 3632 2768 exemplum
3682 2692 3924 2767 simile;

2389 2785 2664 2867 quand0,
2696 2802 2757 2845 v.
2791 2801 2853 2861 g.
2881 2781 3077 2862 judex
3106 2781 3365 2843 inferior
3393 2788 3613 2845 contra
3633 2784 3798 2863 juris
3826 2804 3931 2846 or-

2389 2880 2599 2940 dinem
2629 2875 2892 2938 extorsit
2920 2894 2957 2935 a
2984 2892 3092 2935 reo
3141 2874 3412 2950 crimem
3451 2881 3603 2939 tunc
3647 2878 3839 2954 enim,
3874 2877 3933 2938 si

2386 2971 2701 3052 publicato
2722 2970 2860 3048 jam
2886 2968 3009 3030 hac
3047 2968 3376 3029 occasione
3423 2969 3707 3047 crimine,
3752 2970 3934 3048 prin—

2388 3083 2535 3143 ceps
2576 3062 2727 3125 velit
2753 3061 2841 3122 uti
2870 3079 2984 3122 suo
3010 3060 3176 3141 jure,
3209 3062 3441 3140 poterit
3470 3064 3742 3142 juridice
3780 3081 3935 3142 pro-

2389 3157 2611 3219 cedere
2656 3158 2875 3216 contra
2920 3172 3120 3232 reum,
3163 3158 3226 3216 et
3275 3155 3593 3235 inquirere
3636 3156 3930 3232 ulterius,

2389 3256 2453 3312 et
2482 3249 2734 3327 cognita
2756 3249 3040 3328 veritate,
3074 3250 3495 3310 condemnare
3522 3249 3699 3310 illum
3731 3270 3747 3322 ;
3780 3250 3936 3313 licet

2381 3341 2855 3424 judexinferior
2906 3344 3162 3402 maneat
3200 3341 3513 3420 obligatus
3555 3343 3638 3403 ad
3678 3345 3936 3405 restitu-

2388 3437 2623 3498 tionem
2652 3435 2878 3495 horum
2907 3433 3305 3510 damnorum,
3354 3452 3620 3514 quorum
3649 3436 3785 3515 ipse
3810 3436 3935 3498 fuit

2390 3547 2580 3590 causa
2624 3526 3056 3606 extorquendo
3099 3526 3328 3607 injuste
3386 3527 3935 3590 confessionem‘a

2388 3640 2531 3696 re03
2566 3625 2635 3682 ut
2662 3619 2954 3681 concedit
2973 3619 3221 3680 Lffisius
3249 3620 3313 3681 d.
3346 3638 3487 3699 cap.
3509 3636 3677 3682 xxix.
3710 3626 3927 3684 n.175.

2388 3733 2537 3793 ergo
2566 3712 2848 3774 similiter
2871 3712 3101 3791 poterit
3130 3712 3421 3791 princeps
3439 3712 3504 3772 in
3527 3717 3743 3774 nostro
3775 3732 3933 3775 casu

2388 3806 2917 3887 comprehendere
2972 3823 3140 3881 eum,
3187 3823 3377 3885 quem
3417 3804 3617 3883 judex
3668 3806 3936 3869 inferior

2387 3903 2606 3962 contra
2651 3897 2811 3979 juris
2863 3897 3148 3959 ordinem
3198 3897 3464 3959 extraxit
3501 3898 3582 3958 ab
3636 3899 3931 3962 ecclesia.

2389 3997 2697 4056 Caeterum
2726 4009 2842 4069 ego
2880 4009 3006 4051 non
3045 3990 3459 4052 concederem
3499 3991 3565 4051 in
3604 3991 3723 4052 hoc
3777 4010 3935 4053 casu

2386 4085 2656 4166 principi
2709 4087 2949 4144 tantam
3007 4083 3324 4145 licentiam
3376 4104 3389 4144 ε
3436 4084 3585 4163 quia
3648 4085 3936 4146 Ecclesia

2389 4197 2529 4260 quae
2558 4177 2852 4239 fuitlaesa
2899 4195 3013 4255 per
3064 4176 3238 4238 illam
3276 4178 3723 4239 extractionem
3770 4178 3934 4258 inju-

2388 4277 2571 4347 stam,
2600 4270 2758 4350 petit
2787 4269 3073 4330 absolute
3099 4268 3583 4345 restitutionem,
3611 4275 3674 4331 et
3715 4270 3934 4349 prohi-

2389 4365 2497 4425 bet
2523 4361 3024 4441 persecutionem
3051 4360 3116 4421 in
3146 4379 3356 4437 causa,
3391 4362 3591 4423 donec
3637 4365 3935 4426 restitua-

2392 4462 2492 4519 tur
2519 4474 2698 4530 reus;
2732 4473 2876 4515 cum
2905 4458 3115 4515 autem
3143 4454 3420 4516 Ecclesia
3473 4455 3707 4517 habeat
3759 4461 3938 4536 pote·

2390 4553 2615 4610 statem
2645 4548 2837 4610 etiam
2874 4564 3235 4625 supremam
3281 4547 3347 4607 in
3385 4547 3760 4628 principem,
3808 4567 3936 4610 non

2389 4642 2639 4703 videtur
2665 4639 3061 4721 prohibuisse
3079 4638 3282 4699 solum
3303 4639 3550 4718 judices
3577 4640 3933 4718 inferioreS,

2391 4734 2501 4795 sed
2529 4733 2721 4796 etiam
2748 4733 3127 4812 superioreS,
3161 4735 3225 4793 et
3250 4750 3467 4793 omues
3497 4752 3657 4811 quos
3687 4739 3940 4813 oportet

2390 4825 2750 4906 prohibere,
2783 4831 2853 4887 ut
2881 4825 2959 4886 de
3006 4825 3171 4886 facto
3211 4825 3323 4886 fiat
3374 4825 3691 4888 restitutio
3734 4828 3941 4888 delin-

2394 4919 2641 4999 quentis
2675 4939 2688 4979 :
2726 4918 3009 4997 alioquin
3050 4918 3450 4979 fraudaretur
3500 4919 3780 4980 Ecclesia
3824 4937 3937 4981 suo

2393 5015 2536 5072 fine.
2568 5012 2666 5072 Ad
2697 5011 3052 5089 exemplum
3080 5029 3228 5073 vero
3278 5010 3623 5072 adductum
3666 5013 3939 5074 fortasse

2395 5109 2605 5182 posset
2627 5104 2766 5164 dari
2793 5103 3148 5182 disparitas,
3172 5103 3284 5164 sed
3330 5104 3575 5164 facilius
3622 5110 3689 5167 et
3728 5107 3942 5167 verius

2393 5196 2639 5258 videtur
2667 5215 2899 5277 negare
2924 5197 3118 5259 illud:
3154 5215 3297 5257 nam
3330 5197 3610 5259 defectus
3639 5200 3944 5260 commis-

2393 5310 2498 5351 sus
2527 5292 2606 5352 ab
2633 5290 2918 5353 inferiori
2937 5290 3174 5371 judice,
3206 5290 3463 5352 videtur
3489 5292 3823 5353 annullare
3848 5299 3945 5354 to—

2392 5387 2527 5445 tum
2572 5402 2933 5464 processum
2988 5403 3195 5445 eausae
3240 5384 3429 5446 etiam
3474 5384 3538 5444 in
3580 5385 3803 5448 ordine
3853 5386 3941 5446 ad

2395 5479 2779 5556 superiorem
2805 5499 2820 5554 ;
2856 5478 2973 5540 nisi
3002 5478 3139 5539 talis
3163 5479 3244 5539 sit
3272 5477 3561 5556 superior
3580 5480 3690 5557 qui
3707 5480 3944 5542 habeat

4098 2027 4167 2086 Ξ

3974 2152 4230 2410 aa}
