4263 6376
815 342 933 402 328
1978 343 2080 401 ΠΕ
2123 340 2479 402 JUSTITIA
2525 340 2625 399 ET
2668 340 2868 400 JURE

818 537 975 598 ques
1003 519 1184 577 affert
1214 519 1390 578 Salas
1423 518 1572 577 dub.
1609 535 1845 577 xxxvu.
1889 518 1958 577 de
1986 526 2269 598 emptione
2297 525 2350 576 et

816 609 1140 671 venditione
1169 630 1274 671 nu.
1312 614 1365 671 1.
1403 615 1465 671 et
1493 611 1644 670 dub.
1668 628 1822 671 xvn.
1856 610 1925 670 de
1952 612 2163 686 nenne,
2202 630 2261 670 n.
2289 614 2346 670 9..

821 703 968 783 quia
1016 703 1287 762 vendere
1338 707 1397 763 et
1449 722 1655 762 emere
1702 704 1808 763 tali
1859 704 2047 764 mede
2094 703 2354 781 perinde

822 797 1075 857 omnino
1123 801 1216 855 est
1264 815 1335 855 ae
1385 796 1535 855 dare
1566 800 1851 857 mutuum
1883 816 1997 876 pre
2029 798 2202 856 lucre
2230 843 2244 872 ,
2298 801 2360 856 et

823 907 934 968 pre
966 889 1263 948 usurariis
1294 889 1709 949 communiter
1754 889 2065 949 habentur
2101 889 2204 968 qui
2239 889 2358 948 hee

825 985 1136 1041 exercent.

576 1074 691 1132 205
907 1075 1265 1135 Communis
1298 1079 1503 1135 tamen
1529 1074 1662 1153 jam
1694 1075 2021 1134 doctorum
2051 1074 2361 1134 sententia

505 1199 674 1253 Quando
693 1199 748 1241 ,ῃ
824 1168 1047 1227 merite
1080 1168 1331 1242 fatetur,
1366 1167 1681 1245 loquendo
1708 1187 1779 1227 ex
1807 1173 2025 1227 natura
2060 1168 2149 1227 rei
2180 1173 2242 1227 et
2270 1187 2361 1225 se-

2455 534 2709 594 prersus
2739 535 2927 576 onere
2958 516 3332 592 celebretur,
3367 522 3428 577 et
3457 516 3660 577 selum
3692 516 3844 575 sistat
3865 513 3934 572 in·

2452 615 2548 670 tra
2579 610 2878 670 terminos
2924 611 3052 689 spei
3099 611 3176 669 de
3205 611 3414 686 luere,
3449 627 3590 689 quae
3620 628 3785 689 speS,
3821 607 3938 667 licet

2453 703 2534 763 sit
2561 704 2866 763 motivum
2898 703 3240 783 principale
3272 703 3624 783 operantis,
3674 721 3787 761 nen
3825 700 3939 760 red-

2457 796 2547 855 dit
2576 802 2964 856 contractum
2999 796 3372 856 usurarium.

2538 888 2809 951 Infertur
2836 890 3016 949 tertie
3051 939 3064 964 ‚
3128 908 3331 968 neque
3387 889 3577 949 etiam
3623 887 3787 947 reddi
3815 885 3943 965 inju·
4018 895 4078 955 iffi

2456 986 2621 1041 stum
2652 982 2817 1041 hunc
2846 986 3232 1043 contractum
3267 1001 3340 1040 ex
3371 988 3596 1042 natura
3625 981 3714 1040 rei
3735 1000 3835 1058 per
3852 979 3943 1038 hec
3974 1017 4082 1068 μὴ

2459 1075 2626 1154 qued
2658 1075 2944 1136 venditor
2988 1095 3165 1135 suam
3196 1076 3606 1136 intentionem
3638 1073 3946 1134 manifestet
3987 1084 4083 1165 ἐζ*

2461 1169 2762 1246 emptori,
2819 1169 3125 1242 dicende;
3178 1170 3309 1246 Ege
3357 1168 3553 1228 libere
3595 1167 3708 1228 tihi
3753 1165 3944 1226 credite
3988 1130 4085 1255 aad

554 1254 706 1307 justus.

605 3695 722 3752 206

563 3820 681 3872 Quid,
716 3819 750 3861 si

523 3880 724 3916 mercator
741 3885 791 3914 eo

510 3928 656 4023 anima)⁴
665 3939 713 4019 ιη’
718 3926 804 3968 ndi-

648 3994 657 4021 ι
684 4011 695 4021 .

608 4897 722 4956 207

566 5019 684 5071 Quid,
717 5022 752 5063 εἰ

560 5074 661 5115 alias
682 5087 762 5116 nou

534 5128 785 5171 venditurus.

824 1260 995 1319 clusa
1023 1259 1445 1337 prohibitione
1476 1260 1630 1338 legis
1652 1307 1666 1333 ,
1717 1279 1840 1338 qua
1878 1260 1938 1319 in
1969 1260 2182 1319 multis
2210 1259 2362 1319 locis

823 1352 887 1413 id
914 1352 1295 1430 prohibitum
1332 1358 1443 1427 est,
1480 1372 1600 1412 nen
1633 1372 1766 1412 esse
1788 1371 2044 1413 usuram
2074 1352 2171 1411 vel
2202 1351 2366 1432 inju-

822 1445 1057 1506 stitiam
1079 1492 1093 1519 ,
1128 1445 1274 1505 licet
1304 1445 1470 1504 idem
1503 1446 1789 1506 venditor
1819 1446 2022 1506 viliori
2053 1445 2252 1523 pretio
2286 1445 2364 1503 ab

825 1544 1106 1615 emptore
1135 1555 1376 1597 merces
1409 1542 1605 1613 emat,
1655 1539 1804 1598 dum
1832 1544 2040 1599 tamen
2076 1543 2137 1597 et
2166 1537 2364 1615 pretio

816 1629 987 1710 juste
1018 1630 1250 1690 vendat
1280 1634 1340 1690 et
1373 1636 1560 1706 emat,
1599 1636 1660 1692 et
1690 1636 1944 1709 pactum
1974 1631 2116 1691 talis
2146 1650 2369 1689 reven-

826 1723 1079 1786 ditionis
1110 1740 1232 1782 non
1265 1725 1692 1802 praecesserit,
1744 1724 1854 1784 sed
1899 1724 2093 1784 libere
2143 1729 2205 1784 et
2242 1724 2370 1783 sin-

829 1834 967 1875 cere
1001 1834 1239 1875 merces
1271 1816 1653 1892 vendiderit,
1693 1837 1848 1896 quas
1880 1821 2125 1895 emptor
2154 1820 2368 1895 posset

828 1927 1042 1969 secum
1073 1908 1315 1968 deferre
1347 1910 1398 1969 si
1429 1909 1613 1969 vellet
1637 1956 1651 1985 ,
1703 1909 1836 1967 sine
1886 1909 2011 1968 ulle
2044 1927 2232 1968 onere
2266 1926 2370 1967 eas

832 2003 1058 2061 iterum
1090 2002 1291 2061 viliori
1322 2002 1520 2078 pretio
1552 2002 1902 2073 vendendi,
1964 2002 2126 2061 hanc
2156 2003 2374 2061 tenent

833 2097 1169 2168 Navarr11S,
1204 2096 1431 2171 Lopez,
1467 2097 1750 2169 BanneS,
1787 2094 2111 2169 SaloniuS,
2162 2098 2368 2172 Ange-

832 2188 966 2262 luS,
1006 2186 1302 2245 Silvester
1327 2233 1341 2260 ‚
1393 2187 1613 2246 Gareia
1639 2234 1652 2259 ‚
1688 2188 1959 2264 Angles,
1995 2187 2369 2265 Rodriguez‚

837 2282 1118 2340 Navarra
1147 2283 1208 2338 et
1238 2278 1363 2354 alii,
1399 2298 1555 2357 quos
1585 2282 1767 2339 affert
1796 2284 1857 2339 et
1884 2280 2166 2358 sequitur
2197 2280 2375 2340 Salas

835 2372 987 2433 loeis
1005 2372 1229 2446 citatiS,
1250 2372 1501 2431 Lessius
1524 2372 1687 2432 dicte
1712 2391 1847 2450 cap.
1876 2374 2036 2432 XXI.
2064 2372 2214 2432 duh.
2240 2388 2370 2433 xw.

840 2471 903 2526 et
931 2483 1073 2523 cum
1102 2464 1238 2524 aliis
1267 2463 1465 2523 Diana
1495 2482 1536 2524 1.
1584 2470 1737 2525 tem.
1773 2470 1954 2525 tract.
1990 2465 2059 2525 cle
2087 2474 2371 2526 contract.

841 2557 1025 2617 resel.
1060 2560 1157 2617 33.
1196 2557 1373 2617 Ratio
1406 2562 1521 2632 est,
1559 2558 1707 2637 quia
1729 2562 1993 2637 uterque
2016 2563 2378 2619 contractus

841 2651 1187 2711 secundum
1218 2670 1282 2709 se
1307 2650 1514 2729 justus
1545 2656 1665 2726 est,
1723 2670 1866 2711 cum
1910 2654 2018 2711 fiat
2039 2652 2210 2731 juste
2242 2671 2377 2730 pre·

842 2744 927 2805 tie
950 2790 964 2819 ,
1012 2749 1080 2804 ut
1108 2745 1519 2822 supponimus
1543 2792 1557 2819 ‚
1620 2750 1682 2805 et
1737 2749 1983 2823 emptor
2034 2750 2246 2823 posset
2274 2763 2380 2804 eas

843 2855 1083 2895 merces
1132 2836 1370 2896 credite
1431 2841 1673 2915 emptas
1726 2837 1864 2896 aliis
1919 2837 2119 2897 viliori
2179 2838 2377 2914 pretio

843 2929 1157 2999 vendere;
1202 2947 1312 2988 cur
1341 2948 1488 3007 erge
1518 2930 1647 3006 ipse
1679 2929 2003 3005 venditor,
2042 2930 2204 2989 sicut
2248 2930 2375 3005 elii,

846 3040 971 3081 non
1028 3021 1254 3099 peterit
1308 3040 1412 3081 eas
1482 3022 1733 3081 venales
1790 3023 2102 3099 expositas
2155 3023 2380 3083 iterum

848 3133 1056 3173 emere
1090 3114 1285 3173 viliori
1308 3116 1529 3193 pretio,
1566 3115 1819 3194 quande
1843 3116 1975 3195 ipse
2005 3115 2226 3175 adhoc
2257 3134 2381 3175 em-

848 3214 1092 3286 ptorem
1131 3226 1251 3266 nen
1286 3208 1633 3286 obligavit?
1680 3211 1805 3268 Nee
1853 3215 2098 3287 emptor
2145 3229 2219 3268 ex
2264 3210 2381 3269 hee

849 3306 1184 3379 gravatur,
1237 3301 1345 3360 sed
1388 3302 1596 3380 potius
1626 3302 1927 3362 liberatur
1975 3321 2164 3361 onere
2213 3320 2384 3381 qute-

850 3392 1031 3452 rendi
1076 3393 1230 3452 alies
1277 3399 1622 3472 emptores,
1678 3394 1774 3453 rel
1805 3400 2215 3471 proxenetas,
2277 3395 2384 3474 qui

852 3504 959 3545 ees
1000 3485 1322 3546 inveniant
1347 3533 1360 3558 ‚
1416 3491 1477 3546 et
1506 3487 1732 3564 quibus
1766 3505 1994 3547 nevam
2025 3488 2382 3547 mercedem

852 3578 1111 3638 daturus
1143 3584 1326 3639 esset.
1364 3580 1540 3639 Unde

934 3672 1202 3730 Infertur
1233 3672 1465 3748 primo,
1522 3674 1653 3732 sine
1701 3691 1891 3733 causa
1938 3673 2101 3733 bane
2130 3677 2381 3734 senten-

853 3764 1005 3825 tiam
1052 3764 1304 3824 limitari
1353 3783 1391 3823 a
1440 3765 1671 3824 Melina
1729 3772 1880 3826 tem.
1920 3784 1986 3826 11.
2046 3766 2206 3845 disp.
2242 3771 2380 3828 310.

856 3875 1026 3916 num.
1060 3861 1118 3917 2.
1175 3862 1235 3916 et
1264 3857 1434 3933 aliie,
1487 3877 1644 3936 ques
1674 3860 1757 3919 ibi
1791 3860 1973 3919 affert
2014 3863 2076 3919 et
2103 3879 2260 3938 ques
2291 3879 2388 3919 rc-

852 3950 972 4010 sert
1028 3950 1203 4009 Salas
1259 3950 1410 4009 loeis
1468 3951 1670 4011 citatis
1696 3999 1710 4026 ,
1789 3957 1857 4012 ut
1910 3971 2032 4011 nen
2091 3953 2389 4029 precedat

854 4043 1104 4121 quande
1134 4048 1445 4103 mercator
1475 4063 1547 4103 ee
1580 4045 1787 4104 anizne
1812 4045 2094 4105 vendidit
2123 4045 2381 4120 credite,

853 4140 922 4195 ut
950 4135 1202 4194 easdem
1233 4153 1473 4196 merces
1503 4138 1727 4196 iterum
1761 4138 1840 4197 ab
1872 4142 2154 4215 emptore
2185 4137 2383 4197 viliori

853 4228 1053 4306 pretio
1087 4227 1441 4291 redimeret.
1477 4233 1673 4300 Quam
1704 4231 2140 4290 limitationem
2165 4230 2385 4290 merite

853 4319 1357 4401 rejiciuntSalaS,
1395 4327 1455 4381 et
1484 4323 1609 4395 alii,
1647 4342 1805 4400 ques
1836 4323 2202 4383 alsertdicte
2233 4323 2381 4383 dub.

853 4430 1006 4473 xvn.
1044 4431 1213 4471 num.
1252 4415 1309 4476 3.
1362 4414 1508 4492 quia
1540 4417 1705 4492 qued
1738 4416 1904 4476 licite
1936 4417 2031 4489 tit,
2080 4416 2246 4476 licite
2295 4416 2390 4474 in-

853 4506 1027 4567 tendi
1058 4511 1287 4583 petest,
1344 4525 1457 4565 nee
1487 4507 1747 4568 intentio
1797 4509 1953 4568 lucri
2002 4508 2210 4568 reddit
2239 4527 2390 4568 een-

853 4604 1123 4660 truetum
1159 4600 1532 4674 usurarium,
1570 4601 1620 4659 si
1642 4602 1883 4661 lucrum
1917 4602 1975 4660 in
1999 4606 2253 4680 pactum
2284 4621 2388 4660 ex-

854 4693 1168 4772 plicitum,
1202 4692 1300 4750 vel
1334 4692 1700 4768 implicitum
1734 4713 1856 4753 nen
1891 4693 2272 4770 deducatur,
2321 4698 2391 4754 ut

852 4785 1123 4846 vidimus
1153 4784 1313 4863 disp.
1347 4786 1743 4861 praecedenti.

934 4879 1201 4938 Infertur
1255 4878 1528 4936 secunde
1555 4925 1569 4952 ,
1625 4879 1853 4938 frustra
1894 4878 2081 4939 etiam
2125 4879 2205 4938 ab
2250 4880 2387 4939 aliis

856 4971 1040 5049 exigi,
1080 4977 1145 5031 ut
1175 4971 1431 5031 intentio
1462 4971 1820 5049 principalis
1841 4972 2022 5049 primi
2046 4971 2389 5032 venditoris

856 5082 976 5123 nen
1007 5064 1086 5123 sit
1114 5063 1219 5123 illa
1246 5064 1593 5141 redemptio
1629 5064 1827 5124 viliori
1852 5065 2049 5142 pretio
2068 5069 2383 5140 secutura,

856 5175 1011 5234 ques
1039 5159 1220 5216 all'ert
1262 5162 1320 5217 et
1358 5157 1687 5234 impugnat
1722 5158 1884 5215 idem
1920 5157 2094 5217 Salas
2124 5157 2242 5216 lec.
2279 5158 2382 5217 cit.

855 5249 1003 5326 quia
1032 5254 1609 5328 quantumcumque
1650 5250 1713 5309 id
1742 5270 1782 5310 a
1808 5256 2156 5311 mercatore
2187 5250 2389 5309 inteu-

857 5342 1075 5416 datur,
1128 5342 1211 5402 ita
1257 5343 1481 5402 utsinc
1530 5343 1635 5402 illa
1691 5362 1800 5420 spe
1848 5362 1971 5402 nen
2003 5343 2389 5403 vendidisset

858 5434 1117 5508 credite,
1154 5436 1215 5493 id
1246 5440 1446 5496 tetum
1476 5456 1599 5497 nen
1631 5437 1810 5498 vitiat
1839 5440 2251 5508 contractum,
2288 5455 2387 5495 ne-

860 5546 979 5606 que
1008 5527 1215 5588 reddit
1243 5528 1537 5606 injustum
1561 5576 1575 5605 ,
1611 5550 1751 5590 cum
1783 5530 2060 5591 venditio
2105 5530 2239 5589 sine
2277 5529 2383 5590 tali

2463 1262 2665 1321 vende
2697 1260 2808 1320 has
2829 1281 3090 1337 merceS,
3124 1262 3174 1321 si
3193 1266 3402 1321 tamen
3429 1261 3704 1321 volueris
3730 1278 3829 1318 eas
3843 1277 3949 1336 pes-

2462 1358 2561 1413 tea
2592 1353 2792 1412 viliori
2821 1355 3022 1433 pretio
3052 1355 3206 1413 mihi
3230 1354 3504 1414 vendere
3534 1354 3613 1413 ad
3638 1352 3948 1412 habendam

2463 1446 2796 1524 pecuniam
2824 1453 3194 1525 praesentem
3224 1494 3238 1523 ,
3288 1466 3405 1526 ege
3456 1453 3715 1525 paratus
3746 1463 3869 1504 sum
3891 1444 3949 1503 ad

2467 1558 2571 1598 eas
2601 1540 2937 1608 emendas:
2992 1540 3141 1599 dum
3189 1544 3399 1601 tamen
3449 1540 3707 1619 aliquod
3747 1542 3950 1617 paetum

2464 1631 2836 1710 implicitum
2857 1632 2972 1691 sub
2995 1632 3111 1693 hac
3129 1634 3636 1694 manifestatione
3668 1650 3788 1691 non
3805 1630 3951 1689 inclu-

2469 1724 2672 1785 datur.
2736 1725 2914 1796 Qued
2961 1727 3148 1786 etiam
3210 1730 3672 1804 consequenter
3717 1722 3955 1784 concedit

2470 1817 2644 1877 Salas
2673 1818 2776 1877 ille
2818 1837 2985 1879 num.
3021 1822 3078 1879 3.
3117 1819 3264 1898 quia
3295 1824 3503 1879 tamen
3548 1823 3718 1878 recte
3762 1820 3949 1887 menet,

2470 1918 2650 1971 caute
2681 1910 2743 1969 in
2774 1911 2891 1971 hec
2918 1913 3388 1990 procedendum
3417 1931 3577 1988 esse,
3612 1915 3856 1990 prepter
3877 1927 3956 1986 pe·

2470 2003 2736 2063 rieulum
2792 2024 2997 2065 usurae
3053 2005 3370 2084 implicita}
3425 2005 3485 2064 in
3534 2003 3643 2065 tali
3686 2002 3858 2063 mede
3896 2002 3957 2059 lo-

2472 2096 2739 2174 quendi,
2795 2097 2962 2175 qued
3002 2098 3222 2157 saltem
3274 2098 3336 2156 in
3366 2098 3502 2157 foro
3534 2102 3788 2157 externo
3816 2093 3955 2154 facile

2472 2182 2904 2267 prresumetur.

2920 2604 3341 2686 sterne
3408 2606 3580 2691 XW.

2478 2914 2584 2974 Aa
2607 2934 2774 2995 quem
2817 2913 3154 2994 pertineant
3177 2913 3427 2992 [mcc—eus,
3489 2912 3583 2972 vel
3608 2912 3892 2993 peribula,
3930 2921 3970 2969 et

2934 3019 3147 3079 damna
3173 3038 3259 3080 rez
3289 3018 3557 3080 venditoe.

2563 3290 2737 3365 Quod
2771 3289 2994 3350 attinet
3021 3288 3097 3348 ad
3129 3288 3367 3348 fruetus
3389 3288 3480 3347 rei
3506 3286 3802 3362 venditae,
3830 3284 3976 3364 plura
4070 3285 4124 3341 ἐϋ]

2481 3385 2751 3444 diximus
2780 3383 3010 3460 disput.
3047 3382 3315 3459 praeced.
3348 3386 3501 3442 sect.
3535 3399 3676 3441 vni.
3724 3398 3857 3458 quae
3880 3394 3977 3437 nen
4011 3414 4126 3458 rm*

2482 3482 2727 3557 opertet
2754 3480 3034 3554 repetere
3086 3495 3098 3535 ε
3151 3475 3253 3534 ubi
3288 3474 3580 3550 vidimus,
3616 3475 3849 3534 fructus
3870 3488 3980 3531 em·-
4012 3469 4128 3560 gn

2483 3591 2595 3631 nes
2623 3570 2934 3648 pertinere
2982 3567 3060 3626 ad
3105 3574 3474 3646 emptorem,
3526 3567 3778 3647 quande
3812 3563 3978 3624 domi·
4023 3575 4126 3664 eff:

2483 3665 2655 3725 nium
2686 3663 2775 3723 rei
2805 3662 3074 3722 vendita}
3120 3664 3182 3722 in
3225 3663 3428 3740 ipsum
3475 3661 3846 3722 translatum
3870 3657 3980 3729 fuit,

2483 3759 2612 3819 sive
2643 3759 2844 3816 solute
2872 3757 3094 3834 pretio,
3127 3756 3256 3816 sive
3288 3755 3410 3814 side
3441 3755 3520 3813 de
3551 3754 3756 3831 pretio
3779 3751 3979 3812 habita.

2485 3851 2768 3911 Vidimus
2798 3849 3006 3922 etiam,
3043 3849 3358 3928 quomode
3383 3847 3581 3925 possit
3611 3846 3890 3905 venditor
3913 3861 3986 3901 re·

2486 3963 2735 4003 servare
2765 3943 2882 4002 sibi
2911 3941 3148 4001 fructus
3180 3940 3265 4000 rei
3298 3940 3569 4000 vendita}
3589 3986 3604 4012 ,
3654 3939 3848 3998 donec
3874 3954 3988 4015 per-

2484 4038 2762 4099 solvatur
2788 4036 3080 4114 pretium,
3114 4034 3359 4094 etiamsi
3385 4053 3459 4092 ex
3491 4051 3661 4092 nunc
3691 4031 3989 4093 transferat

2487 4133 2620 4210 ejus
2666 4129 3012 4190 dominium
3057 4128 3118 4187 in
3164 4131 3510 4206 emptorem
3570 4147 3582 4185 :
3647 4133 3710 4186 et
3754 4124 3990 4201 denique

2487 4223 2800 4304 quomedo
2835 4241 2954 4282 non
2989 4221 3228 4299 possint
3276 4238 3480 4279 usura}
3530 4219 3697 4297 exigi
3741 4239 3776 4278 a
3805 4215 3992 4277 vendi-

2485 4323 2621 4379 tore
2655 4335 2764 4394 pre
2797 4315 2997 4393 pretio
3043 4333 3165 4373 nen
3209 4315 3434 4388 solute,
3490 4312 3746 4392 quando
3787 4313 3994 4371 fructus

2486 4411 2767 4488 ejusdem
2798 4409 2885 4468 rei
2915 4408 2993 4468 ad
3027 4413 3374 4485 emptorem
3406 4407 3746 4484 pertinent,
3797 4403 3995 4483 quibus

2485 4503 2821 4583 suppositis
2853 4519 3051 4579 pauca
3092 4518 3256 4560 nunc
3286 4504 3526 4560 restant
3570 4498 3861 4557 addenda
3901 4510 3994 4572 pre

2486 4599 2942 4675 complemento
2973 4593 3274 4654 doctrinm
3303 4592 3698 4652 universalis

2568 4690 2804 4768 Regula
2835 4687 3145 4765 generalis
3173 4690 3286 4759 est,
3334 4686 3573 4745 fruetus
3605 4685 3908 4764 pertinere
3933 4680 3998 4739 ad

2486 4785 2683 4858 illum,
2718 4783 2778 4840 in
2809 4782 2987 4859 cujus
3018 4779 3296 4839 dominio
3328 4797 3424 4838 res
3472 4785 3856 4856 perseverat,
3903 4773 4002 4833 nisi

2489 4877 2671 4937 aliter
2719 4876 2877 4935 inter
2938 4872 3381 4933 contrahentes
3436 4872 3807 4946 conveniat,
3865 4869 4001 4946 ejus-

2489 4968 2659 5029 modi
2751 4968 2915 5026 enim
3001 4964 3526 5026 conventionibus
3593 4964 3783 5043 justis
3853 4968 3999 5022 stan·

2487 5063 2637 5122 dum
2668 5066 2783 5123 est.
2842 5060 2908 5121 Si
2955 5059 3105 5118 nihil
3150 5063 3358 5118 autem
3408 5076 3776 5135 expressum
3828 5053 4002 5115 estid<-

2485 5156 2813 5231 fruetibus,
2867 5154 3297 5230 intelliguntur
3325 5152 3642 5230 pertinere
3673 5151 3751 5210 ad
3786 5151 4004 5226 empto-

2485 5268 2619 5309 rem
2667 5249 2707 5308 ii
2736 5266 2953 5309 omnes
3000 5246 3104 5325 qui
3145 5251 3428 5322 tempere
3476 5249 3840 5304 contractus
3869 5241 4005 5302 eele-

2486 5342 2672 5415 brati,
2725 5345 2904 5401 erant
2932 5340 3274 5418 pendentes
3304 5343 3362 5397 et
3408 5338 3692 5397 neudum
3721 5333 3999 5415 percepti,

2489 5435 2636 5514 quia
2666 5453 2811 5513 pars
2857 5437 3002 5494 suut
3049 5432 3138 5492 rei
3186 5430 3457 5490 venditas
3520 5449 3534 5489 ε
3597 5449 3795 5509 quare
3841 5429 4004 5487 vinea

2486 5528 2674 5608 paule
2695 5531 2839 5587 ante
2870 5525 3251 5586 vindemiam
3284 5523 3563 5600 vendita,
3599 5529 3889 5583 censetur
3915 5539 4004 5580 eo·
