4263 6376
622 890 738 949 212

554 1013 635 1055 Cur
653 1013 785 1057 danda

550 1071 613 1108 est
651 1080 792 1132 congia

567 1132 774 1175 possessio

688 1188 749 1219 ea.
867 1160 988 1222 turi
1028 1179 1064 1220 a
1110 1164 1437 1225 venditore
1483 1165 1762 1226 solvente
1806 1167 2068 1245 emptori
2118 1168 2399 1228 valorem

573 5320 747 5366 vendita

863 334 982 395 330
2021 338 2122 397 DE
2163 338 2514 398 JUSTITIA
2563 338 2663 397 ET
2705 338 2904 399 JURE

865 511 1018 572 dum
1047 513 1329 575 debitum
1374 516 1533 576 sicut
1564 515 1753 593 prior,
1806 517 1912 595 qui
1959 520 2054 578 est
2075 516 2180 596 jus
2208 517 2269 576 in
2301 535 2391 593 re,

867 610 930 665 et
968 606 1118 667 facit
1159 606 1293 685 ipso
1342 608 1505 668 facto
1544 609 1781 669 fructus
1828 628 1963 669 esse
2010 610 2073 669 in
2121 609 2398 670 dominio

865 698 1229 775 venditoris,
1265 701 1370 779 qui
1399 705 1494 761 cst
1513 701 1803 763 dominus
1823 703 2042 764 vincte.
2081 704 2203 765 Sed
2234 703 2400 763 circa

867 789 987 850 hoc

948 883 1231 944 Dubitari
1282 891 1487 964 potest
1534 888 1830 963 secunde,
1891 889 1991 947 cui
2038 888 2231 949 dandi
2279 889 2405 950 sint

868 980 1088 1054 postea
1114 976 1351 1038 fructus
1380 978 1489 1045 illi,
1543 981 1651 1058 qui
1681 980 1996 1040 immaturi
2042 986 2221 1042 erant
2249 987 2401 1042 tem-

868 1086 1020 1146 pore
1050 1070 1470 1131 venditionis?
1511 1091 1589 1132 an
1622 1073 1931 1134 retinendi
1968 1075 2092 1135 sint
2118 1074 2244 1154 jam
2275 1094 2402 1135 ma·

867 1273 1053 1333 quem
1076 1260 1356 1334 tempore
1378 1258 1751 1319 venditionis
1772 1260 2122 1333 habebant;
2147 1281 2228 1322 an
2249 1281 2398 1323 vero

865 1365 900 1407 e
929 1352 1144 1408 contra
1177 1348 1365 1409 dandi
1396 1351 1521 1411 sint
1547 1352 1816 1430 emptori
1834 1353 1938 1431 qui
1960 1354 2163 1415 solvat
2187 1359 2398 1416 tamen

865 1440 1198 1516 venditori,
1251 1444 1465 1521 quanti
1496 1444 1648 1503 illud
1680 1464 1912 1505 novum
1946 1446 2398 1508 incrementum

865 1537 930 1595 et
955 1534 1282 1595 maturitas
1313 1536 1607 1597 testimari
1650 1539 1892 1615 potest?
1946 1540 2176 1600 Molina
2206 1541 2393 1617 enim,

869 1630 931 1686 et
955 1627 1204 1687 Lessius
1249 1628 1399 1687 illud
1449 1629 1718 1707 primum
1766 1630 2123 1691 faciendum
2169 1651 2396 1711 suppo-

867 1723 1043 1794 nunt,
1095 1719 1201 1778 sed
1233 1738 1353 1780 non
1387 1723 1655 1782 afferunt
1700 1723 2006 1783 rationem
2052 1743 2167 1784 cur
2193 1725 2399 1804 potius

864 1812 1154 1872 venditor
1180 1832 1368 1891 quam
1401 1819 1646 1892 emptor
1687 1815 1924 1877 fructus
1952 1817 2222 1877 retinere
2254 1838 2399 1898 pos-

864 1903 943 1965 sit
995 1904 1197 1965 soluto
1247 1906 1458 1966 valore
1506 1908 1809 1985 emptori,
1871 1927 2059 1987 quem
2117 1911 2399 1971 nondum

860 1998 1091 2059 maturi
1121 1997 1458 2062 habebant.
1513 2002 1716 2071 Quare
1746 1999 1970 2079 aliquis
2013 2002 2224 2063 dicere
2255 2022 2400 2082 pos-

863 2094 960 2151 set
984 2090 1349 2168 videndum,
1402 2110 1480 2151 an
1512 2092 1575 2151 id
1604 2093 1773 2172 quod
1800 2112 1912 2171 per
1939 2095 2396 2157 incrementum

865 2187 931 2244 et
981 2184 1403 2245 maturitatem
1459 2185 1763 2247 fructibus
1815 2187 2092 2263 advenit,
2154 2207 2399 2268 praeva-

864 2275 992 2336 leat
1017 2277 1417 2354 praecedenti,
1478 2278 1577 2338 vel
1622 2298 1656 2338 e
1706 2284 1943 2356 contra,
2006 2281 2164 2341 utin
2196 2283 2400 2361 primo

867 2387 1016 2428 casu
1043 2369 1471 2447 praeferendus
1501 2371 1580 2430 sit
1614 2371 1916 2448 venditor,
1949 2373 2000 2432 si
2030 2373 2270 2435 fructus
2300 2394 2399 2435 re-

865 2460 1065 2522 tinere
1086 2462 1252 2537 velit,
1287 2462 1348 2521 in
1377 2463 1652 2523 secundo
1673 2470 1886 2524 autem
1914 2470 2183 2544 emptor.
2220 2469 2399 2529 Ratio

865 2559 1076 2615 autem
1107 2559 1219 2631 est,
1256 2555 1401 2635 quia
1415 2558 1566 2616 tunc
1586 2558 1655 2617 tit
1674 2558 1848 2636 quasi
1874 2559 2166 2637 quaedam
2193 2560 2400 2621 mistio

866 2665 942 2707 ex
970 2647 1274 2708 fructibus
1302 2649 1801 2732 praecedentibus
1848 2650 2075 2711 debitis
2103 2655 2395 2731 emptori,

865 2745 929 2802 et
955 2739 1341 2803 incremento
1372 2741 1752 2818 advenienti,
1805 2743 1973 2821 quod
2022 2745 2294 2823 pertinet
2320 2746 2400 2805 ad

865 2834 1289 2905 venditorem3
1313 2834 1564 2913 quando
1586 2839 1798 2895 autem
1820 2837 2099 2897 materiae
2122 2837 2403 2897 diverso-

865 2945 1008 2987 rum
1022 2926 1421 2987 dominorum
1438 2927 1875 3004 miscentur,ut
1888 2929 2401 3006 frumentum,vel

865 3020 1154 3098 pecunia,
1181 3018 1386 3098 major
1404 3038 1548 3097 pars
1569 3020 1761 3081 trahit
1780 3022 1858 3081 ad
1879 3040 1945 3081 se
1967 3022 2298 3100 minorem,
2331 3029 2403 3085 ut

867 3110 1138 3171 diximus
1166 3111 1326 3190 disp.
1366 3129 1448 3172 vr.
1479 3111 1548 3173 cle
1574 3113 1800 3194 acquir.
1834 3133 1953 3174 rer.
1988 3114 2207 3177 domin.
2242 3121 2392 3177 sect.

868 3206 983 3266 ult.
1015 3207 1324 3267 Caeterum
1355 3205 1418 3265 in
1447 3206 1669 3266 eodem
1700 3207 1835 3268 loco
1865 3208 2157 3287 diximus,
2194 3229 2395 3288 quan-

866 3299 948 3360 do
977 3298 1183 3360 mistio
1213 3300 1282 3360 fit
1309 3319 1383 3358 ex
1413 3318 1720 3360 consensu
1767 3303 2091 3381 utriusque
2134 3303 2393 3380 domini,

864 3392 1207 3466 cumulum,
1242 3393 1338 3451 vel
1369 3397 1567 3453 totum
1590 3396 1928 3455 conflatum
1948 3414 2205 3456 manere
2227 3415 2401 3457 com-

864 3504 1056 3545 mune
1086 3484 1331 3563 utrique
1367 3506 1380 3546 :
1417 3486 1480 3545 in
1503 3485 1619 3546 hoc
1654 3492 1863 3548 autem
1887 3507 2035 3548 casu
2056 3490 2265 3551 mistio
2295 3490 2401 3550 illa

864 3578 1115 3638 videtur
1142 3579 1276 3638 fieri
1333 3597 1406 3638 ex
1438 3597 1744 3640 consensu
1791 3581 2110 3660 utriusque
2153 3588 2399 3644 contra-

866 3671 1069 3732 hentis
1122 3691 1136 3731 ε
1185 3691 1377 3751 quare
1409 3677 1606 3733 totum
1638 3675 1805 3752 quod
1835 3675 2116 3750 resultat,
2151 3674 2402 3736 videtur

862 3765 997 3826 fieri
1027 3783 1384 3841 commune,
1436 3765 1524 3826 ita
1553 3770 1620 3826 ut
1661 3767 1951 3826 venditor
1995 3768 2075 3828 sit
2104 3768 2399 3830 dominus

860 3857 1073 3935 totius,
1106 3863 1170 3919 et
1196 3861 1443 3938 emptor
1471 3859 1702 3920 habeat
1722 3859 1827 3938 jus
1847 3860 1928 3920 ad
1951 3879 2105 3936 rem,
2141 3861 2222 3921 ad
2253 3880 2398 3940 par-

861 3955 989 4013 tem
1020 3950 1181 4012 illius
1210 3952 1398 4013 totius
1437 3954 1617 4031 juxta
1658 3953 2127 4031 proportionem
2175 3956 2392 4033 partiS,

863 4065 1004 4125 quae
1036 4045 1288 4107 vendita
1314 4046 1540 4108 fuerat.
1603 4048 1806 4118 Quare
1836 4046 1997 4107 sicut
2046 4048 2299 4127 quando
2330 4050 2402 4110 fit

862 4138 1135 4198 mulsum
1169 4157 1242 4198 ex
1289 4138 1434 4199 vino
1467 4143 1528 4200 et
1569 4139 1750 4199 melle
1799 4139 2068 4198 duorum
2117 4140 2399 4200 domino-

864 4249 1027 4307 rum,
1063 4249 1137 4290 ex
1166 4230 1445 4308 ipsorum
1476 4250 1806 4307 consensu,
1841 4231 2029 4292 debet
2058 4237 2278 4311 postca
2307 4233 2403 4292 di-

863 4323 991 4384 vidi
1022 4324 1293 4384 mulsum
1344 4324 1669 4384 interillos
1704 4323 1885 4402 juxta
1927 4326 2400 4403 proportionem

863 4416 1059 4497 partis
1092 4437 1128 4476 a
1154 4416 1416 4494 singulis
1445 4416 1816 4478 contributa}
1868 4437 1882 4477 :
1934 4418 2019 4478 ita
2047 4419 2284 4478 fructus
2315 4419 2402 4478 illi

865 4509 1093 4572 maturi
1124 4509 1444 4570 dividendi
1492 4508 1785 4571 videntur
1814 4510 1975 4571 inter
2005 4511 2402 4573 venditorem

864 4608 927 4665 et
956 4607 1327 4681 emptorem,
1362 4602 1446 4662 ita
1477 4607 1545 4663 ut
1574 4602 1835 4681 singulis
1853 4622 1997 4682 pars
2017 4604 2202 4665 detur
2222 4606 2404 4683 juxta

863 4696 1334 4778 proportionem
1399 4696 1594 4776 partis
1648 4696 1906 4775 majoris
1960 4697 2058 4757 vel
2113 4697 2397 4775 minoriS,

864 4809 1006 4871 quae
1037 4791 1488 4870 correspondet
1534 4792 1597 4850 in
1647 4791 2056 4852 aestimatione
2086 4792 2405 4851 fructuum

863 4883 1383 4963 praecedentium‚
1436 4887 1499 4944 et
1542 4883 1909 4944 incrementi
1954 4887 2175 4961 postea
2217 4884 2405 4944 adve-

864 4977 1113 5038 nientiS.

617 5088 732 5146 213
946 5071 1279 5133 Dubitatur
1306 5071 1511 5146 tertIO,
1547 5070 1864 5150 quomodo
1894 5071 2030 5131 haec
2057 5072 2275 5148 regula
2293 5089 2408 5150 ap-

571 5212 675 5264 Qnffl
709 5213 734 5254 d
864 5165 1159 5245 plicanda
1207 5166 1288 5226 sit
1315 5166 1396 5226 ad
1440 5164 1809 5245 pensionem
1856 5163 1945 5224 rei
1976 5164 2269 5240 venditae,
2327 5165 2400 5231 si,

546 5267 717 5308 cunone
756 5266 815 5309 rei
864 5278 924 5318 v.
959 5278 1023 5337 g.
1059 5259 1284 5319 domus
1315 5258 1424 5320 tibi
1474 5257 1806 5332 vendatur,
1859 5276 1999 5335 quae
2026 5257 2233 5316 locata
2275 5261 2410 5317 erat

864 5352 1072 5427 Petro,
1124 5370 1265 5430 queo
1294 5370 1440 5430 pars
1488 5350 1806 5429 pensionis
1853 5368 1925 5409 ex
1956 5350 2268 5409 locatione
2297 5350 2408 5410 tibi

2493 516 2895 596 proportione
2923 516 3092 577 idem
3120 518 3458 579 dicendum
3481 536 3619 579 esse
3654 538 3668 580 ε
3700 521 3985 598 pensiones

2496 609 2661 668 enim
2684 610 3241 687 correspondentes
3268 611 3537 690 tempori
3558 630 3683 691 quo
3703 612 3916 673 tructus
3927 615 3987 673 ad

2495 702 2887 763 venditorem
2936 704 3271 781 pertinent,
3333 705 3566 765 debent
3616 705 3697 765 ad
3744 706 3987 766 eumdem

2497 795 2812 874 pertinere
2880 816 2893 855 ε
2963 796 3084 856 illae
3139 816 3290 857 vero
3347 815 3488 876 quae
3546 799 3990 876 correspondent
4111 796 4117 813 '

2496 889 2764 967 tempori
2795 906 2917 968 quo
2951 889 3189 949 fructus
3219 891 3533 969 pertinent
3560 890 3643 951 ad
3664 898 3987 970 emptorem,

2499 980 2580 1039 ad
2608 980 2902 1040 eumdem
2931 986 3278 1059 emptorem
3319 983 3744 1061 pertinebunt,
3791 990 3856 1044 ut
3880 1004 3990 1045 cum

2496 1074 2666 1135 Bart.
2719 1075 2973 1135 Covarr.
3036 1079 3098 1135 et
3149 1076 3470 1135 communi
3528 1077 3760 1137 docent
3799 1078 3990 1137 Melina

2498 1165 2605 1226 ubi
2634 1184 2806 1244 supr.
2842 1186 2945 1226 nu.
2979 1170 3039 1227 5.
3075 1172 3138 1228 et
3167 1168 3274 1227 alii
3319 1169 3759 1229 communiter.
3816 1171 3991 1248 Neque

2499 1257 2708 1319 obstat
2749 1258 2847 1318 lex
2886 1258 3161 1319 Julianus
3201 1276 3333 1324 xlv.
3377 1262 3432 1338 ἓ.
3485 1260 3565 1321 Si
3610 1260 3900 1340 fructibus,
3940 1263 3985 1321 ff.

2497 1348 2567 1410 de
2593 1360 2705 1411 act.
2738 1360 2914 1432 empt.
2972 1352 3075 1412 ubi
3108 1354 3494 1414 contrarium
3541 1354 3790 1415 videtur
3816 1354 3990 1414 haberi

2499 1443 2596 1503 his
2624 1444 2833 1504 verbis
2882 1464 2896 1505 :
2958 1466 2985 1500 «
3015 1445 3123 1506 Sin
3154 1446 3397 1507 locatus
3425 1465 3579 1524 ager
3608 1446 3742 1519 fuit,
3789 1446 3992 1525 pensio-

2497 1554 2608 1597 nes
2635 1537 2853 1615 utique
2883 1538 2939 1597 ei
2969 1537 3215 1612 cedent,
3250 1538 3356 1617 qui
3386 1539 3727 1600 locaverat.
3775 1539 3924 1600 idem
3946 1546 3991 1599 et

2499 1628 2558 1688 in
2580 1630 2833 1708 praediis
2862 1630 3142 1707 urbanis,
3179 1631 3295 1690 nisi
3319 1631 3470 1709 quid
3494 1631 3864 1692 nominatius
3879 1651 3991 1692 cou-

2495 1721 2739 1782 venisse
2778 1728 3183 1802 proponatur.
3215 1747 3244 1780 »
3324 1723 3433 1783 Illa
3478 1723 3648 1783 enim
3695 1724 3878 1783 verba
3917 1726 3985 1783 in·

2496 1814 2692 1893 telligi
2722 1814 2954 1875 debent
2995 1814 3074 1874 de
3104 1815 3514 1892 pensionibus
3559 1816 3837 1877 nondum
3859 1816 3988 1876 soln-

2497 1906 2576 1967 tis
2629 1908 3265 1986 correspondentibus
3311 1909 3580 1988 tempori
3628 1909 3987 1988 praecedenti,

2498 1998 2576 2059 de
2606 1999 2832 2078 quibus
2860 1999 3132 2060 dubitari
3181 2005 3448 2078 poterat,
3511 2001 3662 2081 quia
3708 2019 3846 2062 cum
3871 2020 3988 2061 non-

2499 2091 2649 2152 dum
2704 2091 3030 2152 solutionis
3083 2095 3334 2172 tempus
3389 2093 3781 2168 advenisset,
3835 2094 3989 2153 viden'

2499 2189 2756 2264 possent
2773 2184 3011 2245 fructus
3041 2184 3252 2245 adhuc
3279 2204 3354 2244 ex
3382 2204 3451 2245 re
3482 2186 3587 2245 illa
3607 2186 3986 2266 percipiendi:

2500 2296 2647 2337 nam
2675 2277 2754 2337 de
2784 2277 3192 2355 pensionibus
3221 2296 3335 2357 pro
3365 2297 3507 2354 usu,
3557 2278 3659 2338 vel
3704 2279 3896 2339 fructu
3917 2278 3989 2338 tu·

2498 2374 2639 2431 turo
2672 2388 2795 2429 non
2826 2370 3158 2429 videbatur
3186 2389 3322 2429 esse
3351 2370 3688 2432 difficultas
3708 2417 3725 2447 ,
3775 2389 3902 2430 cum
3922 2370 3992 2429 lo·

2500 2461 2762 2523 cationis
2795 2466 3154 2522 contractus
3208 2462 3273 2520 in
3329 2462 3614 2522 futurum
3666 2480 3900 2522 cessare
3921 2463 3992 2521 vi·

2500 2555 2742 2631 deutur,
2794 2574 2867 2615 eo
2911 2555 3047 2632 ipso
3095 2555 3265 2633 quod
3293 2573 3393 2615 res
3435 2555 3765 2632 alienetur,
3814 2557 3851 2617 1.
3877 2554 3992 2616 Em·

2492 2656 2743 2729 ptorem,
2794 2650 2861 2707 C.
2913 2646 2982 2707 de
3028 2647 3202 2708 locat.
3253 2648 3296 2708 l.
3344 2647 3423 2707 Si
3456 2667 3689 2721 merces,
3740 2650 3798 2729 ξ.
3829 2648 3996 2730 Siqn‘

2494 2739 2765 2821 fundum,
2817 2739 2947 2801 etl.
2986 2740 3101 2815 Qui
3120 2739 3392 2820 fundum,
3449 2743 3510 2801 ff.
3546 2740 3743 2818 locati,
3791 2743 3833 2801 l.
3865 2740 3996 2801 Nilei!

2497 2835 2554 2913 ἓ.
2588 2833 2699 2894 ult.
2735 2834 2798 2894 ff.
2849 2832 2919 2892 de
2947 2832 3122 2912 ἱεραί.
3161 2851 3201 2894 1.
3265 2833 3573 2895 Observat
3621 2840 3833 2895 autem
3869 2834 3993 2893 bene

2498 2946 2641 2987 cum
2670 2929 2840 2987 Bart.
2893 2930 2956 2987 et
3001 2926 3160 3002 aliis,
3219 2927 3588 3006 pensionem
3629 2927 3992 2988 dividendam

2498 3038 2632 3080 esse
2658 3020 2820 3080 inter
2848 3024 3197 3098 emptorem
3217 3025 3281 3081 et
3300 3020 3721 3097 venditorem,
3755 3039 3871 3081 non
3894 3026 3991 3081 tam

2496 3131 2608 3194 pro
2639 3119 2777 3173 rata
2803 3112 3127 3191 temporis,
3181 3131 3371 3193 quam
3400 3131 3514 3193 pro
3541 3117 3680 3175 rata
3715 3114 3988 3174 fructuum

2497 3211 2958 3285 perceptorum.
3019 3210 3222 3278 Quare
3251 3207 3301 3267 si
3351 3207 3559 3267 locata
3599 3213 3737 3269 erat
3764 3209 3926 3268 vinea
3946 3207 3990 3265 iu

2498 3318 2755 3372 annum,
2805 3305 2870 3361 et
2897 3300 3199 3360 fructibus
3247 3301 3431 3360 nullis
3473 3300 3685 3361 adhuc
3731 3300 3990 3362 acondu·

2497 3397 2668 3454 ctore
2730 3392 3059 3470 perceptis,
3121 3394 3454 3468 vendatur,
3511 3398 3648 3454 tota
3694 3394 3897 3472 pensio
3933 3391 3990 3451 ad

2497 3490 2846 3565 emptorem
2895 3485 3222 3564 spectabit,
3273 3486 3421 3548 licet
3464 3486 3674 3565 major
3719 3488 3858 3547 anni
3883 3504 3992 3565 pars

2498 3581 2711 3658 elapsa
2737 3579 2954 3640 fuisset
3005 3599 3017 3640 :
3070 3599 3103 3640 e
3134 3584 3355 3641 contra
3395 3598 3547 3640 vero
3577 3581 3630 3640 si
3676 3587 3818 3641 ante
3841 3581 3990 3640 finem

2496 3672 2646 3732 anni
2673 3672 3006 3748 vendatur,
3049 3672 3159 3732 scd
3204 3672 3512 3733 fructibus
3557 3672 3695 3752 jam
3726 3693 3762 3732 a
3804 3672 3992 3733 condu-

2497 3772 2669 3827 ctore
2698 3765 3030 3842 perceptiS,
3065 3766 3236 3825 nulla
3264 3784 3412 3844 pars
3439 3765 3607 3826 illius
3636 3784 3854 3826 annuae
3880 3783 3993 3842 pen·

2497 3857 2688 3919 sionis
2716 3858 3023 3937 spectabit
3068 3857 3148 3917 ad
3198 3864 3551 3935 emptorem
3576 3904 3592 3933 ‚
3645 3859 3756 3919 sed
3797 3864 3910 3919 tota
3935 3855 3992 3914 ad

2497 3950 2913 4025 venditorem,
2974 3949 3120 4029 quia
3167 3951 3383 4028 pensio
3433 3950 3540 4009 illa
3584 3952 3856 4012 succedit
3888 3952 3994 4009 loco

2497 4045 2845 4110 fructuum,
2899 4047 2961 4100 et
3003 4043 3224 4103 codem
3255 4043 3443 4104 modo
3474 4043 3678 4104 dividi
3707 4045 3898 4116 debet,
3936 4044 3995 4101 si·

2499 4143 2605 4198 cut
2632 4139 2870 4196 fructus
2899 4135 3352 4197 dividerentur.
3389 4137 3659 4208 Quando
3694 4143 3886 4197 autem
3912 4135 3994 4193 do-

2499 4249 2638 4290 mus
2666 4229 2961 4290 venditur
2989 4234 3052 4290 et
3078 4229 3369 4305 traditur,
3405 4249 3550 4308 quoe
3579 4231 3786 4292 locata
3811 4235 3928 4288 erat
3948 4228 3993 4286 in

2501 4342 2758 4398 annum,
2790 4321 3115 4383 locationis
3144 4323 3362 4401 pensio
3385 4323 3734 4384 dividenda
3762 4331 3846 4385 est
3870 4323 3998 4382 inter

2503 4420 2846 4494 emptorem
2881 4433 2992 4494 pro
3026 4419 3160 4476 rata
3182 4417 3508 4493 temporiS,
3546 4418 3698 4495 quia
3726 4423 3874 4479 totus
3895 4416 3997 4475 [ni-

2502 4513 2639 4569 ctus
2668 4509 2729 4568 in
2761 4508 3125 4587 quotidiano
3157 4526 3273 4568 usu
3315 4509 3624 4585 consistit,
3678 4515 3741 4571 et
3766 4506 3996 4588 quotidie

2503 4601 2846 4681 percipitur
2874 4602 3112 4662 fructus
3141 4619 3361 4677 novus,
3397 4608 3460 4663 et
3482 4621 3801 4682 nunquam
3817 4598 3998 4662 antici·

2506 4699 2653 4774 pato
2684 4693 3052 4774 percipitur.

2584 4788 2681 4849 Ab
2713 4787 2829 4847 hac
2860 4787 3079 4864 regula
3126 4787 3327 4864 excipi
3351 4786 3513 4848 solet
3544 4787 3647 4848 ille
3694 4789 3795 4868 qui
3819 4786 3998 4848 emita

2504 4883 2654 4942 fisco
2686 4899 2821 4940 rem
2851 4879 3026 4940 alteri
3058 4880 3353 4955 locatam,
3405 4884 3556 4940 tunc
3584 4882 3771 4942 etiam
3796 4880 3868 4941 ad
3892 4896 3998 4938 em·

2504 4981 2749 5056 ptorcm
2779 4977 3019 5051 spectat
3047 4979 3177 5034 tota
3220 4972 3461 5050 pensio,
3510 4973 3694 5050 cujus
3720 4970 3998 5034 solutionis

2504 5068 2806 5130 terminus
2836 5085 2960 5126 non
2990 5066 3358 5137 advenerat,
3409 5066 3657 5127 etiamsi
3689 5068 3904 5128 fructus
3928 5065 3996 5122 in·

2505 5167 2751 5240 taff-os,
2805 5160 2898 5220 vel
2943 5163 3186 5238 partem
3229 5159 3578 5220 conductor
3620 5179 3695 5220 ox
3733 5179 3796 5219 re
3831 5159 3998 5218 locata

2498 5257 2635 5335 jam
2665 5254 3063 5333 percepisset,
3115 5271 3190 5311 cx
3218 5252 3258 5311 l.
3296 5252 3405 5313 ult.
3438 5253 3496 5330 ἓ.
3551 5254 3665 5312 ult.
3703 5255 3764 5311 ss'.
3793 5251 3858 5309 de
3883 5250 4000 5330 jure

2507 5347 2658 5429 fisci,
2716 5350 2783 5406 ut
2817 5364 2961 5406 cum
3004 5347 3172 5405 Bart.
3219 5346 3475 5406 Covarr.
3538 5350 3604 5405 et
3643 5345 3773 5405 aliis
3811 5345 3998 5403 docent

870 5444 1411 5526 correspondeat?
1468 5444 1938 5523 Respondetur,
1999 5460 2141 5504 cum
2200 5442 2410 5503 debita
2508 5440 2740 5505 Molina
2769 5437 2872 5498 ubi
2904 5457 3092 5520 supra
3125 5456 3232 5499 nu.
3264 5442 3325 5502 5.
3374 5442 3436 5499 et
3463 5438 3572 5499 alii
3603 5436 3993 5499 communiter.
