4263 6376
635 2112 695 2154 De
710 2109 861 2175 judice

606 2178 680 2208 exc
658 2164 890 2207 communi-

744 2220 868 2261 varia

630 2273 804 2316 scatenti
808 2285 860 2316 ω.

935 312 1052 369 674

939 485 1071 546 nire
1101 489 1164 546 et
1191 487 1611 546 condemnare
1640 484 1919 564 graviter
1946 484 2096 545 illud
2130 484 2297 544 idem
2327 502 2472 564 pec-

937 585 1147 641 catum
1176 579 1240 638 in
1267 578 1530 639 subditis
1555 597 1568 651 ;
1623 577 1791 656 quod
1820 577 2009 639 etiam
2038 581 2301 655 generat
2330 595 2473 637 con-

936 676 1245 751 temptum
1266 671 1564 748 justitiae3
1626 675 1690 731 et
1716 670 1779 729 in
1809 670 1929 730 hoc
1977 688 2163 730 sensu
2210 669 2473 746 intelligi

938 765 1128 826 etiam
1166 767 1371 843 potest
1406 763 1560 824 illud
1610 764 1786 824 Pauli
1824 763 1905 824 ad
1937 766 2114 824 Rom.
2175 764 2251 838 11,
2287 766 2342 822 1.
2402 760 2475 822 In

939 875 1053 937 quo
1065 854 1308 937 judicas
1337 855 1619 932 alterum,
1654 864 1709 915 te
1739 856 1928 937 ipsum
1956 854 2299 916 condemnas
2331 874 2353 914 .·
2382 873 2474 914 ea-

935 949 1062 1010 dem
1091 949 1242 1009 enim
1268 949 1416 1029 αφἐ,
1449 948 1831 1030 qaoejudz'cas
1853 997 1868 1026 ,
1901 950 2050 1010 licet
2073 949 2255 1009 aliter
2285 948 2474 1009 etiam

936 1043 1132 1121 possit
1177 1042 1297 1102 hoc
1323 1042 1617 1120 intelligi,
1667 1042 1836 1121 quod
1881 1043 2117 1103 scilicet
2163 1042 2265 1102 ille
2306 1041 2476 1123 judi-

936 1133 1137 1196 cando
1166 1135 1360 1195 alium
1411 1134 1671 1212 dignum
1718 1154 1935 1214 poena,
1988 1134 2233 1214 judicat
2284 1134 2474 1195 etiam

935 1228 1234 1306 implicite
1262 1247 1329 1286 se
1361 1227 1621 1305 dignum
1651 1227 1875 1287 eadem
1904 1246 2091 1305 poena
2116 1231 2372 1305 propter
2398 1226 2475 1286 si-

937 1319 1081 1379 mile
1111 1324 1462 1398 peccatum.
1500 1319 1753 1380 Secluso
1773 1324 1980 1380 tamen
2010 1318 2306 1380 scandalo
2334 1337 2475 1398 gra-

934 1411 1018 1487 vi,
1037 1412 1232 1490 judex
1263 1412 1491 1490 poterit
1518 1412 1709 1471 alium
1739 1412 2159 1473 condemnare
2187 1430 2328 1472 cum
2360 1412 2476 1471 hu-

935 1506 1198 1566 militate
1228 1509 1289 1566 et
1317 1510 1608 1581 tremore,
1643 1509 1708 1565 ut
1739 1509 1953 1565 monet
1981 1504 2283 1565 S.Thom.
2310 1503 2474 1564 unde

939 1601 1099 1676 Aug.
1136 1599 1210 1657 11.
1244 1595 1314 1656 de
1334 1596 1612 1657 Sermone
1638 1596 1880 1657 Domini
1901 1600 1963 1655 in
1989 1605 2199 1672 monte,
2225 1599 2470 1676 cap.30.

950 1712 978 1747 «
1007 1689 1070 1752 Si
1103 1708 1215 1749 nos
1244 1689 1431 1768 ipSOS,
1465 1690 1685 1769 inquit,
1711 1690 2135 1750 invenerimus
2161 1690 2224 1749 in
2255 1690 2477 1750 eodem

943 1802 1078 1843 esse
1107 1782 1278 1855 vitio,
1329 1784 1870 1861 congemiscamus
1916 1787 1978 1844 et
2004 1783 2084 1844 ad
2114 1785 2346 1862 pariter
2375 1801 2479 1844 ca-

940 1875 1214 1936 vendum
1247 1874 1599 1936 invitemus.
1634 1898 1662 1934 n

1023 1971 1111 2030 De
1135 1968 1348 2048 judice
1396 1968 1936 2030 excommunicato
1967 1969 2158 2030 variae
2190 1974 2335 2030 sunt
2365 1969 2478 2029 do-

940 2066 1183 2124 ctorum
1212 2061 1558 2135 sententiae,
1590 2080 1747 2139 quos
1777 2062 2057 2140 congerit
2084 2062 2307 2123 Thom.
2327 2063 2477 2123 San-

939 2155 1091 2214 chez
1120 2154 1225 2214 lib.
1263 2155 1367 2213 111.
1404 2153 1476 2213 de
1500 2153 1872 2213 matrimonio
1918 2153 2076 2232 disp.
2111 2171 2264 2215 xxn.
2300 2173 2471 2215 num.

937 2252 1035 2309 22.
1071 2251 1135 2308 et
1162 2251 1448 2326 sequent.
1502 2246 1712 2306 Prima
1741 2247 1926 2307 docet
1954 2264 2078 2307 non
2109 2248 2315 2308 valere
2342 2247 2477 2325 ejus

935 2345 1111 2415 acta,
1163 2339 1414 2418 quando
1447 2339 2009 2401 excommunicatio
2039 2340 2358 2418 praecessit
2386 2341 2478 2401 of-

935 2432 1059 2493 ficii
1089 2432 1523 2509 adeptionem,
1578 2433 1726 2511 quia
1770 2433 2012 2493 ratione
2054 2432 2476 2493 excommuni-

935 2525 1195 2586 cationis
1239 2530 1375 2586 erat
1421 2524 1686 2602 incapax
1734 2525 2052 2586 electionis
2099 2526 2363 2603 passivae
2393 2526 2474 2586 ad

933 2618 1085 2678 illud
1115 2616 1411 2678 officium.
1448 2618 1736 2678 Secunda
1764 2618 1948 2679 docet
1977 2637 2098 2679 non
2114 2619 2324 2679 valere
2339 2618 2475 2698 ejus

934 2714 1073 2771 acta
1092 2756 1107 2785 ‚
1158 2710 1213 2770 si
1238 2710 1880 2770 excommunicatione
1911 2711 2099 2771 etiam
2130 2712 2375 2773 occulta
2402 2712 2474 2771 li-

932 2807 1118 2880 gatur
1146 2802 1398 2880 quando
1421 2801 1685 2880 judicat.
1746 2803 1954 2864 Tertia
1996 2803 2213 2879 docet,
2262 2805 2472 2865 valere

933 2896 1067 2973 ejus
1096 2900 1236 2957 acta
1264 2895 1316 2955 si
1353 2894 1432 2955 sit
1452 2894 1649 2973 judex
1680 2895 2033 2956 ordinarius
2058 2942 2073 2972 ,
2106 2915 2286 2957 secus
2314 2897 2365 2957 si
2394 2896 2474 2958 sit

932 2988 1279 3067 delegatus
1316 2988 1549 3059 Quarta
1576 2988 1762 3048 docet
1787 2989 1995 3048 valere
2028 2990 2146 3050 nisi
2174 2988 2365 3069 judcx
2394 2990 2475 3049 sit

932 3080 1265 3142 haereticus
1295 3079 1483 3140 etiam
1513 3080 1814 3140 occultus·

1013 3172 1375 3234 Communis
1413 3171 1547 3252 jam
1587 3176 1649 3234 et
1676 3173 1885 3234 verior
1911 3174 2222 3236 sententia
2251 3173 2472 3236 distin-

931 3265 1068 3344 guit
1113 3264 1191 3324 de
1248 3265 1932 3339 excommunicatione;
1994 3266 2254 3345 quidam
2302 3268 2469 3328 enim

932 3358 1226 3418 dicuntur
1279 3358 1800 3420 excommunicati
1853 3359 2124 3434 tolerati,
2183 3359 2285 3419 alii
2341 3379 2466 3421 non

929 3450 1176 3511 tolerati
1202 3469 1218 3522 ;
1253 3450 1372 3511 hoc
1402 3454 1497 3511 est
1520 3468 1666 3510 cum
1696 3451 1925 3530 quibus
1967 3469 2092 3512 non
2137 3460 2467 3530 possumus

930 3543 1396 3603 communicare
1442 3544 1630 3604 etiam
1677 3548 1820 3622 post
1863 3543 2186 3605 decretum
2222 3546 2467 3606 concilii

931 3635 1426 3697 Constantiensis
1461 3656 1474 3697 :
1508 3636 1615 3715 qui
1636 3636 1894 3713 scilicet,
1928 3641 2075 3698 sunt
2096 3638 2465 3699 nominatim

930 3728 1321 3805 denuntiati,
1358 3730 1457 3789 vel
1499 3729 1727 3789 notorii
1782 3747 2185 3807 percussores
2230 3732 2461 3796 clerici.

928 3825 1015 3883 De
1066 3822 1382 3900 prioribus
1437 3823 1994 3883 excommunicatis
2042 3823 2227 3885 docet
2255 3825 2462 3885 valere

928 3933 1146 3975 eorum
1175 3914 1549 3976 sententiam
1574 3961 1590 3991 ,
1639 3915 1716 3974 de
1765 3916 2218 3993 posterioribus
2249 3921 2456 3995 negat.

925 4006 1202 4066 Primam
1230 4011 1471 4085 partem
1501 4011 1719 4067 tenent
1746 4008 1959 4085 plures
1988 4008 2374 4086 antiquiores
2400 4014 2464 4071 et

923 4099 1231 4175 moderni,
1266 4117 1423 4177 quos
1447 4099 1640 4160 refert
1681 4103 1745 4161 et
1773 4099 2054 4178 sequitur
2087 4101 2317 4163 Sanch.
2354 4102 2459 4163 ubi

924 4210 1112 4270 supra
1145 4212 1204 4252 n.
1239 4195 1338 4253 32.
1370 4191 1621 4252 Lessius
1652 4191 1801 4253 dub.
1837 4209 1948 4253 v11.
1995 4212 2057 4255 ιι.
2091 4197 2193 4256 56.
2228 4196 2459 4257 Suarez

924 4289 1075 4345 tom.
1108 4286 1183 4346 V.
1216 4282 1286 4344 de
1315 4284 1590 4360 censum,
1625 4285 1788 4363 disp.
1822 4302 1951 4346 xvl.
1985 4290 2139 4349 sect.
2175 4305 2217 4348 ι.
2252 4308 2360 4349 ιιιι.
2394 4295 2453 4350 7.

922 4377 1102 4439 Avila
1130 4376 1200 4436 de
1227 4377 1484 4437 censuris
1509 4423 1524 4452 ,
1559 4381 1718 4455 part.
1763 4379 1835 4439 11.
1873 4397 2010 4458 cap.
2047 4397 2131 4442 vt.
2168 4381 2330 4460 disp.
2368 4399 2453 4444 vl.

922 4470 1072 4530 dub.
1108 4474 1166 4530 3.
1202 4474 1265 4530 et
1295 4470 1398 4529 alii
1443 4471 1824 4531 recentiores
1861 4473 2299 4535 communiter.
2334 4475 2457 4535 Ad-

920 4568 1093 4622 verte
1150 4563 1298 4623 olim
1354 4563 1543 4623 etiam
1597 4568 1739 4625 acta
1786 4565 2315 4628 excommunicati
2353 4586 2459 4629 oc-

922 4655 1067 4716 culti
1099 4655 1287 4714 fuisse
1317 4655 1546 4730 valida,
1581 4657 1833 4734 quando
1851 4659 2268 4720 communiter
2286 4659 2459 4737 igno-

923 4748 1285 4823 amabatur,
1319 4748 1466 4826 quia
1486 4747 1839 4826 jurisdictio
1870 4752 2242 4829 existimata,
2269 4757 2338 4814 ut
2365 4753 2458 4812 vi·-

923 4839 1231 4916 debimuS,
1277 4840 1508 4902 sufficit
1552 4841 1632 4902 ad
1681 4843 1961 4903 valorem
2000 4848 2176 4904 actus
2215 4849 2286 4905 ut
2311 4864 2455 4905 cum

921 4935 1193 5009 Suarez,
1254 4933 1465 4995 Lessio
1488 4980 1503 5010 ,
1565 4938 1627 4994 et
1680 4935 1814 4996 aliis
1890 4940 2065 4997 notat
2118 4939 2454 5016 Fagundez

919 5025 1026 5086 lib.
1063 5026 1220 5087 Vlll.
1256 5025 1318 5084 in
1351 5043 1488 5086 vni.
1544 5030 1928 5106 praeceptum
1977 5029 2269 5108 Decalogi
2310 5048 2447 5109 cap.

917 5134 1137 5179 xxvm.
1173 5138 1235 5178 ιι.
1270 5122 1328 5180 8.

993 5211 1172 5271 Ratio
1204 5216 1418 5273 autem
1450 5217 1546 5274 est
1575 5213 1724 5291 quia
1753 5230 1899 5272 cum
1929 5213 2261 5274 conciliam
2290 5217 2453 5276 Con-

910 5303 1247 5365 stantiense
1277 5305 1607 5365 indulserit
1637 5305 2274 5367 communicationem
2305 5326 2449 5367 cum

909 5397 1151 5457 caeteris
1194 5397 1750 5458 excommunicatis
1805 5399 1886 5459 ad
1928 5399 2220 5460 evitanda
2267 5418 2449 5460 scan-

909 5491 1051 5550 dala
1082 5495 1142 5550 et
1170 5489 1445 5568 pericula
1476 5495 1898 5568 pcccatorum,
1937 5510 2009 5551 eo
2042 5492 2177 5569 ipso
2204 5492 2449 5554 videtur

2083 309 2187 367 DE
2228 307 2583 369 JUSTITIA
2630 306 2731 366 ET
2774 306 2975 367 JURE

2570 484 2731 543 velle
2778 501 2995 543 eorum
3053 487 3227 543 actus
3272 480 3605 561 judiciales
3658 500 3795 543 esse
3841 482 4087 543 validos,

2572 580 2824 637 Frustra
2853 574 3020 636 enim
3048 574 3299 637 videtur
3326 576 3812 636 communicatio
3850 594 3997 636 cum
4015 575 4094 655 ju-

2573 669 2733 744 dice,
2764 669 2816 729 si
2845 673 3064 746 postea
3091 667 3226 748 ejus
3247 674 3388 731 acta
3416 670 3658 730 nullum
3680 670 3993 729 haberent
4010 687 4091 729 va·

2571 761 2791 837 lorem,
2825 781 2939 822 nec
2970 758 3120 823 satis
3149 764 3502 824 consultum
3534 767 3699 824 esset
3717 762 4028 827 scandalis
4043 768 4095 825 et

2572 854 2864 933 periculis
2918 854 3221 931 fidelium,
3269 860 3334 919 et
3378 855 3465 918 ita
3493 856 3746 917 videtur
3782 859 4092 932 receptum

2572 946 2889 1007 communi
2916 946 3198 1007 omnium
3226 948 3399 1026 praxi
3430 954 3560 1011 tam
3603 949 3667 1007 in
3696 948 3834 1009 foro
3865 948 4094 1009 interno

2573 1056 2763 1116 quam
2793 1042 3050 1099 externo
3075 1085 3090 1116 ,
3138 1058 3254 1101 nec
3292 1041 3454 1101 ullus
3484 1044 3701 1102 contra
3734 1039 4095 1101 sententiam

2571 1132 2764 1193 latam
2795 1149 2830 1190 a
2851 1130 3065 1211 judice
3095 1132 3249 1193 alias
3278 1133 3821 1195 excommunicato
3842 1133 4093 1194 tolerato

2571 1225 2913 1285 reclamare
2966 1226 3175 1303 audet,
3235 1227 3412 1305 quasi
3468 1230 3686 1289 contra
3731 1225 4094 1287 sententiam

2573 1316 2933 1378 invalidam.

2654 1409 2926 1471 Adverte
2971 1415 3206 1487 tamen,
3262 1411 3507 1490 aliquos
3547 1411 3706 1471 velle
3749 1429 3877 1472 non
3925 1429 4092 1490 posse

2570 1502 2846 1582 judicem
2877 1503 3484 1565 excommunicatum
3506 1504 3841 1566 toleratum
3862 1523 4093 1566 excom·

2574 1596 2896 1656 municare
2924 1596 3153 1672 valide,
3215 1597 3361 1676 quia
3416 1597 3479 1656 in
3523 1598 3744 1659 concil.
3780 1600 4088 1662 Constant.
4130 1600 4178 1683 αξ·
4225 1586 4230 1683 2

2578 1688 2782 1748 nullus
2810 1688 2990 1748 favor
3010 1688 3065 1748 ei
3096 1689 3492 1765 conceditur,
3526 1688 3644 1750 nisi
3673 1695 3985 1768 quatenus
4007 1708 4094 1752 ce·

2576 1780 2667 1840 dit
2686 1780 2749 1839 in
2778 1780 3047 1858 gratiam
3075 1781 3342 1841 aliorum
3370 1781 3651 1841 fidelium
3678 1783 4025 1860 petentium
4042 1787 4097 1844 et

2574 1872 2918 1934 volentium
2939 1891 3085 1933 cum
3113 1892 3186 1935 eo
3204 1875 3714 1936 communicare:
3748 1894 3879 1937 non
3909 1882 4098 1955 potest

2577 1984 2727 2044 ergo
2757 1983 3050 2026 exercere
3080 1971 3290 2031 actum
3326 1966 3778 2046 jurisdictionis
3808 1970 4096 2031 coactivae

2575 2058 2639 2117 in
2669 2057 2989 2119 subditum
3017 2058 3322 2135 invitum,
3370 2060 3456 2120 ita
3496 2061 3731 2122 Suarez
3758 2060 3831 2121 de
3858 2061 4097 2122 cerum-ik

2578 2150 2805 2229 disput.
2840 2152 3002 2213 XIV.
3049 2157 3200 2214 sect.
3249 2171 3334 2212 11.
3370 2170 3431 2213 ιι.
3468 2155 3564 2214 15.
3598 2156 3661 2213 et
3684 2155 3967 2230 Layman
3995 2154 4090 2215 lib.

2576 2244 2649 2305 ΙΙ.
2682 2247 2863 2304 tract.
2901 2260 2960 2304 v.
2996 2249 3158 2322 part.
3193 2263 3277 2306 11.
3315 2262 3454 2323 cap.
3489 2265 3549 2306 v.
3586 2250 3723 2306 n.7.
3753 2252 3818 2309 et
3848 2264 4095 2307 consen·

2574 2336 2691 2396 tire
2722 2336 2971 2397 videtur
3006 2337 3191 2397 Joan.
3247 2336 3622 2416 Praepositus
3670 2344 3893 2418 quaest.
3935 2340 4006 2400 ll.
4036 2338 4100 2398 de

2573 2429 3051 2491 excommunicat.
3105 2429 3253 2491 dub.
3300 2447 3426 2493 x11.
3476 2450 3537 2491 n.
3573 2434 3672 2493 78.
3709 2432 3861 2511 quia
3889 2434 3940 2492 si
3966 2432 4096 2493 sub-

2574 2520 2738 2582 ditus
2768 2521 2924 2583 nolit
2951 2522 3228 2596 obedire,
3267 2542 3411 2583 cum
3440 2524 3520 2584 ad
3551 2523 3615 2583 id
3645 2542 3771 2586 non
3792 2529 4093 2599 teneatur,

2574 2631 2696 2674 non
2728 2614 2845 2674 erit
2861 2617 3216 2675 contumax.
3245 2617 3376 2677 Hoc
3394 2621 3606 2677 tamen
3627 2616 4096 2697 intelligendum

2572 2705 2841 2782 videtur,
2875 2707 2927 2766 si
2955 2713 3098 2769 ante
3131 2709 3436 2785 prolatam
3485 2711 3864 2771 sententiam
3900 2711 4099 2772 subdi-

2572 2802 2669 2859 tus
2706 2800 3140 2878 exceptionem
3197 2803 3865 2864 excommunicationis
3911 2823 4097 2883 oppo—

2571 2896 2699 2967 nat,
2732 2898 2919 2971 prout
2945 2912 3263 2973 opponere
3291 2899 3517 2973 potest,
3544 2900 3608 2957 et
3630 2896 3950 2957 declinare
3971 2897 4098 2975 ejus

2563 2983 3066 3063 jurisdictionem
3089 3032 3105 3062 ‚
3152 2991 3221 3047 ut
3267 2987 3580 3066 colligitur
3631 3006 3709 3047 ex
3736 3007 3878 3067 cap.
3910 2988 4097 3051 Exce-

2560 3076 2841 3155 ptionem,
2875 3077 2939 3137 in
2968 3078 3091 3137 fine
3114 3124 3129 3153 ,
3161 3077 3232 3138 de
3256 3079 3636 3159 exceptionib.
3671 3080 3738 3142 Si
3765 3086 3978 3151 tamen
4003 3081 4095 3160 ju-

2569 3168 2847 3232 risdictio
2878 3188 3003 3231 non
3045 3170 3234 3233 suerit
3261 3171 3609 3250 declinata,
3643 3174 3959 3240 sententia
3995 3194 4100 3235 va-

2566 3262 2694 3322 lida
2722 3263 2990 3339 videtur,
3025 3268 3088 3324 et
3116 3265 3177 3324 in
3207 3264 3327 3326 hoc
3346 3285 3531 3327 sensu
3548 3267 3941 3347 intelligendi
3961 3272 4101 3330 suut

2566 3355 2675 3433 qui
2747 3354 2965 3418 dicunt
2985 3402 3001 3431 ,
3082 3358 3695 3420 excommunicatum
3765 3360 4097 3423 toleratum

2565 3464 2746 3525 posse
2792 3449 2997 3510 valide
3052 3450 3622 3527 excommunicare,
3680 3457 3752 3514 ut
3794 3453 4094 3530 Conium,

2565 3544 2628 3601 et
2657 3541 2993 3617 Guttierez,
3027 3560 3185 3620 quos
3213 3545 3430 3619 affert,
3482 3549 3546 3606 et
3588 3545 3875 3623 sequitur
3902 3546 4098 3607 Diana

2563 3637 2722 3710 part.
2760 3635 2832 3695 V.
2866 3638 3047 3695 tract.
3079 3654 3172 3696 ιιι.
3206 3634 3880 3698 &excommunicatione
3908 3638 4091 3701 resol.

2643 3818 2935 3880 Secunda
2962 3838 3113 3880 vero
3143 3838 3291 3898 pars
3313 3867 3330 3897 ,
3382 3821 3553 3900 quod
3580 3822 3820 3886 scilicet
3853 3828 4095 3887 senten-

2560 3912 2661 3973 tiae
2683 3911 2916 3991 judicis
2946 3913 3471 3976 excommunicati
3519 3933 3647 3976 non
3693 3917 3944 3978 tolerati
3975 3937 4095 3978 .ιοιι

2560 4004 2686 4065 sint
2718 4004 2966 4081 validas,
3000 4009 3095 4067 est
3123 4005 3315 4068 etiam
3343 4008 3696 4068 communis
3722 4010 4093 4070 eorumdem
4159 3993 4178 4109 i}
4226 3997 4230 4062 1'

2560 4101 2924 4170 auctorum;
2971 4115 3112 4159 eam
3138 4117 3288 4159 vero
3322 4099 3550 4177 probat
3578 4101 3862 4162 Sanchez
3896 4121 3962 4164 n.
3993 4105 4091 4164 36.

2559 4207 2634 4248 ex
2663 4207 2804 4269 cap.
2835 4189 3283 4272 Exceptwnem,
3318 4191 3399 4252 ad
3442 4193 3661 4268 finem,
3708 4192 3777 4255 de
3803 4195 4097 4276 exceptac-

2556 4281 2721 4342 nibus
2745 4301 2937 4361 ,.cap
2983 4282 3317 4361 Adversus,
3367 4283 3437 4346 de
3485 4285 3772 4347 immuunt.
3828 4288 4101 4349 ecetesia-

2555 4394 2709 4451 rum,
2741 4394 2906 4436 vers,
2948 4375 3096 4451 Qum
3118 4395 3273 4453 vero,
3307 4395 3445 4456 cap.
3480 4379 3527 4438 1.
3561 4376 3634 4439 de
3662 4378 3838 4459 offic.
3888 4381 4102 4441 vicarit

2555 4467 2621 4528 in
2650 4485 2735 4529 v1.
2770 4470 2919 4529 Haec
2972 4473 3184 4530 tamen
3231 4470 3378 4550 jura
3423 4470 3524 4531 vel
3577 4471 3783 4532 solum
3827 4474 4100 4551 probant

2556 4579 2737 4639 posse
2760 4559 3043 4640 judicem
3070 4563 3679 4625 excommunicatum
3702 4566 3924 4644 repelli
3947 4586 3985 4625 a
3995 4568 4098 4645 ju·

2554 4652 2842 4730 dicandO,
2861 4654 2959 4714 vel
2988 4654 3070 4714 ad
3086 4673 3402 4714 summum
3418 4656 3774 4734 procedunt
3790 4658 3867 4718 de
3876 4658 4097 4737 judice

2556 4745 2756 4807 solum
2787 4746 3230 4809 ecclesiastica
3266 4748 3448 4810 Unde
3478 4750 3715 4810 Suarez
3762 4751 3865 4811 ubi
3906 4770 4099 4829 supra

2553 4839 2783 4900 fatetur
2802 4837 2966 4898 hanc
2982 4839 3450 4901 conclusionem
3471 4840 3725 4901 difficile
3746 4860 3933 4920 posse
3956 4863 4101 4922 pro-

2551 4931 2726 5003 bari;
2761 4932 3058 4992 standum
3087 4936 3301 4993 tamen
3330 4951 3466 4994 esse
3499 4936 4099 4997 communiconsue-

2552 5024 2773 5100 tudini,
2808 5043 2970 5102 quae,
3005 5027 3058 5087 si
3086 5032 3315 5088 caetera
3343 5027 3673 5103 abessent,
3724 5028 3960 5091 sufficit
3982 5077 4000 5106 ,
4033 5035 4101 5090 ut

2544 5117 2679 5198 jam
2707 5118 2843 5177 haec
2885 5117 3114 5180 ablatio
3164 5119 3620 5199 jurisdictionis
3672 5121 4003 5183 transierit
4035 5123 4094 5183 in

2550 5212 2678 5270 vim
2719 5210 2896 5289 legia,
2959 5216 3020 5273 et
3075 5212 3331 5292 quidem
3379 5231 3524 5275 cum
3569 5214 3991 5277 fundamento
4034 5216 4094 5276 in

2552 5306 2686 5383 ipso
2709 5301 2891 5381 jure;
2926 5322 3073 5364 nam
3103 5324 3241 5384 cap.
3290 5306 3529 5385 penult.
3572 5312 3637 5369 et
3661 5309 3774 5369 ult.
3804 5309 3950 5370 XV.
3986 5328 4089 5388 qu.

2550 5415 2633 5460 vl.
2670 5397 2759 5456 illi
2804 5395 2909 5473 qui
2959 5398 3376 5476 subjiciuntur
3402 5401 4096 5463 excommunicatisab-

2551 5491 2879 5552 solvuntur
2906 5508 2945 5550 a
2974 5491 3361 5569 subjectione
3393 5493 3482 5552 eis
3512 5493 3727 5554 debita
3751 5539 3766 5569 ,
3795 5511 3959 5572 ergo
3990 5514 4095 5554 ex·
