4263 6376
1283 277 1751 340 DISPUTATIO
1795 281 1919 355 XL,
1969 281 2243 342 SECTIO
2286 283 2391 344 1v.

262 453 377 514 cile
425 454 519 513 est
561 450 960 512 damnandus
1008 449 1250 529 peccati
1275 451 1581 526 mortalis,
1644 470 1788 514 cum

264 544 457 625 possit
501 544 839 625 aliquando
892 562 1143 623 sperare
1190 545 1624 606 remissionem
1681 546 1789 606 ali-

264 657 452 718 quam
479 655 707 716 poenae,
738 638 1009 697 maxime
1030 636 1109 697 ad
1131 637 1456 699 arbitrium
1486 638 1580 698 sui
1601 637 1789 699 advo-

265 732 408 793 cati.

343 823 463 885 Alii
491 828 727 899 tamen,
778 822 968 884 etiam
997 841 1070 883 eo
1101 840 1271 899 casu,
1327 826 1456 884 tam
1504 822 1568 883 in
1598 823 1788 883 civili-

263 917 377 978 bus
408 935 597 996 quam
626 917 692 976 in
722 916 1171 992 criminalibu5‚
1222 916 1438 978 dicunt
1482 935 1617 976 esse
1657 916 1791 976 lici-

262 1013 392 1071 tam
421 1007 904 1086 appellationem
948 1026 984 1067 a
1011 1007 1319 1068 sententia
1347 1007 1590 1086 prolata
1611 1007 1790 1086 juxta

264 1100 748 1181 probabiliorem
796 1100 1189 1178 opinionem,
1249 1101 1301 1159 si
1355 1101 1668 1162 contraria
1714 1100 1793 1162 sit

273 1195 462 1254 etiam
497 1192 862 1272 probabilis
900 1193 993 1253 Ita
1021 1193 1363 1252 Turrianus
1404 1193 1468 1252 in
1499 1193 1789 1272 praesenti

267 1285 424 1364 disp.
447 1287 545 1346 LI.
568 1284 717 1345 duh.
747 1301 789 1345 1.
818 1284 1128 1361 Salonine,
1164 1289 1225 1346 et
1242 1285 1491 1362 SilviuS,
1527 1292 1588 1348 et
1605 1288 1638 1347 J
1646 1285 1788 1346 can·

266 1398 374 1440 nes
403 1379 480 1438 de
508 1379 565 1438 la
589 1380 770 1455 Cruz,
807 1396 965 1457 quos
993 1379 1175 1438 affert
1201 1382 1263 1439 et
1287 1379 1569 1456 sequitur
1595 1380 1793 1440 Diana

265 1473 366 1533 111.
401 1476 562 1550 part.
595 1475 777 1532 tract.
813 1488 872 1532 v.
909 1470 1224 1533 nztbcellan.
1257 1471 1443 1531 resol.
1481 1474 1615 1534 104.
1650 1471 1795 1533 licet

267 1564 453 1643 aliqui
485 1584 559 1624 ex
578 1564 654 1624 iis
673 1563 876 1624 solum
903 1562 967 1623 id
987 1563 1322 1624 admittant
1348 1564 1410 1624 in
1438 1581 1629 1625 causa
1656 1583 1793 1625 san-

264 1656 503 1735 guinis3
538 1674 654 1734 ego
684 1660 895 1716 autem
921 1655 988 1715 in
1015 1655 1303 1716 omnibus
1332 1674 1472 1715 eam
1503 1657 1793 1735 probabi-

264 1748 388 1810 lem
408 1753 581 1828 puto,
613 1751 771 1808 Nam
789 1748 937 1810 licet
956 1747 1033 1808 de
1046 1747 1262 1826 judice
1284 1748 1549 1808 dixerim
1576 1768 1790 1828 supra,

269 1842 495 1903 debere
532 1860 677 1901 eum
706 1841 1120 1902 communiter
1138 1840 1425 1920 judicare
1449 1840 1629 1920 juxta
1661 1842 1796 1921 opi-

268 1935 519 1996 nionem
560 1933 1094 2014 probabiliorem:
1156 1933 1274 1994 hoc
1321 1939 1531 1995 tamen
1584 1936 1647 1995 in
1673 1935 1796 1997 liti-

272 2034 459 2108 gante
504 2028 711 2088 locum
741 2044 867 2087 non
895 2025 1122 2103 habet,
1174 2027 1284 2105 qui
1329 2045 1400 2086 ex
1433 2029 1637 2089 officio
1670 2046 1795 2089 non

269 2127 519 2183 tenetur
564 2119 1050 2198 probabiliorem
1087 2119 1380 2197 amplecti
1409 2121 1791 2199 opinionem,

270 2214 379 2275 sed
433 2217 640 2292 potest
692 2212 1085 2290 probabilem
1148 2231 1404 2273 causam
1458 2214 1794 2275 defendere

269 2308 483 2367 contra
511 2304 1021 2384 probabiliorem,
1073 2308 1142 2367 ut
1197 2305 1355 2384 disp.
1390 2307 1673 2386 sequenti
1715 2308 1794 2368 de

270 2397 572 2459 advocato
595 2398 896 2458 dicemus,
930 2399 1008 2458 Et
1028 2397 1282 2476 quidem
1311 2417 1426 2478 ego
1456 2419 1581 2461 non
1611 2401 1793 2462 video

270 2510 380 2552 cur
422 2490 618 2569 possit
662 2507 805 2549 reus
854 2489 935 2549 ab
983 2489 1156 2550 initio
1212 2509 1278 2550 se
1335 2493 1493 2553 tueri
1539 2493 1778 2555 habens

269 2583 656 2664 probabilem
716 2600 992 2659 causam,
1068 2586 1132 2642 et
1187 2583 1389 2644 sciens
1451 2586 1796 2647 adversarii

269 2694 522 2738 causam
590 2694 725 2735 esse
781 2674 1291 2754 probabiliorem,
1353 2681 1415 2739 et
1474 2683 1617 2758 post
1674 2680 1798 2758 pri-

269 2788 439 2831 mam
467 2768 841 2830 sententiam
871 2785 993 2829 non
1024 2769 1221 2847 possit
1246 2771 1665 2848 appellatione
1696 2773 1792 2833 in-

269 2862 567 2943 terposita
615 2879 870 2921 causam
923 2861 1239 2940 prosequi,
1301 2868 1362 2923 et
1421 2868 1660 2925 tentare
1715 2885 1792 2928 an

263 2956 458 3039 judex
506 2954 791 3032 superior
821 2953 1127 3014 veriorem
1169 2955 1429 3017 fortasse
1461 2961 1637 3035 putet
1661 2978 1798 3019 sen-

270 3050 530 3113 tentiam
561 3066 702 3128 quae
756 3047 874 3125 ipsi
903 3046 1091 3123 favet,
1144 3065 1287 3109 cum
1333 3049 1397 3108 id
1445 3051 1598 3111 nihil
1629 3053 1798 3113 aliud

269 3144 368 3221 sit,
437 3159 627 3222 quam
674 3138 960 3201 eamdem
994 3157 1249 3201 causam
1277 3145 1574 3223 prosequi
1601 3164 1798 3226 usque

269 3237 348 3298 ad
375 3238 585 3296 finem.
623 3233 949 3295 Rationem
1000 3237 1210 3294 autem
1258 3236 1597 3298 reddemus
1627 3240 1790 3318 disp.

268 3330 553 3410 sequenti
579 3330 836 3407 agentes
880 3326 957 3386 de
989 3325 1316 3404 advocato,
1375 3333 1598 3390 eadem
1627 3332 1798 3392 enim

268 3424 428 3484 ratio
456 3441 497 3483 a
522 3419 764 3482 fortiori
784 3419 1067 3497 procedit
1096 3420 1159 3479 in
1189 3420 1323 3500 ipso
1343 3440 1476 3498 reo,
1509 3428 1579 3485 ut
1606 3425 1801 3503 possit

267 3515 493 3577 mediis
521 3512 808 3575 omnibus
828 3512 1114 3590 juridicis
1135 3531 1389 3575 causam
1412 3535 1591 3576 suam
1610 3518 1794 3595 tueri,

270 3628 416 3672 oum
447 3609 678 3669 habeat
711 3623 823 3685 pro
853 3624 920 3665 se
950 3605 1240 3666 doctores
1269 3607 1677 3685 probabiliter
1706 3613 1799 3672 af-

270 3705 615 3778 firmantes,
666 3699 888 3760 melius
918 3718 1052 3758 esse
1091 3698 1195 3777 jus
1246 3719 1429 3761 suum
1469 3721 1659 3782 quam
1687 3704 1798 3764 ad-

271 3795 579 3859 versarii:
637 3792 914 3872 alioquin
962 3810 1087 3854 non
1140 3792 1504 3857 defenderet
1544 3815 1798 3858 causam

272 3887 662 3969 probabilem
694 3890 911 3947 contra
939 3885 1000 3945 id
1034 3886 1201 3965 quod
1229 3888 1660 3966 supponimuS.

354 3982 686 4043 Dubitatur
712 3978 917 4054 tertio,
952 3996 1032 4037 an
1065 3996 1206 4038 reus
1235 3980 1687 4044 condemnatus
1717 3985 1798 4045 ad

273 4092 527 4154 poenam
572 4070 997 4151 pecuniariam
1043 4070 1430 4149 solvendam,
1485 4079 1548 4136 et
1585 4078 1801 4156 appel-

186 4149 215 4232 Ῐ
271 4170 409 4230 lans
443 4186 518 4227 ex
551 4166 710 4226 falsa
738 4181 948 4239 causa,
994 4163 1042 4223 si
1082 4163 1354 4225 admissa
1384 4168 1798 4246 appellatione

171 4266 196 4276 “
271 4271 492 4341 postea
520 4258 900 4333 absolvatur,
933 4257 1161 4318 debeat
1188 4259 1249 4317 in
1272 4261 1648 4322 conscientia
1672 4282 1798 4341 poe-

272 4372 421 4414 nam
447 4354 619 4413 illam
648 4349 930 4411 solvere?
955 4351 1043 4408 De
1073 4349 1192 4410 hoc
1220 4351 1352 4428 agit
1380 4354 1658 4414 Sanchez
1685 4356 1793 4418 lib.

269 4464 367 4509 111.
406 4445 622 4508 Consul.
650 4462 788 4521 cap.
814 4441 1023 4518 unico,
1056 4442 1206 4504 dub.
1233 4460 1466 4505 xxxvn.
1492 4447 1594 4507 ubi
1618 4449 1801 4510 affert

268 4541 489 4602 Belam
536 4557 683 4599 casu
728 4540 829 4597 65.
885 4534 1305 4597 affirmantem
1354 4538 1798 4617 obligationem

268 4632 555 4695 solvendi
575 4647 850 4710 poenam.
874 4630 1014 4706 Ipse
1034 4632 1243 4689 tamen
1267 4648 1410 4690 cnm
1432 4632 1568 4692 aliis
1589 4633 1793 4712 docet,

268 4725 502 4787 debere
533 4722 787 4803 quidem
815 4739 994 4781 reum
1017 4720 1313 4783 desistere
1343 4742 1379 4782 a
1408 4723 1513 4785 lite
1542 4725 1793 4806 injusta,

267 4819 471 4881 teneri
517 4817 706 4878 etiam
758 4814 918 4895 parti
975 4815 1303 4876 contrariae
1358 4816 1438 4876 ad
1497 4837 1798 4898 expensas

268 4930 489 4973 omnes
515 4928 671 4991 quas
691 4908 1016 4969 occasione
1046 4906 1169 4967 litis
1188 4906 1434 4987 injustae
1453 4911 1602 4973 facit
1625 4932 1638 4972 :
1672 4932 1797 4974 non

265 5008 482 5067 tamen
532 5001 734 5064 teneri
778 5000 857 5061 ad
899 5018 1152 5078 poenam
1193 5000 1580 5081 solvendam,
1629 5012 1801 5085 post-

268 5115 466 5176 quam
512 5115 549 5156 a
592 5094 804 5174 judice
833 5093 1156 5171 superiore
1204 5095 1524 5158 absolutus
1555 5103 1693 5160 est:
1738 5106 1801 5163 et

264 5191 440 5250 favet
470 5190 679 5251 Palac.
716 5204 803 5249 1v.
855 5186 923 5246 de
950 5186 1339 5248 contractibus
1367 5207 1507 5267 cap.
1545 5207 1605 5252 v.
1658 5211 1797 5271 quae

266 5282 593 5362 responsio
630 5278 966 5342 conformis
994 5279 1185 5339 estad
1216 5279 1303 5355 id,
1338 5282 1501 5359 quod
1531 5284 1798 5347 diximus

266 5375 432 5454 disp.
459 5393 693 5438 xxxvn.
729 5377 878 5435 sect.
903 5377 962 5435 9.
999 5372 1103 5432 ubi
1136 5372 1212 5433 de
1244 5372 1350 5433 illo
1381 5374 1485 5452 qui
1516 5375 1684 5438 falsis
1711 5384 1796 5440 te-

265 5469 576 5531 stimoniis
605 5488 670 5529 se
697 5466 998 5543 defendit,
1030 5485 1109 5526 ne
1132 5464 1539 5530 damnaretur
1567 5471 1646 5531 ad
1668 5489 1797 5550 poe·

3297 290 3407 346 781

1889 475 2034 516 nam
2062 458 2511 537 pecuniariam,
2545 459 2674 520 dixi
2701 477 2824 520 non
2847 460 3045 521 teneri
3072 459 3152 521 ad
3183 477 3320 519 eam
3350 461 3412 520 in

1889 550 2271 612 conscientia
2300 553 2687 615 solvendam.

1967 643 2300 705 Dubitatur
2329 651 2576 725 quarto,
2621 666 2696 708 an
2732 648 2853 709 hoc
2879 648 3047 709 idem
3076 648 3409 709 dicendum

1888 734 1986 809 sit,
2036 735 2088 795 si
2112 735 2281 815 juste
2311 740 2765 803 condemnatus
2817 741 2898 801 ad
2940 760 3193 820 poenam
3222 760 3413 822 pecu-

1887 827 2174 904 niariam,
2220 817 2287 892 'et
2338 850 2465 893 non
2513 834 2835 912 appellans
2884 835 3046 896 intra
3075 837 3411 897 terminum

1887 919 2065 998 legis,
2111 923 2223 982 sed
2254 929 2493 1002 postea,
2542 927 2972 990 fraudulenter
3014 932 3224 990 tamen
3268 929 3414 990 fecit

1889 1029 2194 1091 apparere
2223 1017 2707 1096 appellationem
2725 1021 2954 1083 factam
2984 1022 3148 1084 intra
3165 1026 3414 1101 tempus

1889 1105 2065 1184 legiS,
2099 1110 2164 1168 et
2190 1113 2407 1186 postea
2433 1110 2497 1170 in
2526 1114 2804 1175 secunda
2832 1116 3140 1177 sententia
3171 1116 3416 1176 absolu-

1889 1200 1990 1259 tus
2018 1199 2168 1273 fuit;
2202 1203 2403 1280 Negat
2424 1204 2652 1267 Sanch.
2687 1205 2795 1266 ubi
2817 1226 2954 1286 sup.
2981 1209 3130 1270 dub.
3150 1225 3411 1270 xxxvm.

1892 1310 2064 1352 num.
2101 1295 2160 1354 3.
2203 1298 2267 1356 et
2294 1296 2540 1374 merito,
2590 1298 2737 1377 quia
2778 1305 3092 1364 transacto
3121 1305 3412 1380 termino,

1885 1383 2021 1463 jam
2050 1388 2360 1450 sententia
2407 1391 2742 1454 transierat
2786 1394 2849 1454 in
2880 1413 3014 1455 rem
3038 1396 3411 1475 judicatam,

1894 1481 1958 1539 et
1981 1478 2244 1541 dederat
2272 1481 2633 1545 adversario
2681 1485 2786 1565 jus
2836 1486 3095 1567 justitiae
3152 1490 3253 1549 ad·
3279 1508 3417 1551 eam

1892 1572 2191 1632 mulctam
2220 1573 2598 1639 habendam.
2641 1579 2833 1641 Addit
2861 1583 3092 1658 tamen,
3128 1601 3251 1644 non
3285 1602 3418 1645 esse

1892 1662 2327 1743 improbabile,
2362 1669 2529 1746 quod
2559 1689 2681 1731 non
2713 1672 2939 1735 debeat
2968 1675 3228 1755 obligari
3257 1677 3421 1738 ultra

1895 1774 2197 1834 expensas
2243 1760 2321 1819 ad
2353 1761 2718 1825 solvendam
2759 1770 2954 1827 totam
2982 1786 3257 1847 poenam,
3308 1770 3419 1830 sed

1895 1849 2130 1929 aliquid
2158 1869 2347 1930 supra
2374 1855 2649 1916 mediam
2678 1856 2812 1936 ejus
2832 1864 3112 1938 partem:
3146 1863 3294 1942 quia
3322 1864 3421 1923 lex

1895 1960 2021 2003 non
2050 1943 2296 2005 videtur
2323 1948 2729 2024 praescribere
2769 1952 3109 2014 terminum
3140 1955 3422 2035 appella-

1894 2034 2080 2095 tionis
2107 2053 2182 2096 ex
2211 2037 2509 2115 primaria
2538 2040 2899 2120 intentione,
2935 2050 3003 2107 ut
3022 2046 3304 2124 praebeat
3317 2049 3422 2129 jus

1896 2128 2061 2206 parti
2088 2129 2395 2208 adversae,
2441 2133 2551 2193 sed
2584 2134 2785 2195 solum
2812 2138 3182 2200 secundario
3213 2144 3276 2202 et
3301 2142 3419 2202 mi-

1896 2240 2013 2282 nus
2042 2222 2488 2302 principaliter.
2541 2229 2674 2289 Hoc
2715 2234 2924 2290 tamen
2954 2232 3241 2295 ultimum
3269 2235 3422 2296 mibi

1897 2313 2147 2375 difficile
2178 2323 2300 2390 est;
2327 2336 2550 2396 parum
2569 2322 2736 2382 enim
2747 2324 2939 2386 refert
2958 2327 3039 2386 ad
3053 2327 3423 2406 injustitiam

1897 2410 1960 2468 et
1986 2407 2435 2486 obligationem
2462 2414 2855 2492 restituendi,
2891 2419 3059 2497 quod
3082 2418 3186 2498 jus
3207 2420 3422 2482 datum

1896 2499 1976 2560 sit
2022 2518 2095 2560 ex
2130 2501 2433 2580 primaria
2462 2506 2563 2565 vel
2612 2509 2986 2570 secundaria
3029 2511 3371 2575 intentione
3404 2534 3418 2575 ε

1898 2609 2041 2652 cum
2072 2593 2369 2672 obligatio
2420 2597 2786 2660 restituendi
2828 2602 3064 2664 oriatur
3091 2623 3166 2664 ex
3197 2605 3425 2684 injuria

1899 2702 2038 2763 quae
2069 2688 2381 2765 completa
2409 2693 2504 2751 est
2530 2694 2593 2752 et
2620 2692 2886 2772 integra,
2919 2696 2970 2755 si
2999 2695 3100 2757 ille
3129 2698 3287 2773 alius
3317 2699 3425 2759 ha-

1896 2778 2068 2839 bebit
2088 2778 2224 2858 jam
2253 2799 2329 2842 ex
2351 2782 2593 2862 justitia
2613 2784 2718 2865 jus
2746 2787 2827 2848 ad
2855 2793 3051 2850 totam
3071 2790 3239 2851 illam
3261 2811 3425 2853 sum·-

1895 2888 2087 2948 mam‚
2123 2873 2253 2935 sive
2275 2876 2382 2954 jus
2412 2876 2563 2937 illud
2589 2878 2805 2941 datum
2834 2880 2891 2941 ei
2911 2882 2990 2943 sit
3009 2901 3085 2943 ex
3104 2885 3421 2964 primaria,

1898 2964 1997 3025 vel
2026 2967 2401 3030 secundaria
2428 2969 2793 3035 intentione.

2322 3382 2770 3475 ,sturlo
2851 3392 2966 3481 iv,

1894 3681 2057 3744 Alioe
2088 3686 2429 3765 quoestiones
2455 3689 2536 3751 ad
2577 3711 2739 3754 reum
2791 3706 3109 3776 spectantes
3125 3720 3153 3777 ‚²
3202 3701 3306 3762 ubi
3354 3724 3431 3764 an

1963 3789 2155 3870 possit
2198 3792 2425 3874 fuqere,
2482 3806 2538 3857 et
2580 3799 2687 3859 alii
2731 3802 2954 3881 possint
3015 3805 3096 3866 ad
3145 3807 3252 3868 hoc
3303 3829 3432 3871 cum

1973 3914 2213 3971 Juvat-e.

1978 4168 2312 4232 Dubitatur
2337 4172 2578 4253 primo,
2629 4181 2837 4240 utrum
2877 4199 2985 4244 reo
3030 4184 3110 4245 ad
3159 4192 3422 4250 mortem

1898 4260 2194 4324 damnato
2266 4265 2453 4328 liceat
2521 4290 2586 4330 sc
2643 4273 2976 4339 defendere
3031 4300 3426 4365 quacumque

1897 4355 2043 4415 via?
2073 4358 2524 4440 Respondetur,
2561 4366 2660 4425 vel
2703 4366 2871 4446 juste
2928 4373 3259 4438 damnatus
3312 4383 3424 4456 est,

1897 4449 1996 4509 vel
2029 4450 2276 4529 injuste.
2313 4455 2378 4516 Si
2399 4455 2566 4534 juste
2598 4478 2720 4521 non
2740 4469 2947 4541 potest
2973 4486 3038 4527 se
3068 4468 3424 4549 defendere,

1897 4547 1967 4603 ut
1994 4550 2237 4607 constat
2264 4565 2337 4607 ex
2366 4549 2470 4610 illo
2501 4552 2582 4612 ad
2606 4553 2776 4616 Rom.
2809 4574 2945 4635 xm,
3005 4564 3065 4621 2.
3119 4562 3235 4637 Qui
3272 4573 3431 4644 pote·

1894 4637 2036 4697 stati
2071 4640 2307 4717 resistit,
2338 4641 2454 4703 Dei
2475 4645 2834 4710 ordinationi
2845 4653 3080 4732 resistit,
3114 4657 3220 4737 qui
3243 4667 3432 4719 autem

1895 4730 2186 4809 resistunt,
2272 4734 2389 4815 ipsi
2443 4737 2560 4797 sibi
2597 4739 3025 4807 damnationem
3094 4752 3428 4832 acquirunt.

1897 4825 2076 4886 Ratio
2093 4829 2302 4887 autem
2332 4833 2444 4907 est,
2471 4832 2620 4911 quia
2636 4836 2830 4913 judex
2862 4838 3050 4904 babet
3069 4842 3175 4923 jus
3195 4846 3273 4905 ad
3296 4866 3432 4907 exe·

1898 4918 2212 4997 quendam
2238 4925 2645 5001 sententiam;
2679 4948 2827 5008 ergo
2860 4952 2983 4995 non
3032 4940 3238 5014 potest
3290 4958 3434 5001 reus

1898 5028 2042 5071 eum
2115 5013 2481 5090 prohibere;
2546 5019 2822 5101 alioquin
2891 5027 3147 5091 daretur
3197 5032 3432 5094 bellum

1890 5105 2131 5183 justum
2161 5125 2237 5167 ex
2265 5111 2527 5190 utraque
2561 5120 2759 5193 parte,
2792 5121 3037 5183 seclusa
3063 5126 3229 5186 omni
3259 5126 3436 5205 igno-

1899 5199 2123 5261 rantia.

3557 641 3635 700 37

3514 764 3631 819 Quid,
3667 771 3702 812 si

3461 817 3557 860 seuit
3583 834 3757 876 appare-

3462 878 3760 929 mappa-ilatio-

3503 937 3596 969 nem
3616 929 3723 973 intra

3488 982 3721 1034 terminum,

3506 1046 3597 1076 cum
3629 1049 3710 1079 non

3549 1096 3674 1134 esset.

3572 4197 3651 4258 38

3528 4322 3641 4419 αξ

3477 4388 3518 4472 ²25

3520 4382 3581 4419 Ξ

3610 4390 3658 4583 αὸἓινε

3506 4435 3548 4472 αἱ

3510 4539 3561 4583 de

3550 4443 3614 4540 ξε

3658 4324 3773 4585 2²:33·

3564 4542 3582 4583 tq

3578 4554 3629 4584 ΟΠ

1981 5294 2244 5363 Quando
2275 5313 2423 5357 vero
2454 5302 2760 5363 sententia
2788 5305 2905 5367 fuit
2927 5308 3181 5388 injusta,
3216 5331 3431 5376 rursus
3482 5292 3495 5299 -

1898 5383 2407 5465 distinguendum
2438 5395 2531 5453 est
2550 5411 2565 5465 ;
2584 5413 2726 5455 nam
2755 5399 2853 5459 vel
2882 5401 2998 5463 fuit
3017 5403 3187 5481 justa
3217 5426 3432 5470 secun·

1897 5477 2050 5538 dum
2091 5479 2360 5559 allegata
2413 5488 2476 5546 et
2527 5488 2812 5566 probata,
2852 5491 2998 5557 licet
3050 5496 3113 5557 in
3169 5502 3430 5565 veritate
