4263 6376
1217 327 1689 389 DISPUTATIO
1730 328 1921 405 XXX,
1970 329 2247 392 SECTIO
2291 333 2366 393 V.

212 506 431 565 constat
468 522 542 563 ex
584 503 1029 575 instrumento;
1092 519 1232 580 quae
1293 500 1593 561 securitas
1650 505 1713 561 et

211 595 496 673 exemptio
527 596 779 672 plurimi
808 596 1172 656 aestimatur.
1234 595 1466 664 Quarto
1489 641 1505 666 ,
1565 592 1712 670 quia

209 688 384 747 multa
410 706 482 746 ex
513 686 609 747 his
639 689 856 748 officiis
885 689 1153 747 afferunt
1170 704 1381 745 secum
1403 684 1706 759 laborem,

210 785 265 839 et
290 779 530 856 exigunt
557 778 928 839 industriam
979 778 1261 838 officialis
1315 777 1395 837 ad
1436 777 1705 848 tructus;

208 889 382 949 quare
410 870 582 929 valor
609 870 793 950 hujus
822 870 1056 931 laboris
1075 869 1322 929 detrahi
1351 868 1609 928 deberet
1636 887 1711 928 ex

208 962 516 1039 fructibus,
565 980 710 1021 cum
753 962 815 1022 hi
865 981 990 1023 non
1033 961 1567 1039 correspondeant
1595 960 1710 1020 soli

208 1054 385 1133 pretio
413 1055 554 1114 dato
584 1072 696 1132 pro
729 1055 955 1131 offici0,
1015 1055 1125 1114 sed
1155 1054 1342 1115 etiam
1369 1052 1588 1128 labori,
1650 1055 1715 1114 et

207 1146 525 1207 industriae.
562 1146 788 1218 Quinto
810 1192 825 1223 ,
882 1147 1029 1225 quia
1058 1146 1262 1208 socius
1292 1146 1447 1205 dans
1475 1147 1610 1206 600.
1645 1163 1705 1204 ν.

206 1258 260 1317 g.
290 1238 365 1299 ad
385 1238 744 1299 societatem
766 1285 782 1314 ,
834 1239 1045 1300 statim
1071 1239 1297 1318 recipit
1322 1238 1558 1298 fructus
1585 1237 1713 1316 pri-

205 1331 279 1390 mi
306 1330 614 1391 semestris
653 1330 1027 1408 anticipatos
1052 1378 1067 1406 ,
1129 1349 1353 1409 nempe
1383 1334 1481 1390 72.
1518 1347 1711 1408 quare

206 1424 261 1482 in
287 1424 482 1500 rigore
531 1441 658 1484 non
689 1422 798 1483 dat
827 1422 946 1482 nisi
971 1427 1110 1485 528.
1163 1427 1226 1484 et
1253 1427 1464 1483 tamen
1492 1421 1715 1500 recipit

205 1534 429 1595 semper
454 1514 693 1575 fructus
719 1533 832 1592 pro
862 1518 1000 1576 600.
1033 1516 1252 1576 Merito
1284 1531 1432 1591 ergo
1461 1514 1713 1574 Toletus

204 1608 299 1668 lib.
328 1625 384 1667 v.
418 1606 680 1667 Sunvnoe
702 1625 757 1667 c.
792 1610 890 1668 40.
926 1607 1100 1683 dixit,
1136 1607 1248 1667 has
1276 1607 1604 1667 societates
1634 1605 1713 1664 de

205 1702 349 1760 facto
397 1697 644 1759 illicitas
699 1702 763 1758 et
805 1697 1066 1777 injustas
1097 1698 1513 1759 communiter
1542 1715 1708 1768 esse;

203 1796 259 1852 et
280 1791 638 1870 praedictam
683 1790 1064 1850 taxationem
1110 1791 1368 1853 damnat
1407 1809 1549 1853 cum
1578 1788 1714 1849 aliis

203 1883 480 1944 Zacchias
510 1882 620 1942 ubi
649 1900 839 1960 supra
868 1900 974 1942 nu.
1008 1885 1147 1943 350.
1197 1887 1257 1943 et
1285 1882 1708 1962 sequentibus·

203 1974 779 2054 thuamvisinforo
802 1977 1059 2035 externo
1085 1976 1375 2036 sustineri
1402 1975 1600 2036 soleat
1621 1979 1718 2035 ta·

202 2069 373 2143 xatio,
407 2067 471 2128 id
498 2069 607 2143 fit,
657 2067 804 2146 quia
828 2068 1204 2146 supponitur
1229 2068 1395 2129 facta
1415 2068 1594 2146 juxta
1622 2086 1720 2127 re-

202 2161 363 2239 gulas
383 2159 667 2239 justitiae.
727 2160 794 2220 Si
848 2166 1059 2220 tamen
1106 2160 1524 2238 probarentur
1549 2160 1716 2220 defe-

203 2258 323 2315 ctus
347 2270 502 2331 quos
531 2252 827 2329 diximus,
849 2251 1036 2312 credo
1059 2253 1227 2331 quod
1256 2271 1459 2331 neque
1489 2253 1549 2312 in
1581 2254 1714 2313 soro

203 2351 437 2407 externo
482 2344 745 2404 daretur
789 2344 952 2406 actio
985 2344 1065 2404 ad
1117 2348 1315 2406 totam
1353 2346 1524 2405 illam
1553 2363 1718 2406 sum-

200 2456 353 2498 mam
380 2436 776 2516 exigendam.

271 2531 470 2609 Aliqui
499 2535 803 2590 excusant
830 2529 1073 2590 lucrum
1095 2530 1249 2590 illud
1277 2533 1534 2609 propter
1559 2531 1718 2609 peri·

149 2678 163 2706 f
201 2623 392 2683 culum
421 2622 755 2682 amittendi
783 2626 1014 2682 sortem
1040 2668 1055 2698 ,
1118 2623 1286 2701 quod
1317 2624 1483 2684 subit
1513 2624 1719 2685 socius

149 2742 161 2752 ·
202 2716 246 2775 si
274 2716 590 2776 moriatur.
631 2716 722 2775 Ita
752 2719 914 2775 Azor
942 2733 1079 2793 cap.
1116 2732 1253 2777 xm.
1287 2721 1348 2777 et
1379 2717 1617 2776 Filliuc.
1652 2736 1714 2777 n.

148 2796 161 2872 '.
204 2810 325 2868 123.
356 2809 727 2869 uaectamen
741 2808 1078 2882 excusatio,
1102 2807 1402 2869 sisincere
1419 2809 1722 2887 pondere-

201 2906 439 2977 tur,non
454 2902 667 2979 potest
676 2899 1031 2960 subsistere.
1057 2900 1440 2980 Primo,quia
1457 2901 1517 2961 in
1532 2919 1722 2961 censu

202 2993 444 3054 vitalitio
473 2992 676 3052 multo
705 2993 909 3071 majus
937 2992 1282 3071 periculum
1295 2994 1463 3054 subit
1479 2998 1724 3072 emptor

202 3103 406 3145 census
435 3103 631 3163 quam
661 3084 724 3144 in
755 3084 873 3144 hac
902 3085 1223 3161 societate,
1256 3103 1398 3145 cum
1428 3104 1552 3145 non
1584 3104 1724 3163 pos-

202 3177 271 3238 sit
295 3178 636 3240 transferre
681 3176 1030 3256 periculum
1069 3177 1133 3237 in
1182 3178 1372 3238 alium
1413 3178 1723 3239 robustio-

201 3289 341 3348 rem,
374 3289 489 3331 nec
523 3275 809 3349 repetere
839 3287 1118 3349 unquam
1159 3288 1337 3330 suam
1366 3272 1718 3348 pecuniam,

201 3380 305 3422 nec
332 3363 649 3442 exceperit
674 3362 870 3422 ullum
893 3380 1091 3439 genus
1106 3362 1325 3423 mortis
1352 3382 1491 3441 quae
1513 3364 1724 3424 omnia

202 3473 314 3514 non
341 3455 534 3516 habet
561 3455 770 3515 socius
804 3475 816 3514 :
862 3460 924 3515 et
950 3458 1161 3515 tamen
1192 3455 1539 3532 periculum
1569 3456 1720 3515 illud

201 3565 311 3606 non
343 3548 495 3608 tanti
524 3548 893 3622 aestimatur,
953 3553 1023 3606 ut
1050 3547 1277 3608 reddat
1306 3550 1401 3607 12.
1435 3567 1548 3627 pro
1582 3551 1718 3611 100.

202 3640 532 3716 praesertim
561 3639 874 3718 injuvene
903 3639 1182 3699 robustO.
1232 3639 1542 3716 Secundo,
1577 3641 1726 3718 quia

202 3731 477 3791 officialis
501 3732 693 3792 etiam
720 3731 889 3792 subit
914 3730 1081 3790 aliud
1107 3731 1452 3808 periculum
1483 3733 1722 3811 aequale

202 3826 413 3899 praeter
460 3827 757 3884 naturam
802 3823 1154 3900 societatis,
1218 3842 1441 3901 nempe
1484 3824 1534 3883 si
1591 3825 1723 3901 ipse

202 3917 660 3993 praemoriatur,
721 3916 822 3975 vel
876 3914 1154 3976 officium
1200 3917 1522 3978 vacaverit
1544 3963 1560 3993 ‚
1617 3921 1727 3979 aut

202 4007 508 4069 amittatur
531 4054 547 4086 ,
594 4007 898 4068 reddendi
929 4007 1099 4068 socio
1130 4026 1312 4068 suum
1340 4009 1604 4087 capitale
1634 4009 1725 4070 in-

197 4103 449 4177 tegrum,
484 4119 612 4161 non
643 4100 1017 4178 computatis
1045 4101 1371 4177 fructibus,
1407 4120 1531 4181 quo
1563 4102 1725 4181 peri-

200 4193 325 4253 culo
353 4197 802 4273 compensatur
829 4192 1211 4254 sufficienter
1236 4194 1391 4254 illud
1423 4194 1591 4255 aliud
1621 4213 1726 4274 pe-

200 4285 475 4363 riculum,
511 4285 683 4365 quod
713 4285 880 4346 subit
907 4285 1135 4346 sociuS.
1188 4286 1393 4347 Tertio
1426 4286 1718 4366 denique,

201 4379 335 4455 quia
386 4379 524 4457 ipse
580 4378 863 4438 officialis
918 4377 1170 4457 quando
1225 4378 1376 4440 emit
1420 4379 1718 4455 officium,

203 4470 340 4530 emit
369 4471 565 4532 etiam
595 4488 739 4531 cum
770 4470 993 4530 eodem
1021 4469 1300 4549 periculo
1342 4475 1513 4531 certo
1543 4471 1727 4532 amit-

200 4562 361 4623 tendi
388 4563 663 4642 pretium
695 4566 894 4624 totum
916 4562 1085 4642 quod
1113 4561 1287 4623 dedit
1314 4563 1366 4622 si
1394 4562 1718 4638 moriatur,

203 4656 357 4733 quod
384 4657 733 4735 fericulum
762 4655 1017 4734 gravius
1046 4660 1139 4716 est
1168 4654 1231 4714 in
1260 4655 1416 4733 ips0,
1443 4673 1725 4715 cumnon

202 4749 455 4810 retineat
509 4748 873 4809 facultatem
919 4748 1244 4827 repetendi
1298 4747 1568 4826 pretium
1616 4748 1728 4808 da-

201 4844 345 4917 tum,
376 4842 543 4903 sicut
580 4845 787 4919 potest
832 4841 1038 4901 socius
1086 4859 1197 4918 per
1240 4840 1574 4901 disdictam
1604 4840 1726 4901 sin-

203 4933 359 5008 gulis
386 4933 792 4994 semestribus
840 4936 1125 5011 repetere
1187 4950 1201 4992 :
1261 4937 1324 4992 et
1352 4937 1563 4993 tamen
1594 4933 1727 4993 offi-

203 5025 361 5086 cialis
385 5044 533 5086 cum
587 5029 715 5086 toto
770 5025 873 5086 illo
904 5024 1178 5103 periculo
1226 5024 1377 5085 emit
1426 5024 1723 5102 officium,

203 5134 315 5176 non
342 5118 614 5179 reddens
644 5121 737 5178 12.
790 5118 901 5178 sed
949 5119 1145 5177 multo
1194 5117 1399 5177 minus
1442 5136 1552 5196 pro
1585 5119 1720 5179 100.

203 5225 341 5287 ergo
369 5210 578 5271 socius
602 5256 617 5286 ,
680 5210 785 5291 qui
834 5209 1043 5270 minus
1090 5209 1438 5288 periculum
1467 5210 1634 5271 subit
1661 5209 1724 5269 in

202 5302 485 5364 societate
519 5348 535 5379 ,
594 5320 717 5363 non
766 5306 969 5380 potest
996 5303 1302 5380 majorem
1332 5305 1574 5382 partem
1605 5302 1726 5363 fru-

203 5397 402 5455 ctuum
425 5395 817 5475 praetendere
864 5413 942 5455 ex
997 5395 1219 5456 eodem
1247 5394 1455 5456 officio
1479 5441 1495 5472 ‚
1553 5395 1724 5474 quod

3224 342 3340 401 495

1810 519 1885 560 ex
1913 520 1978 562 se
2009 520 2133 562 non
2163 506 2258 564 est
2287 506 2502 581 aptum
2534 504 2614 564 ad
2642 508 2887 567 tantum
2904 506 3174 569 fructum
3187 509 3344 570 dan-

1809 592 1958 653 dum
1988 594 2254 672 emptori
2292 596 2482 656 etiam
2529 616 2672 657 cum
2718 599 2994 677 graviori
3035 602 3336 679 periculo.

1808 684 1986 745 Unde
2015 686 2236 746 merito
2271 688 2428 747 Rota
2457 707 2779 767 nunquam
2811 696 3133 769 acceptat,
3172 697 3341 773 quod

1807 776 2045 836 tructus
2079 780 2611 856 correspondeant
2639 782 2830 858 socio,
2864 784 2961 843 vel
2996 785 3207 864 aliqua
3235 807 3344 850 eo·-

1808 887 1949 927 rum
1971 887 2115 946 pars
2146 870 2385 931 ratione
2415 874 2674 951 periculi
2694 875 2857 936 vitae.

1881 963 2057 1021 Nona
2087 962 2361 1024 conditio
2393 970 2503 1038 est,
2526 971 2595 1027 ut
2621 967 2857 1028 fructus
2878 972 3191 1032 semestris
3220 978 3340 1035 sta·

1808 1053 1920 1115 tim
1949 1054 2083 1131 ipso
2113 1055 2287 1115 initio
2317 1058 2594 1118 solvatur
2627 1080 2640 1120 :
2692 1078 2831 1138 quae
2874 1062 3060 1122 etiam
3091 1065 3340 1126 difficile

1809 1150 2014 1223 potest
2043 1147 2122 1206 ab
2152 1148 2454 1227 injustitia
2484 1150 2772 1225 defendi,
2808 1171 2949 1213 cum
2977 1156 3216 1217 fructus
3246 1177 3340 1220 so-

1810 1237 2049 1299 cietatis
2079 1257 2203 1299 non
2232 1239 2600 1318 debeantur,
2637 1243 2836 1305 donec
2865 1264 2965 1305 res
2995 1252 3342 1310 communis

1809 1330 2297 1392 fructificaverit.
2360 1334 2676 1395 Navarrus
2720 1336 2838 1397 hoc
2882 1343 3132 1416 pactum
3161 1360 3343 1403 excu-

1809 1426 1904 1482 sat
1935 1420 2155 1482 Consil.
2190 1416 2356 1484 x'xlx.
2399 1424 2468 1485 de
2494 1427 2684 1487 usuris
2723 1447 2827 1490 nu.
2877 1434 2932 1490 1.
2968 1449 3042 1490 ex
3072 1451 3144 1493 eo
3176 1435 3344 1512 quod

1810 1514 2015 1574 socius
2044 1533 2109 1574 se
2141 1515 2377 1594 obligat
2398 1518 2479 1578 ad
2510 1537 2635 1579 non
2653 1520 3120 1583 dissolvendam
3151 1527 3345 1587 socie-

1808 1608 2001 1666 tatem
2030 1626 2143 1684 per
2169 1626 2277 1667 sex
2305 1627 2586 1687 menses,
2639 1616 2699 1673 et
2730 1632 2843 1691 pro
2875 1615 2992 1676 hac
3020 1635 3343 1679 assecura-

1808 1697 1977 1759 tione
2007 1700 2234 1778 accipit
2260 1702 2596 1779 anticipata
2626 1705 2930 1767 solutione
2983 1710 3220 1771 fructus
3249 1732 3346 1772 se·

1811 1790 2077 1851 mestriS.
2126 1794 2275 1852 Haec
2310 1795 2519 1852 tamen
2551 1798 2867 1859 excusatio
2900 1802 3051 1861 satis
3081 1809 3347 1881 apparet

1812 1900 2000 1961 quam
2029 1883 2107 1943 sit
2136 1883 2381 1945 debilis.
2417 1886 2814 1967 Primo,quia
2845 1891 3127 1954 officialis
3156 1897 3346 1957 etiam

1811 1993 1877 2034 se
1908 1974 2146 2053 obligat
2191 1976 2271 2035 ad
2316 1995 2442 2037 non
2489 1978 2953 2043 dissolvendam
2983 1987 3346 2049 societatem

1810 2086 1924 2146 per
1951 2085 2057 2126 sex
2085 2085 2333 2128 menses
2366 2087 2381 2132 ε
2415 2087 2558 2129 cum
2589 2090 2739 2150 ergo
2770 2075 3034 2137 societas
3063 2097 3239 2158 aeque
3270 2082 3351 2143 sit

1813 2159 1981 2220 utilis
2012 2160 2298 2239 utrique;
2334 2165 2714 2225 assecuratio
2748 2185 2868 2227 una
2903 2178 3352 2249 compensatur

1814 2253 2139 2331 aequaliter
2183 2271 2295 2331 per
2324 2254 2611 2316 alterum.
2656 2259 2946 2321 Secundo
2971 2307 2986 2338 ,
3040 2264 3186 2342 quia
3216 2265 3350 2328 haec

1814 2345 2111 2423 obligatio
2143 2363 2266 2404 non
2305 2351 2401 2407 est
2428 2353 2657 2425 praeter
2685 2355 2974 2412 naturam
3007 2357 3344 2436 societatis,

1814 2454 1959 2496 nam
2002 2436 2204 2496 omnis
2245 2438 2508 2499 societas
2556 2444 2948 2505 contrahitur
2970 2447 3051 2506 ad
3097 2449 3350 2528 aliquod

1812 2531 2092 2606 tempus;
2129 2548 2322 2608 quare
2355 2530 2417 2589 in
2448 2533 2617 2591 omni
2659 2534 2781 2593 alia
2809 2538 3109 2599 societate
3138 2547 3353 2619 posset

1814 2621 1943 2698 peti
1972 2620 2311 2697 anticipata
2337 2620 2559 2683 solutio
2590 2624 2747 2684 lucri
2768 2631 3210 2706 propterillam
3238 2634 3354 2694 ob-

1814 2712 2175 2790 ligationem
2194 2758 2212 2785 ,
2249 2716 2310 2773 et
2338 2731 2410 2774 eo
2442 2715 2578 2792 plus
2609 2734 2732 2794 quo
2761 2736 2874 2796 pro
2903 2720 3168 2801 longiori
3199 2730 3352 2786 tem-

1818 2823 1966 2882 pore
1997 2804 2475 2866 contraheretur
2506 2808 2794 2871 societaS.
2854 2814 3085 2891 Tertio,
3124 2818 3272 2896 quia
3300 2818 3354 2879 si

1818 2898 1952 2957 haec
1982 2897 2277 2974 obligatio
2308 2902 2404 2957 est
2428 2898 2677 2961 diverso
2708 2904 2907 2980 pretio
2938 2907 3348 2984 aestimabilis3

1819 3008 1942 3051 non
1972 2994 2182 3068 posset
2208 3009 2320 3069 pro
2343 2990 2447 3050 illa
2475 2993 2606 3070 peti
2625 2996 2964 3075 anticipata
2981 3001 3206 3062 solutio
3230 3003 3354 3065 fru-

1818 3086 2032 3142 ctuum
2062 3081 2196 3141 sine
2228 3100 2416 3141 usura
2436 3102 2448 3142 :
2472 3084 2619 3161 quia
2634 3086 2972 3167 anticipata
3009 3093 3231 3155 solutio
3261 3100 3356 3157 est

1817 3178 2106 3235 mutuum
2137 3174 2422 3248 virtuale,
2450 3179 2736 3238 mutuum
2762 3186 2973 3243 autem
2996 3203 3118 3246 non
3149 3191 3357 3264 potest

1819 3286 1953 3327 esse
1981 3269 2251 3346 pretium
2281 3268 2699 3348 obligationiS,
2734 3277 2804 3334 ut
2836 3294 3119 3356 suppono
3159 3298 3234 3339 ex
3261 3280 3357 3342 di·—

1820 3360 1934 3421 ctis
1963 3361 2041 3420 de
2073 3378 2285 3422 usura.

1890 3452 2088 3513 Aliter
2115 3471 2266 3529 ergo
2315 3453 2435 3514 hoc
2485 3461 2785 3519 excusant
2814 3461 2979 3520 Azor
3026 3480 3120 3523 ca.
3158 3466 3254 3525 14.
3291 3469 3357 3528 et

1820 3545 2059 3605 Filliuc.
2094 3563 2266 3605 num.
2314 3547 2448 3607 124.
2500 3554 2757 3626 propter
2799 3552 3146 3628 periculum
3176 3557 3355 3618 amit-

1818 3637 1988 3698 tendi
2019 3636 2318 3714 capitale,
2379 3640 2549 3716 quod
2591 3641 2796 3702 socius
2825 3643 3031 3722 subit,
3092 3648 3141 3706 si
3192 3648 3356 3709 intra

1819 3748 1928 3789 sex
1953 3747 2200 3788 menses
2229 3730 2536 3792 moriatur
2561 3778 2576 3807 ,
2638 3737 2707 3793 ut
2734 3751 2807 3794 eo
2834 3752 2985 3796 casu
3014 3756 3139 3797 non
3168 3740 3356 3801 faciat

1817 3821 2074 3883 totalem
2096 3820 2412 3900 jacturam
2440 3824 2528 3882 rei
2559 3843 2721 3899 suae,
2782 3827 2895 3887 sed
2944 3829 3179 3908 aliquid
3208 3832 3358 3893 reti-—

1819 3918 1985 3975 neat.
2022 3914 2147 3974 Sed
2176 3919 2392 3973 contra
2420 3915 2646 3992 primo,
2683 3917 2831 3996 quia
2859 3920 2979 3980 hoc
3003 3922 3356 3999 periculum

1821 4010 2293 4084 compensatur,
2355 4011 2423 4066 ut
2450 4006 2757 4086 vidimuS,
2808 4013 3193 4076 sufficienter
3235 4017 3358 4079 alio

1820 4098 2118 4178 pericuIO,
2154 4098 2321 4177 quod
2351 4099 2520 4160 subit
2548 4100 2833 4163 officialis
2862 4105 3167 4168 reddendi
3186 4110 3361 4190 capi-

1818 4191 1963 4267 tale,
1996 4191 2045 4252 si
2076 4190 2209 4269 ipse
2238 4191 2565 4253 moriatur.
2627 4195 2918 4257 Secundo
2943 4244 2959 4274 ,
3021 4200 3170 4278 quia
3207 4206 3360 4265 tunc

1819 4284 2009 4344 etiam
2030 4283 2415 4361 acciperetur
2433 4284 2497 4343 in
2526 4286 2795 4362 pretium
2814 4289 2979 4349 illius
3009 4293 3358 4369 periculum

1820 4380 2109 4438 mutuum
2133 4377 2417 4454 virtuale,
2439 4378 2608 4456 quod
2621 4380 2980 4443 continetur
3004 4384 3067 4443 in
3098 4387 3358 4450 solutio-

1821 4488 1898 4529 ne
1928 4469 2266 4547 anticipata
2293 4469 2472 4546 lucri,
2493 4489 2634 4549 quae
2664 4478 2830 4535 esset
2857 4494 3047 4537 usura
3075 4496 3150 4538 ex
3180 4485 3360 4557 parte

1821 4561 2123 4622 officialis,
2185 4562 2391 4622 Tertio
2419 4609 2434 4638 ,
2483 4582 2520 4622 a
2549 4564 2777 4643 priori,
2839 4568 2986 4646 quia
3035 4571 3186 4632 dare
3218 4576 3354 4636 100.

1823 4673 1966 4715 cum
1996 4653 2376 4731 obligatione
2429 4655 2771 4733 recipiendi
2829 4661 3038 4722 statim
3095 4666 3191 4725 12.
3234 4684 3360 4727 non

1824 4752 1917 4808 est
1973 4765 2192 4806 revera
2247 4745 2363 4805 nisi
2424 4747 2572 4808 dare
2613 4753 2711 4811 94.
2766 4770 2959 4831 quare
3003 4756 3206 4817 socius
3234 4777 3360 4819 non

1824 4839 2064 4901 confert
2093 4841 2229 4900 100.
2283 4857 2398 4899 nec
2426 4845 2632 4918 potest
2678 4843 2959 4923 recipere
2990 4849 3226 4910 tructus
3254 4868 3364 4929 po-

1826 4936 1959 4994 stea
1986 4951 2062 4992 ex
2091 4935 2228 4993 100.
2263 4932 2373 4993 sed
2402 4951 2477 4993 ex
2504 4936 2604 4996 94.
2640 4954 2782 4995 cum
2813 4956 3137 5017 nunquam
3169 4942 3361 5004 dede-

1824 5025 1904 5086 rit
1934 5027 2069 5086 100.
2122 5024 2416 5103 Alioquin
2472 5026 2522 5086 si
2581 5028 2846 5090 societas
2894 5031 3073 5092 fieret
3107 5033 3190 5093 ad
3220 5039 3359 5098 octo

1825 5135 2022 5177 annos
2047 5162 2063 5193 ,
2096 5134 2239 5177 cum
2270 5122 2450 5195 pacto
2480 5119 2824 5197 accipiendi
2856 5123 3066 5183 statim
3095 5126 3356 5206 fructuS,

1825 5213 2036 5288 posset
2061 5213 2211 5269 tunc
2240 5210 2526 5288 accipere
2554 5213 2652 5272 95.
2687 5229 2762 5270 ex
2782 5212 3108 5294 fructibuS,
3142 5223 3207 5280 et
3220 5225 3363 5298 post

1827 5306 1965 5363 octo
1996 5320 2194 5362 annos
2219 5302 2500 5380 recipere
2530 5306 2797 5366 suaioo.
2823 5307 2992 5385 quod
3021 5314 3116 5371 est
3145 5311 3360 5374 absur-

1824 5394 2170 5472 dissimum,
2204 5413 2348 5457 cum
2376 5395 2664 5457 officialis
2688 5415 2813 5459 non
2844 5402 3208 5481 accepisset,
3237 5405 3364 5468 nisi

3488 997 3566 1056 82

3393 1122 3453 1166 De
3484 1123 3690 1168 zolufiono

3428 1176 3651 1231 anticipata

3392 1230 3615 1279 fructuum,
3635 1241 3686 1271 an

3394 1282 3508 1325 licite
3538 1282 3687 1337 exiga-

3497 1339 3579 1378 tur.
