4263 6376
437 637 550 697 182

385 760 581 804 Auctoris

381 815 594 869 judicium.

435 3068 549 3128 183

366 3193 602 3248 Explicatur

333 3245 636 3362 amma.

341 3359 458 3406 Justo
475 3360 614 3410 mpto.

680 283 760 342 46

682 460 867 520 nator
880 456 1135 536 patitur,
1169 474 1303 518 rem
1323 455 1622 517 donatam
1636 452 1806 532 apud
1817 451 2218 513 donatarium

681 566 1109 630 perseverare.

761 644 894 722 Ego
914 642 1097 721 juxta
1127 639 1489 719 supradicta
1516 643 1667 718 puto
1691 684 1708 714 ‚
1744 637 1806 697 id
1835 639 2035 698 totum
2064 653 2220 715 pen-

681 736 832 796 dere
863 753 937 795 ex
983 737 1368 813 praesumpta
1393 733 1714 792 voluntate
1757 729 2110 803 donatoris,
2145 746 2220 787 ex

682 845 808 906 qua
836 826 1106 886 diximus
1133 825 1412 886 valorem
1436 869 1452 900 ,
1487 827 1595 883 aut
1621 822 2074 883 invaliditatem
2105 820 2223 878 hu-

675 921 781 999 jus
810 918 1166 980 donationis
1214 916 1638 995 colligendam
1685 933 1842 974 esse.
1881 912 2089 974 Potuit
2113 929 2222 971 au-

682 1017 812 1073 tem
839 1011 1108 1071 donator
1136 1009 1198 1069 in
1241 1009 1379 1088 ipsa
1408 1007 1748 1068 donatione
1777 1006 1866 1067 ita
1893 1023 2018 1065 non
2048 1021 2222 1064 com-

682 1103 1073 1181 prehendere
1102 1120 1285 1162 casus
1314 1099 1655 1160 nativitatis
1683 1098 1978 1172 filiorum,
2010 1101 2221 1156 utnon

681 1200 894 1257 tamen
922 1195 1111 1255 vellet
1138 1193 1304 1255 natis
1329 1191 1473 1253 filiis
1497 1237 1512 1268 ,
1545 1208 1620 1252 eo
1651 1190 1786 1269 ipso
1816 1187 2221 1249 donationem

683 1305 819 1347 esse
857 1287 1134 1362 irritam,
1184 1285 1295 1345 sed
1339 1285 1544 1346 solum
1589 1281 1855 1343 voluerit
1900 1297 2221 1340 reservare

680 1380 796 1441 sibi
827 1384 1200 1459 potestatem
1227 1378 1326 1438 vel
1350 1376 1477 1437 suis
1504 1375 1679 1450 filiis,
1713 1392 1854 1433 eam
1881 1371 2219 1433 revocandi

678 1474 841 1534 sicut
866 1476 1083 1533 secuta
1113 1468 1421 1530 donatarii
1449 1467 1898 1547 ingratitudine
1916 1513 1931 1543 ,
1966 1465 2221 1527 donatio

679 1584 807 1626 non
834 1564 906 1625 fit
934 1582 1008 1624 eo
1037 1563 1173 1642 ipso
1197 1561 1393 1636 irrita,
1425 1560 1538 1620 sed
1560 1559 1931 1620 revocabilis
1957 1577 1996 1619 a
2024 1558 2223 1618 dona-

677 1664 836 1720 tore.
871 1658 949 1719 Et
977 1656 1141 1717 hanc
1170 1654 1356 1716 credo
1387 1671 1526 1714 esse
1567 1651 1985 1713 communiter
2026 1651 2222 1712 inten-

678 1751 920 1813 tionem
945 1748 1260 1824 donantis,
1293 1746 1446 1826 quia
1472 1746 1596 1806 hoc
1620 1745 1851 1805 sufficit
1878 1744 1959 1804 ad
1991 1744 2109 1805 boc
2155 1747 2226 1804 ut

677 1843 822 1905 filiis
849 1842 1074 1904 tuturis
1102 1840 1357 1903 donatio
1399 1856 1527 1899 non
1574 1842 1817 1898 noceat.
1866 1839 2022 1898 Cum
2072 1853 2221 1914 ergo

679 1937 946 1997 donator
976 1952 1049 1995 eo
1080 1934 1159 1995 sit
1188 1934 1410 1993 affectu
1448 1949 1598 2009 erga
1617 1929 2013 1990 donatarium
2033 1946 2101 1988 re
2118 1928 2227 1988 do-

681 2034 827 2091 nata
874 2028 1144 2107 privare,
1204 2025 1324 2085 nisi
1377 2023 1605 2085 intuitu
1646 2022 1921 2082 filiorum
1941 2067 1956 2098 ,
2009 2039 2223 2081 conse-

680 2140 878 2203 quens
906 2126 1003 2181 est
1029 2124 1101 2181 ut
1126 2118 1276 2179 velit
1321 2135 1459 2176 eam
1508 2119 1710 2176 ratam
1757 2132 1892 2174 esse
1917 2160 1931 2189 ,
1978 2112 2223 2193 quoties

679 2215 917 2293 absque
943 2213 1215 2274 filiorum
1258 2207 1621 2288 praejudicio
1665 2224 2032 2285 permanere
2080 2222 2225 2283 pos-

678 2307 761 2367 sit
790 2325 804 2366 z
839 2324 989 2384 ergo
1020 2303 1283 2365 mortuis
1312 2301 1454 2362 filiis
1492 2318 1617 2360 non
1646 2304 1851 2379 potest
1871 2303 2053 2378 pater
2080 2315 2222 2358 eam

679 2416 999 2474 revocare,
1032 2415 1178 2458 cum
1199 2395 1334 2474 jam
1363 2398 1514 2454 tunc
1558 2391 1867 2471 ejusmodi
1898 2391 2220 2451 revocatio

680 2510 806 2553 non
833 2490 1017 2553 fieret
1041 2488 1122 2549 ad
1139 2485 1593 2549 consulendum
1620 2484 1784 2560 filiis,
1806 2482 1913 2543 sed
1935 2482 2016 2543 ob
2029 2482 2222 2542 alium

678 2583 890 2644 finem.
925 2584 1052 2643 Nec
1081 2581 1248 2642 dicta
1275 2578 1468 2639 verba
1495 2576 1654 2655 legis
1683 2575 1761 2636 Si
1785 2595 2044 2656 unquam
2073 2592 2222 2635 con-

679 2676 942 2738 trarium
987 2672 1258 2753 probant
1308 2692 1322 2732 :
1377 2670 1581 2731 solum
1633 2668 1799 2728 enim
1855 2668 2107 2743 volunt,
2157 2668 2221 2726 in

678 2771 987 2848 potestate
1038 2770 1104 2827 et
1137 2763 1396 2825 arbitrio
1443 2760 1764 2823 donatoris
1820 2779 1956 2821 esse
1975 2804 1991 2835 ,
2051 2759 2219 2839 quod

679 2861 950 2921 filiorum
995 2858 1227 2919 intuitu
1273 2855 1679 2918 donationem
1722 2856 1976 2914 revocet
2020 2851 2072 2913 si
2119 2869 2221 2912 vo-

682 2952 892 3013 luerit.

762 3042 1021 3106 Ptobari
1047 3046 1261 3103 autem
1290 3039 1411 3101 hoc
1455 3042 1662 3118 potest
1705 3056 1780 3097 ex
1808 3055 1959 3098 casu
2003 3035 2213 3111 simili,

682 3139 761 3200 de
791 3154 916 3218 quo
944 3136 1009 3197 in
1036 3135 1200 3214 lege,
1233 3131 1585 3195 Posthumus
1607 3177 1623 3209 ,
1670 3148 1779 3192 xn.
1812 3130 1879 3191 ff.
1912 3128 1982 3190 de
2005 3128 2221 3209 injusto

680 3241 879 3313 rupto,
911 3229 1021 3290 ubi
1047 3229 1098 3289 si
1130 3227 1292 3306 patri
1322 3230 1617 3287 nascatur
1642 3224 1806 3285 filius
1823 3227 1966 3302 post
1986 3222 2221 3283 factum

683 3327 1129 3387 testamentum
1155 3365 1171 3396 ,
1207 3337 1330 3399 quo
1372 3322 1739 3379 extraneum
1782 3315 2103 3376 haeredem
2129 3315 2222 3373 in-

683 3416 902 3492 stituit,
937 3419 1001 3476 et
1026 3413 1213 3490 filius,
1257 3412 1402 3472 vivo
1433 3410 1640 3471 adhuc
1684 3413 1861 3489 patre
1891 3407 2217 3481 moriatur,

681 3512 1126 3573 testamentum
1155 3505 1365 3566 adhuc
1395 3504 1591 3579 valet,
1626 3507 1689 3564 et
1717 3501 1926 3582 quoad
1957 3499 2222 3562 haeredi-

678 3608 875 3667 tatem
905 3607 968 3663 et
994 3599 1206 3680 quoad
1251 3598 1459 3677 legata
1492 3616 1505 3657 :
1542 3596 1691 3675 quia
1735 3594 2032 3655 nimirum
2076 3593 2224 3654 licet

680 3696 1007 3758 nativitate
1034 3693 1145 3754 filii
1173 3694 1430 3769 ruptum
1476 3689 1768 3750 videatur
1790 3734 1807 3764 ‚
1859 3691 2048 3766 atque
2075 3685 2222 3745 ideo

680 3793 859 3869 pater
901 3787 1191 3847 videatur
1234 3783 1564 3844 intestatus
1611 3780 1990 3852 decessisse;
2039 3797 2113 3839 ex
2143 3796 2222 3837 ce-

682 3882 916 3962 quitate
946 3885 1157 3940 tamen
1184 3879 1630 3938 testamentum
1657 3873 2021 3947 sustinetur,
2043 3870 2222 3950 cujus

678 3975 837 4036 ratio
871 3991 948 4034 ea
975 3971 1224 4031 videtur
1249 3985 1385 4029 esse
1408 4013 1425 4044 ,
1458 3967 1607 4047 quia
1635 3970 1897 4027 testator
1936 3963 2018 4024 ab
2046 3963 2220 4022 initio

679 4066 877 4130 voluit
929 4065 1381 4126 testamentum
1453 4059 1605 4119 illud
1657 4058 1869 4120 valere
1927 4057 1991 4116 in
2050 4055 2221 4116 omni

680 4166 933 4234 eventu,
968 4174 1091 4236 quo
1122 4153 1401 4214 validum
1432 4169 1567 4212 esse
1585 4154 1796 4229 posset
1827 4167 1842 4213 :
1874 4166 2024 4227 ergo
2055 4148 2221 4208 simi-

676 4254 819 4315 liter
865 4251 1034 4313 idem
1080 4269 1117 4308 a
1155 4245 1398 4307 fortiori
1443 4243 1781 4305 dicendum
1824 4247 1920 4302 est
1961 4241 2024 4300 in
2073 4258 2221 4300 casu

676 4349 891 4408 nostro
916 4389 932 4420 ,
967 4360 1093 4424 quo
1123 4338 1380 4401 donatio
1417 4356 1542 4398 non
1581 4334 1893 4413 rumpitur
1921 4334 2054 4412 ipso
2077 4333 2222 4411 jure

671 4439 783 4501 filii
804 4436 1155 4510 nativitate,
1191 4431 1304 4493 sed
1324 4431 1529 4492 solum
1550 4428 1836 4489 redditur
1849 4425 2225 4487 revocabilis

674 4532 901 4593 intuitu
929 4529 1060 4605 filii,
1096 4526 1195 4588 cui
1225 4530 1405 4604 pater
1445 4523 1643 4583 noluit
1682 4521 1979 4600 praeserre
2027 4519 2222 4580 dona-

674 4626 930 4699 tarium,
964 4626 1035 4683 ut
1061 4619 1352 4680 diximus.

757 4718 960 4791 Dices,
994 4714 1059 4774 in
1087 4730 1238 4773 casu
1268 4709 1452 4770 dictae
1479 4706 1659 4786 legis,
1692 4705 2063 4781 posthumus,
2099 4703 2223 4764 hae-

675 4812 891 4873 redem
919 4807 1271 4868 institutum
1327 4800 1697 4872 succedere,
1750 4815 1824 4859 eo
1873 4798 2040 4877 quod
2083 4801 2227 4875 post

673 4908 944 4968 mortem
971 4898 1086 4960 filii
1120 4902 1302 4976 pater
1330 4896 1661 4955 censeatur
1690 4891 1751 4950 in
1782 4891 1985 4970 prima
2000 4891 2226 4951 volun-

671 5003 801 5061 tate
829 5007 1269 5076 perseverare,
1304 4990 1369 5048 et
1414 5004 1559 5046 cum
1608 5001 1682 5044 ea
1729 4983 2060 5043 decedere.
2096 4983 2222 5044 Sed

673 5096 921 5164 contra,
973 5083 1123 5165 quia
1168 5085 1240 5142 ut
1285 5080 1487 5139 haeres
1527 5082 1864 5138 extraneus
1894 5074 2216 5149 succedat,

668 5202 794 5245 non
823 5179 1055 5243 sufficit
1083 5173 1377 5256 quoelibet
1422 5168 1699 5230 defuncti
1731 5167 2023 5229 voluntas
2051 5212 2067 5242 ,
2103 5166 2219 5225 nisi

669 5275 858 5338 suerit
885 5287 1102 5334 coram
1129 5267 1396 5330 testibus
1438 5261 1806 5324 solemniter
1835 5264 1898 5321 et
1942 5259 2219 5337 legitime

671 5369 991 5431 declarata
1020 5384 1034 5425 ε
1080 5364 1267 5423 Pater
1319 5362 1531 5419 autem
1588 5358 1731 5435 post
1786 5358 2057 5415 mortem
2110 5352 2222 5412 filii

672 5481 797 5524 non
827 5454 1176 5521 declaravit
1204 5449 1566 5512 solemniter
1593 5464 1773 5508 suam
1793 5446 2217 5518 voluntatem;

1844 273 1946 335 DE
1987 272 2341 336 JUSTITIA
2391 274 2492 334 m*
2534 274 2734 336 JURE

2319 450 2371 511 si
2399 469 2549 530 ergo
2580 451 2782 514 haeres
2825 453 3137 530 succedit,
3188 454 3252 515 id
3291 454 3482 517 debet
3528 474 3665 516 esse
3696 474 3770 515 ex
3796 454 3870 514 vi

2319 545 2543 623 prioris
2586 547 2984 623 testamenti,
3043 547 3321 625 legitime
3367 548 3675 623 confecti,
3737 566 3871 627 quo

2322 638 2575 717 quidem
2608 643 2866 700 testator
2892 640 2978 700 ita
3003 641 3201 700 voluit
3219 640 3351 701 fieri
3376 640 3439 700 in
3461 659 3869 721 quocumque

2322 736 2548 791 eventu
2573 778 2588 807 ‚
2623 751 2745 812 quo
2785 733 2948 793 filius
2978 732 3040 792 in
3078 738 3456 794 testamento
3508 733 3872 812 praeteritus

2322 842 2445 883 non
2468 824 2764 884 obstaret.
2802 825 2981 886 Adde
3008 872 3023 901 ,
3066 845 3250 905 posse
3292 828 3663 905 contingere
3695 824 3870 903 quod

2319 919 2498 993 pater
2525 916 2935 977 moribundus
2964 922 3028 979 et
3069 918 3353 979 sensibus
3383 918 3648 979 fortasse
3681 917 3874 977 desti-

2320 1011 2490 1067 tutus
2518 1006 2829 1084 ignoravit
2871 1010 3123 1070 omnino
3172 1011 3566 1071 nativitatem
3609 1015 3676 1072 et
3703 1027 3870 1069 mor·

2320 1104 2448 1161 tem
2475 1100 2587 1160 filii
2632 1105 2772 1180 post
2818 1107 3267 1164 testamentum
3318 1104 3482 1175 nati;
3536 1121 3665 1164 non
3715 1119 3868 1180 ergo

2322 1190 2540 1251 habuit
2568 1210 2795 1253 novam
2823 1193 3233 1269 voluntatem,
3269 1213 3344 1254 ex
3360 1194 3420 1253 vi
3450 1195 3632 1273 cujus
3663 1193 3870 1254 haeres

2322 1290 2651 1344 extraneus
2679 1287 3016 1347 succedere
3044 1291 3276 1367 posset,
3311 1286 3421 1347 sed
3452 1287 3556 1347 hic
3585 1283 3875 1346 succedit

2321 1377 2523 1437 solum
2565 1396 2642 1437 ex
2685 1378 2743 1437 vi
2802 1379 3027 1458 prioris
3082 1379 3444 1441 testamenti
3501 1377 3872 1439 solemniter

2322 1470 2610 1532 confecti.

2402 1565 2616 1624 Posset
2641 1567 2851 1623 tamen
2881 1564 3107 1643 aliquis
3136 1583 3403 1644 arguere
3425 1583 3499 1624 ex
3524 1564 3694 1625 dicta
3726 1564 3867 1643 lege

2319 1655 2699 1731 posthumus,
2749 1655 2859 1715 ubi
2899 1656 3189 1717 doctrina
3233 1657 3339 1717 illa
3386 1656 3748 1717 extenditur
3785 1658 3862 1716 ad

2320 1767 2559 1818 casum.
2591 1767 2716 1827 quo
2745 1753 3119 1812 testamento
3168 1750 3522 1828 praeteritus
3551 1749 3672 1810 fuit
3700 1749 3867 1809 filius

2312 1841 2448 1921 jam
2477 1846 2658 1901 natus
2681 1888 2697 1916 ,
2731 1842 2834 1920 qni
2867 1847 3078 1903 tamen
3121 1847 3343 1921 postea
3387 1843 3638 1903 vivente
3687 1846 3866 1921 patre

2320 1934 2619 2009 decessit,
2661 1933 2771 1993 sed
2798 1934 3105 1995 limitatur
3126 1981 3142 2009 ,
3192 1934 3281 1995 ita
3308 1940 3381 1996 ut
3405 1939 3861 1996 testamentum

2318 2026 2545 2099 valeat,
2575 2026 2628 2085 si
2657 2024 2857 2086 haeres
2902 2027 2965 2085 in
2996 2044 3069 2087 eo
3118 2026 3437 2088 institutus
3490 2032 3625 2088 erat
3667 2027 3861 2102 idem,

2321 2119 2428 2198 qui
2447 2118 2741 2178 defuncto
2774 2118 3080 2196 potuisset
3107 2119 3496 2180 abintestato
3519 2119 3861 2182 decedere:

2320 2210 2602 2271 similiter
2630 2228 2778 2288 ergo
2808 2211 2872 2269 in
2888 2214 3039 2271 casu
3058 2215 3270 2272 nostro
3289 2211 3565 2281 donati0,
3599 2211 3866 2271 mortuis

2319 2302 2481 2378 filiis,
2515 2302 2924 2364 sustinebitur
2952 2304 3153 2381 solum
3192 2304 3445 2382 quando
3491 2304 3864 2364 donatarius

2320 2400 2454 2456 erat
2479 2394 2566 2455 ita
2594 2394 2963 2474 conjunctus
3006 2397 3296 2472 donanti,
3343 2401 3413 2456 ut
3456 2396 3512 2455 ei
3543 2396 3866 2456 debuisset

2321 2490 2399 2549 ab
2437 2487 2729 2548 intestato
2778 2488 3137 2549 succedere.
3183 2488 3309 2549 Sed
3350 2494 3561 2550 contra
3614 2488 3763 2569 quia
3800 2488 3864 2547 in

2319 2580 2534 2660 primis
2563 2598 2743 2640 casus
2773 2585 2985 2641 noster
3014 2581 3214 2659 magis
3259 2587 3353 2642 est
3398 2581 3618 2641 similis
3664 2581 3859 2661 priori

2318 2672 2493 2733 casui
2533 2672 2716 2732 dictae
2762 2672 2953 2751 legiS,
2985 2672 3337 2733 Posthumus
3362 2721 3377 2749 ,
3428 2674 3490 2733 in
3541 2691 3666 2752 quo
3699 2673 3864 2734 filius

2318 2771 2500 2826 natus
2529 2768 2625 2825 est
2652 2769 2714 2825 et
2758 2770 3044 2826 mortuus
3098 2770 3241 2845 post
3288 2772 3741 2828 testamentum
3778 2767 3864 2826 fa-

2317 2862 2508 2931 ctum,
2542 2862 2605 2918 et
2642 2857 2784 2918 ideo
2826 2858 3028 2937 magis
3063 2857 3245 2937 juxta
3290 2858 3428 2938 ejus
3475 2858 3864 2920 decisionem

2313 2949 2695 3027 regulandus
2768 2955 2899 3023 est,
2980 2969 3169 3029 quam
3228 2952 3413 3029 juxta
3473 2951 3864 3012 decisionem

2317 3060 2497 3102 casus
2525 3041 2904 3120 posterioris,
2931 3042 2993 3101 in
3014 3061 3136 3122 quo
3158 3047 3607 3104 testamentum
3628 3044 3867 3104 factum

2320 3135 2523 3195 fuerat
2564 3138 2710 3195 nato
2752 3137 2885 3213 jam
2927 3133 3055 3195 filio
3081 3181 3096 3211 ,
3147 3154 3292 3196 cum
3335 3136 3396 3196 in
3442 3153 3590 3198 casu
3650 3140 3865 3198 nostro

2319 3230 2460 3306 post
2486 3226 2892 3287 donationem
2920 3228 3110 3287 etiam
3138 3228 3370 3289 factam
3400 3236 3585 3290 natus
3608 3233 3672 3290 et
3701 3248 3867 3291 mor-

2317 3324 2461 3380 tuus
2489 3319 2677 3379 fuerit
2704 3319 2887 3379 filius.
2925 3319 3161 3380 Deinde
3194 3339 3316 3381 non
3365 3320 3551 3383 video
3575 3369 3589 3397 ,
3644 3328 3717 3383 ut
3757 3341 3869 3382 ve-

2320 3429 2459 3471 rum
2489 3411 2691 3472 fatear
2709 3456 2725 3486 ,
2777 3412 2885 3490 qui
2913 3418 3100 3491 cogat
3128 3413 3209 3473 ad
3238 3413 3648 3492 intelligenda
3676 3415 3869 3475 verba

2320 3503 2502 3564 dictae
2546 3503 2702 3582 legis
2749 3504 2915 3563 circa
2964 3506 3377 3583 posteriorem
3423 3524 3643 3567 casum
3684 3508 3748 3567 in
3792 3525 3869 3568 eo

2320 3615 2529 3672 sensu,
2565 3614 2687 3675 quo
2720 3614 2756 3655 a
2780 3597 2988 3674 glossa
3016 3598 3403 3677 intelligitur,
3437 3617 3668 3678 nempe
3699 3598 3870 3679 quod

2319 3692 2762 3750 testamentum
2791 3688 2997 3750 valeat
3024 3695 3174 3751 tunc
3204 3692 3428 3768 solum,
3468 3693 3724 3771 quando
3745 3691 3871 3752 hae-

2318 3799 2419 3842 res
2448 3781 2767 3842 debuisset
2815 3782 3005 3842 etiam
3050 3783 3131 3844 ab
3175 3783 3470 3845 intestato
3501 3785 3865 3861 succedere,

2321 3878 2384 3934 et
2412 3891 2536 3934 non
2567 3874 2775 3951 potius
2805 3873 2884 3934 de
2914 3893 3313 3954 quocumque
3356 3876 3607 3936 haerede
3640 3923 3655 3952 ‚
3708 3877 3873 3938 sicut

2321 3966 2382 4026 in
2414 3966 2603 4044 priori
2632 3984 2781 4026 casu
2810 3967 3047 4028 dictum
3077 3968 3302 4030 fuerat.
3337 3968 3549 4029 Verba
3582 3969 3758 4029 illiud
3783 3969 3872 4028 le-

2321 4059 2416 4137 gis
2449 4058 2582 4119 haec
2620 4062 2783 4119 sunt.
2829 4080 2857 4114 «
2886 4058 3058 4119 Idem
3102 4064 3165 4120 et
3206 4061 3374 4121 circa
3419 4060 3761 4139 injustum,
3806 4065 3874 4121 et

2322 4150 2563 4212 irritum
2592 4155 3034 4212 testamentum
3064 4151 3182 4212 erit
3201 4151 3562 4230 dicendum,
3595 4153 3647 4213 si
3677 4154 3873 4214 bono·

2320 4262 2459 4303 rum
2491 4244 2800 4321 possessio
2830 4243 2978 4304 data
3005 4243 3194 4305 fuerit
3221 4245 3314 4320 ei,
3365 4246 3469 4324 qui
3500 4263 3635 4305 rem
3666 4246 3748 4305 ab
3774 4247 3874 4305 in—

2325 4341 2548 4397 testato
2578 4337 2827 4395 auferre
2872 4339 3103 4414 posset.
3135 4359 3163 4392 ι»
3205 4338 3355 4409 Quae
3383 4338 3641 4416 quidem
3673 4338 3873 4399 verba

2323 4447 2439 4506 ego
2495 4428 2584 4488 sic
2640 4428 3074 4505 intelligerem.
3136 4429 3309 4489 Idem
3366 4429 3707 4489 dicendum
3750 4435 3867 4505 est,

2324 4539 2548 4600 nempe
2601 4520 2917 4582 haeredem
2962 4540 3036 4580 ex
3079 4526 3452 4583 testamento
3499 4523 3867 4599 succedere,

2322 4614 2466 4675 licet
2494 4614 2795 4692 injustum
2839 4619 2901 4674 et
2946 4613 3191 4674 irritum
3235 4616 3314 4675 ab
3361 4615 3537 4675 initio
3570 4616 3762 4677 fuerit
3791 4617 3873 4677 ob

2322 4706 2812 4785 praeteritionem
2867 4706 2978 4765 filii
3024 4707 3159 4784 J’am
3215 4708 3369 4783 nati,
3428 4707 3477 4767 si
3525 4708 3662 4785 ipse
3708 4708 3873 4769 iilius

2326 4803 2470 4859 ante
2502 4803 2748 4876 patrem
2778 4798 3084 4875 decedat,
3135 4804 3325 4878 atque
3356 4800 3514 4860 adeo
3546 4799 3873 4862 haeredem

2323 4890 2659 4952 succedere
2690 4889 2922 4949 debere
2946 4937 2962 4966 ,
3013 4895 3077 4951 et
3104 4909 3480 4969 recuperare
3530 4894 3876 4954 haeredita-

2322 4988 2448 5045 tem
2479 4983 2541 5041 in
2573 5000 2762 5060 quam
2802 4980 2933 5060 jam
2982 4982 3246 5044 fortasse
3289 4984 3369 5044 ob
3409 4984 3869 5046 invaliditatem

2322 5075 2678 5136 testamenti
2707 5075 2867 5136 irriti
2915 5074 3113 5135 haeres
3143 5076 3222 5136 ab
3265 5077 3564 5138 intestato
3593 5078 3875 5139 intrave-

2325 5172 2461 5244 rat,
2522 5170 2585 5227 et
2636 5168 2772 5245 ejus
2826 5168 3285 5246 possessionem
3344 5175 3701 5249 acceperat.
3756 5170 3873 5244 Qui

2324 5278 2545 5321 sensus
2574 5260 2935 5320 confirmari
2962 5267 3209 5340 potest,
3258 5262 3407 5341 quia
3454 5263 3505 5322 si
3533 5263 3668 5342 ipse
3700 5262 3872 5323 idem

2323 5354 2526 5414 haeres
2555 5353 2635 5414 ab
2683 5353 2974 5415 intestato
3013 5354 3336 5416 institutus
3386 5358 3523 5416 erat
3564 5355 3627 5414 in
3675 5360 3872 5417 testa-

2322 5451 2536 5508 mento
2562 5492 2578 5524 ,
2629 5445 2869 5506 nullum
2914 5451 3050 5507 erat
3076 5446 3338 5508 dubium
3367 5447 3535 5509 circa
3564 5447 3701 5527 ejus
3729 5466 3870 5510 suc·
