4263 6376
524 2115 603 2173 20

429 2242 443 2285 1
449 2242 557 2285 ‚essii
576 2242 720 2298 regula

445 2297 718 2352 impugnatur.

531 5006 600 5066 21

469 5133 690 5196 Solvuntur

469 5191 688 5229 contraria.

757 349 875 408 474
942 357 952 365 “
1909 353 2012 415 DE
2052 353 2407 416 JUSTITIA
2450 355 2552 415 ΕΤ
2591 354 2792 416 JURE

762 526 858 584 est
910 525 1088 587 valor
1142 545 1370 607 operoe,
1420 531 1527 608 qui
1578 531 1680 608 sit,
1734 551 1792 593 v.
1843 551 1906 611 g.
1960 534 2093 594 100.
2146 535 2293 593 tunc

765 616 933 678 facta
960 619 1259 681 societate
1289 622 1491 683 solum
1522 625 1689 685 circa
1716 625 1975 701 fructuS‚
2009 629 2071 685 et
2091 624 2291 703 posito

764 715 949 788 pacto
980 714 1149 791 quod
1177 715 1441 798 capitale
1460 717 1855 779 reddendum
1882 719 2293 797 sitintegrum

765 802 844 878 ei,
881 805 988 882 qui
1017 805 1168 865 illud
1199 810 1509 887 apposuit,
1536 809 1853 872 dividendi
1884 816 2029 873 sunt
2055 812 2293 873 fructus

765 894 1026 972 perinde
1053 916 1128 959 ac
1167 899 1217 959 si
1255 901 1494 979 primus
1535 904 1898 965 contulisset
1923 907 2060 966 300.
2112 909 2176 966 et
2201 922 2293 964 se-

766 987 1008 1050 cundus
1055 994 1191 1053 100.
1245 1011 1391 1054 nam
1423 995 1661 1073 primus
1692 1004 1981 1058 censetur
2010 997 2291 1058 conferre

767 1079 1113 1157 periculum
1156 1084 1250 1145 sui
1294 1087 1595 1166 capitalis,
1630 1090 1799 1168 quod
1828 1090 2172 1169 periculum
2203 1108 2294 1149 re-

765 1170 1005 1233 dimere
1062 1181 1269 1253 posset
1323 1178 1531 1240 dando
1574 1184 1709 1243 100.
1761 1187 1823 1244 et
1873 1200 2049 1262 spem
2105 1182 2294 1243 etiam

766 1264 1105 1344 fructuum,
1156 1288 1347 1349 quam
1394 1290 1570 1352 spem
1616 1273 1888 1334 vendere
1926 1280 2138 1353 posset
2180 1293 2293 1353 pro

765 1360 904 1419 200.
964 1378 1159 1438 quare
1217 1363 1320 1422 illa
1374 1367 1512 1426 300.
1572 1371 1862 1429 censetur
1916 1368 2290 1446 expendere,

767 1468 908 1529 quae
951 1452 1039 1512 illi
1087 1461 1369 1532 pereunt,
1413 1474 1555 1517 cum
1594 1459 1891 1537 suscipiat
1918 1461 1980 1519 in
2025 1479 2090 1519 se
2128 1460 2293 1538 peri-

767 1544 978 1604 culum
1017 1547 1319 1626 capitaliS,
1355 1554 1417 1610 et
1445 1554 1715 1629 exponat
1742 1570 1918 1630 spem
1943 1553 2288 1625 fructuum;

766 1634 924 1697 alter
962 1656 1114 1699 vero
1159 1641 1458 1719 expendit
1500 1643 1634 1704 sola
1663 1646 1797 1705 100.
1842 1645 1947 1724 qui
1990 1650 2084 1707 est
2121 1646 2297 1705 valor

770 1744 976 1806 operae
1033 1749 1162 1792 suae
1220 1753 1233 1793 :
1278 1732 1510 1796 debent
1557 1754 1705 1815 ergo
1756 1738 1934 1797 lucra
1988 1737 2181 1798 dividi
2234 1738 2296 1797 in

770 1825 1039 1899 quatuor
1078 1829 1309 1903 partes,
1362 1846 1629 1907 quarum
1676 1834 1802 1892 tres
1846 1830 2164 1909 pertinent
2217 1830 2297 1890 ad

767 1913 1063 1992 primum,
1114 1917 1238 1978 alia
1298 1938 1447 1980 vero
1495 1928 1720 2000 quarta
1770 1924 2039 2003 pertinet
2093 1924 2174 1984 ad
2202 1942 2299 1984 se-

770 2006 1068 2085 cundum,
1103 2011 1210 2089 qui
1237 2014 1531 2090 apposuit
1560 2016 1757 2075 solam
1788 2034 2064 2094 operam.

851 2101 999 2161 Haec
1033 2103 1228 2164 Lessii
1274 2106 1490 2183 regula
1520 2107 1787 2169 deficere
1827 2110 2076 2169 videtur
2103 2108 2163 2169 in
2196 2128 2294 2185 ec,

769 2192 940 2270 quod
995 2212 1218 2272 parum
1273 2198 1551 2277 assignet
1601 2201 1940 2263 conferenti
1999 2220 2221 2280 operas
2279 2221 2292 2263 ε

767 2285 926 2346 ratio
970 2291 1183 2349 autem
1227 2294 1342 2367 est,
1395 2293 1543 2371 quia
1571 2312 1696 2354 non
1722 2294 1925 2370 video,
1959 2314 2070 2356 cur
2098 2313 2296 2375 appo-

768 2379 940 2440 nenti
995 2382 1261 2460 capitale
1309 2391 1629 2463 computet
1669 2406 1844 2466 spem
1884 2389 2062 2465 lucri,
2106 2407 2297 2468 quam

768 2471 1038 2535 aestimat
1063 2477 1202 2537 200.
1228 2481 1290 2538 et
1310 2479 1653 2542 conferenti
1685 2498 1945 2559 operam
1973 2500 2098 2543 non
2129 2500 2297 2543 oom-

767 2568 944 2642 putet
971 2566 1160 2628 etiam
1189 2587 1365 2649 spem
1393 2571 1572 2648 lucri,
1606 2573 1751 2652 quia
1773 2592 1848 2634 ex
1877 2593 2067 2654 opera
2096 2575 2299 2654 posita

765 2656 828 2716 in
876 2659 1296 2737 negotiatione
1318 2663 1476 2724 adeo
1503 2665 1903 2745 lucrosaspes
1948 2668 2105 2729 lucri
2135 2669 2300 2730 ultra

765 2750 1043 2811 valorem
1089 2771 1296 2833 operae
1353 2756 1628 2836 aliquam
1673 2760 2153 2822 aestimationem
2190 2762 2299 2822 ha-

765 2842 893 2919 bet,
925 2843 1013 2905 ita
1065 2849 1135 2907 ut
1161 2865 1274 2925 pro
1306 2867 1382 2909 ea
1426 2850 1615 2911 etiam
1660 2870 1770 2931 spe
1799 2853 1994 2932 aliqui
2024 2856 2295 2932 pretium

765 2935 1032 3001 libenter
1059 2940 1376 3003 offerrent.
1402 2943 1466 3005 Si
1487 2944 1652 3003 enim
1668 2963 1810 3024 spes
1837 2946 1991 3006 lucri
2013 2964 2088 3005 ex
2116 2950 2293 3010 1000.

764 3030 1065 3107 appositis
1087 3050 1199 3110 pro
1230 3034 1481 3112 capitali
1540 3041 1855 3098 emeretur
1900 3041 2037 3100 200.
2076 3057 2296 3101 conse-

768 3140 967 3202 quens
995 3128 1108 3201 est,
1134 3128 1204 3185 ut
1257 3145 1399 3206 spes
1426 3127 1583 3188 lucri
1614 3146 1688 3191 ex
1747 3130 1852 3192 illa
1907 3149 2120 3211 opera,
2157 3152 2297 3214 quae

768 3216 1016 3277 valebat
1046 3220 1182 3279 100.
1216 3220 1631 3283 aestimaretur
1687 3224 1899 3301 etiam,
1937 3230 1999 3286 et
2055 3245 2299 3287 emere-

767 3311 871 3369 tur
896 3309 1117 3371 saltem
1148 3313 1247 3372 20.
1278 3313 1495 3375 solutis
1531 3318 1664 3378 100.
1701 3335 1814 3396 pro
1863 3318 1999 3397 ejus
2056 3320 2292 3382 valore.

769 3403 927 3461 Nam
955 3405 1026 3463 ut
1051 3421 1373 3483 apponens
1401 3409 1668 3487 capitale
1719 3411 2004 3474 deductis
2063 3431 2296 3491 expen-

768 3494 874 3569 sis,
907 3499 970 3555 et
998 3514 1110 3574 per
1137 3515 1525 3579 consequens
1557 3502 1804 3564 reddito
1855 3506 2079 3583 pretio,
2117 3510 2182 3567 et
2217 3524 2296 3567 ω-

769 3587 1125 3650 stimatione
1184 3609 1420 3670 operae,
1484 3594 1748 3657 haberet
1804 3596 1867 3657 in
1927 3598 2096 3659 lucro
2155 3603 2293 3662 200.

767 3685 1033 3759 oportet,
1066 3683 1235 3762 quod
1264 3685 1430 3747 ultra
1461 3690 1633 3749 1000.
1672 3690 1979 3768 apposita,
2002 3696 2302 3754 maneant

767 3775 905 3835 320.
938 3792 1014 3834 ex
1043 3776 1268 3854 quibus
1296 3781 1431 3841 100.
1464 3782 1781 3859 pertinent
1835 3783 1917 3843 ad
1975 3785 2297 3846 conferen-

767 3869 894 3927 tem
927 3886 1183 3946 operam
1212 3889 1325 3950 pro
1384 3872 1521 3952 ejus
1577 3876 2010 3952 aestimatione,
2071 3878 2298 3938 deinde

769 3963 908 4021 200.
941 3960 1066 4022 sint
1091 3961 1338 4023 lucrum
1365 3984 1478 4044 pro
1512 3966 1786 4044 capitali,
1822 3972 1886 4030 et
1921 3971 2020 4032 20.
2055 3970 2179 4033 sint
2204 3971 2300 4031 lu-

770 4069 946 4113 crum
999 4071 1237 4132 operae:
1299 4074 1448 4135 ergo
1508 4059 1668 4120 sicut
1723 4062 1922 4138 portio
1982 4062 2299 4124 fructuum

772 4145 1219 4224 correspondet
1246 4149 1447 4226 primo
1469 4150 1649 4229 juxta
1705 4154 1982 4214 valorem
2041 4155 2299 4234 periculi

771 4238 1076 4317 capitalis,
1110 4240 1277 4319 quod
1309 4241 1372 4301 in
1403 4262 1468 4303 se
1498 4246 1863 4325 assumpsit,
1899 4251 1961 4308 et
1981 4247 2162 4326 juxta
2191 4269 2301 4310 va-

770 4333 969 4394 lorem
993 4332 1127 4411 spei
1155 4332 1335 4412 lucri,
1371 4335 1461 4397 ita
1507 4339 1856 4401 conserenti
1886 4357 2144 4419 operam
2191 4343 2296 4404 de-

770 4426 880 4487 bet
907 4426 1107 4505 portio
1137 4426 1291 4488 lucri
1322 4432 1813 4509 correspondere
1823 4431 2002 4512 juxta
2021 4433 2300 4495 valorem

774 4538 1004 4599 operte,
1066 4538 1256 4599 quam
1303 4523 1593 4601 perdidit,
1654 4529 1717 4586 et
1765 4524 1947 4604 juxta
2019 4528 2302 4589 valorem

773 4613 905 4694 spei
931 4613 1110 4690 lucri,
1147 4632 1337 4693 quam
1365 4621 1577 4694 posset
1596 4621 1693 4680 20.
1730 4620 2027 4695 vendere,
2063 4625 2126 4682 et
2176 4641 2298 4683 non

773 4705 1076 4767 vendidit.
1114 4708 1245 4768 Hac
1274 4707 1484 4787 itaque
1512 4709 1831 4772 additione
1861 4712 2026 4772 facta
2046 4731 2123 4773 ex
2158 4734 2302 4793 par-

774 4805 837 4861 te
866 4800 1243 4861 conferentis
1277 4820 1559 4880 operam,
1596 4821 1720 4866 non
1752 4803 2041 4883 displicet
2080 4808 2299 4885 regula

773 4893 900 4955 illa.

856 4986 1036 5049 Dices
1065 4986 1289 5067 primo,
1324 5006 1529 5069 neque
1560 4990 1728 5051 hunc
1763 4996 2159 5055 contractum
2214 4993 2303 5053 vi-

778 5079 909 5141 deri
934 5081 1199 5160 justum,
1234 5087 1492 5162 propter
1518 5084 1825 5146 rationem
1855 5103 2045 5165 supra
2103 5085 2305 5147 addu-

779 5177 977 5235 ctam:
1039 5174 1188 5253 quia
1216 5173 1270 5234 is
1300 5175 1409 5255 qui
1450 5176 1692 5238 confert
1744 5196 2001 5256 operam
2056 5198 2306 5258 semper

779 5266 986 5345 perdit
1013 5267 1206 5345 illam,
1241 5270 1305 5329 et
1357 5286 1524 5348 saepe
1580 5270 1860 5332 lucrante
1917 5272 2110 5349 socio,
2173 5272 2304 5352 ipse

780 5377 903 5421 non
932 5360 1233 5437 lucratur,
1289 5361 1398 5423 sed
1430 5362 1638 5440 potius
1669 5364 1875 5442 perdit
1904 5370 2146 5443 partem
2178 5383 2306 5426 suae

778 5471 1009 5532 operae,
1044 5453 1194 5533 quia
1223 5473 1370 5534 pars
1396 5455 1553 5517 lucri
1613 5476 1738 5517 non
1768 5458 1999 5519 sufficit
2025 5457 2106 5518 ad
2138 5475 2311 5519 com-

779 5546 1172 5628 pensandum
1200 5551 1401 5611 totum
1460 5549 1740 5612 valorem
1799 5569 2007 5635 operae
2063 5551 2303 5633 positae.

2391 531 3072 611 Respondetur,adhuc
3101 550 3235 594 esse
3267 550 3449 610 posse
3471 532 3735 611 justum,
3769 529 3928 610 qnia

2392 624 2527 685 haec
2558 625 2790 686 damna
2818 630 2883 687 et
2931 626 3206 705 pericula
3236 624 3626 703 compensari
3659 626 3930 704 possunt

2390 736 2500 796 spe
2528 717 2634 778 illa
2662 719 2859 780 multo
2918 718 3176 799 majoris
3234 717 3539 798 portionis
3593 718 3658 778 in
3716 716 3923 789 lucro,

2391 829 2581 890 quam
2640 829 2781 890 quae
2837 811 3329 890 correspondere
3405 810 3665 871 deberet
3719 806 3933 869 valori

2394 920 2601 981 operae
2655 904 3001 965 secundum
3058 923 3147 981 se,
3182 905 3234 965 si
3293 903 3396 964 hic
3450 905 3934 980 compararetur

2394 1014 2538 1055 cum
2583 996 2796 1057 valore
2825 991 3013 1059 totius
3042 996 3326 1076 capitalis
3355 1015 3395 1057 a
3421 995 3588 1057 socio
3623 994 3927 1074 appositi⁴

2395 1088 2572 1161 Quod
2603 1107 2752 1167 ergo
2781 1089 2862 1150 ad
2919 1089 3074 1151 lucri
3132 1089 3453 1169 portiones
3510 1106 3633 1148 non
3694 1087 3935 1147 debeat

2395 1181 2572 1242 valor
2599 1199 2806 1259 operae
2838 1181 3189 1262 comparari
3219 1199 3363 1242 cum
3421 1180 3633 1242 valore
3689 1178 3935 1257 capita-

2392 1272 2467 1333 lis
2522 1274 2732 1352 totiuS,
2780 1274 2891 1334 sed
2950 1293 3094 1336 cum
3152 1275 3365 1335 valore
3418 1274 3620 1334 solum
3662 1270 3932 1352 periculi

2394 1365 2697 1444 capitaliS,
2731 1371 2795 1448 et
2821 1367 2952 1446 spei
2981 1368 3159 1444 lucri,
3192 1366 3382 1427 modo
3416 1366 3936 1444 praedicto‚com-

2392 1464 2616 1538 pensat
2645 1451 3025 1521 sufficienter
3053 1464 3254 1522 totum
3284 1459 3438 1519 illud
3472 1458 3642 1518 alind
3702 1474 3935 1536 grava·

2394 1570 2537 1611 men
2568 1571 2584 1624 ;
2620 1553 2813 1614 necin
2841 1553 2962 1614 hoc
2993 1557 3318 1615 contractu
3350 1552 3707 1632 procedunt
3735 1548 3937 1611 ratio-

2396 1664 2507 1705 nes
2537 1664 2727 1724 supra
2756 1645 2975 1720 factae3
3011 1646 3159 1725 qnia
3186 1645 3250 1706 in
3282 1645 3402 1707 hoc
3433 1644 3621 1706 modo
3679 1646 3938 1705 contra-

2396 1736 2587 1798 hendi
2617 1756 2742 1798 non
2782 1737 2868 1799 ita
2903 1756 3069 1814 rar0,
3131 1738 3244 1799 sed
3300 1738 3511 1817 potius
3561 1738 3939 1816 frequenter

2396 1828 2502 1908 qui
2562 1847 2820 1909 operam
2875 1831 3155 1910 apponit,
3198 1829 3601 1909 recuperabit
3655 1828 3938 1909 pretium

2393 1926 2592 1984 totum
2653 1941 2880 2001 operae,
2943 1927 3007 1985 et
3061 1941 3206 1984 cum
3261 1924 3435 1984 lucro
3497 1921 3937 2002 superaddito,

2396 2019 2465 2077 ut
2495 2015 2914 2077 consideranti
2957 2019 3021 2078 et
3079 2015 3466 2096 computanti
3525 2014 3712 2075 facile
3759 2017 3943 2093 pate-

2395 2108 2507 2169 bit.

2475 2201 2655 2261 Dices
2683 2200 2989 2279 secundo,
3034 2200 3232 2261 videri
3260 2218 3441 2279 posse
3471 2220 3506 2261 e
3536 2204 3755 2262 contra
3781 2216 3943 2259 con-

2395 2297 2663 2356 tractum
2692 2294 2858 2355 hunc
2888 2312 3022 2354 esse
3051 2294 3353 2373 injustum
3381 2297 3599 2355 contra
3636 2311 3781 2353 eum
3827 2291 3946 2371 qui

2401 2387 2641 2448 confert
2666 2391 2865 2448 totum
2897 2387 3161 2464 capitale
3196 2406 3209 2447 ε
3242 2386 3492 2447 videtur
3519 2386 3682 2447 enim
3718 2391 3950 2445 contra

2387 2479 2729 2560 justitiam,
2782 2479 2952 2558 quod
2998 2497 3113 2558 pro
3155 2496 3379 2556 opera,
3428 2497 3567 2558 quoe
3595 2478 3765 2539 valet
3796 2480 3943 2538 100.

2396 2572 2882 2650 correspondeat
2920 2575 3095 2634 tanta
3138 2588 3281 2650 pars
3320 2571 3513 2647 lucri,
3561 2575 3797 2651 quanta
3834 2588 3945 2629 re-

2397 2665 2663 2744 spondet
2686 2665 3031 2725 conferenti
3047 2667 3188 2726 700.
3222 2663 3302 2724 de
3331 2664 3583 2743 capitali
3619 2684 3632 2725 :
3667 2664 3819 2742 quie.
3841 2661 3947 2741 ju-

2396 2759 2562 2821 stitia
2608 2761 2671 2819 et
2719 2757 3043 2837 aequalitas
3083 2757 3145 2816 in
3174 2757 3469 2818 societate
3514 2756 3822 2834 postulat,
3874 2759 3951 2815 ut

2398 2852 2506 2931 qui
2542 2851 2680 2929 plus
2725 2851 3004 2926 confert,
3055 2849 3195 2928 plus
3235 2848 3567 2928 participet
3606 2847 3686 2907 de
3731 2848 3942 2907 lucro.

2399 2943 2856 3022 Respondetur,
2907 2943 2994 3004 ita
3023 2961 3158 3002 esse
3190 2942 3242 3002 si
3271 2941 3473 3002 solum
3504 2939 3953 3001 attenderetur

2398 3037 2475 3097 ad
2507 3036 2569 3095 id
2594 3035 2761 3115 quod
2789 3034 3018 3114 singuli
3047 3034 3376 3095 conferunt
3410 3053 3423 3093 :
3459 3033 3605 3112 quia
3629 3037 3850 3092 tamen
3878 3032 3947 3091 in

2398 3148 2471 3191 eo
2500 3129 2689 3190 modo
2720 3127 3133 3190 contrahendi
3160 3125 3396 3187 attendi
3417 3126 3607 3187 etiam
3638 3124 3834 3185 debet
3859 3123 3947 3184 ad

2396 3222 2764 3302 gravamina
2819 3238 2960 3301 quae
3032 3219 3201 3281 subit
3255 3221 3584 3280 conferens
3650 3237 3943 3297 operam,

2396 3334 2622 3395 nempe
2649 3313 2956 3394 perdendi
2984 3312 3555 3374 totalitervalorem
3572 3330 3943 3392 operarum,

2398 3415 2461 3471 et
2488 3408 2655 3488 quod
2685 3408 2842 3469 alter
2870 3407 3073 3468 socius
3102 3423 3269 3466 exeo
3300 3405 3469 3484 quod
3484 3410 3794 3480 remanet,
3830 3405 3951 3465 de·

2397 3503 2543 3564 beat
2568 3502 2770 3581 primo
2825 3500 2962 3561 loco
3019 3498 3350 3559 extrahere
3404 3498 3724 3576 integrum
3754 3514 3949 3557 suum

2397 3593 2685 3672 capitale,
2731 3591 2898 3653 unde
2936 3610 3104 3670 saepe
3133 3590 3286 3650 nihil
3334 3589 3685 3651 remanebit
3728 3589 3951 3650 confe-

2397 3688 2561 3748 renti
2589 3703 2867 3764 operam,
2914 3688 2977 3745 et
3004 3683 3234 3763 saepius
3278 3701 3403 3744 non
3433 3681 3792 3743 remanebit
3818 3682 3951 3742 sal-

2398 3785 2528 3844 tem
2553 3780 2731 3839 valor
2756 3784 2922 3840 totus
2954 3795 3322 3856 operarum;
3361 3775 3496 3836 haec
3524 3774 3740 3836 omnia
3770 3792 3948 3834 com-

2401 3890 2665 3955 pensare
2686 3875 2947 3951 possunt
2971 3869 3275 3949 majorem
3306 3869 3474 3928 illam
3504 3871 3752 3946 partem
3780 3867 3952 3927 lucri

2402 3985 2591 4047 quam
2621 3963 2973 4044 participat.
3020 3961 3213 4023 Addit
3240 3961 3453 4023 Molin.
3500 3979 3561 4020 n.
3595 3963 3655 4020 2.
3689 3960 3754 4019 in
3785 3960 3946 4035 fine,

2403 4059 2571 4122 aliud
2603 4057 2950 4137 periculum
2977 4054 3145 4134 quod
3174 4053 3344 4115 subit
3366 4053 3468 4113 ille
3498 4052 3666 4113 solus
3696 4053 3809 4132 qui
3832 4071 3952 4133 ap-

2404 4153 2580 4234 ponit
2606 4168 2862 4231 operam
2881 4195 2897 4226 ,
2945 4165 3173 4226 nempe
3202 4147 3370 4226 quod
3401 4147 3705 4207 damnum
3736 4150 3954 4208 totum

2406 4249 2691 4307 secutum
2733 4260 2898 4322 saepe
2937 4240 2992 4301 ei
3036 4239 3151 4301 soli
3192 4238 3622 4317 imputabitur,
3682 4240 3955 4318 quando

2412 4358 2488 4401 ex
2518 4338 2701 4416 culpa
2737 4335 2873 4415 ejus
2898 4332 3021 4393 levi
3051 4331 3428 4411 provenerit,
3462 4336 3650 4411 atque
3678 4332 3828 4394 ideo
3857 4338 3957 4394 te-

2408 4431 2655 4493 nebitur
2682 4429 2745 4489 id
2776 4432 2975 4489 totum
3004 4426 3170 4487 socio
3201 4424 3529 4486 resarcIre.
3563 4427 3696 4485 Hoc
3728 4430 3954 4486 tamen

2408 4523 2754 4605 periculum
2796 4525 2999 4582 totum
3040 4537 3156 4597 ego
3195 4518 3383 4590 credo
3422 4516 3653 4578 includi
3696 4517 3762 4578 in
3806 4519 3957 4597 ipso

2411 4619 2623 4679 valore
2676 4631 2906 4694 operae,
2963 4613 3143 4692 cujus
3195 4610 3546 4687 aestimatio,
3607 4615 3677 4671 ut
3726 4610 3957 4672 debito

2410 4711 2597 4772 modo
2626 4710 2756 4784 fiat,
2789 4707 2977 4768 debet
3006 4707 3195 4767 etiam
3225 4703 3521 4765 aestimari
3549 4703 3667 4764 hoe
3694 4704 3961 4783 perieu-

2410 4807 2563 4881 lum,
2622 4806 2686 4864 et
2722 4802 2865 4863 ideo
2917 4817 3110 4879 opera
3145 4797 3520 4878 supponitur
3551 4797 3767 4857 valere
3800 4800 3952 4859 100.

2412 4917 2474 4960 v.
2509 4916 2603 4977 gr.
2636 4896 2784 4976 quia
2811 4894 2976 4954 ultra
3001 4892 3372 4953 industriam
3402 4895 3464 4952 et
3489 4889 3796 4967 laborem,
3831 4892 3960 4952 im-

2411 4989 2691 5073 putanda
2719 4990 2865 5048 sunt
2905 4984 3187 5065 operanti
3241 4985 3469 5044 damna
3514 5001 3655 5062 quae
3690 5002 3769 5044 ex
3806 4985 3961 5064 ejus

2411 5086 2593 5165 culpa
2622 5080 3029 5161 proveniunt3
3064 5078 3225 5138 sicut
3250 5077 3485 5137 famulo
3517 5076 3787 5137 debetur
3813 5097 3960 5138 ma-

2404 5180 2507 5258 jor
2533 5193 2796 5251 merceS,
2840 5170 3092 5252 quando
3123 5169 3379 5249 suscipit
3406 5170 3469 5229 in
3501 5188 3567 5229 se
3596 5170 3961 5247 periculum

2408 5288 2620 5332 rerum
2654 5285 2809 5348 quas
2844 5263 3115 5326 custodit
3154 5263 3252 5323 vel
3296 5261 3713 5337 administrat,
3774 5263 3828 5323 si
3876 5283 3963 5324 ex

2412 5364 2546 5444 ejus
2571 5362 2695 5423 levi
2723 5360 2909 5438 culpa
2934 5361 3215 5437 pereant.
3273 5356 3479 5428 Quare
3507 5355 3753 5419 etiamsi
3764 5354 3963 5436 juxta

2408 5458 2683 5538 priorem
2709 5452 2968 5514 modum
2997 5449 3262 5510 societas
3297 5448 3477 5508 fieret
3520 5448 3962 5527 computando

2407 5550 2685 5612 valorem
2716 5561 2923 5629 operm
2951 5559 3096 5603 cum
3125 5541 3245 5603 alio
3276 5539 3549 5623 capitali,
3583 5544 3651 5604 ut
3675 5559 3961 5623 operans

4086 2208 4154 2266 29.
