4263 6376
889 321 1008 378 552

886 498 1160 557 maxime
1190 501 1554 561 florescente
1580 548 1593 577 ,
1648 502 1814 563 hunc
1848 505 2039 564 etiam
2066 507 2277 567 saeculi
2309 507 2423 568 ab·

891 607 1075 649 usum
1101 590 1449 668 introduci,
1485 612 1608 671 quo
1644 594 1687 654 ii
1715 595 1765 655 si
1796 597 1903 674 qui
1932 598 2091 657 forte
2124 604 2330 660 essent
2357 600 2419 659 in

887 682 1194 760 ejusmodi
1225 686 1755 764 congregatione,
1808 689 1912 767 qui
1958 690 2055 749 vel
2104 692 2420 769 peculium

889 774 1143 852 aliquod
1170 776 1510 855 haberent,
1546 779 1645 839 vel
1674 781 1959 842 valerent
2004 784 2209 861 gratia
2251 785 2420 863 apud

891 867 1116 927 divites
1146 871 1207 928 et
1252 873 1577 948 potentat,
1614 880 2131 951 praeponerentur
2177 878 2421 938 caeteris

889 960 1193 1037 doctrina,
1228 964 1559 1041 prudentia
1591 971 1652 1027 et
1679 967 1884 1027 studio
1906 1015 1921 1043 ,
1969 987 2041 1028 ac
2071 970 2204 1030 zelo
2235 989 2422 1049 regu-

887 1052 1035 1111 laris
1063 1053 1478 1117 observantiae
1501 1060 2072 1138 praestantioribus,
2110 1080 2183 1122 eo
2215 1064 2418 1124 solum

886 1130 1066 1204 titulo
1123 1147 1290 1223 quod
1345 1148 1433 1208 illi
1488 1150 1783 1227 pecunias
1832 1152 2070 1232 aliquas
2112 1155 2191 1214 ad
2234 1175 2419 1217 usum

888 1236 1121 1297 hahere
1152 1245 1424 1316 possent,
1462 1242 1697 1302 bivero
1721 1262 1845 1303 non
1867 1251 2123 1324 possent
2158 1267 2170 1307 :
2208 1249 2414 1326 quale,

889 1348 1123 1408 quaeso,
1161 1335 1223 1391 et
1251 1352 1439 1411 quam
1469 1353 1661 1411 grave
1704 1337 2021 1414 piaculum
2052 1357 2124 1399 ac
2155 1342 2420 1402 scanda-

885 1422 1017 1482 lum
1047 1423 1109 1482 in
1140 1428 1371 1485 coetum
1401 1427 1575 1486 illum
1617 1447 1867 1489 sacrum
1913 1431 2279 1509 induceret,
2313 1435 2420 1513 qui

895 1516 1279 1592 peculiarem
1331 1519 1494 1579 hunc
1542 1522 1778 1581 cultum
1827 1524 2184 1601 pecuniosis
2229 1526 2418 1587 tribui

891 1608 1125 1670 vellet?
1172 1614 1307 1671 Non
1354 1612 1566 1692 itaque
1614 1618 1745 1691 est,
1797 1617 1965 1694 quod
2009 1619 2333 1696 miremur,
2368 1621 2414 1680 si

888 1700 1089 1778 primo
1119 1702 1222 1762 illo
1253 1704 1529 1765 fidelium
1561 1711 1749 1784 coetu,
1771 1709 2077 1787 inquibus
2097 1729 2205 1771 cor
2224 1731 2420 1772 unum

888 1795 1168 1854 omnium
1198 1801 1259 1856 et
1286 1799 1496 1860 anima
1524 1819 1650 1859 una
1680 1805 1833 1876 erat,
1870 1803 2056 1881 etqui
2081 1804 2420 1866 observan-

887 1886 1125 1948 tissimo
1176 1889 1401 1968 cuique
1448 1891 1886 1970 religiosorum
1916 1895 2121 1955 ordini
2172 1915 2413 1975 norma,

889 1996 962 2038 ac
1007 1980 1226 2058 regula
1280 1984 1679 2061 perfectionis
1737 2005 1870 2046 esse
1930 1993 2200 2066 poterat,
2261 1991 2417 2052 adeo

889 2072 1116 2132 acriter
1139 2075 1414 2135 Jacobus
1444 2078 1779 2140 invehatur
1813 2080 1876 2139 in
1926 2099 2032 2140 eos
2073 2083 2180 2161 qui
2230 2101 2421 2162 pecu-

889 2164 1007 2224 niae
1038 2166 1239 2226 solum
1271 2168 1528 2247 intuitu,
1561 2171 1933 2250 inaequalem
1966 2174 2123 2235 adeo
2157 2177 2415 2254 cultum,

889 2261 952 2317 et
980 2259 1148 2336 quod
1176 2262 1356 2339 pejus
1403 2267 1573 2339 erat,
1626 2266 2000 2344 inoequalem
2040 2269 2198 2329 adeo
2229 2271 2422 2331 bene-

886 2351 1176 2411 volentiae
1228 2355 1704 2418 affectuminter
1732 2359 1955 2420 fratres
1992 2361 2288 2422 exhibere
2318 2382 2422 2425 vo-

885 2441 1101 2505 lebant
1133 2465 1146 2506 :
1181 2447 1348 2525 quod
1378 2449 1632 2526 quidem
1674 2451 1809 2512 sine
1854 2470 2083 2530 magno
2117 2457 2418 2518 scandalo

886 2536 949 2595 in
985 2537 1088 2597 illo
1120 2540 1321 2616 primo
1351 2542 1645 2602 Ecclesiae
1689 2543 1936 2605 fervore
1980 2548 2117 2607 fieri
2148 2567 2271 2609 non
2303 2568 2417 2627 po-

885 2633 1047 2691 terat
1080 2651 1092 2691 :
1121 2632 1247 2692 imo
1280 2652 1394 2693 nec
1423 2635 1803 2714 sineinjuria
1822 2657 1897 2698 ac
1919 2640 2230 2701 dedecore
2261 2642 2421 2720 ipso-

884 2740 1025 2782 rum
1053 2726 1519 2803 Apostolorum,
1555 2729 1659 2806 qui
1703 2748 1818 2790 nec
1869 2750 2101 2809 genere
2150 2753 2265 2794 nec
2293 2736 2417 2797 for-

884 2819 1035 2875 tuna
1065 2815 1308 2894 diviteS,
1344 2823 1453 2881 aut
1479 2820 1718 2881 nobiles
1747 2822 2014 2901 fuerant,
2048 2826 2158 2885 sed
2184 2846 2422 2906 paupe-

882 2927 984 2968 res
1014 2913 1077 2970 et
1104 2910 1365 2989 abjecti,
1400 2916 1589 2992 atque
1620 2915 1777 2975 adeo
1803 2962 1818 2991 ,
1848 2919 2182 2996 exprobari
2211 2921 2300 2980 eis
2329 2921 2422 2981 vi-

886 3000 1152 3062 debatur
1183 3004 1456 3066 conditio
1506 3011 1568 3066 et
1612 3007 1865 3068 fortuna
1898 3027 2012 3069 sua
2047 3031 2059 3070 :
2096 3031 2287 3090 quam
2319 3032 2420 3073 ra-

881 3094 1118 3155 tionem
1163 3097 1444 3175 attigisse
1487 3099 1641 3158 mihi
1680 3100 1933 3162 videtur
1971 3103 2071 3163 =ibi
2117 3106 2414 3184 JacobuS,

883 3187 1098 3248 dicens
1132 3209 1145 3250 ε
1179 3188 1402 3251 Audite
1423 3193 1642 3271 fratres
1671 3195 1785 3254 mei
1810 3194 2208 3259 dilectissimi:
2233 3220 2419 3261 nonne

881 3280 1039 3341 Deus
1064 3282 1231 3362 eleqz‘t
1249 3304 1536 3365 pauperes
1564 3287 1624 3345 in
1669 3286 1774 3347 hoc
1818 3289 2030 3350 mundo
2051 3337 2066 3367 ,
2114 3290 2328 3355 ‘divites
2356 3295 2416 3354 in

880 3373 1016 3453 fide,
1050 3382 1104 3434 et
1134 3375 1387 3437 lloeredes
1414 3378 1629 3459 requi?
1663 3380 1765 3440 Vos
1794 3391 1984 3442 autem
2014 3384 2416 3449 exhonorastis

875 3487 1182 3548 pauperes.
1216 3470 1389 3532 Sicut
1435 3473 1600 3532 enim
1639 3474 1691 3533 si
1737 3492 1811 3534 ex
1855 3476 2064 3555 aliquo
2116 3479 2411 3558 religioso

881 3561 1098 3620 ordine
1129 3561 1191 3621 in
1222 3581 1535 3624 summum
1566 3567 1932 3629 Pontificem
1963 3570 2281 3649 quispiam
2313 3591 2414 3634 as-

881 3658 1165 3732 sumptus
1213 3660 1396 3732 esset,
1457 3676 1582 3718 non
1636 3665 1890 3737 possent
1935 3662 2036 3721 alii
2086 3664 2411 3741 religiosos

876 3746 1039 3806 illius
1069 3749 1304 3809 ordinis
1334 3768 1407 3810 eo
1456 3751 1658 3812 solum
1689 3754 1942 3814 nomine
1975 3760 2403 3836 contemnere,

876 3840 1043 3918 quod
1075 3858 1150 3900 ex
1180 3841 1280 3902 illo
1314 3842 1532 3903 ordine
1564 3850 1805 3921 essent,
1841 3847 1992 3926 quin
2024 3849 2412 3914 redundaret

875 3938 1270 4015 contemptus
1300 3936 1403 3995 ille
1431 3936 1494 3996 in
1525 3938 1730 4016 ipsum
1758 3940 2140 4018 pontificem,
2170 3944 2269 4003 cui
2301 3963 2374 4004 ex
2394 3979 2409 3990 ·

874 4026 1125 4103 probari
1144 4027 1475 4090 videbatur
1488 4032 1789 4109 professio
1805 4052 1946 4092 sua:
1968 4034 2055 4093 sic
2072 4041 2134 4096 et
2151 4040 2409 4114 Aposto-

873 4117 947 4177 lis
977 4120 1321 4197 exprobare
1337 4122 1669 4185 videbatur
1687 4125 1959 4186 conditio
1974 4145 2105 4199 sua,
2125 4128 2173 4186 si
2195 4129 2255 4187 in
2273 4130 2406 4208 ipso

873 4215 1039 4271 coetu
1063 4259 1079 4288 ,
1139 4213 1239 4272 cui
1294 4214 1407 4292 ipsi
1465 4235 1759 4295 suprema
1814 4221 2184 4281 auctoritate
2240 4240 2404 4299 pra}-

872 4303 1194 4381 sidebant‚
1245 4306 1331 4368 ita
1373 4307 1526 4369 dure
1570 4314 1632 4371 et
1672 4311 1913 4391 abjecte
1963 4332 2271 4392 pauperes
2301 4333 2408 4376 ac-

872 4397 1289 4476 cipiebantur,
1325 4420 1398 4462 eo
1433 4404 1635 4464 solum
1666 4404 1842 4467 titulo
1875 4406 2044 4485 quod
2095 4426 2405 4487 pauperes

872 4495 1099 4553 essent.

2048 329 2152 388 DE
2192 331 2546 393 JUSTITIA
2591 334 2691 394 ET
2731 333 2931 394 sURE

3002 841 3423 926 sEcho
3491 843 3570 925 ll.

2526 1147 2738 1209 Utrum
2766 1145 2847 1207 ad
2868 1146 3071 1228 officia
3087 1146 3396 1208 soeeulan'a
3413 1147 3647 1209 debeam
3665 1151 3805 1230 eliqi
3825 1151 4020 1230 dianio—

2964 1271 3077 1328 rcs,
3110 1273 3187 1312 an
3210 1253 3394 1313 solum
3421 1253 3605 1334 diqni.

2600 1518 3006 1581 Consentiunt
3032 1536 3272 1594 omneS,
3298 1519 3467 1598 quod
3489 1521 3724 1598 eligere
3745 1522 4017 1601 ineptum,

2518 1631 2628 1672 seu
2656 1611 2985 1689 indignum
3012 1611 3091 1671 sit
3119 1611 3453 1673 intrinsece
3500 1614 3741 1673 malum
3770 1661 3788 1688 ,
3819 1621 3880 1676 et
3905 1634 4021 1692 pec·
4055 1666 4073 1707 ε

2520 1707 2729 1765 catum
2758 1704 3022 1765 mortale
3051 1704 3113 1762 in
3161 1704 3383 1783 primis
3419 1711 3640 1767 contra
3683 1708 4020 1768 fidelitatem

2519 1814 2709 1876 quam
2735 1797 3119 1874 gubernator
3147 1797 3512 1875 reipublicae
3541 1798 3773 1874 debet,
3823 1807 3886 1862 nt
3909 1820 4021 1860 eam
4058 1789 4072 1810 ⁰
4113 1841 4130 1866 ι

2518 1888 2863 1968 prudenter
2891 1893 2952 1949 et
2982 1888 3193 1950 debito
3223 1890 3412 1950 modo
3440 1891 3865 1968 administret,
3884 1894 4020 1973 qued
4056 1892 4072 1932 ·'

2521 2000 2648 2042 non
2675 1981 2745 2042 fit
2774 1968 3065 2060 eligendo
3091 1982 3415 2044 ministros
3444 1984 3768 2062 indignos,
3801 2005 3873 2045 ex
3898 2006 4022 2065 que-

2521 2093 2661 2135 rum
2691 2074 2994 2134 electione
3023 2075 3354 2135 innumera
3390 2077 3563 2136 mala
3608 2077 3670 2136 in
3716 2079 4022 2157 reipublice

2520 2167 2889 2247 procedunt.
2923 2168 3032 2227 Est
3059 2168 3247 2228 etiam
3295 2173 3517 2229 contra
3553 2169 3863 2248 justitiam
3885 2191 4024 2231 com-

2519 2260 2911 2336 mutaiivam,
2945 2278 3073 2340 qua
3103 2279 3178 2321 ex
3224 2262 3430 2323 officio
3479 2264 3872 2341 gubernator
3897 2267 4028 2325 obli-

2520 2358 2704 2433 gatur
2731 2352 3092 2432 reipublicae
3120 2353 3201 2413 ad
3255 2354 3392 2433 ejus
3425 2356 3598 2442 mala
3645 2360 4028 2434 praecavenda

2521 2451 2583 2508 et
2607 2445 3013 2524 impedienda
3035 2492 3051 2522 ,
3101 2451 3290 2524 atque
3318 2447 3483 2507 adeo
3515 2448 3718 2509 multo
3750 2452 4024 2528 magisad

2521 2557 2641 2599 non
2700 2538 3168 2617 cooperandum
3222 2539 3490 2616 positive
3563 2549 3636 2602 ut
3687 2551 4019 2622 sequantur.

2521 2634 2723 2706 Quare
2753 2635 3003 2691 tenetur
3040 2631 3120 2690 ad
3145 2631 3614 2694 restitutionem
3665 2653 3781 2712 pro
3823 2636 4018 2696 damno

2520 2724 2623 2784 illo
2654 2723 2822 2802 quod
2851 2723 3214 2803 reipublicae
3258 2741 3329 2784 ex
3365 2725 3471 2785 tali
3526 2726 3837 2789 electione
3871 2730 4025 2788 obve-

2520 2817 2632 2892 nit,
2664 2817 2740 2876 de
2769 2836 2895 2896 quo
2924 2816 3195 2876 diximus
3234 2836 3427 2895 supra
3474 2825 3741 2897 agentes
3772 2822 3846 2882 de
3877 2823 4024 2882 resti-

2519 2910 2759 2970 tutione
2805 2909 2965 2989 disp.
3021 2926 3148 2971 x1x.
3201 2916 3354 2971 sect.
3389 2914 3449 2972 2.
3484 2913 3694 2973 Habet
3736 2916 4025 2974 antemio—

2521 3021 2663 3062 cum
2694 3002 2828 3062 haec
2857 3003 3141 3063 doctrina
3166 3049 3181 3078 ‚
3234 3021 3360 3063 non
3412 3005 3622 3064 solum
3672 3006 3738 3065 in
3765 3026 4025 3086 supremo

2519 3096 2800 3175 principe
2829 3097 3099 3174 eligente
3121 3143 3138 3168 ,
3188 3097 3298 3156 sed
3328 3097 3521 3157 etiam
3551 3099 3618 3158 in
3647 3099 3790 3160 aliis
3820 3102 3918 3180 qui
3947 3120 4027 3180 pc

2516 3194 2738 3251 testate
2769 3188 2849 3249 ab
2877 3190 3012 3268 ipso
3044 3194 3305 3268 accepta
3334 3190 3572 3268 eligere
3604 3203 3900 3271 possunt:
3925 3215 4025 3255 non

2516 3283 2682 3343 enim
2713 3282 3024 3361 accipiunt
3049 3288 3456 3362 potestatem,
3512 3286 3633 3345 nisi
3676 3287 3942 3365 eligendi
3965 3308 4026 3349 eo

2513 3375 2701 3436 modo
2733 3394 2856 3454 quo
2886 3375 3183 3455 princeps
3230 3377 3465 3455 eligere
3503 3378 3812 3454 deberet,
3863 3399 3898 3439 a
3924 3401 4026 3459 qno

2512 3473 2886 3548 potestatem
2911 3473 2974 3529 et
3001 3469 3511 3530 commissionem
3542 3473 3886 3550 accipiunt.

2592 3564 2659 3621 P.
2692 3561 2964 3621 Thomas
2996 3561 3275 3622 Sanchez
3303 3562 3412 3623 lib.
3448 3565 3523 3624 11.
3563 3563 3793 3625 Consil.
3831 3585 3960 3644 cap.
3986 3583 4021 3625 1.

2512 3655 2661 3715 dub.
2697 3671 2881 3715 xxxv.
2917 3673 3022 3715 nu.
3057 3659 3117 3715 5.
3154 3658 3218 3715 et
3245 3659 3305 3716 6.
3341 3655 3898 3737 distinguitquoad
3927 3660 4021 3719 hnc

2510 3766 2653 3809 cum
2684 3747 3113 3809 Saloniointer
3134 3748 3482 3827 principem
3531 3755 3597 3812 et
3643 3753 3843 3829 ipsam
3887 3771 4022 3812 rem-
4056 3782 4072 3808 ι

2511 3842 2866 3920 publicam;
2921 3859 3067 3901 nam
3113 3841 3263 3902 licet
3307 3843 3608 3924 princeps
3655 3851 3938 3906 teneatur
3956 3845 4020 3903 ad

2509 3934 2969 3994 restitutionem
3001 3953 3075 3994 ex
3107 3934 3345 4013 indigni
3374 3937 3685 3998 electione
3710 3985 3726 4012 ‚
3761 3940 3904 4018 quia
3929 3939 4022 3997 fuit
4056 3943 4072 3969 ²

2510 4032 2727 4087 contra
2748 4026 2852 4105 jus
2880 4026 3240 4104 reipublicae
3265 4048 3280 4099 ;
3321 4029 3460 4107 ipsa
3490 4034 3704 4091 tamen
3738 4032 4022 4109 respubli-

2508 4138 2583 4179 ca
2611 4138 2733 4179 non
2765 4124 2987 4196 peccat
3015 4123 3233 4180 contra
3285 4119 3597 4198 justitiam
3647 4125 4023 4184 commutati-

2507 4231 2673 4289 vam,
2709 4230 2824 4272 nec
2854 4215 3106 4272 tenetur
3144 4213 3255 4273 ulli
3299 4215 3379 4273 ad
3427 4217 3888 4278 restitutionem
3934 4219 4022 4276 eli-

2506 4305 2713 4384 gendo
2757 4304 3086 4383 indignum
3121 4326 3135 4366 ε
3170 4306 3318 4385 quia
3355 4308 3606 4385 justitia
3654 4317 3751 4371 est
3774 4311 3853 4370 ad
3891 4311 4024 4371 alte-

2504 4417 2668 4459 rum.
2703 4398 3079 4477 Respublica
3107 4404 3314 4460 autem
3363 4401 3475 4461 soli
3525 4402 3646 4462 sibi
3678 4408 3878 4463 nocet.
3911 4406 4020 4464 Hoc

2503 4494 2717 4553 tamen
2749 4509 2893 4551 curn
2921 4509 3119 4569 grano
3148 4491 3298 4553 salis
3327 4493 3810 4572 intelligendum
3837 4504 3946 4569 est,
3967 4504 4020 4553 ut

2503 4585 2707 4644 solum
2734 4602 2954 4644 verum
2983 4585 3064 4645 sit
3092 4603 3256 4663 quan
3268 4584 3347 4645 do
3392 4590 3527 4647 tota
3573 4588 3928 4666 respublica
3953 4588 4018 4646 ed

2502 4676 2872 4738 electionem
2903 4681 3344 4753 concurreret,
3381 4679 3554 4757 quod
3587 4699 3908 4760 nunquam
3935 4680 4015 4738 vel

2502 4770 2817 4830 rarissime
2859 4769 3166 4848 contingit
3199 4790 3211 4830 :
3247 4770 3592 4833 electiones
3646 4775 3815 4834 enim
3867 4774 4018 4853 ejus-

2501 4862 2674 4923 modi
2703 4880 3028 4941 nunquam
3083 4862 3243 4923 fiunt
3281 4881 3317 4923 a
3363 4868 3498 4926 tota
3552 4868 4011 4939 communitate,

2500 4955 2612 5016 sed
2640 4974 2676 5015 a
2705 4955 3129 5032 senatoribuS‚
3165 4957 3263 5017 vel
3312 4957 3451 5017 aliis
3501 4960 3612 5038 qui
3645 4965 3838 5022 totam
3865 4979 4014 5021 rem·

2501 5048 2819 5128 publicam
2846 5052 3341 5126 repraesentant:
3366 5051 3412 5110 ii
3439 5057 3658 5113 autem
3680 5072 3802 5114 non
3829 5054 4016 5113 miuus

2500 5140 2854 5221 peccabunt
2893 5145 3114 5202 contra
3154 5141 3504 5222 justitiam,
3557 5150 3624 5206 et
3663 5146 4016 5206 tenebuntur

2498 5234 2864 5309 restituere,
2899 5252 3093 5313 quam
3140 5253 3478 5313 supremus
3526 5239 3854 5317 princeps;
3887 5241 4014 5318 quia

2501 5326 2661 5387 sicut
2705 5327 2767 5385 in
2803 5345 2998 5387 unum
3030 5328 3417 5407 principem,
3469 5331 3564 5391 sic
3593 5332 3660 5392 in
3704 5332 4012 5409 collegium

2499 5418 2683 5495 illud,
2730 5438 2838 5478 seu
2893 5420 3228 5480 concilium
3269 5426 3643 5484 senatorum
3688 5424 4012 5503 respublica

2497 5511 2818 5573 transtulit
2828 5511 2934 5590 jus
2960 5532 3142 5573 suum
3175 5513 3480 5592 eligendi,
3517 5521 3708 5597 atque
3734 5517 3876 5579 ideo
3901 5534 4006 5576 nen
