4263 6376
1339 322 1806 384 DlSPUTATIO
1850 321 2039 397 XXV,
2089 322 2364 383 SECTIO
2404 323 2480 384 V.

116 510 180 567 57
412 501 648 571 Quarto
677 499 1001 561 dubitatur
1023 546 1039 576 ,
1074 499 1325 579 quando
1365 498 1641 559 debebas
1687 500 1868 559 Petro

91 634 185 686 Μ,
208 634 240 674 a
333 595 508 654 2000.
542 593 848 652 solvenda
876 592 1373 671 postbiennium,
1409 592 1561 651 etin
1595 592 1714 651 fine
1743 589 1870 668 pri-

68 691 143 730 *ns
171 686 290 727 ‘ffi-
335 686 416 744 mi
447 686 598 744 anni
627 685 817 746 solvis
845 687 902 745 ei
933 688 1110 746 1000.
1146 685 1263 745 hoc
1292 689 1475 763 pacto
1506 689 1574 744 ut
1598 701 1707 760 pro
1734 681 1871 742 aliis

66 744 288 854 mua
336 779 511 839 ¹000.
572 783 862 855 expectet
917 778 1000 837 ad
1055 778 1309 838 tertium
1365 794 1622 851 annum,
1675 793 1755 834 an
1794 774 1874 834 sit

66 848 289 944 Q
337 887 546 930 usura.
580 871 917 932 Affirmant
960 875 1237 948 Aragon.
1291 875 1354 931 et
1395 871 1675 929 Navarra
1705 866 1873 947 apud

67 954 287 1060 ffiwss‘·
335 963 512 1023 Salas
540 962 692 1022 dub.
729 979 812 1022 ix.
849 982 911 1022 n.
943 965 1042 1023 20.
1078 968 1141 1024 et
1182 961 1500 1023 Bonacina
1542 960 1611 1021 de
1636 969 1874 1022 contra-

332 1054 517 1113 ctibus
563 1054 728 1132 disp.
782 1055 883 1116 111.
921 1074 982 1134 q.
1017 1071 1113 1115 111.
1147 1059 1362 1133 punct.
1395 1057 1453 1115 3.
1491 1073 1594 1114 nu.
1629 1059 1687 1115 9.
1725 1052 1874 1132 quia

330 1147 582 1207 solvens
593 1148 940 1225 anticipata
958 1146 1291 1223 solutione,
1312 1164 1452 1227 quae
1475 1151 1568 1207 est
1584 1149 1873 1206 mutuum

329 1239 621 1314 virtuale,
657 1239 915 1300 deducit
941 1240 1005 1298 in
1035 1245 1289 1317 pactum
1315 1286 1330 1315 ,
1363 1238 1533 1317 quod
1561 1238 1721 1299 alius
1748 1236 1875 1297 vir·-

329 1331 586 1392 tualiter
612 1337 835 1410 postea
864 1336 1180 1393 remutuet
1205 1331 1400 1392 dilata
1435 1329 1742 1391 solutione
1762 1377 1778 1406 ‚
1811 1335 1875 1392 et

330 1424 506 1483 illum
539 1423 781 1501 obligat
808 1423 891 1483 ad
931 1423 1442 1485 remutuandum.
1492 1423 1613 1484 Sed
1661 1426 1872 1483 tamen

329 1517 495 1596 disp.
531 1519 671 1577 308.
702 1517 761 1594 §.
782 1516 942 1577 Hinc
954 1516 1189 1596 colliqn,
1211 1516 1387 1577 Salas
1416 1517 1551 1576 loco
1569 1515 1671 1576 cit.
1698 1516 1867 1576 Less.

331 1609 484 1670 dub.
524 1625 662 1670 vm.
697 1629 762 1670 n.
794 1613 894 1671 59.
927 1609 1170 1670 Malder
1197 1614 1376 1670 tract.
1413 1610 1485 1669 V.
1522 1627 1659 1685 cap.
1689 1625 1867 1669 111.n.

326 1706 391 1761 4.
425 1709 492 1762 et
518 1702 720 1761 Diana
766 1701 931 1762 dicto
980 1706 1159 1762 tract.
1194 1701 1264 1761 de
1309 1700 1698 1761 contractibus
1741 1718 1865 1761 res.

329 1797 430 1855 63.
466 1794 728 1869 dicunt,
782 1794 846 1853 id
883 1794 1017 1853 sine
1065 1813 1254 1854 usura
1282 1794 1419 1854 fieri
1448 1812 1628 1872 posse
1652 1839 1668 1869 ,
1703 1791 1872 1872 quod

329 1905 554 1947 verum
576 1895 673 1947 est
700 1887 753 1945 si
783 1886 995 1948 debito
1026 1887 1212 1947 modo
1241 1887 1380 1962 fiat,
1434 1886 1666 1947 debent
1707 1885 1873 1944 enim

331 1979 460 2039 duo
491 1979 838 2055 observari,
874 1985 943 2039 ut
972 1979 1200 2039 vitetur
1217 1998 1428 2040 usura.
1461 1980 1740 2040 Primum
1754 1984 1868 2052 est,

330 2072 507 2151 quod
536 2071 812 2132 creditor
839 2090 964 2131 non
993 2090 1060 2131 se
1088 2071 1325 2150 obliget
1353 2072 1432 2132 ad
1460 2070 1874 2132 differendam

329 2164 712 2226 solutionem
767 2163 1001 2224 residui
1056 2169 1274 2243 postea
1332 2164 1410 2224 ad
1465 2164 1721 2226 tertium
1763 2182 1876 2222 an-

329 2274 510 2332 num,
543 2256 669 2317 hoc
697 2257 865 2316 enim
890 2256 1143 2318 videtur
1171 2274 1306 2317 esse
1352 2257 1669 2334 suscipere
1716 2255 1777 2314 in
1808 2273 1875 2316 se

332 2349 786 2429 obligationem
815 2350 1142 2410 mutuandi
1173 2355 1388 2427 postea
1405 2368 1514 2428 pro
1538 2347 1877 2426 anticipata

329 2443 647 2504 solutione
676 2443 971 2520 praesenti
1000 2442 1255 2503 alterius
1286 2443 1501 2520 partis,
1536 2441 1702 2520 quod
1731 2459 1877 2519 pos-

331 2543 429 2597 set
454 2535 664 2619 magis
717 2534 920 2595 videri
973 2535 1350 2608 usurarium,
1402 2534 1512 2594 sed
1560 2534 1767 2612 potius
1796 2552 1874 2592 ex

335 2647 502 2689 nunc
530 2627 787 2688 differat
830 2626 1204 2688 solutionem
1259 2627 1493 2687 residui
1547 2644 1746 2706 usque
1794 2625 1873 2685 ad

335 2739 573 2782 annum
629 2720 909 2796 tertium,
969 2719 1138 2798 quod
1194 2736 1317 2779 non
1365 2724 1460 2780 est
1503 2719 1768 2797 obligari
1797 2717 1878 2778 ad

334 2812 758 2875 mutuandum
814 2818 1031 2891 postea
1056 2858 1073 2887 ,
1151 2813 1260 2872 sed
1326 2816 1616 2873 mutuare
1685 2829 1873 2887 nunc,

339 2907 592 2986 quando
642 2905 891 2965 debitor
920 2905 973 2964 ei
1023 2905 1214 2964 etiam
1260 2909 1504 2965 mutuat
1530 2904 1881 2966 virtualiter

338 3001 605 3060 alterum
664 2997 1001 3059 dimidium
1056 2997 1271 3058 debiti.
1344 2996 1703 3059 Secundum
1760 2999 1874 3073 est,

339 3091 504 3172 quod
534 3110 615 3152 ex
646 3090 745 3151 his
773 3090 1021 3151 duobus
1047 3089 1281 3150 mutuis
1311 3090 1702 3164 virtualibuS,
1738 3107 1879 3168 quae

339 3204 502 3247 nunc
531 3191 718 3261 liunt,
754 3184 1021 3246 alterum
1052 3202 1177 3245 non
1206 3182 1390 3244 detur
1412 3183 1509 3243 vel
1541 3183 1883 3264 accipiatur

340 3285 406 3340 ut
432 3280 711 3357 pretium
741 3277 997 3338 alterius
1021 3324 1036 3353 ,
1070 3277 1181 3337 sed
1226 3276 1429 3337 solum
1462 3281 1531 3338 ut
1576 3276 1875 3353 conditi0,

339 3373 468 3433 sine
497 3391 627 3452 qua
655 3372 819 3432 alter
847 3389 971 3430 non
1008 3370 1143 3431 vult
1178 3370 1527 3432 virtualiter
1565 3374 1875 3446 mutuare,

343 3472 407 3527 ut
431 3484 628 3544 supra
656 3465 895 3525 dictum
927 3469 1057 3535 est;
1091 3462 1212 3524 hoc
1241 3464 1407 3523 enim
1436 3464 1622 3524 modo
1640 3468 1883 3525 utrum-

343 3577 459 3637 que
487 3559 689 3637 gratis
718 3558 992 3635 ponitur,
1014 3557 1160 3617 licet
1188 3563 1408 3617 neuter
1425 3557 1574 3618 velit
1592 3561 1880 3618 mutuare

345 3653 532 3712 altero
563 3669 690 3711 non
709 3654 1062 3725 mutuante,
1087 3667 1204 3709 nec
1225 3650 1460 3727 obliget
1476 3668 1543 3709 se
1564 3649 1642 3709 ad
1666 3655 1883 3727 postea

349 3744 782 3804 mutuandum.
835 3745 1011 3803 Nunc
1049 3740 1184 3821 jam
1237 3742 1564 3802 videamus
1611 3742 1689 3802 de
1745 3741 1882 3803 aliis

353 3837 538 3915 pactis
567 3835 974 3896 facilioribus,

138 3948 213 4006 58
427 3929 695 3989 lnt'ertur
742 3947 892 4006 ergo
952 3928 1169 4006 quinto
1217 3925 1642 4005 principaliter
1663 3971 1678 4000 ,
1738 3945 1883 3987 usu·

169 4072 203 4112 ι.
363 4040 485 4082 ram
515 4040 651 4081 esse
680 4020 737 4081 si
764 4027 1122 4099 apponatur
1147 4024 1422 4098 pactum,
1456 4017 1624 4095 quod
1640 4023 1884 4079 mutua-

361 4115 546 4175 tarius
571 4131 831 4175 morem
858 4114 1203 4174 mutuantis
1232 4111 1313 4170 ad
1336 4109 1664 4170 ecclesiam
1693 4110 1884 4171 comi·

365 4210 537 4282 tetur,
586 4206 685 4266 vel
715 4205 887 4264 alind
916 4203 1286 4283 obsequium
1314 4204 1587 4280 praestet,
1641 4207 1711 4263 ιιι
1739 4221 1882 4263 cum

55 4284 315 4379 ''⁴32⁸‘'
368 4299 493 4358 aliis
519 4298 747 4359 Molina
777 4297 939 4376 disp.
978 4299 1116 4359 307.
1170 4302 1233 4356 et
1257 4295 1434 4357 Salas
1464 4293 1613 4355 dub.
1649 4311 1735 4356 vl.
1771 4313 1877 4356 nu.

371 4393 421 4450 1.
452 4392 596 4450 Item
635 4390 687 4450 si
716 4408 831 4469 pro
862 4393 1081 4449 mutuo
1113 4392 1362 4467 petatur
1392 4405 1426 4446 a
1455 4386 1688 4446 femina
1719 4387 1882 4448 ultra

367 4490 581 4544 sortem
610 4484 790 4562 copia
819 4482 915 4543 sui
945 4480 1245 4560 corporiS,
1277 4480 1375 4541 vel
1400 4480 1743 4559 amplexus,
1775 4484 1887 4543 aut

369 4577 584 4639 oscula.
631 4582 702 4637 ut
728 4576 898 4635 idem
929 4575 1160 4636 Melina
1191 4574 1349 4653 disp.
1382 4576 1520 4633 3οἹ.
1557 4579 1620 4635 et
1646 4576 1787 4635 310.
1821 4579 1886 4634 et

371 4668 534 4727 Salas
560 4669 664 4728 ubi
690 4686 885 4746 supra
915 4687 978 4728 n.
1010 4671 1069 4727 2.
1106 4669 1260 4728 Item
1288 4666 1337 4725 si
1366 4666 1478 4727 fiat
1505 4666 1780 4744 pactum,
1816 4670 1885 4726 ut

370 4762 767 4821 mutuatarius
823 4760 1288 4837 eleemosynam
1336 4758 1443 4819 det
1488 4758 1674 4819 alicui
1728 4777 1885 4836 pau-

371 4852 517 4930 peri,
562 4859 627 4914 ut
649 4853 921 4915 fatentur
966 4871 1206 4928 omneS,
1255 4857 1318 4914 et
1363 4855 1610 4912 constat
1637 4869 1713 4912 ex
1739 4869 1879 4931 cap.

372 4942 556 5024 Super
580 4965 659 5019 eo,
691 4946 761 5006 de
788 4945 1001 5005 usur-225.
1065 4946 1218 5006 Item
1268 4943 1435 5024 quod
1465 4943 1882 5005 mutuatarius

374 5035 666 5115 obligetur
708 5040 790 5100 ad
836 5038 1254 5100 mutuandum
1299 5041 1518 5117 postea
1559 5036 1737 5098 alteri
1765 5042 1885 5097 ter-

375 5128 462 5188 tio
491 5149 504 5189 z
539 5132 629 5191 vel
658 5132 825 5211 quod
856 5150 971 5211 pro
1003 5136 1327 5191 mutuante
1358 5148 1571 5190 coram
1601 5129 1882 5208 principe

375 5221 720 5301 intercedat,
772 5225 870 5284 vel
899 5224 1034 5303 ejus
1064 5223 1382 5302 negotium
1411 5228 1610 5301 gerat,
1658 5222 1757 5281 vel
1785 5239 1885 5283 co·

377 5329 506 5371 ram
532 5334 598 5374 eo
626 5322 833 5378 cantet
861 5321 970 5376 aut
999 5315 1224 5393 psallat
1256 5335 1268 5375 :
1321 5314 1490 5393 quod
1521 5314 1716 5393 aliqui
1742 5332 1881 5374 me-

378 5402 790 5485 ritolimitant,
850 5409 970 5469 nisi
999 5428 1099 5469 res
1142 5408 1264 5469 sint
1306 5407 1464 5467 adeo
1493 5407 1757 5484 exiguae,
1815 5409 1886 5467 ut

382 5514 504 5558 non
540 5501 653 5564 sint
693 5502 894 5581 pretio
932 5502 1162 5581 dignae,
1215 5519 1406 5580 quam
1447 5499 1885 5562 limitationem

54 4070 122 4121 Ι

54 4105 160 4164 Ε,

189 4085 314 4176 ..3:¹1

55 4188 108 4225 ι’,

57 4186 181 4281 l.

3394 327 3508 387 ¹89

1967 496 2368 576 reprehendit
2399 497 2577 559 Salas
2607 497 2669 559 d.
2704 498 2854 560 dub.
2891 516 3021 563 xvl.
3053 518 3229 560 num.
3261 503 3323 560 4.
3377 499 3503 562 Sed

1967 589 2302 662 immerite,
2364 590 2510 669 quia
2539 591 2591 651 si
2634 610 2733 651 res
2775 611 2964 671 quam
3014 592 3257 652 deduco
3306 592 3369 651 in
3400 609 3504 670 pa·

1966 687 2161 758 ctum,
2224 689 2318 743 est
2345 683 2406 743 in
2439 701 2505 742 se
2535 683 2709 755 leviS‚
2771 692 2834 745 et
2879 685 3115 745 nullam
3163 685 3261 744 vel
3300 684 3505 743 levem

1968 774 2319 835 molestiam
2352 775 2449 834 vel
2480 775 2951 837 incommodum
2989 779 3193 852 affert,
3246 796 3369 838 non
3399 794 3506 856 po-

1969 870 2091 926 test
2117 884 2251 926 esse
2282 867 2544 928 materia
2573 867 2817 947 injuriae
2846 870 3078 946 gravis,
3127 874 3189 929 et
3215 889 3328 948 per
3356 888 3509 930 con·

1970 977 2238 1037 sequens
2268 976 2382 1018 nec
2412 978 2617 1019 usurae
2656 960 2876 1021 saltem
2905 961 3187 1022 mortalis
3221 982 3234 1021 ε
3267 962 3506 1022 sienim

1971 1051 2135 1111 ultra
2150 1055 2381 1111 sortem
2402 1056 2542 1128 peto
2564 1071 2756 1112 unum
2770 1052 3019 1130 julium,
3054 1072 3176 1113 non
3204 1060 3298 1114 est
3317 1073 3508 1115 usura

1969 1143 2271 1219 mortaliS,
2306 1149 2565 1223 propter
2591 1146 2913 1206 levitatem
2932 1146 3211 1207 materiae
3245 1166 3259 1206 :
3293 1147 3506 1207 simili·

1968 1240 2066 1297 ter
2093 1253 2268 1313 ergo,
2302 1235 2349 1295 si
2382 1237 2542 1297 actio
2574 1255 2762 1316 quam
2791 1238 2853 1298 in
2876 1245 3129 1317 pactum
3149 1239 3391 1300 deduco
3414 1245 3507 1302 est

1968 1328 2144 1404 levis,
2197 1332 2260 1388 et
2284 1328 2488 1388 levem
2516 1330 2867 1391 molestiam
2894 1333 3171 1408 afferret,
3216 1331 3351 1412 jam
3379 1352 3505 1394 non

1969 1427 2134 1482 esset
2161 1439 2260 1480 res
2288 1421 2425 1500 ipsa
2470 1423 2837 1483 aestimanda
2883 1424 3056 1496 levis,
3108 1425 3257 1504 quia
3292 1425 3357 1485 in
3403 1443 3506 1486 or·-

1969 1512 2115 1574 dine
2144 1513 2226 1574 ad
2255 1514 2431 1574 illum
2458 1516 2647 1575 finem
2675 1516 2885 1594 gravis
2916 1522 3099 1578 esset.

2049 1605 2321 1668 Infertur
2349 1610 2542 1683 sexte,
2597 1608 2746 1686 quid
2794 1608 3131 1669 dicendum
3178 1610 3258 1672 sit
3286 1611 3365 1671 de
3394 1630 3506 1690 pa-
3651 1622 3729 1682 59

1969 1703 2092 1773 oto,
2143 1702 2213 1759 ut
2238 1700 2653 1760 mutuatarius
2681 1700 2920 1761 amicus
2968 1702 3079 1762 tibi
3107 1703 3206 1779 sit,
3257 1703 3505 1764 urbani·
3556 1749 3615 1791 „e
3703 1753 3771 1790 eno

1967 1792 2113 1854 tatis
2156 1797 2219 1853 et
2272 1792 2724 1854 benevolentiae
2779 1794 2959 1871 signa
3004 1795 3118 1856 tibi
3165 1798 3502 1859 ostendat:
3572 1760 3839 1879 »thaffu-gio·

1970 1884 2141 1963 quod
2186 1884 2269 1944 ad
2318 1903 2576 1945 usuram
2625 1903 2748 1946 non
2797 1887 3109 1963 pertinere
3154 1889 3392 1951 indicat
3436 1891 3501 1952 S.
3568 1854 3849 1952 oelssffii'oe.

1970 1978 2085 2037 Th.
2122 1995 2182 2055 q.
2218 1993 2473 2038 Lxxvm.
2507 1982 2624 2038 art.
2656 1981 2714 2038 2.
2751 1983 2814 2039 et
2841 1978 2966 2054 alii,
3002 1999 3157 2058 quos
3187 1983 3370 2043 affert
3397 1983 3506 2043 Sa·

1969 2069 2062 2130 Ias
2090 2069 2241 2130 dub.
2274 2086 2379 2131 xv.
2431 2074 2495 2129 et
2522 2070 2748 2131 clarius
2775 2072 2980 2148 Lopez
3006 2074 3077 2133 ll.
3130 2093 3191 2151 p.
3223 2074 3504 2136 Instruct.

1973 2180 2028 2222 c.
2062 2179 2184 2222 tvl.
2214 2163 2271 2239 ἓ.
2304 2161 2464 2222 Hinc
2487 2162 2770 2242 sequitur.
2805 2163 3016 2243 Aliqui
3035 2165 3112 2226 de
3143 2167 3417 2227 amicitia
3448 2171 3511 2228 et

1972 2254 2410 2315 benevolentia
2437 2254 2705 2330 interna,
2753 2255 3027 2318 sistendo
3056 2258 3119 2317 in
3150 2259 3307 2338 ipsa,
3338 2260 3509 2321 idem

1972 2347 2208 2418 dicunt,
2262 2346 2395 2407 hoec
2426 2347 2616 2422 enim,
2671 2347 2833 2409 sicut
2880 2367 3084 2428 neque
3133 2357 3309 2413 actus
3336 2371 3508 2414 mere

1973 2439 2221 2514 interni,
2256 2457 2379 2499 non
2400 2443 2546 2501 sunt
2564 2440 2826 2500 materia
2849 2442 3015 2519 pacti
3035 2442 3313 2521 humani,
3341 2446 3509 2525 quod

1972 2532 2134 2593 sicut
2160 2532 2259 2591 lex
2314 2532 2590 2593 humana
2644 2550 2769 2593 non
2816 2541 3022 2613 potest
3070 2539 3391 2598 terminari
3426 2538 3509 2600 ad

1974 2629 2152 2685 actus
2180 2642 2351 2684 mere
2377 2623 2677 2700 interme,
2709 2625 2792 2685 ad
2823 2644 2978 2704 quos
3000 2627 3196 2707 judex
3226 2630 3506 2709 obligare

1975 2736 2098 2778 non
2129 2721 2354 2796 potest,
2390 2720 2460 2777 ut
2477 2721 2833 2779 contractus
2855 2719 3244 2797 observetur,
3279 2728 3347 2783 ut
3364 2742 3508 2784 cum

1973 2811 2243 2886 BanneS,
2292 2811 2483 2886 Arag.
2518 2815 2581 2870 et
2607 2810 2745 2870 aliis
2790 2810 2977 2873 docet
3003 2814 3180 2875 Salas
3227 2815 3331 2875 ubi
3363 2835 3503 2896 sup.

1975 2905 2106 2964 Hoc
2134 2907 2345 2963 tamen
2392 2901 2643 2961 difficile
2674 2907 2800 2972 esu
2860 2921 2984 2966 non
3030 2907 3198 2967 enim
3245 2915 3510 2988 apparet

1977 3013 2089 3056 cur
2143 3013 2266 3055 non
2314 2994 2509 3072 possit
2552 2994 2777 3073 aliquis
2823 3003 3075 3073 pactum
3117 3001 3323 3061 facere
3366 3020 3509 3063 cum

1977 3087 2199 3149 scolari
2230 3086 2436 3146 alendi
2468 3104 2633 3163 eum,
2668 3092 2731 3149 et
2750 3088 3027 3167 obligare
3057 3111 3132 3152 ex
3157 3092 3216 3153 vi
3248 3095 3412 3171 pacti
3444 3100 3512 3156 ut

1977 3181 2228 3243 studeat
2255 3184 2316 3242 et
2335 3181 2555 3241 doctus
2575 3179 2706 3257 fiat,
2748 3182 2851 3261 qui
2875 3187 3021 3245 sunt
3038 3190 3212 3247 actus
3240 3187 3504 3263 interni;

1978 3293 2124 3336 nam
2152 3274 2298 3334 licet
2340 3273 2623 3351 superior
2671 3274 2983 3337 humanus
3027 3296 3153 3339 non
3182 3282 3379 3358 possit
3405 3301 3511 3343 co-

1977 3386 2125 3448 gere
2146 3370 2460 3447 praecepto
2479 3367 2562 3427 ad
2581 3371 2792 3428 actum
2810 3386 2980 3429 mere
3001 3370 3338 3450 internum,
3363 3375 3508 3453 quia

1978 3461 2178 3522 solum
2209 3459 2397 3520 habet
2423 3459 2941 3537 gubernationem
2964 3462 3304 3526 humanam
3335 3472 3399 3528 et
3424 3468 3510 3528 vi-

1979 3553 2259 3624 sibilem;
2312 3551 2741 3632 unusquisque
2774 3559 2981 3615 tamen
3013 3562 3217 3633 potest
3245 3559 3361 3620 sibi
3395 3559 3512 3621 im-

1980 3663 2202 3725 perare
2232 3648 2407 3706 actus
2437 3643 2736 3721 internos,
2770 3650 2833 3707 et
2860 3646 3019 3708 sicut
3042 3654 3187 3711 voto
3216 3657 3426 3730 potest
3443 3671 3509 3713 se

1981 3741 2108 3800 Deo
2141 3737 2220 3797 ad
2252 3737 2388 3797 illos
2418 3737 2721 3815 obligare,
2756 3738 2842 3798 ita
2863 3739 3112 3801 videtur
3129 3760 3313 3820 posse
3342 3763 3408 3805 se
3429 3745 3511 3806 ad

1981 3830 2236 3892 eosdem
2292 3829 2570 3907 obligare
2626 3831 2909 3909 proximo
2939 3878 2956 3903 ‚
3020 3835 3199 3913 cujus
3253 3837 3513 3898 interest

1982 3922 2150 4002 quod
2179 3926 2511 4000 ponantur.
2546 3924 2623 3982 Et
2649 3928 2838 3999 certe,
2872 3924 2922 3984 si
2965 3927 3163 3987 oratio
3195 3946 3319 3988 non
3350 3935 3516 3991 esset

1980 4013 2379 4075 invendibilis
2408 4018 2663 4091 propter
2690 4014 3045 4094 simoniam,
3096 4019 3350 4081 aliunde
3383 4042 3509 4083 non

1981 4110 2262 4186 apparet,
2296 4124 2410 4181 cur
2437 4124 2559 4165 non
2589 4111 2799 4184 posset
2827 4108 3054 4188 aliquis
3084 4129 3197 4189 pro
3219 4115 3423 4192 pretio
3443 4133 3512 4176 se

1982 4199 2261 4277 obligare
2291 4197 2374 4258 ad
2431 4198 2742 4258 orandum
2770 4218 2883 4278 pro
2936 4220 3009 4262 eo
3043 4205 3344 4284 quotidie,
3403 4213 3518 4270 aut

1981 4310 2094 4353 cur
2122 4291 2200 4351 de
2231 4291 2394 4351 facto
2425 4308 2547 4350 non
2596 4290 2678 4351 sit
2704 4291 2981 4353 validum
3024 4302 3088 4357 et
3133 4296 3369 4359 licitum
3399 4318 3511 4378 pa-

1981 4389 2173 4460 ctum,
2235 4401 2357 4462 quo
2406 4383 2530 4443 duo
2590 4382 2862 4444 vicissim
2908 4405 3046 4447 sese
3102 4389 3387 4469 obligant
3432 4392 3514 4453 ad

1983 4477 2291 4538 orandum
2320 4476 2477 4537 alter
2505 4494 2617 4553 pro
2649 4477 2845 4538 altero
2876 4480 3178 4558 quotidie,
3213 4501 3356 4544 cum
3378 4503 3514 4548 ora-

1980 4570 2067 4631 tio
2121 4570 2311 4630 etiam
2365 4568 2613 4629 interna
2642 4570 2824 4630 valde
2854 4572 3021 4633 utilis
3050 4574 3131 4635 sit
3156 4575 3211 4636 ei
3242 4595 3357 4654 pro
3388 4596 3512 4657 quo

1979 4664 2070 4723 fit.

2063 4753 2376 4833 Quidquid
2408 4771 2556 4831 ergo
2587 4754 2669 4815 sit
2696 4754 2773 4814 de
2804 4755 2946 4832 hoc,
2980 4757 3221 4822 facilius
3252 4763 3376 4824 dici
3402 4783 3516 4845 po-

1979 4852 2122 4924 test,
2147 4847 2508 4923 amicitiam,
2541 4847 2640 4906 vel
2662 4847 2797 4926 ejus
2817 4858 2929 4911 aut
2947 4851 3316 4917 urbanitatis
3335 4858 3517 4937 signa

1981 4941 2417 5016 communiter,
2453 4940 2701 5018 quando
2734 4959 2770 4999 a
2798 4948 3125 5004 mutuante
3155 4948 3510 5029 exiguntur,

1983 5052 2107 5093 non
2138 5032 2263 5112 peti
2295 5051 2369 5092 ex
2417 5031 2796 5109 obligatione
2845 5034 3029 5111 civili,
3083 5038 3194 5098 sed
3224 5059 3299 5099 ex
3326 5043 3515 5120 grati-

1981 5125 2197 5187 tudine
2228 5130 2289 5186 et
2332 5124 2791 5198 benevolentia,
2845 5127 2993 5205 quia
3041 5147 3164 5190 non
3210 5132 3389 5194 aliter
3417 5154 3518 5195 ex-

1982 5218 2186 5278 hiberi
2214 5218 2417 5278 solent
2456 5238 2470 5277 :
2523 5218 2574 5277 si
2603 5224 2814 5280 tamen
2844 5219 3141 5298 obligatio
3172 5224 3370 5287 civilis
3401 5229 3512 5289 im-

1984 5315 2322 5391 poneretur
2367 5316 2621 5388 pactum
2677 5329 2811 5372 esse
2868 5315 3247 5393 usurarium,
3309 5324 3378 5380 ut
3432 5321 3510 5381 de

1984 5406 2228 5466 actibus
2256 5403 2707 5464 benevolentiae
2738 5405 3009 5466 exterius
3047 5408 3321 5472 tutentur
3346 5415 3509 5475 Ban-

1983 5516 2116 5575 neS,
2153 5496 2459 5573 Valentia,
2490 5498 2718 5576 Lopez,
2752 5498 2966 5560 Salon.
3012 5503 3198 5581 Angl.
3234 5523 3391 5583 quos
3420 5506 3514 5567 af-

3806 1751 3853 1790 ut
