4263 6376
572 3726 651 3785 32

819 302 937 363 346

819 479 950 538 tata
978 477 1041 538 in
1089 483 1322 541 certam
1352 484 1716 561 pensionem
1773 486 2199 565 pecuniariam
2228 488 2346 550 sol-

822 570 1130 630 vendam:
1190 590 1384 651 quare
1436 579 1640 653 potest
1693 577 1770 637 de
1841 597 2002 639 novo
2058 580 2350 642 venditor

820 660 1098 739 obligare
1140 682 1316 723 suam
1367 685 1702 744 personam
1752 670 1930 731 alteri
1986 672 2065 731 ad
2123 691 2347 750 operas

821 755 1201 832 personaleS,
1237 775 1426 835 quam
1449 759 1896 838 obligationem
1921 770 2139 842 postea
2160 765 2347 825 etiam

819 850 1163 908 commutat
1192 848 1254 908 in
1299 849 1578 911 debitum
1626 855 2090 931 pecuniarium:
2143 876 2347 937 neque

818 938 984 997 enim
1013 947 1323 1019 repugnat
1350 943 1697 1005 debitorem
1734 948 1912 1007 unius
1952 967 2213 1009 summae
2240 968 2350 1028 pe·

818 1030 1114 1092 cuniariae
1146 1033 1405 1112 obligari
1438 1036 1644 1098 denuo
1702 1038 2079 1117 obligatione
2138 1060 2348 1120 perso-

817 1122 942 1183 nali
972 1123 1050 1183 ad
1081 1125 1268 1185 aliam
1297 1145 1607 1188 summam
1651 1131 1839 1191 etiam
1894 1133 2343 1210 pecuniariam.

817 1215 941 1277 Sed
969 1224 1186 1279 contra
1216 1219 1335 1279 hoc
1357 1221 1565 1281 adhuc
1595 1229 1775 1302 urget
1802 1227 2159 1303 exemplum
2196 1244 2343 1287 cen-

816 1327 921 1368 sus
945 1310 1153 1387 realiS,
1188 1312 1250 1371 in
1281 1332 1403 1392 quo
1426 1315 1718 1377 venditur
1744 1317 1977 1378 directe
1999 1319 2346 1379 dominium

815 1401 988 1478 utile,
1035 1407 1098 1464 et
1126 1406 1512 1467 ususfructus
1569 1409 1846 1485 partialis
1876 1411 2118 1488 proedii,
2170 1431 2231 1472 v.
2279 1430 2343 1490 g.

816 1492 879 1552 in
910 1514 1033 1574 quo
1065 1514 1286 1557 census
1316 1500 1716 1561 constituitur
1748 1522 1761 1562 ε
1792 1508 1853 1562 et
1882 1503 2025 1564 licet
2065 1522 2350 1564 commu-

814 1590 985 1647 tetur
1015 1590 1290 1650 secundo
1336 1596 1659 1653 contractu
1697 1593 1978 1655 debitum
2033 1596 2348 1657 fructuum

815 1677 879 1738 in
909 1683 1144 1740 ceriam
1183 1683 1547 1760 pensionem
1576 1687 2004 1765 pecuniariam
2046 1707 2344 1767 annuam,

814 1775 1096 1849 utsupra
1126 1774 1433 1837 vidimus:
1495 1788 1859 1839 nontamen
1907 1781 2115 1858 perdit
2172 1801 2345 1861 emp-

814 1863 1039 1943 torjus
1096 1866 1160 1926 in
1205 1887 1295 1944 re,
1332 1870 1501 1948 quod
1549 1873 1929 1950 acquisierat
1968 1874 2136 1934 circa
2188 1893 2350 1953 prae-

816 1955 1012 2033 dium,
1064 1961 1126 2020 et
1154 1960 1289 2039 ejus
1345 1963 1802 2025 usumfructum
1854 1968 2204 2045 partialem,
2238 1967 2347 2027 sed

814 2055 1029 2111 manet
1078 2050 1288 2112 adhuc
1343 2055 1650 2131 praedium
1705 2057 2050 2135 obligatum
2098 2060 2350 2120 realiter

813 2140 976 2203 sicut
1000 2147 1207 2219 antea,
1240 2150 1304 2206 et
1329 2146 1658 2208 deficiente
1687 2150 1995 2211 solutione
2026 2152 2348 2228 pensionis

815 2251 1062 2311 annuae,
1096 2241 1343 2316 emptor
1368 2240 1529 2299 redit
1575 2240 1655 2300 ad
1713 2242 2054 2321 exigendos
2106 2245 2348 2305 fructus

821 2326 1045 2405 praedii
1069 2334 1327 2408 propter
1341 2331 1687 2393 dominium
1705 2335 1876 2411 utile,
1911 2340 1973 2397 et
2000 2336 2346 2397 usumfruc-

815 2421 950 2478 tum
980 2420 1310 2497 partialem
1341 2441 1528 2502 quem
1558 2426 1758 2504 primo
1791 2431 1855 2487 et
1906 2427 2145 2488 directo
2199 2447 2347 2489 con-

813 2515 1016 2572 tractu
1038 2521 1297 2575 emerat.
1325 2516 1622 2578 Similiter
1650 2536 1800 2597 ergo
1819 2519 1882 2578 in
1912 2538 2102 2580 censu
2137 2538 2345 2599 perso-

813 2603 961 2679 nali,
996 2604 1139 2666 licet
1166 2606 1460 2686 obligatio
1515 2610 1596 2670 ad
1639 2629 1866 2689 operas
1923 2618 2346 2673 commutare-

812 2699 917 2756 tur
941 2697 1215 2760 secundo
1246 2706 1570 2763 contractu
1625 2703 1688 2762 in
1745 2705 2111 2783 pensionem
2159 2724 2344 2784 pecu·

814 2787 1117 2863 niariam;
1153 2797 1398 2872 emptor
1425 2799 1636 2856 tamen
1657 2797 1953 2857 retineret
1981 2797 2078 2877 jus
2097 2799 2162 2858 in
2193 2817 2342 2876 ope-

811 2898 937 2958 ras,
970 2886 1033 2943 et
1058 2901 1392 2962 personam
1450 2886 1651 2965 ipsam
1708 2889 1826 2948 sibi
1871 2889 2239 2968 obligatam,
2277 2895 2346 2951 ut

814 2991 938 3035 non
986 2975 1189 3037 soluta
1242 2978 1564 3056 pensione,
1614 2985 1825 3057 posset
1871 3000 2094 3060 operas
2142 2982 2344 3062 primo

813 3065 1153 3142 promissas
1181 3070 1430 3147 exigere
1456 3089 1471 3143 ς
1493 3090 1684 3150 quare
1714 3073 1875 3134 sicut
1893 3074 2202 3153 praedium
2232 3092 2345 3152 pro

812 3156 1015 3236 primo
1043 3177 1234 3221 ceusu
1263 3161 1607 3242 obligatum
1639 3182 1760 3226 non
1808 3170 2011 3245 potest
2056 3166 2348 3228 venditor

816 3250 896 3311 ad
918 3251 1071 3312 alios
1100 3271 1321 3315 census
1343 3256 1644 3334 obligare,
1682 3258 1786 3336 qui
1830 3260 2140 3320 excedant
2181 3259 2350 3319 valo-

814 3361 948 3403 rem
969 3347 1357 3409 ususfructus
1385 3350 1759 3427 superstitiS,
1807 3352 1896 3411 sic
1927 3370 2043 3412 nec
2078 3370 2351 3432 persona.

813 3435 1091 3515 obligata
1120 3440 1321 3516 primo
1369 3460 1558 3503 censu
1613 3444 1927 3522 personali
1975 3445 2347 3524 adaequante

815 3545 1041 3608 operas
1078 3533 1460 3610 personales,
1495 3540 1706 3614 posset
1766 3537 2028 3616 obligari
2072 3538 2346 3599 secundo

816 3639 1008 3682 censu
1031 3625 1109 3684 ad
1132 3626 1385 3685 easdem
1415 3645 1659 3706 operas.

898 3716 1130 3788 Quarto
1205 3718 1475 3798 denique
1531 3720 1650 3781 hoc
1706 3722 1914 3800 ipsum
1973 3723 2343 3800 ostenditur,

817 3808 965 3886 quia
991 3808 1042 3869 si
1081 3810 1372 3872 venditor
1403 3831 1542 3873 eam
1586 3819 1859 3876 mentem
1901 3816 2165 3878 haberet
2198 3835 2349 3876 ven-

815 3900 1028 3979 dendi,
1060 3903 1158 3962 vel
1214 3904 1465 3965 locandi
1504 3925 1648 3965 suas
1707 3926 1932 3985 operas
1985 3910 2348 3987 personales

813 4011 927 4072 pro
958 3995 1157 4073 pretio
1207 4003 1487 4076 accepto,
1514 3999 1765 4061 difficile
1795 4005 2059 4079 apparet
2087 4020 2350 4081 quomo-

816 4086 896 4147 do
927 4106 1000 4147 ea
1030 4089 1325 4168 obligatio
1368 4093 1635 4153 transire
1693 4093 1891 4172 possit
1927 4094 2007 4154 ad
2063 4094 2350 4154 haeredes

814 4179 1035 4239 saltem
1063 4182 1467 4259 necessarioS,
1501 4189 1565 4244 et
1589 4203 1704 4263 per
1754 4204 2144 4264 consequens
2192 4204 2352 4265 quo·

814 4271 1003 4330 modo
1060 4273 1257 4350 possit
1309 4275 1434 4335 emi
1483 4295 1708 4337 census
1750 4278 2117 4356 personaliS,
2171 4279 2350 4357 cujus

815 4363 1112 4441 obligatio
1143 4368 1420 4427 transeat
1450 4368 1528 4427 ad
1561 4369 1845 4429 haeredes
1891 4371 2081 4430 etiam
2136 4389 2350 4431 neces-

815 4456 1012 4516 sarios
1031 4457 1393 4519 venditoris.
1429 4462 1588 4520 Nam
1643 4461 1789 4522 licet
1834 4463 2030 4541 possit
2081 4467 2346 4524 testator

815 4548 1118 4612 indirecte
1149 4550 1425 4630 obligare
1479 4552 1797 4614 haeredem
1853 4555 1934 4615 ad
1978 4555 2222 4635 aliquas
2253 4574 2352 4616 ac-

813 4641 1018 4703 tiones
1063 4644 1445 4721 personaleS,
1482 4650 1789 4725 quatenus
1835 4647 1951 4708 sub
1999 4667 2074 4707 ea
2130 4648 2351 4708 condi-

813 4735 982 4796 tione
1012 4735 1308 4814 relinquit
1334 4736 1386 4796 ei
1418 4737 1873 4816 haereditatem,
1907 4741 1957 4800 si
2002 4740 2193 4802 talem
2250 4740 2349 4801 vel

814 4828 1005 4889 talem
1033 4828 1343 4890 actionem
1392 4831 1785 4908 personalem
1841 4851 2129 4893 exercere
2160 4833 2342 4893 velit:

814 4920 935 4981 hoc
964 4925 1173 4982 tamen
1205 4939 1329 4982 non
1368 4926 1574 5001 potest
1624 4929 1911 5003 respectu
1943 4925 2210 4985 haeredis
2237 4944 2348 4985 ne-

815 5014 1089 5089 cessarii,
1126 5032 1312 5092 quem
1337 5015 1510 5074 nulla
1538 5016 1645 5076 tali
1676 5016 2032 5077 conditione
2079 5036 2345 5096 gravare

812 5110 1040 5184 potest,
1089 5110 1152 5167 et
1190 5106 1332 5168 ideo
1363 5108 1551 5168 etiam
1582 5129 1655 5168 ex
1685 5109 2004 5169 voluntate
2035 5111 2346 5172 testatoris

816 5216 939 5258 non
969 5202 1174 5277 potest
1201 5199 1401 5260 haeres
1458 5202 1846 5262 necessarius
1901 5202 2166 5280 obligari
2221 5204 2344 5263 ullo

817 5291 1004 5351 modo
1033 5292 1112 5351 ad
1144 5297 1287 5353 vota
1323 5312 1495 5354 mere
1552 5295 1906 5373 personalia
1948 5295 2247 5370 defuncti,
2282 5300 2350 5357 ut

816 5401 959 5443 cum
988 5384 1127 5444 aliis
1147 5386 1337 5447 tradit
1364 5387 1636 5449 Thomas
1666 5388 1947 5449 Sanchez
1976 5388 2097 5467 lib.
2143 5390 2245 5450 lv.
2279 5387 2349 5449 cle

820 5484 969 5553 υοτο,
1003 5494 1142 5559 cap.
1174 5493 1277 5539 xv.
1314 5497 1420 5540 nu.
1453 5483 1551 5541 27.
1587 5498 1709 5541 non
1742 5485 1947 5560 potest
1979 5500 2129 5559 ergo
2161 5485 2347 5542 testa·

1977 311 2079 371 DE
2120 313 2475 376 JUSTITIA
2518 316 2618 377 ΕΤ
2659 318 2857 379 JURE

2444 492 2544 552 tor
2571 492 2849 571 obligare
2892 514 2958 555 se
2989 501 3052 558 et
3078 496 3364 558 haeredes
3390 515 3610 558 omnes
3638 501 3826 560 etiam
3855 520 3950 562 ne-

2446 586 2748 647 cessarios
2782 587 2860 647 ad
2890 606 3114 667 operas
3145 591 3507 668 personales
3550 593 3816 669 emptori
3860 612 3948 653 ex-

2447 677 2772 756 hibendae,
2807 699 2949 741 cum
2981 702 3103 742 non
3151 685 3347 761 possit
3391 684 3699 762 ejusmodi
3754 704 3952 762 grava-

2445 789 2588 830 men
2607 774 2933 850 personale
2949 775 3039 834 eis
3050 776 3579 855 cumLhaereditate
3593 779 3949 858 relinquere,

2447 868 2510 924 et
2564 883 2677 941 per
2718 885 3106 946 consequens
3161 870 3400 947 primus
3458 870 3560 929 ille
3620 876 3955 933 contractus

2448 957 2745 1033 vendens,
2779 960 2877 1019 vei
2906 961 3117 1020 locans
3138 980 3360 1039 operas
3404 981 3551 1022 suas
3593 965 3951 1041 personale-S,

2447 1054 2777 1111 etsuorum
2808 1052 3130 1113 haeredum
3159 1073 3271 1132 pro
3320 1055 3522 1133 pretio
3555 1075 3720 1116 nunc
3750 1075 3952 1135 accep-

2444 1145 2530 1217 to,
2555 1143 2864 1205 invalidus
2881 1146 3018 1221 erit,
3052 1147 3105 1206 si
3134 1148 3509 1210 extendatur
3529 1149 3720 1209 etiam
3741 1149 3818 1208 ad
3848 1150 3957 1209 hae-

2446 1234 2626 1294 redes
2656 1238 3062 1299 necessarios,
3098 1241 3253 1300 Cum
3282 1258 3433 1318 ergo
3491 1259 3674 1300 mens
3732 1248 3957 1301 contra·

2447 1326 2729 1389 hentium
2787 1329 2849 1389 in
2896 1349 3086 1391 censu
3145 1333 3455 1411 personali
3514 1338 3822 1412 perpetuo
3871 1335 3953 1410 sit,

2447 1422 2613 1499 quod
2645 1423 2940 1501 obligatio
2972 1429 3248 1486 transeat
3279 1425 3357 1484 ad
3387 1444 3823 1505 quoscumque
3849 1428 3957 1487 hae-

2446 1513 2626 1573 redes
2658 1517 3019 1592 venditoriS,
3055 1536 3177 1579 non
3206 1524 3470 1597 possunt
3497 1519 3827 1580 intendere
3855 1520 3957 1597 pri-

2447 1624 2550 1666 mo
2581 1611 2641 1667 et
2669 1608 2903 1670 directe
2931 1610 3202 1670 vendere
3234 1615 3343 1671 aut
3370 1630 3582 1671 emere
3605 1611 3702 1689 jus
3730 1612 3811 1670 ad
3830 1631 3957 1690 ope·

2447 1716 2549 1759 ras
2578 1702 2956 1778 personaleS,
2991 1703 3101 1762 sed
3133 1702 3367 1782 aliquid
3398 1704 3596 1779 aliud,
3631 1723 3853 1783 nempe
3873 1705 3957 1783 jus

2448 1790 2528 1850 ad
2555 1792 2884 1870 pensiones
2905 1794 3320 1873 pecuniariaS,
3347 1815 3619 1875 quarum
3648 1802 3852 1857 tamen
3872 1797 3958 1875 jus

2447 1901 2617 1943 mere
2647 1886 2974 1961 personale
3022 1887 3292 1946 vidimus
3348 1908 3544 1967 quam
3597 1889 3847 1949 difficile
3872 1890 3954 1961 sit,

2449 1976 2615 2056 quod
2645 1978 2841 2055 possit
2871 1979 3169 2056 primario
3205 1980 3351 2056 emi,
3385 2000 3502 2059 per
3542 2001 3611 2041 se
3641 1981 3954 2061 loquendo,

2445 2068 2591 2129 licet
2644 2088 2756 2149 per
2801 2071 3090 2132 accidens
3118 2076 3180 2133 et
3207 2078 3466 2152 propter
3493 2073 3652 2149 alias
3681 2075 3957 2136 circums-

2445 2162 2672 2223 tantias
2703 2163 2765 2222 id
2793 2163 3162 2243 fieripossit.

3135 2556 3190 2632 §.
3222 2558 3283 2614 2.

2607 2816 2694 2877 De
2722 2835 2890 2877 censu
2922 2816 3250 2898 temporali,
3285 2837 3362 2877 an
3392 2817 3553 2878 licite
3570 2829 3815 2880 ematur.

2523 3072 2756 3131 Census
2780 3068 3143 3146 temporalis
3173 3068 3422 3146 dicitur,
3458 3070 3523 3129 in
3555 3089 3683 3150 quo
3735 3069 3959 3150 pensio-

2443 3181 2554 3224 nes
2584 3181 2808 3223 annuae
2840 3161 3169 3238 debentur,
3205 3162 3410 3224 nonin
3444 3169 3844 3243 perpetuum,
3864 3159 3960 3222 sed

2446 3256 2526 3317 ad
2556 3256 2807 3335 aliquod
2838 3259 3085 3334 tempus
3139 3256 3408 3332 finitum,
3442 3256 3577 3316 sive
3629 3257 3694 3316 id
3738 3263 3960 3316 certum

2446 3349 2524 3410 sit
2553 3354 2614 3409 et
2643 3348 3149 3423 determinatum,
3186 3352 3254 3408 ut
3283 3348 3363 3408 ad
3404 3348 3627 3408 decem
3658 3350 3757 3409 vel
3787 3348 3961 3425 vigia-

2442 3447 2509 3503 1a
2537 3459 2755 3517 annoS,
2790 3441 2920 3500 sive
2940 3441 3019 3501 sit
3046 3441 3377 3517 incertum,
3402 3446 3473 3501 ut
3493 3442 3575 3501 ad
3587 3443 3785 3502 vitam
3816 3459 3963 3518 emp-

2443 3535 2595 3596 toris
2621 3535 2721 3595 vel
2748 3532 3110 3595 venditoris,
3147 3533 3439 3594 Dicemus
3460 3535 3635 3611 prius
3663 3534 3743 3595 de
3793 3552 3963 3594 censu

2445 3627 2528 3689 ad
2556 3632 2803 3706 tempus
2832 3630 3074 3686 certum
3109 3629 3172 3686 et
3212 3626 3731 3704 determinatum,
3764 3633 3963 3707 postea

2446 3720 2524 3780 de
2554 3739 2746 3780 censu
2775 3719 2853 3779 ad
2883 3723 3130 3798 tempus
3151 3718 3484 3796 incertum,
3510 3719 3590 3780 de
3623 3740 3750 3800 quo
3779 3721 3963 3779 minor

2447 3818 2542 3874 est
2567 3812 2920 3873 difficultas

2526 3904 3048 3983 Distinguendum
3070 3910 3281 3966 autem
3301 3909 3395 3966 est
3425 3905 3600 3984 juxta
3618 3906 3964 3986 supradicta

2448 3998 2526 4058 de
2542 4017 2731 4058 ceusu
2763 3997 2937 4071 reali,
2970 4002 3207 4059 attento
3229 3998 3371 4077 jure
3405 4005 3672 4074 naturas,
3707 3998 3964 4060 ets-eolu-

2446 4110 2515 4151 sa
2546 4091 2963 4169 prohibitione
3021 4090 3326 4167 humana,
3380 4092 3480 4151 vel
3535 4092 3848 4170 personali
3901 4092 3964 4151 Et

2446 4183 2698 4262 quidem
2723 4183 2799 4243 de
2829 4184 3156 4261 temporali
3186 4191 3423 4244 certum
3456 4191 3572 4259 est,
3606 4186 3844 4246 licitum
3872 4203 3958 4244 es-

2446 4294 2535 4352 se,
2570 4275 2820 4354 quando
2851 4276 2947 4335 vel
2995 4276 3282 4336 cumulus
3310 4277 3685 4355 pensionum
3716 4297 3838 4339 non
3866 4295 3955 4335 ex-

2448 4368 2614 4429 cedit
2639 4368 2930 4448 pretium,
2949 4369 3317 4447 velquando
3346 4374 3605 4449 propter
3630 4370 3964 4449 periculum

2447 4462 2826 4522 solutionum
2878 4460 3400 4540 recipiendarum,
3432 4463 3530 4521 vel
3577 4467 3838 4541 propter
3877 4462 3961 4520 lu-

2449 4572 2625 4615 crum
2671 4572 2943 4631 cessans,
2976 4559 3087 4615 aut
3138 4555 3438 4615 damnum
3498 4574 3850 4633 emergens,
3881 4552 3966 4612 vel

2448 4647 2639 4707 alium
2693 4647 2958 4707 similem
3012 4647 3263 4708 titulum
3316 4648 3585 4726 pretium
3642 4647 3957 4719 decrescit,

2448 4745 2750 4819 quantum
2772 4739 3027 4801 arbitrio
3074 4740 3457 4819 prudentum
3499 4740 3715 4800 titulus
3743 4740 3846 4798 ille
3889 4738 3965 4797 di·

2445 4833 2672 4894 minuit
2699 4852 2919 4892 census
2938 4833 3240 4892 valorem.
3275 4835 3340 4892 ln
3373 4833 3738 4893 uuiversum
3768 4837 3965 4891 autem

2445 4931 2594 4987 tunc
2624 4944 2879 4985 censum
2935 4925 3326 5003 personalem
3356 4925 3770 5002 temporalem
3817 4922 3966 4983 licite

2445 5019 2591 5094 emi,
2626 5021 2839 5079 tenent
2872 5017 3094 5096 'plui-es
3149 5017 3392 5092 saltem,
3435 5017 3690 5094 quando
3746 5036 3869 5076 non
3897 5012 3965 5073 ad

2444 5128 2700 5189 paucOS,
2733 5110 2844 5170 sed
2863 5110 2942 5170 ad
2975 5110 3184 5188 plures
3211 5127 3410 5169 annos
3438 5109 3690 5183 emitur,
3716 5110 3804 5169 ita
3830 5110 3968 5170 con-

2445 5203 2658 5278 raduS,
2692 5206 2945 5263 Covarr.
2999 5204 3334 5277 Navarru8‚
3369 5201 3681 5276 Salonius,
3715 5200 3964 5262 Antoni·

2447 5314 2584 5371 nuS,
2619 5295 2890 5370 Medina,
2919 5295 3209 5371 Palatius,
3234 5295 3504 5370 BanneS,
3540 5294 3964 5368 Valentia,Lu·

2448 5388 2592 5449 dov.
2627 5390 2854 5466 Lopez,
2890 5390 3083 5467 Vega,
3119 5387 3323 5462 etalii,
3358 5406 3514 5466 quos
3547 5389 3758 5461 refert,
3795 5393 3855 5447 et
3880 5405 3966 5445 se-

2447 5481 2658 5563 quitur
2687 5482 2863 5543 Salas
2892 5481 3043 5541 dub.
3077 5497 3163 5544 lv.
3199 5499 3260 5542 n.
3294 5484 3354 5542 2.
3389 5485 3452 5542 et
3494 5485 3554 5543 4.
3612 5480 3859 5543 Lessius
3885 5494 3958 5538 vi.

4059 3077 4105 3134 3³

3995 3204 4096 3274 sm?

3996 3267 4112 3298 821³*

4027 3309 4112 3403 Ἓξ
