<?xml version="1.0" encoding="UTF-8"?>
<!DOCTYPE html PUBLIC "-//W3C//DTD XHTML 1.0 Transitional//EN"
    "http://www.w3.org/TR/xhtml1/DTD/xhtml1-transitional.dtd">
<html xmlns="http://www.w3.org/1999/xhtml" xml:lang="en" lang="en">
 <head>
  <title>
</title>
<meta http-equiv="Content-Type" content="text/html;charset=utf-8" />
  <meta name='ocr-system' content='tesseract 3.04.00' />
  <meta name='ocr-capabilities' content='ocr_page ocr_carea ocr_par ocr_line ocrx_word'/>
</head>
<body>
  <div class='ocr_page' id='page_1' title='image "./joannisdelugodi00lugogoog_0618.png"; bbox 0 0 4263 6376; ppageno 0'>
   <div class='ocr_carea' id='block_1_1' title="bbox 672 1983 752 2042">
    <p class='ocr_par' dir='ltr' id='par_1_1' title="bbox 672 1983 752 2042">
     <span class='ocr_line' id='line_1_1' title="bbox 672 1983 752 2042; baseline 0 0"><span class='ocrx_word' id='word_1_1' title='bbox 672 1983 752 2042; x_wconf 88' lang='grc'>68</span> 
     </span>
    </p>
   </div>
   <div class='ocr_carea' id='block_1_2' title="bbox 577 2109 869 2151">
    <p class='ocr_par' dir='ltr' id='par_1_2' title="bbox 577 2109 869 2151">
     <span class='ocr_line' id='line_1_2' title="bbox 577 2109 869 2151; baseline -0.003 0"><span class='ocrx_word' id='word_1_2' title='bbox 577 2109 801 2151; x_wconf 75' lang='lat' dir='ltr'>Pensioues</span> <span class='ocrx_word' id='word_1_3' title='bbox 820 2120 869 2150; x_wconf 77' lang='lat' dir='ltr'>an</span> 
     </span>
    </p>
   </div>
   <div class='ocr_carea' id='block_1_3' title="bbox 913 307 1030 366">
    <p class='ocr_par' dir='ltr' id='par_1_3' title="bbox 913 307 1030 366">
     <span class='ocr_line' id='line_1_3' title="bbox 913 307 1030 366; baseline 0 -1"><span class='ocrx_word' id='word_1_4' title='bbox 913 307 1030 366; x_wconf 74' lang='lat'>592</span> 
     </span>
    </p>
   </div>
   <div class='ocr_carea' id='block_1_4' title="bbox 915 478 2460 2131">
    <p class='ocr_par' dir='ltr' id='par_1_4' title="bbox 915 478 2460 2131">
     <span class='ocr_line' id='line_1_4' title="bbox 916 478 2448 557; baseline -0.001 -16"><span class='ocrx_word' id='word_1_5' title='bbox 916 498 1134 541; x_wconf 89' lang='lat' dir='ltr'>omnes</span> <span class='ocrx_word' id='word_1_6' title='bbox 1163 497 1298 540; x_wconf 89' lang='lat' dir='ltr'>esse</span> <span class='ocrx_word' id='word_1_7' title='bbox 1328 479 1621 557; x_wconf 81' lang='lat' dir='ltr'>idoneoS,</span> <span class='ocrx_word' id='word_1_8' title='bbox 1669 479 1767 539; x_wconf 86' lang='lat' dir='ltr'>vel</span> <span class='ocrx_word' id='word_1_9' title='bbox 1797 478 1954 540; x_wconf 91' lang='lat' dir='ltr'>duos</span> <span class='ocrx_word' id='word_1_10' title='bbox 1999 485 2110 541; x_wconf 88' lang='lat' dir='ltr'>aut</span> <span class='ocrx_word' id='word_1_11' title='bbox 2157 484 2284 541; x_wconf 91' lang='lat' dir='ltr'>tres</span> <span class='ocrx_word' id='word_1_12' title='bbox 2313 499 2448 541; x_wconf 93' lang='lat' dir='ltr'>esse</span> 
     </span>
     <span class='ocr_line' id='line_1_5' title="bbox 915 571 2454 651; baseline -0.001 -19"><span class='ocrx_word' id='word_1_13' title='bbox 915 573 1175 633; x_wconf 90' lang='lat' dir='ltr'>idoneos</span> <span class='ocrx_word' id='word_1_14' title='bbox 1199 618 1215 648; x_wconf 92' lang='lat'>,</span> <span class='ocrx_word' id='word_1_15' title='bbox 1253 572 1501 633; x_wconf 87' lang='lat' dir='ltr'>videtur</span> <span class='ocrx_word' id='word_1_16' title='bbox 1526 571 1827 651; x_wconf 81' lang='lat' dir='ltr'>implicite</span> <span class='ocrx_word' id='word_1_17' title='bbox 1873 571 2149 632; x_wconf 89' lang='lat' dir='ltr'>indicare</span> <span class='ocrx_word' id='word_1_18' title='bbox 2179 572 2346 650; x_wconf 89' lang='lat' dir='ltr'>quod</span> <span class='ocrx_word' id='word_1_19' title='bbox 2376 591 2454 632; x_wconf 85' lang='lat' dir='ltr'>ex</span> 
     </span>
     <span class='ocr_line' id='line_1_6' title="bbox 915 664 2448 744; baseline 0 -19"><span class='ocrx_word' id='word_1_20' title='bbox 915 666 1038 725; x_wconf 91' lang='lat' dir='ltr'>illis</span> <span class='ocrx_word' id='word_1_21' title='bbox 1073 669 1278 743; x_wconf 90' lang='lat' dir='ltr'>potest</span> <span class='ocrx_word' id='word_1_22' title='bbox 1305 665 1635 744; x_wconf 87' lang='lat' dir='ltr'>episcopus</span> <span class='ocrx_word' id='word_1_23' title='bbox 1668 664 1897 742; x_wconf 80' lang='lat' dir='ltr'>eligere</span> <span class='ocrx_word' id='word_1_24' title='bbox 1942 683 2129 743; x_wconf 91' lang='lat' dir='ltr'>quem</span> <span class='ocrx_word' id='word_1_25' title='bbox 2160 665 2448 740; x_wconf 85' lang='lat' dir='ltr'>voluerit,</span> 
     </span>
     <span class='ocr_line' id='line_1_7' title="bbox 918 757 2456 836; baseline -0.001 -19"><span class='ocrx_word' id='word_1_26' title='bbox 918 759 1067 836; x_wconf 89' lang='lat' dir='ltr'>quia</span> <span class='ocrx_word' id='word_1_27' title='bbox 1095 775 1310 817; x_wconf 90' lang='lat' dir='ltr'>omnes</span> <span class='ocrx_word' id='word_1_28' title='bbox 1343 757 1428 816; x_wconf 92' lang='lat' dir='ltr'>illi</span> <span class='ocrx_word' id='word_1_29' title='bbox 1460 763 1605 818; x_wconf 89' lang='lat' dir='ltr'>sunt</span> <span class='ocrx_word' id='word_1_30' title='bbox 1635 758 1929 835; x_wconf 85' lang='lat' dir='ltr'>aequales,</span> <span class='ocrx_word' id='word_1_31' title='bbox 1951 758 2050 817; x_wconf 88' lang='lat' dir='ltr'>vel</span> <span class='ocrx_word' id='word_1_32' title='bbox 2080 757 2211 817; x_wconf 90' lang='lat' dir='ltr'>fere</span> <span class='ocrx_word' id='word_1_33' title='bbox 2243 775 2456 835; x_wconf 84' lang='lat' dir='ltr'>aequa-</span> 
     </span>
     <span class='ocr_line' id='line_1_8' title="bbox 915 849 2454 928; baseline -0.001 -18"><span class='ocrx_word' id='word_1_34' title='bbox 915 852 1026 911; x_wconf 91' lang='lat' dir='ltr'>les.</span> <span class='ocrx_word' id='word_1_35' title='bbox 1063 851 1145 912; x_wconf 92' lang='lat' dir='ltr'>Ut</span> <span class='ocrx_word' id='word_1_36' title='bbox 1173 868 1320 928; x_wconf 91' lang='lat' dir='ltr'>ergo</span> <span class='ocrx_word' id='word_1_37' title='bbox 1349 849 1431 910; x_wconf 90' lang='lat' dir='ltr'>ad</span> <span class='ocrx_word' id='word_1_38' title='bbox 1474 855 1751 911; x_wconf 88' lang='lat' dir='ltr'>mentem</span> <span class='ocrx_word' id='word_1_39' title='bbox 1798 850 2243 928; x_wconf 78' lang='lat' dir='ltr'>interrogantis</span> <span class='ocrx_word' id='word_1_40' title='bbox 2285 849 2347 908; x_wconf 90' lang='lat' dir='ltr'>in</span> <span class='ocrx_word' id='word_1_41' title='bbox 2387 867 2454 908; x_wconf 91' lang='lat' dir='ltr'>re</span> 
     </span>
     <span class='ocr_line' id='line_1_9' title="bbox 916 941 2460 1020; baseline -0.001 -18"><span class='ocrx_word' id='word_1_42' title='bbox 916 943 1073 1003; x_wconf 87' lang='lat' dir='ltr'>tanti</span> <span class='ocrx_word' id='word_1_43' title='bbox 1127 943 1430 1003; x_wconf 88' lang='lat' dir='ltr'>momenti</span> <span class='ocrx_word' id='word_1_44' title='bbox 1476 942 1937 1020; x_wconf 90' lang='lat' dir='ltr'>respondeant,</span> <span class='ocrx_word' id='word_1_45' title='bbox 1991 943 2224 1003; x_wconf 89' lang='lat' dir='ltr'>debent</span> <span class='ocrx_word' id='word_1_46' title='bbox 2264 941 2460 1019; x_wconf 88' lang='lat' dir='ltr'>expli-</span> 
     </span>
     <span class='ocr_line' id='line_1_10' title="bbox 916 1034 2459 1115; baseline -0.001 -18"><span class='ocrx_word' id='word_1_47' title='bbox 916 1053 1058 1097; x_wconf 89' lang='lat' dir='ltr'>care</span> <span class='ocrx_word' id='word_1_48' title='bbox 1087 1035 1324 1113; x_wconf 83' lang='lat' dir='ltr'>absque</span> <span class='ocrx_word' id='word_1_49' title='bbox 1355 1035 1888 1113; x_wconf 64' lang='lat' dir='ltr'>aequivocatione,</span> <span class='ocrx_word' id='word_1_50' title='bbox 1937 1035 2075 1115; x_wconf 90' lang='lat' dir='ltr'>quis</span> <span class='ocrx_word' id='word_1_51' title='bbox 2116 1052 2335 1094; x_wconf 90' lang='lat' dir='ltr'>eorum</span> <span class='ocrx_word' id='word_1_52' title='bbox 2379 1034 2459 1095; x_wconf 86' lang='lat' dir='ltr'>sit</span> 
     </span>
     <span class='ocr_line' id='line_1_11' title="bbox 919 1127 2455 1207; baseline -0.002 -19"><span class='ocrx_word' id='word_1_53' title='bbox 919 1128 1168 1207; x_wconf 86' lang='lat' dir='ltr'>dignior</span> <span class='ocrx_word' id='word_1_54' title='bbox 1203 1148 1216 1188; x_wconf 90' lang='lat'><strong>:</strong></span> <span class='ocrx_word' id='word_1_55' title='bbox 1251 1146 1400 1187; x_wconf 90' lang='lat' dir='ltr'>nam</span> <span class='ocrx_word' id='word_1_56' title='bbox 1441 1127 1720 1205; x_wconf 87' lang='lat' dir='ltr'>episcopi</span> <span class='ocrx_word' id='word_1_57' title='bbox 1747 1145 1926 1187; x_wconf 87' lang='lat' dir='ltr'>mens</span> <span class='ocrx_word' id='word_1_58' title='bbox 1957 1132 2053 1187; x_wconf 91' lang='lat' dir='ltr'>est</span> <span class='ocrx_word' id='word_1_59' title='bbox 2073 1127 2234 1188; x_wconf 90' lang='lat' dir='ltr'>scire</span> <span class='ocrx_word' id='word_1_60' title='bbox 2265 1144 2455 1205; x_wconf 88' lang='lat' dir='ltr'>quem</span> 
     </span>
     <span class='ocr_line' id='line_1_12' title="bbox 916 1219 2458 1298; baseline -0.002 -18"><span class='ocrx_word' id='word_1_61' title='bbox 916 1221 1148 1282; x_wconf 89' lang='lat' dir='ltr'>debeat</span> <span class='ocrx_word' id='word_1_62' title='bbox 1174 1239 1247 1280; x_wconf 83' lang='lat' dir='ltr'>ex</span> <span class='ocrx_word' id='word_1_63' title='bbox 1277 1220 1396 1280; x_wconf 91' lang='lat' dir='ltr'>illis</span> <span class='ocrx_word' id='word_1_64' title='bbox 1428 1220 1658 1298; x_wconf 84' lang='lat' dir='ltr'>eligere</span> <span class='ocrx_word' id='word_1_65' title='bbox 1684 1239 1698 1291; x_wconf 90' lang='lat'><em>;</em></span> <span class='ocrx_word' id='word_1_66' title='bbox 1750 1219 1848 1279; x_wconf 90' lang='lat' dir='ltr'>cui</span> <span class='ocrx_word' id='word_1_67' title='bbox 1892 1219 2088 1281; x_wconf 90' lang='lat' dir='ltr'>menti</span> <span class='ocrx_word' id='word_1_68' title='bbox 2120 1220 2174 1278; x_wconf 91' lang='lat' dir='ltr'>si</span> <span class='ocrx_word' id='word_1_69' title='bbox 2203 1237 2329 1279; x_wconf 91' lang='lat' dir='ltr'>non</span> <span class='ocrx_word' id='word_1_70' title='bbox 2357 1237 2458 1278; x_wconf 87' lang='lat' dir='ltr'>rc·</span> 
     </span>
     <span class='ocr_line' id='line_1_13' title="bbox 916 1310 2451 1391; baseline -0.003 -17"><span class='ocrx_word' id='word_1_71' title='bbox 916 1313 1292 1391; x_wconf 78' lang='lat' dir='ltr'>spondeant,</span> <span class='ocrx_word' id='word_1_72' title='bbox 1344 1312 1639 1374; x_wconf 85' lang='lat' dir='ltr'>videntur</span> <span class='ocrx_word' id='word_1_73' title='bbox 1693 1311 1861 1371; x_wconf 86' lang='lat' dir='ltr'>mala</span> <span class='ocrx_word' id='word_1_74' title='bbox 1910 1310 2034 1371; x_wconf 87' lang='lat' dir='ltr'>fide</span> <span class='ocrx_word' id='word_1_75' title='bbox 2082 1311 2451 1390; x_wconf 87' lang='lat' dir='ltr'>procedere,</span> 
     </span>
     <span class='ocr_line' id='line_1_14' title="bbox 918 1404 2456 1484; baseline -0.002 -18"><span class='ocrx_word' id='word_1_76' title='bbox 918 1410 981 1467; x_wconf 91' lang='lat' dir='ltr'>et</span> <span class='ocrx_word' id='word_1_77' title='bbox 1009 1405 1302 1484; x_wconf 84' lang='lat' dir='ltr'>decipere</span> <span class='ocrx_word' id='word_1_78' title='bbox 1331 1405 1491 1466; x_wconf 85' lang='lat' dir='ltr'>velle</span> <span class='ocrx_word' id='word_1_79' title='bbox 1522 1405 1884 1483; x_wconf 89' lang='lat' dir='ltr'>episcopum</span> <span class='ocrx_word' id='word_1_80' title='bbox 1903 1451 1918 1480; x_wconf 96' lang='lat'>,</span> <span class='ocrx_word' id='word_1_81' title='bbox 1953 1408 2022 1465; x_wconf 93' lang='lat' dir='ltr'>ut</span> <span class='ocrx_word' id='word_1_82' title='bbox 2050 1404 2241 1483; x_wconf 89' lang='lat' dir='ltr'>eligat</span> <span class='ocrx_word' id='word_1_83' title='bbox 2270 1422 2456 1484; x_wconf 89' lang='lat' dir='ltr'>quem</span> 
     </span>
     <span class='ocr_line' id='line_1_15' title="bbox 918 1496 2455 1576; baseline -0.003 -16"><span class='ocrx_word' id='word_1_84' title='bbox 918 1498 1219 1574; x_wconf 80' lang='lat' dir='ltr'>voluerit,</span> <span class='ocrx_word' id='word_1_85' title='bbox 1271 1502 1333 1559; x_wconf 89' lang='lat' dir='ltr'>et</span> <span class='ocrx_word' id='word_1_86' title='bbox 1359 1497 1475 1576; x_wconf 91' lang='lat' dir='ltr'>ipsi</span> <span class='ocrx_word' id='word_1_87' title='bbox 1504 1497 1719 1558; x_wconf 91' lang='lat' dir='ltr'>odium</span> <span class='ocrx_word' id='word_1_88' title='bbox 1750 1496 2017 1556; x_wconf 91' lang='lat' dir='ltr'>aliorum</span> <span class='ocrx_word' id='word_1_89' title='bbox 2047 1497 2330 1575; x_wconf 89' lang='lat' dir='ltr'>fugiant,</span> <span class='ocrx_word' id='word_1_90' title='bbox 2366 1496 2455 1557; x_wconf 91' lang='lat' dir='ltr'>di-</span> 
     </span>
     <span class='ocr_line' id='line_1_16' title="bbox 919 1588 2456 1668; baseline -0.003 -16"><span class='ocrx_word' id='word_1_91' title='bbox 919 1596 1131 1653; x_wconf 86' lang='lat' dir='ltr'>centes</span> <span class='ocrx_word' id='word_1_92' title='bbox 1160 1609 1226 1650; x_wconf 91' lang='lat' dir='ltr'>se</span> <span class='ocrx_word' id='word_1_93' title='bbox 1248 1590 1562 1650; x_wconf 87' lang='lat' dir='ltr'>neminem</span> <span class='ocrx_word' id='word_1_94' title='bbox 1579 1589 1945 1668; x_wconf 74' lang='lat' dir='ltr'>praetulisse,</span> <span class='ocrx_word' id='word_1_95' title='bbox 1964 1589 2074 1649; x_wconf 91' lang='lat' dir='ltr'>sed</span> <span class='ocrx_word' id='word_1_96' title='bbox 2092 1588 2456 1668; x_wconf 89' lang='lat' dir='ltr'>episcopum</span> 
     </span>
     <span class='ocr_line' id='line_1_17' title="bbox 919 1680 2458 1762; baseline -0.002 -18"><span class='ocrx_word' id='word_1_97' title='bbox 919 1703 993 1744; x_wconf 86' lang='lat' dir='ltr'>ex</span> <span class='ocrx_word' id='word_1_98' title='bbox 1024 1702 1091 1744; x_wconf 89' lang='lat' dir='ltr'>se</span> <span class='ocrx_word' id='word_1_99' title='bbox 1119 1683 1553 1762; x_wconf 80' lang='lat' dir='ltr'>praelationem</span> <span class='ocrx_word' id='word_1_100' title='bbox 1581 1682 1833 1758; x_wconf 87' lang='lat' dir='ltr'>fecisse,</span> <span class='ocrx_word' id='word_1_101' title='bbox 1869 1681 1931 1740; x_wconf 91' lang='lat' dir='ltr'>in</span> <span class='ocrx_word' id='word_1_102' title='bbox 1962 1701 2088 1760; x_wconf 88' lang='lat' dir='ltr'>quo</span> <span class='ocrx_word' id='word_1_103' title='bbox 2120 1700 2245 1742; x_wconf 91' lang='lat' dir='ltr'>non</span> <span class='ocrx_word' id='word_1_104' title='bbox 2276 1680 2458 1742; x_wconf 90' lang='lat' dir='ltr'>satis-</span> 
     </span>
     <span class='ocr_line' id='line_1_18' title="bbox 920 1773 2457 1851; baseline -0.002 -14"><span class='ocrx_word' id='word_1_105' title='bbox 920 1777 1157 1837; x_wconf 81' lang='lat' dir='ltr'>faciunt</span> <span class='ocrx_word' id='word_1_106' title='bbox 1172 1793 1284 1836; x_wconf 88' lang='lat' dir='ltr'>suo</span> <span class='ocrx_word' id='word_1_107' title='bbox 1301 1774 1569 1851; x_wconf 89' lang='lat' dir='ltr'>muneri,</span> <span class='ocrx_word' id='word_1_108' title='bbox 1597 1793 1713 1835; x_wconf 87' lang='lat' dir='ltr'>nec</span> <span class='ocrx_word' id='word_1_109' title='bbox 1734 1773 2156 1850; x_wconf 67' lang='lat' dir='ltr'>conscientiae,</span> <span class='ocrx_word' id='word_1_110' title='bbox 2184 1775 2293 1835; x_wconf 92' lang='lat' dir='ltr'>sed</span> <span class='ocrx_word' id='word_1_111' title='bbox 2311 1792 2457 1834; x_wconf 92' lang='lat' dir='ltr'>coo-</span> 
     </span>
     <span class='ocr_line' id='line_1_19' title="bbox 920 1853 2292 1948; baseline -0.003 -18"><span class='ocrx_word' id='word_1_112' title='bbox 920 1873 1222 1948; x_wconf 86' lang='lat' dir='ltr'>perantur</span> <span class='ocrx_word' id='word_1_113' title='bbox 1251 1867 1540 1929; x_wconf 88' lang='lat' dir='ltr'>electioni</span> <span class='ocrx_word' id='word_1_114' title='bbox 1568 1886 1693 1928; x_wconf 89' lang='lat' dir='ltr'>non</span> <span class='ocrx_word' id='word_1_115' title='bbox 1722 1869 1927 1927; x_wconf 83' lang='lat' dir='ltr'>bonae.</span> <span class='ocrx_word' id='word_1_116' title='bbox 2269 1853 2292 1866; x_wconf 64' lang='grc'><em>“</em></span> 
     </span>
     <span class='ocr_line' id='line_1_20' title="bbox 1003 1959 2458 2040; baseline -0.001 -19"><span class='ocrx_word' id='word_1_117' title='bbox 1003 1962 1241 2035; x_wconf 88' lang='lat' dir='ltr'>Quarta</span> <span class='ocrx_word' id='word_1_118' title='bbox 1268 1960 1529 2040; x_wconf 84' lang='lat' dir='ltr'>quaestio</span> <span class='ocrx_word' id='word_1_119' title='bbox 1577 1979 1711 2020; x_wconf 84' lang='lat' dir='ltr'>esse</span> <span class='ocrx_word' id='word_1_120' title='bbox 1757 1963 1965 2038; x_wconf 91' lang='lat' dir='ltr'>potest</span> <span class='ocrx_word' id='word_1_121' title='bbox 2003 1979 2083 2020; x_wconf 88' lang='lat' dir='ltr'>an</span> <span class='ocrx_word' id='word_1_122' title='bbox 2116 1979 2258 2039; x_wconf 82' lang='lat' dir='ltr'>quoe</span> <span class='ocrx_word' id='word_1_123' title='bbox 2288 1959 2458 2020; x_wconf 89' lang='lat' dir='ltr'>dicta</span> 
     </span>
     <span class='ocr_line' id='line_1_21' title="bbox 920 2051 2459 2131; baseline -0.002 -17"><span class='ocrx_word' id='word_1_124' title='bbox 920 2058 1067 2115; x_wconf 89' lang='lat' dir='ltr'>sunt</span> <span class='ocrx_word' id='word_1_125' title='bbox 1095 2053 1172 2113; x_wconf 92' lang='lat' dir='ltr'>de</span> <span class='ocrx_word' id='word_1_126' title='bbox 1203 2053 1584 2131; x_wconf 81' lang='lat' dir='ltr'>obligatione</span> <span class='ocrx_word' id='word_1_127' title='bbox 1632 2052 1994 2112; x_wconf 87' lang='lat' dir='ltr'>conferendi</span> <span class='ocrx_word' id='word_1_128' title='bbox 2041 2051 2459 2113; x_wconf 90' lang='lat' dir='ltr'>communiter</span> 
     </span>
    </p>
   </div>
   <div class='ocr_carea' id='block_1_5' title="bbox 574 2143 2459 2224">
    <p class='ocr_par' dir='ltr' id='par_1_5' title="bbox 574 2143 2459 2224">
     <span class='ocr_line' id='line_1_22' title="bbox 574 2143 2459 2224; baseline -0.001 -19"><span class='ocrx_word' id='word_1_129' title='bbox 574 2163 749 2205; x_wconf 65' lang='lat' dir='ltr'>denunt</span> <span class='ocrx_word' id='word_1_130' title='bbox 785 2162 873 2204; x_wconf 74' lang='lat' dir='ltr'>dari</span> <span class='ocrx_word' id='word_1_131' title='bbox 921 2147 1145 2208; x_wconf 88' lang='lat' dir='ltr'>saltem</span> <span class='ocrx_word' id='word_1_132' title='bbox 1199 2145 1589 2224; x_wconf 81' lang='lat' dir='ltr'>dignioribus</span> <span class='ocrx_word' id='word_1_133' title='bbox 1643 2144 1950 2204; x_wconf 90' lang='lat' dir='ltr'>beneficia</span> <span class='ocrx_word' id='word_1_134' title='bbox 1988 2143 2317 2223; x_wconf 89' lang='lat' dir='ltr'>simplicia,</span> <span class='ocrx_word' id='word_1_135' title='bbox 2367 2144 2459 2204; x_wconf 92' lang='lat' dir='ltr'>lo-</span> 
     </span>
    </p>
   </div>
   <div class='ocr_carea' id='block_1_6' title="bbox 587 2215 857 2270">
    <p class='ocr_par' dir='ltr' id='par_1_6' title="bbox 587 2215 857 2270">
     <span class='ocr_line' id='line_1_23' title="bbox 587 2215 857 2270; baseline 0 -12"><span class='ocrx_word' id='word_1_136' title='bbox 587 2215 857 2270; x_wconf 64' lang='lat' dir='ltr'>dignioribus.</span> 
     </span>
    </p>
   </div>
   <div class='ocr_carea' id='block_1_7' title="bbox 912 2236 2464 5568">
    <p class='ocr_par' dir='ltr' id='par_1_7' title="bbox 912 2236 2464 5568">
     <span class='ocr_line' id='line_1_24' title="bbox 923 2236 2458 2315; baseline -0.003 -15"><span class='ocrx_word' id='word_1_137' title='bbox 923 2258 1068 2300; x_wconf 89' lang='lat' dir='ltr'>cum</span> <span class='ocrx_word' id='word_1_138' title='bbox 1097 2238 1374 2300; x_wconf 88' lang='lat' dir='ltr'>habeant</span> <span class='ocrx_word' id='word_1_139' title='bbox 1418 2237 1608 2299; x_wconf 91' lang='lat' dir='ltr'>etiam</span> <span class='ocrx_word' id='word_1_140' title='bbox 1654 2238 1717 2297; x_wconf 92' lang='lat' dir='ltr'>in</span> <span class='ocrx_word' id='word_1_141' title='bbox 1762 2237 2092 2298; x_wconf 89' lang='lat' dir='ltr'>collatione</span> <span class='ocrx_word' id='word_1_142' title='bbox 2142 2236 2458 2315; x_wconf 86' lang='lat' dir='ltr'>pensionis</span> 
     </span>
     <span class='ocr_line' id='line_1_25' title="bbox 924 2328 2458 2408; baseline -0.002 -16"><span class='ocrx_word' id='word_1_143' title='bbox 924 2330 1408 2392; x_wconf 62' lang='lat' dir='ltr'>ecclesiasticae?</span> <span class='ocrx_word' id='word_1_144' title='bbox 1435 2332 1523 2390; x_wconf 90' lang='lat' dir='ltr'>De</span> <span class='ocrx_word' id='word_1_145' title='bbox 1576 2329 1695 2391; x_wconf 90' lang='lat' dir='ltr'>hoc</span> <span class='ocrx_word' id='word_1_146' title='bbox 1742 2329 1933 2390; x_wconf 91' lang='lat' dir='ltr'>dubio</span> <span class='ocrx_word' id='word_1_147' title='bbox 1965 2348 2088 2390; x_wconf 92' lang='lat' dir='ltr'>non</span> <span class='ocrx_word' id='word_1_148' title='bbox 2121 2333 2317 2408; x_wconf 89' lang='lat' dir='ltr'>agunt</span> <span class='ocrx_word' id='word_1_149' title='bbox 2345 2328 2458 2389; x_wconf 92' lang='lat' dir='ltr'>do-</span> 
     </span>
     <span class='ocr_line' id='line_1_26' title="bbox 921 2421 2458 2499; baseline -0.003 -14"><span class='ocrx_word' id='word_1_150' title='bbox 921 2428 1123 2485; x_wconf 87' lang='lat' dir='ltr'>ctores</span> <span class='ocrx_word' id='word_1_151' title='bbox 1156 2444 1170 2485; x_wconf 91' lang='lat'>:</span> <span class='ocrx_word' id='word_1_152' title='bbox 1199 2441 1343 2484; x_wconf 92' lang='lat' dir='ltr'>cum</span> <span class='ocrx_word' id='word_1_153' title='bbox 1387 2427 1598 2484; x_wconf 89' lang='lat' dir='ltr'>tamen</span> <span class='ocrx_word' id='word_1_154' title='bbox 1646 2423 1847 2482; x_wconf 90' lang='lat' dir='ltr'>solum</span> <span class='ocrx_word' id='word_1_155' title='bbox 1894 2421 2148 2499; x_wconf 84' lang='lat' dir='ltr'>exigant</span> <span class='ocrx_word' id='word_1_156' title='bbox 2202 2440 2458 2482; x_wconf 88' lang='lat' dir='ltr'>causam</span> 
     </span>
     <span class='ocr_line' id='line_1_27' title="bbox 912 2513 2452 2596; baseline -0.003 -18"><span class='ocrx_word' id='word_1_157' title='bbox 912 2518 1152 2596; x_wconf 79' lang='lat' dir='ltr'>justam</span> <span class='ocrx_word' id='word_1_158' title='bbox 1199 2517 1280 2575; x_wconf 92' lang='lat' dir='ltr'>ad</span> <span class='ocrx_word' id='word_1_159' title='bbox 1323 2516 1443 2576; x_wconf 91' lang='lat' dir='ltr'>hoc</span> <span class='ocrx_word' id='word_1_160' title='bbox 1484 2518 1555 2575; x_wconf 91' lang='lat' dir='ltr'>ut</span> <span class='ocrx_word' id='word_1_161' title='bbox 1599 2515 1764 2576; x_wconf 89' lang='lat' dir='ltr'>licite</span> <span class='ocrx_word' id='word_1_162' title='bbox 1812 2514 2174 2593; x_wconf 88' lang='lat' dir='ltr'>imponatur</span> <span class='ocrx_word' id='word_1_163' title='bbox 2212 2513 2452 2592; x_wconf 87' lang='lat' dir='ltr'>pensio,</span> 
     </span>
     <span class='ocr_line' id='line_1_28' title="bbox 922 2607 2458 2688; baseline -0.003 -18"><span class='ocrx_word' id='word_1_164' title='bbox 922 2629 1046 2672; x_wconf 89' lang='lat' dir='ltr'>non</span> <span class='ocrx_word' id='word_1_165' title='bbox 1114 2613 1464 2688; x_wconf 88' lang='lat' dir='ltr'>agnoscunt</span> <span class='ocrx_word' id='word_1_166' title='bbox 1529 2607 1974 2686; x_wconf 82' lang='lat' dir='ltr'>obligationem</span> <span class='ocrx_word' id='word_1_167' title='bbox 2045 2607 2458 2686; x_wconf 84' lang='lat' dir='ltr'>comparandi</span> 
     </span>
     <span class='ocr_line' id='line_1_29' title="bbox 920 2699 2459 2782; baseline -0.002 -18"><span class='ocrx_word' id='word_1_168' title='bbox 920 2703 1389 2782; x_wconf 86' lang='lat' dir='ltr'>pensionarium</span> <span class='ocrx_word' id='word_1_169' title='bbox 1427 2719 1572 2762; x_wconf 92' lang='lat' dir='ltr'>cum</span> <span class='ocrx_word' id='word_1_170' title='bbox 1618 2700 1776 2777; x_wconf 89' lang='lat' dir='ltr'>aliis,</span> <span class='ocrx_word' id='word_1_171' title='bbox 1823 2705 1886 2761; x_wconf 89' lang='lat' dir='ltr'>et</span> <span class='ocrx_word' id='word_1_172' title='bbox 1929 2699 2257 2780; x_wconf 89' lang='lat' dir='ltr'>judicandi</span> <span class='ocrx_word' id='word_1_173' title='bbox 2293 2700 2459 2761; x_wconf 87' lang='lat' dir='ltr'>hunc</span> 
     </span>
     <span class='ocr_line' id='line_1_30' title="bbox 922 2792 2457 2872; baseline -0.003 -16"><span class='ocrx_word' id='word_1_174' title='bbox 922 2814 1056 2856; x_wconf 91' lang='lat' dir='ltr'>esse</span> <span class='ocrx_word' id='word_1_175' title='bbox 1083 2795 1222 2855; x_wconf 87' lang='lat' dir='ltr'>aliis</span> <span class='ocrx_word' id='word_1_176' title='bbox 1252 2793 1601 2872; x_wconf 89' lang='lat' dir='ltr'>digniorem</span> <span class='ocrx_word' id='word_1_177' title='bbox 1630 2793 1729 2852; x_wconf 85' lang='lat' dir='ltr'>vel</span> <span class='ocrx_word' id='word_1_178' title='bbox 1758 2811 1937 2871; x_wconf 86' lang='lat' dir='ltr'>aeque</span> <span class='ocrx_word' id='word_1_179' title='bbox 1959 2792 2242 2870; x_wconf 89' lang='lat' dir='ltr'>dignum.</span> <span class='ocrx_word' id='word_1_180' title='bbox 2280 2792 2457 2854; x_wconf 81' lang='lat' dir='ltr'>Ratio</span> 
     </span>
     <span class='ocr_line' id='line_1_31' title="bbox 921 2885 2462 2964; baseline 0.001 -17"><span class='ocrx_word' id='word_1_181' title='bbox 921 2893 1131 2949; x_wconf 89' lang='lat' dir='ltr'>autem</span> <span class='ocrx_word' id='word_1_182' title='bbox 1147 2905 1282 2947; x_wconf 90' lang='lat' dir='ltr'>esse</span> <span class='ocrx_word' id='word_1_183' title='bbox 1312 2889 1549 2964; x_wconf 89' lang='lat' dir='ltr'>potest,</span> <span class='ocrx_word' id='word_1_184' title='bbox 1583 2885 1731 2964; x_wconf 88' lang='lat' dir='ltr'>quia</span> <span class='ocrx_word' id='word_1_185' title='bbox 1759 2903 1903 2946; x_wconf 91' lang='lat' dir='ltr'>cum</span> <span class='ocrx_word' id='word_1_186' title='bbox 1924 2885 2141 2963; x_wconf 91' lang='lat' dir='ltr'>pensio</span> <span class='ocrx_word' id='word_1_187' title='bbox 2157 2886 2462 2964; x_wconf 89' lang='lat' dir='ltr'>procedat</span> 
     </span>
     <span class='ocr_line' id='line_1_32' title="bbox 922 2977 2460 3057; baseline -0.001 -16"><span class='ocrx_word' id='word_1_188' title='bbox 922 3000 998 3041; x_wconf 88' lang='lat' dir='ltr'>ex</span> <span class='ocrx_word' id='word_1_189' title='bbox 1025 2979 1399 3041; x_wconf 82' lang='lat' dir='ltr'>liberalitate</span> <span class='ocrx_word' id='word_1_190' title='bbox 1421 2977 1738 3054; x_wconf 83' lang='lat' dir='ltr'>Ecclesiae,</span> <span class='ocrx_word' id='word_1_191' title='bbox 1772 2996 1914 3055; x_wconf 86' lang='lat' dir='ltr'>quae</span> <span class='ocrx_word' id='word_1_192' title='bbox 1935 2977 2175 3057; x_wconf 87' lang='lat' dir='ltr'>justam</span> <span class='ocrx_word' id='word_1_193' title='bbox 2204 2978 2284 3038; x_wconf 89' lang='lat' dir='ltr'>ob</span> <span class='ocrx_word' id='word_1_194' title='bbox 2314 2996 2460 3039; x_wconf 87' lang='lat' dir='ltr'>cau-</span> 
     </span>
     <span class='ocr_line' id='line_1_33' title="bbox 922 3070 2460 3148; baseline -0.001 -15"><span class='ocrx_word' id='word_1_195' title='bbox 922 3091 1059 3133; x_wconf 85' lang='lat' dir='ltr'>sam</span> <span class='ocrx_word' id='word_1_196' title='bbox 1088 3071 1361 3132; x_wconf 87' lang='lat' dir='ltr'>extrahit</span> <span class='ocrx_word' id='word_1_197' title='bbox 1389 3074 1631 3148; x_wconf 87' lang='lat' dir='ltr'>partem</span> <span class='ocrx_word' id='word_1_198' title='bbox 1659 3071 1972 3130; x_wconf 83' lang='lat' dir='ltr'>fructuun</span> <span class='ocrx_word' id='word_1_199' title='bbox 2016 3070 2348 3146; x_wconf 82' lang='lat' dir='ltr'>beneficii,</span> <span class='ocrx_word' id='word_1_200' title='bbox 2390 3075 2460 3132; x_wconf 90' lang='lat' dir='ltr'>ut</span> 
     </span>
     <span class='ocr_line' id='line_1_34' title="bbox 922 3162 2459 3242; baseline -0.001 -16"><span class='ocrx_word' id='word_1_201' title='bbox 922 3164 1107 3226; x_wconf 89' lang='lat' dir='ltr'>detur</span> <span class='ocrx_word' id='word_1_202' title='bbox 1133 3163 1339 3239; x_wconf 90' lang='lat' dir='ltr'>alicui,</span> <span class='ocrx_word' id='word_1_203' title='bbox 1373 3180 1497 3223; x_wconf 92' lang='lat' dir='ltr'>non</span> <span class='ocrx_word' id='word_1_204' title='bbox 1527 3165 1622 3224; x_wconf 91' lang='lat' dir='ltr'>est</span> <span class='ocrx_word' id='word_1_205' title='bbox 1660 3162 1828 3242; x_wconf 88' lang='lat' dir='ltr'>quod</span> <span class='ocrx_word' id='word_1_206' title='bbox 1873 3162 2100 3225; x_wconf 88' lang='lat' dir='ltr'>debeat</span> <span class='ocrx_word' id='word_1_207' title='bbox 2123 3162 2258 3223; x_wconf 85' lang='lat' dir='ltr'>fieri</span> <span class='ocrx_word' id='word_1_208' title='bbox 2287 3181 2459 3225; x_wconf 91' lang='lat' dir='ltr'>com-</span> 
     </span>
     <span class='ocr_line' id='line_1_35' title="bbox 921 3257 2457 3337; baseline -0.001 -19"><span class='ocrx_word' id='word_1_209' title='bbox 921 3258 1166 3337; x_wconf 90' lang='lat' dir='ltr'>paratio</span> <span class='ocrx_word' id='word_1_210' title='bbox 1200 3275 1344 3318; x_wconf 88' lang='lat' dir='ltr'>cum</span> <span class='ocrx_word' id='word_1_211' title='bbox 1375 3257 1512 3317; x_wconf 88' lang='lat' dir='ltr'>aliis</span> <span class='ocrx_word' id='word_1_212' title='bbox 1546 3277 1558 3317; x_wconf 90' lang='lat'><strong>:</strong></span> <span class='ocrx_word' id='word_1_213' title='bbox 1594 3275 1718 3318; x_wconf 90' lang='lat' dir='ltr'>non</span> <span class='ocrx_word' id='word_1_214' title='bbox 1755 3257 1921 3317; x_wconf 91' lang='lat' dir='ltr'>enim</span> <span class='ocrx_word' id='word_1_215' title='bbox 1966 3263 2059 3318; x_wconf 88' lang='lat' dir='ltr'>est</span> <span class='ocrx_word' id='word_1_216' title='bbox 2104 3257 2457 3319; x_wconf 88' lang='lat' dir='ltr'>distributio</span> 
     </span>
     <span class='ocr_line' id='line_1_36' title="bbox 922 3350 2459 3430; baseline -0.002 -18"><span class='ocrx_word' id='word_1_217' title='bbox 922 3351 1298 3428; x_wconf 88' lang='lat' dir='ltr'>officiorum,</span> <span class='ocrx_word' id='word_1_218' title='bbox 1333 3350 1482 3430; x_wconf 91' lang='lat' dir='ltr'>quia</span> <span class='ocrx_word' id='word_1_219' title='bbox 1523 3350 1740 3430; x_wconf 89' lang='lat' dir='ltr'>pensio</span> <span class='ocrx_word' id='word_1_220' title='bbox 1770 3368 1896 3411; x_wconf 89' lang='lat' dir='ltr'>non</span> <span class='ocrx_word' id='word_1_221' title='bbox 1944 3354 2037 3411; x_wconf 91' lang='lat' dir='ltr'>est</span> <span class='ocrx_word' id='word_1_222' title='bbox 2081 3350 2459 3411; x_wconf 88' lang='lat' dir='ltr'>beneficium</span> 
     </span>
     <span class='ocr_line' id='line_1_37' title="bbox 921 3442 2460 3521; baseline -0.001 -18"><span class='ocrx_word' id='word_1_223' title='bbox 921 3445 1020 3505; x_wconf 83' lang='lat' dir='ltr'>vel</span> <span class='ocrx_word' id='word_1_224' title='bbox 1052 3444 1352 3519; x_wconf 84' lang='lat' dir='ltr'>officium,</span> <span class='ocrx_word' id='word_1_225' title='bbox 1386 3442 1497 3503; x_wconf 90' lang='lat' dir='ltr'>sed</span> <span class='ocrx_word' id='word_1_226' title='bbox 1526 3448 1621 3504; x_wconf 86' lang='lat' dir='ltr'>est</span> <span class='ocrx_word' id='word_1_227' title='bbox 1647 3442 1902 3505; x_wconf 88' lang='lat' dir='ltr'>donatio</span> <span class='ocrx_word' id='word_1_228' title='bbox 1923 3442 2224 3519; x_wconf 89' lang='lat' dir='ltr'>liberalis,</span> <span class='ocrx_word' id='word_1_229' title='bbox 2249 3442 2311 3502; x_wconf 91' lang='lat' dir='ltr'>in</span> <span class='ocrx_word' id='word_1_230' title='bbox 2335 3460 2460 3521; x_wconf 89' lang='lat' dir='ltr'>qua</span> 
     </span>
     <span class='ocr_line' id='line_1_38' title="bbox 924 3534 2459 3614; baseline -0.003 -15"><span class='ocrx_word' id='word_1_231' title='bbox 924 3556 1050 3599; x_wconf 91' lang='lat' dir='ltr'>non</span> <span class='ocrx_word' id='word_1_232' title='bbox 1078 3536 1537 3598; x_wconf 89' lang='lat' dir='ltr'>distribuuntur</span> <span class='ocrx_word' id='word_1_233' title='bbox 1563 3536 1731 3597; x_wconf 89' lang='lat' dir='ltr'>bona</span> <span class='ocrx_word' id='word_1_234' title='bbox 1759 3535 2139 3611; x_wconf 90' lang='lat' dir='ltr'>communia,</span> <span class='ocrx_word' id='word_1_235' title='bbox 2173 3534 2285 3596; x_wconf 90' lang='lat' dir='ltr'>sed</span> <span class='ocrx_word' id='word_1_236' title='bbox 2312 3553 2459 3614; x_wconf 87' lang='lat' dir='ltr'>pro-</span> 
     </span>
     <span class='ocr_line' id='line_1_39' title="bbox 922 3628 2462 3710; baseline -0.002 -20"><span class='ocrx_word' id='word_1_237' title='bbox 922 3630 1060 3710; x_wconf 87' lang='lat' dir='ltr'>pria</span> <span class='ocrx_word' id='word_1_238' title='bbox 1107 3628 1293 3709; x_wconf 87' lang='lat' dir='ltr'>hujus</span> <span class='ocrx_word' id='word_1_239' title='bbox 1344 3628 1725 3689; x_wconf 85' lang='lat' dir='ltr'>beneficiarii</span> <span class='ocrx_word' id='word_1_240' title='bbox 1784 3628 2332 3690; x_wconf 89' lang='lat' dir='ltr'>communicantur</span> <span class='ocrx_word' id='word_1_241' title='bbox 2386 3647 2462 3688; x_wconf 86' lang='lat' dir='ltr'>ex</span> 
     </span>
     <span class='ocr_line' id='line_1_40' title="bbox 912 3720 2458 3803; baseline -0.003 -19"><span class='ocrx_word' id='word_1_242' title='bbox 912 3725 1086 3803; x_wconf 85' lang='lat' dir='ltr'>justa</span> <span class='ocrx_word' id='word_1_243' title='bbox 1112 3741 1302 3784; x_wconf 87' lang='lat' dir='ltr'>causa</span> <span class='ocrx_word' id='word_1_244' title='bbox 1322 3722 1500 3783; x_wconf 90' lang='lat' dir='ltr'>alteri</span> <span class='ocrx_word' id='word_1_245' title='bbox 1520 3741 1536 3795; x_wconf 79' lang='lat'>3</span> <span class='ocrx_word' id='word_1_246' title='bbox 1570 3740 1685 3782; x_wconf 91' lang='lat' dir='ltr'>nec</span> <span class='ocrx_word' id='word_1_247' title='bbox 1706 3726 1799 3782; x_wconf 87' lang='lat' dir='ltr'>est</span> <span class='ocrx_word' id='word_1_248' title='bbox 1818 3720 2166 3799; x_wconf 79' lang='lat' dir='ltr'>periculum</span> <span class='ocrx_word' id='word_1_249' title='bbox 2188 3720 2458 3800; x_wconf 89' lang='lat' dir='ltr'>eligendi</span> 
     </span>
     <span class='ocr_line' id='line_1_41' title="bbox 920 3813 2462 3894; baseline -0.001 -17"><span class='ocrx_word' id='word_1_250' title='bbox 920 3816 1237 3877; x_wconf 89' lang='lat' dir='ltr'>ministros</span> <span class='ocrx_word' id='word_1_251' title='bbox 1265 3815 1578 3894; x_wconf 90' lang='lat' dir='ltr'>indignos,</span> <span class='ocrx_word' id='word_1_252' title='bbox 1613 3832 1756 3874; x_wconf 91' lang='lat' dir='ltr'>cum</span> <span class='ocrx_word' id='word_1_253' title='bbox 1782 3813 2219 3893; x_wconf 84' lang='lat' dir='ltr'>pensionarius</span> <span class='ocrx_word' id='word_1_254' title='bbox 2240 3813 2462 3875; x_wconf 88' lang='lat' dir='ltr'>nonsit</span> 
     </span>
     <span class='ocr_line' id='line_1_42' title="bbox 919 3907 2459 3989; baseline -0.001 -20"><span class='ocrx_word' id='word_1_255' title='bbox 919 3909 1206 3970; x_wconf 89' lang='lat' dir='ltr'>minister</span> <span class='ocrx_word' id='word_1_256' title='bbox 1231 3908 1482 3989; x_wconf 89' lang='lat' dir='ltr'>proprie</span> <span class='ocrx_word' id='word_1_257' title='bbox 1502 3954 1518 3984; x_wconf 90' lang='lat'>‚</span> <span class='ocrx_word' id='word_1_258' title='bbox 1553 3908 1664 3967; x_wconf 91' lang='lat' dir='ltr'>sed</span> <span class='ocrx_word' id='word_1_259' title='bbox 1696 3912 1791 3969; x_wconf 88' lang='lat' dir='ltr'>est</span> <span class='ocrx_word' id='word_1_260' title='bbox 1820 3907 1997 3986; x_wconf 88' lang='lat' dir='ltr'>quasi</span> <span class='ocrx_word' id='word_1_261' title='bbox 2027 3907 2247 3968; x_wconf 88' lang='lat' dir='ltr'>electio</span> <span class='ocrx_word' id='word_1_262' title='bbox 2275 3907 2459 3968; x_wconf 89' lang='lat' dir='ltr'>unius</span> 
     </span>
     <span class='ocr_line' id='line_1_43' title="bbox 921 4000 2454 4081; baseline 0 -21"><span class='ocrx_word' id='word_1_263' title='bbox 921 4002 986 4061; x_wconf 93' lang='lat' dir='ltr'>in</span> <span class='ocrx_word' id='word_1_264' title='bbox 1043 4020 1235 4081; x_wconf 84' lang='lat' dir='ltr'>quem</span> <span class='ocrx_word' id='word_1_265' title='bbox 1284 4000 1566 4062; x_wconf 85' lang='lat' dir='ltr'>Ecclesia</span> <span class='ocrx_word' id='word_1_266' title='bbox 1633 4005 1922 4061; x_wconf 85' lang='lat' dir='ltr'>exerceat</span> <span class='ocrx_word' id='word_1_267' title='bbox 1992 4000 2454 4078; x_wconf 89' lang='lat' dir='ltr'>liberalitatem,</span> 
     </span>
     <span class='ocr_line' id='line_1_44' title="bbox 922 4092 2459 4171; baseline -0.002 -17"><span class='ocrx_word' id='word_1_268' title='bbox 922 4093 1444 4155; x_wconf 88' lang='lat' dir='ltr'>communicando</span> <span class='ocrx_word' id='word_1_269' title='bbox 1493 4093 1547 4153; x_wconf 94' lang='lat' dir='ltr'>ei</span> <span class='ocrx_word' id='word_1_270' title='bbox 1592 4093 1832 4171; x_wconf 90' lang='lat' dir='ltr'>aliquid</span> <span class='ocrx_word' id='word_1_271' title='bbox 1873 4093 1952 4153; x_wconf 91' lang='lat' dir='ltr'>de</span> <span class='ocrx_word' id='word_1_272' title='bbox 1990 4092 2173 4154; x_wconf 90' lang='lat' dir='ltr'>bonis</span> <span class='ocrx_word' id='word_1_273' title='bbox 2203 4111 2459 4154; x_wconf 91' lang='lat' dir='ltr'>suorum</span> 
     </span>
     <span class='ocr_line' id='line_1_45' title="bbox 921 4184 2463 4265; baseline 0.001 -19"><span class='ocrx_word' id='word_1_274' title='bbox 921 4186 1353 4247; x_wconf 90' lang='lat' dir='ltr'>ministrorum</span> <span class='ocrx_word' id='word_1_275' title='bbox 1386 4205 1399 4246; x_wconf 76' lang='grc' dir='ltr'><strong><em>ε</em></strong></span> <span class='ocrx_word' id='word_1_276' title='bbox 1435 4185 1515 4245; x_wconf 88' lang='lat' dir='ltr'>ad</span> <span class='ocrx_word' id='word_1_277' title='bbox 1545 4186 1715 4265; x_wconf 87' lang='lat' dir='ltr'>quod</span> <span class='ocrx_word' id='word_1_278' title='bbox 1745 4184 1975 4246; x_wconf 88' lang='lat' dir='ltr'>sufficit</span> <span class='ocrx_word' id='word_1_279' title='bbox 2001 4203 2195 4246; x_wconf 87' lang='lat' dir='ltr'>causa</span> <span class='ocrx_word' id='word_1_280' title='bbox 2219 4203 2359 4264; x_wconf 86' lang='lat' dir='ltr'>quae</span> <span class='ocrx_word' id='word_1_281' title='bbox 2381 4185 2463 4247; x_wconf 87' lang='lat' dir='ltr'>sit</span> 
     </span>
     <span class='ocr_line' id='line_1_46' title="bbox 925 4277 2461 4339; baseline -0.001 0"><span class='ocrx_word' id='word_1_282' title='bbox 925 4278 1315 4339; x_wconf 87' lang='lat' dir='ltr'>rationabilis</span> <span class='ocrx_word' id='word_1_283' title='bbox 1345 4278 1424 4338; x_wconf 92' lang='lat' dir='ltr'>ad</span> <span class='ocrx_word' id='word_1_284' title='bbox 1456 4278 1646 4338; x_wconf 90' lang='lat' dir='ltr'>talem</span> <span class='ocrx_word' id='word_1_285' title='bbox 1693 4277 2136 4339; x_wconf 89' lang='lat' dir='ltr'>liberalitatem</span> <span class='ocrx_word' id='word_1_286' title='bbox 2166 4296 2461 4339; x_wconf 85' lang='lat' dir='ltr'>exercen-</span> 
     </span>
     <span class='ocr_line' id='line_1_47' title="bbox 927 4371 2457 4450; baseline -0.001 -17"><span class='ocrx_word' id='word_1_287' title='bbox 927 4373 1098 4433; x_wconf 89' lang='lat' dir='ltr'>dam.</span> <span class='ocrx_word' id='word_1_288' title='bbox 1136 4373 1275 4431; x_wconf 92' lang='lat' dir='ltr'>Non</span> <span class='ocrx_word' id='word_1_289' title='bbox 1302 4375 1515 4432; x_wconf 90' lang='lat' dir='ltr'>tamen</span> <span class='ocrx_word' id='word_1_290' title='bbox 1542 4371 1794 4432; x_wconf 87' lang='lat' dir='ltr'>videtur</span> <span class='ocrx_word' id='word_1_291' title='bbox 1838 4371 2199 4450; x_wconf 88' lang='lat' dir='ltr'>negandum</span> <span class='ocrx_word' id='word_1_292' title='bbox 2221 4418 2236 4448; x_wconf 97' lang='lat'>,</span> <span class='ocrx_word' id='word_1_293' title='bbox 2289 4371 2457 4450; x_wconf 89' lang='lat' dir='ltr'>quod</span> 
     </span>
     <span class='ocr_line' id='line_1_48' title="bbox 923 4463 2460 4542; baseline 0 -18"><span class='ocrx_word' id='word_1_294' title='bbox 923 4465 974 4525; x_wconf 90' lang='lat' dir='ltr'>si</span> <span class='ocrx_word' id='word_1_295' title='bbox 1018 4484 1093 4525; x_wconf 84' lang='lat' dir='ltr'>ex</span> <span class='ocrx_word' id='word_1_296' title='bbox 1134 4464 1323 4525; x_wconf 90' lang='lat' dir='ltr'>modo</span> <span class='ocrx_word' id='word_1_297' title='bbox 1370 4463 1733 4542; x_wconf 91' lang='lat' dir='ltr'>imponendi</span> <span class='ocrx_word' id='word_1_298' title='bbox 1783 4464 2116 4542; x_wconf 87' lang='lat' dir='ltr'>pensiones</span> <span class='ocrx_word' id='word_1_299' title='bbox 2165 4468 2227 4525; x_wconf 90' lang='lat' dir='ltr'>et</span> <span class='ocrx_word' id='word_1_300' title='bbox 2262 4468 2460 4525; x_wconf 82' lang='lat' dir='ltr'>extra-</span> 
     </span>
     <span class='ocr_line' id='line_1_49' title="bbox 922 4556 2461 4636; baseline -0.001 -18"><span class='ocrx_word' id='word_1_301' title='bbox 922 4558 1117 4618; x_wconf 89' lang='lat' dir='ltr'>hendi</span> <span class='ocrx_word' id='word_1_302' title='bbox 1142 4561 1389 4636; x_wconf 87' lang='lat' dir='ltr'>partem</span> <span class='ocrx_word' id='word_1_303' title='bbox 1419 4556 1737 4617; x_wconf 88' lang='lat' dir='ltr'>fructuum</span> <span class='ocrx_word' id='word_1_304' title='bbox 1765 4575 1877 4634; x_wconf 92' lang='lat' dir='ltr'>pro</span> <span class='ocrx_word' id='word_1_305' title='bbox 1908 4556 2159 4633; x_wconf 84' lang='lat' dir='ltr'>talibuS,</span> <span class='ocrx_word' id='word_1_306' title='bbox 2194 4558 2292 4617; x_wconf 85' lang='lat' dir='ltr'>vel</span> <span class='ocrx_word' id='word_1_307' title='bbox 2321 4557 2461 4618; x_wconf 87' lang='lat' dir='ltr'>tali-</span> 
     </span>
     <span class='ocr_line' id='line_1_50' title="bbox 923 4650 2460 4730; baseline -0.001 -18"><span class='ocrx_word' id='word_1_308' title='bbox 923 4652 1040 4712; x_wconf 90' lang='lat' dir='ltr'>bus</span> <span class='ocrx_word' id='word_1_309' title='bbox 1069 4650 1387 4730; x_wconf 82' lang='lat' dir='ltr'>personiS,</span> <span class='ocrx_word' id='word_1_310' title='bbox 1444 4650 1759 4712; x_wconf 86' lang='lat' dir='ltr'>orirentur</span> <span class='ocrx_word' id='word_1_311' title='bbox 1794 4650 2195 4711; x_wconf 90' lang='lat' dir='ltr'>incommoda</span> <span class='ocrx_word' id='word_1_312' title='bbox 2240 4654 2460 4711; x_wconf 90' lang='lat' dir='ltr'>contra</span> 
     </span>
     <span class='ocr_line' id='line_1_51' title="bbox 922 4743 2462 4821; baseline -0.001 -16"><span class='ocrx_word' id='word_1_313' title='bbox 922 4745 1160 4805; x_wconf 89' lang='lat' dir='ltr'>bonum</span> <span class='ocrx_word' id='word_1_314' title='bbox 1191 4762 1524 4805; x_wconf 91' lang='lat' dir='ltr'>commune</span> <span class='ocrx_word' id='word_1_315' title='bbox 1553 4743 1869 4820; x_wconf 79' lang='lat' dir='ltr'>Ecclesiae,</span> <span class='ocrx_word' id='word_1_316' title='bbox 1903 4748 2195 4821; x_wconf 89' lang='lat' dir='ltr'>peccaret</span> <span class='ocrx_word' id='word_1_317' title='bbox 2221 4748 2462 4805; x_wconf 85' lang='lat' dir='ltr'>morta·</span> 
     </span>
     <span class='ocr_line' id='line_1_52' title="bbox 922 4836 2463 4915; baseline -0.002 -17"><span class='ocrx_word' id='word_1_318' title='bbox 922 4839 1086 4914; x_wconf 90' lang='lat' dir='ltr'>liter,</span> <span class='ocrx_word' id='word_1_319' title='bbox 1120 4836 1224 4915; x_wconf 89' lang='lat' dir='ltr'>qui</span> <span class='ocrx_word' id='word_1_320' title='bbox 1254 4837 1393 4896; x_wconf 88' lang='lat' dir='ltr'>illas</span> <span class='ocrx_word' id='word_1_321' title='bbox 1422 4836 1727 4914; x_wconf 89' lang='lat' dir='ltr'>imponit,</span> <span class='ocrx_word' id='word_1_322' title='bbox 1769 4855 1911 4896; x_wconf 92' lang='lat' dir='ltr'>cum</span> <span class='ocrx_word' id='word_1_323' title='bbox 1941 4842 2158 4915; x_wconf 88' lang='lat' dir='ltr'>ageret</span> <span class='ocrx_word' id='word_1_324' title='bbox 2185 4838 2463 4915; x_wconf 87' lang='lat' dir='ltr'>graviter</span> 
     </span>
     <span class='ocr_line' id='line_1_53' title="bbox 923 4928 2462 5008; baseline -0.002 -17"><span class='ocrx_word' id='word_1_325' title='bbox 923 4936 1145 4993; x_wconf 90' lang='lat' dir='ltr'>contra</span> <span class='ocrx_word' id='word_1_326' title='bbox 1174 4929 1623 5007; x_wconf 82' lang='lat' dir='ltr'>obligationem</span> <span class='ocrx_word' id='word_1_327' title='bbox 1645 4947 1833 5008; x_wconf 88' lang='lat' dir='ltr'>quam</span> <span class='ocrx_word' id='word_1_328' title='bbox 1855 4928 2069 5005; x_wconf 85' lang='lat' dir='ltr'>hahet,</span> <span class='ocrx_word' id='word_1_329' title='bbox 2095 4928 2462 4991; x_wconf 88' lang='lat' dir='ltr'>consulendi</span> 
     </span>
     <span class='ocr_line' id='line_1_54' title="bbox 924 5020 2464 5101; baseline 0 -16"><span class='ocrx_word' id='word_1_330' title='bbox 924 5025 1091 5085; x_wconf 91' lang='lat' dir='ltr'>bono</span> <span class='ocrx_word' id='word_1_331' title='bbox 1133 5022 1429 5082; x_wconf 60' lang='lat' dir='ltr'>Ecclesiae</span> <span class='ocrx_word' id='word_1_332' title='bbox 1464 5042 1477 5082; x_wconf 90' lang='lat'>:</span> <span class='ocrx_word' id='word_1_333' title='bbox 1514 5040 1709 5100; x_wconf 86' lang='lat' dir='ltr'>quare</span> <span class='ocrx_word' id='word_1_334' title='bbox 1742 5040 1817 5081; x_wconf 88' lang='lat' dir='ltr'>ex</span> <span class='ocrx_word' id='word_1_335' title='bbox 1858 5020 1979 5082; x_wconf 88' lang='lat' dir='ltr'>hac</span> <span class='ocrx_word' id='word_1_336' title='bbox 2028 5028 2206 5100; x_wconf 87' lang='lat' dir='ltr'>parte</span> <span class='ocrx_word' id='word_1_337' title='bbox 2253 5027 2464 5101; x_wconf 89' lang='lat' dir='ltr'>posset</span> 
     </span>
     <span class='ocr_line' id='line_1_55' title="bbox 923 5115 2461 5196; baseline -0.001 -18"><span class='ocrx_word' id='word_1_338' title='bbox 923 5115 1263 5196; x_wconf 88' lang='lat' dir='ltr'>aliquando</span> <span class='ocrx_word' id='word_1_339' title='bbox 1294 5134 1428 5176; x_wconf 90' lang='lat' dir='ltr'>esse</span> <span class='ocrx_word' id='word_1_340' title='bbox 1461 5115 1757 5194; x_wconf 91' lang='lat' dir='ltr'>obligatio</span> <span class='ocrx_word' id='word_1_341' title='bbox 1789 5115 2196 5192; x_wconf 85' lang='lat' dir='ltr'>comparandi</span> <span class='ocrx_word' id='word_1_342' title='bbox 2219 5116 2461 5195; x_wconf 91' lang='lat' dir='ltr'>pensio-</span> 
     </span>
     <span class='ocr_line' id='line_1_56' title="bbox 927 5208 2460 5288; baseline 0 -18"><span class='ocrx_word' id='word_1_343' title='bbox 927 5211 1178 5272; x_wconf 90' lang='lat' dir='ltr'>narium</span> <span class='ocrx_word' id='word_1_344' title='bbox 1208 5226 1352 5268; x_wconf 94' lang='lat' dir='ltr'>cum</span> <span class='ocrx_word' id='word_1_345' title='bbox 1399 5209 1555 5269; x_wconf 85' lang='lat' dir='ltr'>aliis.</span> <span class='ocrx_word' id='word_1_346' title='bbox 1603 5211 1685 5271; x_wconf 90' lang='lat' dir='ltr'>Ut</span> <span class='ocrx_word' id='word_1_347' title='bbox 1729 5208 1780 5268; x_wconf 91' lang='lat' dir='ltr'>si</span> <span class='ocrx_word' id='word_1_348' title='bbox 1829 5208 2193 5288; x_wconf 90' lang='lat' dir='ltr'>imponatur</span> <span class='ocrx_word' id='word_1_349' title='bbox 2243 5210 2460 5288; x_wconf 87' lang='lat' dir='ltr'>pensio</span> 
     </span>
     <span class='ocr_line' id='line_1_57' title="bbox 925 5300 2463 5382; baseline -0.001 -18"><span class='ocrx_word' id='word_1_350' title='bbox 925 5322 1070 5364; x_wconf 91' lang='lat' dir='ltr'>cum</span> <span class='ocrx_word' id='word_1_351' title='bbox 1099 5300 1464 5382; x_wconf 87' lang='lat' dir='ltr'>praejudicio</span> <span class='ocrx_word' id='word_1_352' title='bbox 1487 5301 1915 5378; x_wconf 78' lang='lat' dir='ltr'>beneficiarii,</span> <span class='ocrx_word' id='word_1_353' title='bbox 1952 5301 2056 5379; x_wconf 89' lang='lat' dir='ltr'>qui</span> <span class='ocrx_word' id='word_1_354' title='bbox 2088 5301 2340 5380; x_wconf 89' lang='lat' dir='ltr'>dignior</span> <span class='ocrx_word' id='word_1_355' title='bbox 2367 5307 2463 5363; x_wconf 91' lang='lat' dir='ltr'>est</span> 
     </span>
     <span class='ocr_line' id='line_1_58' title="bbox 926 5394 2462 5474; baseline -0.001 -17"><span class='ocrx_word' id='word_1_356' title='bbox 926 5396 1221 5457; x_wconf 64' lang='lat' dir='ltr'>Ecclesia}</span> <span class='ocrx_word' id='word_1_357' title='bbox 1251 5395 1464 5457; x_wconf 88' lang='lat' dir='ltr'>utilior</span> <span class='ocrx_word' id='word_1_358' title='bbox 1492 5413 1684 5474; x_wconf 90' lang='lat' dir='ltr'>quam</span> <span class='ocrx_word' id='word_1_359' title='bbox 1713 5394 2153 5474; x_wconf 88' lang='lat' dir='ltr'>pensionarius</span> <span class='ocrx_word' id='word_1_360' title='bbox 2176 5440 2192 5471; x_wconf 89' lang='lat'>,</span> <span class='ocrx_word' id='word_1_361' title='bbox 2226 5401 2290 5456; x_wconf 89' lang='lat' dir='ltr'>et</span> <span class='ocrx_word' id='word_1_362' title='bbox 2317 5395 2462 5456; x_wconf 82' lang='lat' dir='ltr'>inde</span> 
     </span>
     <span class='ocr_line' id='line_1_59' title="bbox 930 5487 2464 5568; baseline 0 -19"><span class='ocrx_word' id='word_1_363' title='bbox 930 5489 997 5549; x_wconf 82' lang='lat' dir='ltr'>fit</span> <span class='ocrx_word' id='word_1_364' title='bbox 1024 5493 1094 5550; x_wconf 91' lang='lat' dir='ltr'>ut</span> <span class='ocrx_word' id='word_1_365' title='bbox 1119 5488 1368 5568; x_wconf 82' lang='lat' dir='ltr'>dignior</span> <span class='ocrx_word' id='word_1_366' title='bbox 1395 5491 1618 5567; x_wconf 89' lang='lat' dir='ltr'>egeat,</span> <span class='ocrx_word' id='word_1_367' title='bbox 1675 5493 1737 5549; x_wconf 90' lang='lat' dir='ltr'>et</span> <span class='ocrx_word' id='word_1_368' title='bbox 1765 5488 1972 5548; x_wconf 90' lang='lat' dir='ltr'>minus</span> <span class='ocrx_word' id='word_1_369' title='bbox 2014 5487 2241 5566; x_wconf 91' lang='lat' dir='ltr'>dignus</span> <span class='ocrx_word' id='word_1_370' title='bbox 2271 5488 2464 5549; x_wconf 89' lang='lat' dir='ltr'>abun-</span> 
     </span>
    </p>
   </div>
   <div class='ocr_carea' id='block_1_8' title="bbox 2072 304 2962 367">
    <p class='ocr_par' dir='ltr' id='par_1_8' title="bbox 2072 304 2962 367">
     <span class='ocr_line' id='line_1_60' title="bbox 2072 304 2962 367; baseline 0.003 -5"><span class='ocrx_word' id='word_1_371' title='bbox 2072 304 2173 363; x_wconf 78' lang='lat' dir='ltr'>DE</span> <span class='ocrx_word' id='word_1_372' title='bbox 2221 305 2576 366; x_wconf 86' lang='lat' dir='ltr'>JUSTITIA</span> <span class='ocrx_word' id='word_1_373' title='bbox 2620 305 2720 365; x_wconf 82' lang='grc' dir='ltr'>ΕΤ</span> <span class='ocrx_word' id='word_1_374' title='bbox 2761 306 2962 367; x_wconf 75' lang='lat' dir='ltr'>JURE</span> 
     </span>
    </p>
   </div>
   <div class='ocr_carea' id='block_1_9' title="bbox 2552 480 4114 559">
    <p class='ocr_par' dir='ltr' id='par_1_9' title="bbox 2552 480 4114 559">
     <span class='ocr_line' id='line_1_61' title="bbox 2552 480 4114 559; baseline 0.003 -20"><span class='ocrx_word' id='word_1_375' title='bbox 2552 480 2690 554; x_wconf 84' lang='lat' dir='ltr'>det;</span> <span class='ocrx_word' id='word_1_376' title='bbox 2725 480 2786 540; x_wconf 91' lang='lat' dir='ltr'>id</span> <span class='ocrx_word' id='word_1_377' title='bbox 2818 499 2941 541; x_wconf 91' lang='lat' dir='ltr'>non</span> <span class='ocrx_word' id='word_1_378' title='bbox 2973 482 3154 542; x_wconf 84' lang='lat' dir='ltr'>fieret</span> <span class='ocrx_word' id='word_1_379' title='bbox 3193 480 3328 541; x_wconf 88' lang='lat' dir='ltr'>sine</span> <span class='ocrx_word' id='word_1_380' title='bbox 3373 481 3560 559; x_wconf 84' lang='lat' dir='ltr'>gravi</span> <span class='ocrx_word' id='word_1_381' title='bbox 3601 480 3823 542; x_wconf 90' lang='lat' dir='ltr'>damno</span> <span class='ocrx_word' id='word_1_382' title='bbox 3860 484 4001 544; x_wconf 76' lang='lat' dir='ltr'>Eccle-</span> <span class='ocrx_word' id='word_1_383' title='bbox 4111 519 4114 526; x_wconf 36' lang='grc' dir='ltr'><strong><em>ι</em></strong></span> 
     </span>
    </p>
   </div>
   <div class='ocr_carea' id='block_1_10' title="bbox 2551 573 4012 4453">
    <p class='ocr_par' dir='ltr' id='par_1_10' title="bbox 2551 573 4012 3057">
     <span class='ocr_line' id='line_1_62' title="bbox 2551 573 4004 653; baseline 0.003 -21"><span class='ocrx_word' id='word_1_384' title='bbox 2551 573 2681 648; x_wconf 83' lang='lat' dir='ltr'>siae,</span> <span class='ocrx_word' id='word_1_385' title='bbox 2716 573 2834 633; x_wconf 89' lang='lat' dir='ltr'>nisi</span> <span class='ocrx_word' id='word_1_386' title='bbox 2875 592 3067 633; x_wconf 88' lang='lat' dir='ltr'>causa</span> <span class='ocrx_word' id='word_1_387' title='bbox 3120 574 3492 651; x_wconf 90' lang='lat' dir='ltr'>imponendi</span> <span class='ocrx_word' id='word_1_388' title='bbox 3548 574 3891 653; x_wconf 85' lang='lat' dir='ltr'>pensionem</span> <span class='ocrx_word' id='word_1_389' title='bbox 3927 576 4004 637; x_wconf 78' lang='lat' dir='ltr'>hoe</span> 
     </span>
     <span class='ocr_line' id='line_1_63' title="bbox 2553 666 4005 744; baseline 0.003 -20"><span class='ocrx_word' id='word_1_390' title='bbox 2553 666 2855 724; x_wconf 90' lang='lat' dir='ltr'>damnum</span> <span class='ocrx_word' id='word_1_391' title='bbox 2885 670 3327 744; x_wconf 89' lang='lat' dir='ltr'>compensaret</span> <span class='ocrx_word' id='word_1_392' title='bbox 3348 712 3364 742; x_wconf 92' lang='lat'>,</span> <span class='ocrx_word' id='word_1_393' title='bbox 3398 667 3501 726; x_wconf 84' lang='lat' dir='ltr'>vel</span> <span class='ocrx_word' id='word_1_394' title='bbox 3529 667 3646 726; x_wconf 91' lang='lat' dir='ltr'>nisi</span> <span class='ocrx_word' id='word_1_395' title='bbox 3690 675 3938 744; x_wconf 77' lang='lat' dir='ltr'>gravatus</span> <span class='ocrx_word' id='word_1_396' title='bbox 3965 677 4005 729; x_wconf 78' lang='lat' dir='ltr'>et</span> 
     </span>
     <span class='ocr_line' id='line_1_64' title="bbox 2554 756 4005 836; baseline 0.003 -20"><span class='ocrx_word' id='word_1_397' title='bbox 2554 756 2689 835; x_wconf 90' lang='lat' dir='ltr'>ejus</span> <span class='ocrx_word' id='word_1_398' title='bbox 2717 776 3107 818; x_wconf 87' lang='lat' dir='ltr'>successores</span> <span class='ocrx_word' id='word_1_399' title='bbox 3135 763 3359 836; x_wconf 90' lang='lat' dir='ltr'>sponte</span> <span class='ocrx_word' id='word_1_400' title='bbox 3388 759 3827 834; x_wconf 81' lang='lat' dir='ltr'>consentirent,</span> <span class='ocrx_word' id='word_1_401' title='bbox 3855 779 3944 820; x_wconf 85' lang='lat' dir='ltr'>non</span> <span class='ocrx_word' id='word_1_402' title='bbox 3965 771 4005 821; x_wconf 78' lang='lat' dir='ltr'>ut</span> 
     </span>
     <span class='ocr_line' id='line_1_65' title="bbox 2556 849 4005 927; baseline 0.002 -18"><span class='ocrx_word' id='word_1_403' title='bbox 2556 849 2674 911; x_wconf 89' lang='lat' dir='ltr'>hoc</span> <span class='ocrx_word' id='word_1_404' title='bbox 2704 850 2892 911; x_wconf 89' lang='lat' dir='ltr'>modo</span> <span class='ocrx_word' id='word_1_405' title='bbox 2937 850 3319 911; x_wconf 85' lang='lat' dir='ltr'>beneficium</span> <span class='ocrx_word' id='word_1_406' title='bbox 3366 851 3719 927; x_wconf 87' lang='lat' dir='ltr'>obtineant,</span> <span class='ocrx_word' id='word_1_407' title='bbox 3768 852 3894 912; x_wconf 77' lang='lat' dir='ltr'>alias</span> <span class='ocrx_word' id='word_1_408' title='bbox 3927 872 4005 912; x_wconf 70' lang='lat' dir='ltr'>nnn</span> 
     </span>
     <span class='ocr_line' id='line_1_66' title="bbox 2556 941 4006 1022; baseline 0.002 -21"><span class='ocrx_word' id='word_1_409' title='bbox 2556 941 2830 1003; x_wconf 88' lang='lat' dir='ltr'>habituri</span> <span class='ocrx_word' id='word_1_410' title='bbox 2861 943 3004 1022; x_wconf 90' lang='lat' dir='ltr'>(hoc</span> <span class='ocrx_word' id='word_1_411' title='bbox 3034 945 3202 1003; x_wconf 92' lang='lat' dir='ltr'>enim</span> <span class='ocrx_word' id='word_1_412' title='bbox 3251 962 3375 1004; x_wconf 92' lang='lat' dir='ltr'>non</span> <span class='ocrx_word' id='word_1_413' title='bbox 3425 948 3524 1006; x_wconf 86' lang='lat' dir='ltr'>est</span> <span class='ocrx_word' id='word_1_414' title='bbox 3567 947 3789 1022; x_wconf 88' lang='lat' dir='ltr'>sponte</span> <span class='ocrx_word' id='word_1_415' title='bbox 3827 963 4006 1004; x_wconf 57' lang='lat' dir='ltr'>conset&gt;</span> 
     </span>
     <span class='ocr_line' id='line_1_67' title="bbox 2554 1033 4006 1115; baseline 0.001 -20"><span class='ocrx_word' id='word_1_416' title='bbox 2554 1033 2694 1112; x_wconf 86' lang='lat' dir='ltr'>tire)</span> <span class='ocrx_word' id='word_1_417' title='bbox 2725 1035 2834 1095; x_wconf 91' lang='lat' dir='ltr'>sed</span> <span class='ocrx_word' id='word_1_418' title='bbox 2868 1039 2935 1096; x_wconf 92' lang='lat' dir='ltr'>ut</span> <span class='ocrx_word' id='word_1_419' title='bbox 2960 1036 3340 1097; x_wconf 86' lang='lat' dir='ltr'>subveniant</span> <span class='ocrx_word' id='word_1_420' title='bbox 3367 1036 4006 1115; x_wconf 74' lang='lat' dir='ltr'>pensionario,cuijusta</span> 
     </span>
     <span class='ocr_line' id='line_1_68' title="bbox 2555 1127 4006 1207; baseline 0.003 -21"><span class='ocrx_word' id='word_1_421' title='bbox 2555 1127 2634 1187; x_wconf 93' lang='lat' dir='ltr'>de</span> <span class='ocrx_word' id='word_1_422' title='bbox 2664 1145 2852 1188; x_wconf 90' lang='lat' dir='ltr'>causa</span> <span class='ocrx_word' id='word_1_423' title='bbox 2880 1129 3098 1207; x_wconf 89' lang='lat' dir='ltr'>pensio</span> <span class='ocrx_word' id='word_1_424' title='bbox 3128 1129 3520 1190; x_wconf 87' lang='lat' dir='ltr'>conceditur.</span> <span class='ocrx_word' id='word_1_425' title='bbox 3556 1129 3733 1190; x_wconf 88' lang='lat' dir='ltr'>Idem</span> <span class='ocrx_word' id='word_1_426' title='bbox 3759 1129 4006 1190; x_wconf 82' lang='lat' dir='ltr'>dicendum</span> 
     </span>
     <span class='ocr_line' id='line_1_69' title="bbox 2556 1219 4007 1300; baseline 0.001 -21"><span class='ocrx_word' id='word_1_427' title='bbox 2556 1225 2720 1282; x_wconf 90' lang='lat' dir='ltr'>esset</span> <span class='ocrx_word' id='word_1_428' title='bbox 2759 1219 2808 1280; x_wconf 93' lang='lat' dir='ltr'>si</span> <span class='ocrx_word' id='word_1_429' title='bbox 2852 1238 2929 1280; x_wconf 88' lang='lat' dir='ltr'>ex</span> <span class='ocrx_word' id='word_1_430' title='bbox 2973 1221 3318 1300; x_wconf 87' lang='lat' dir='ltr'>frequenti,</span> <span class='ocrx_word' id='word_1_431' title='bbox 3364 1226 3430 1282; x_wconf 92' lang='lat' dir='ltr'>et</span> <span class='ocrx_word' id='word_1_432' title='bbox 3477 1222 3672 1282; x_wconf 88' lang='lat' dir='ltr'>nimia</span> <span class='ocrx_word' id='word_1_433' title='bbox 3726 1223 4007 1299; x_wconf 85' lang='lat' dir='ltr'>pensionum</span> 
     </span>
     <span class='ocr_line' id='line_1_70' title="bbox 2556 1311 4007 1393; baseline 0.003 -23"><span class='ocrx_word' id='word_1_434' title='bbox 2556 1311 2950 1390; x_wconf 90' lang='lat' dir='ltr'>impositione</span> <span class='ocrx_word' id='word_1_435' title='bbox 2979 1313 3285 1392; x_wconf 90' lang='lat' dir='ltr'>sequitur,</span> <span class='ocrx_word' id='word_1_436' title='bbox 3319 1314 3494 1393; x_wconf 91' lang='lat' dir='ltr'>quod</span> <span class='ocrx_word' id='word_1_437' title='bbox 3522 1314 3728 1376; x_wconf 86' lang='lat' dir='ltr'>timeri</span> <span class='ocrx_word' id='word_1_438' title='bbox 3758 1319 3937 1392; x_wconf 59' lang='lat' dir='ltr'>potest,</span> <span class='ocrx_word' id='word_1_439' title='bbox 3958 1333 4007 1374; x_wconf 79' lang='lat' dir='ltr'>ne</span> 
     </span>
     <span class='ocr_line' id='line_1_71' title="bbox 2555 1404 4006 1486; baseline 0.003 -23"><span class='ocrx_word' id='word_1_440' title='bbox 2555 1404 2643 1467; x_wconf 88' lang='lat' dir='ltr'>ita</span> <span class='ocrx_word' id='word_1_441' title='bbox 2664 1405 2836 1483; x_wconf 90' lang='lat' dir='ltr'>digni</span> <span class='ocrx_word' id='word_1_442' title='bbox 2869 1405 3137 1467; x_wconf 86' lang='lat' dir='ltr'>ministri</span> <span class='ocrx_word' id='word_1_443' title='bbox 3168 1407 3612 1481; x_wconf 84' lang='lat' dir='ltr'>inveniantur,</span> <span class='ocrx_word' id='word_1_444' title='bbox 3653 1407 3763 1486; x_wconf 90' lang='lat' dir='ltr'>qui</span> <span class='ocrx_word' id='word_1_445' title='bbox 3784 1407 4006 1467; x_wconf 78' lang='lat' dir='ltr'>beneficia</span> 
     </span>
     <span class='ocr_line' id='line_1_72' title="bbox 2553 1498 4008 1578; baseline 0 -21"><span class='ocrx_word' id='word_1_446' title='bbox 2553 1502 2817 1576; x_wconf 80' lang='lat' dir='ltr'>gravata</span> <span class='ocrx_word' id='word_1_447' title='bbox 2842 1498 3130 1578; x_wconf 89' lang='lat' dir='ltr'>accipere</span> <span class='ocrx_word' id='word_1_448' title='bbox 3161 1499 3393 1574; x_wconf 77' lang='lat' dir='ltr'>velint,</span> <span class='ocrx_word' id='word_1_449' title='bbox 3438 1517 3557 1560; x_wconf 89' lang='lat' dir='ltr'>nec</span> <span class='ocrx_word' id='word_1_450' title='bbox 3596 1500 3685 1560; x_wconf 87' lang='lat' dir='ltr'>ita</span> <span class='ocrx_word' id='word_1_451' title='bbox 3733 1499 3892 1576; x_wconf 85' lang='lat' dir='ltr'>digne</span> <span class='ocrx_word' id='word_1_452' title='bbox 3921 1518 4008 1558; x_wconf 86' lang='lat' dir='ltr'>mu·</span> 
     </span>
     <span class='ocr_line' id='line_1_73' title="bbox 2555 1590 4008 1670; baseline 0 -20"><span class='ocrx_word' id='word_1_453' title='bbox 2555 1609 2705 1651; x_wconf 86' lang='lat' dir='ltr'>nera</span> <span class='ocrx_word' id='word_1_454' title='bbox 2733 1608 2848 1651; x_wconf 91' lang='lat' dir='ltr'>sua</span> <span class='ocrx_word' id='word_1_455' title='bbox 2871 1590 3046 1651; x_wconf 91' lang='lat' dir='ltr'>obire</span> <span class='ocrx_word' id='word_1_456' title='bbox 3072 1591 3334 1670; x_wconf 88' lang='lat' dir='ltr'>possint,</span> <span class='ocrx_word' id='word_1_457' title='bbox 3366 1596 3430 1652; x_wconf 90' lang='lat' dir='ltr'>et</span> <span class='ocrx_word' id='word_1_458' title='bbox 3460 1591 3583 1652; x_wconf 89' lang='lat' dir='ltr'>hoc</span> <span class='ocrx_word' id='word_1_459' title='bbox 3611 1591 3792 1652; x_wconf 84' lang='lat' dir='ltr'>cedat</span> <span class='ocrx_word' id='word_1_460' title='bbox 3815 1592 4008 1669; x_wconf 62' lang='lat' dir='ltr'>ingrate</span> 
     </span>
     <span class='ocr_line' id='line_1_74' title="bbox 2554 1683 4008 1763; baseline -0.001 -20"><span class='ocrx_word' id='word_1_461' title='bbox 2554 1683 3004 1744; x_wconf 90' lang='lat' dir='ltr'>detrimentum</span> <span class='ocrx_word' id='word_1_462' title='bbox 3060 1684 3210 1744; x_wconf 91' lang='lat' dir='ltr'>boni</span> <span class='ocrx_word' id='word_1_463' title='bbox 3266 1684 3625 1744; x_wconf 86' lang='lat' dir='ltr'>communis</span> <span class='ocrx_word' id='word_1_464' title='bbox 3653 1731 3670 1760; x_wconf 93' lang='lat'>,</span> <span class='ocrx_word' id='word_1_465' title='bbox 3745 1684 3886 1763; x_wconf 90' lang='lat' dir='ltr'>quod</span> <span class='ocrx_word' id='word_1_466' title='bbox 3927 1704 4008 1743; x_wconf 84' lang='lat' dir='ltr'>non</span> 
     </span>
     <span class='ocr_line' id='line_1_75' title="bbox 2554 1775 4008 1854; baseline -0.001 -18"><span class='ocrx_word' id='word_1_467' title='bbox 2554 1780 2918 1852; x_wconf 89' lang='lat' dir='ltr'>compenset</span> <span class='ocrx_word' id='word_1_468' title='bbox 2945 1793 3138 1836; x_wconf 90' lang='lat' dir='ltr'>causa</span> <span class='ocrx_word' id='word_1_469' title='bbox 3166 1776 3490 1853; x_wconf 90' lang='lat' dir='ltr'>pensionis</span> <span class='ocrx_word' id='word_1_470' title='bbox 3510 1775 4008 1854; x_wconf 55' lang='lat' dir='ltr'>imponendam</span> 
     </span>
     <span class='ocr_line' id='line_1_76' title="bbox 2556 1867 4009 1930; baseline -0.001 -2"><span class='ocrx_word' id='word_1_471' title='bbox 2556 1872 2618 1929; x_wconf 90' lang='lat' dir='ltr'>et</span> <span class='ocrx_word' id='word_1_472' title='bbox 2643 1868 2765 1927; x_wconf 88' lang='lat' dir='ltr'>alia</span> <span class='ocrx_word' id='word_1_473' title='bbox 2802 1868 3030 1928; x_wconf 89' lang='lat' dir='ltr'>similia</span> <span class='ocrx_word' id='word_1_474' title='bbox 3058 1867 3517 1929; x_wconf 89' lang='lat' dir='ltr'>consideranda</span> <span class='ocrx_word' id='word_1_475' title='bbox 3564 1873 3797 1930; x_wconf 88' lang='lat' dir='ltr'>attente</span> <span class='ocrx_word' id='word_1_476' title='bbox 3833 1868 4009 1928; x_wconf 80' lang='lat' dir='ltr'>suntad</span> 
     </span>
     <span class='ocr_line' id='line_1_77' title="bbox 2553 1960 4005 2039; baseline -0.001 -18"><span class='ocrx_word' id='word_1_477' title='bbox 2553 1961 2788 2021; x_wconf 87' lang='lat' dir='ltr'>licitam</span> <span class='ocrx_word' id='word_1_478' title='bbox 2817 1960 3189 2039; x_wconf 90' lang='lat' dir='ltr'>pensionum</span> <span class='ocrx_word' id='word_1_479' title='bbox 3221 1960 3709 2039; x_wconf 89' lang='lat' dir='ltr'>impositionem.</span> <span class='ocrx_word' id='word_1_480' title='bbox 3742 1964 3875 2021; x_wconf 81' lang='lat' dir='ltr'>Nam</span> <span class='ocrx_word' id='word_1_481' title='bbox 3899 1962 4005 2032; x_wconf 79' lang='lat' dir='ltr'>licet,</span> 
     </span>
     <span class='ocr_line' id='line_1_78' title="bbox 2557 2054 4010 2132; baseline -0.002 -19"><span class='ocrx_word' id='word_1_482' title='bbox 2557 2059 2793 2116; x_wconf 87' lang='lat' dir='ltr'>attento</span> <span class='ocrx_word' id='word_1_483' title='bbox 2837 2071 3067 2132; x_wconf 90' lang='lat' dir='ltr'>magno</span> <span class='ocrx_word' id='word_1_484' title='bbox 3111 2072 3368 2114; x_wconf 87' lang='lat' dir='ltr'>excessu</span> <span class='ocrx_word' id='word_1_485' title='bbox 3409 2054 3730 2115; x_wconf 87' lang='lat' dir='ltr'>redituum</span> <span class='ocrx_word' id='word_1_486' title='bbox 3765 2055 3820 2114; x_wconf 93' lang='lat' dir='ltr'>in</span> <span class='ocrx_word' id='word_1_487' title='bbox 3854 2054 4010 2132; x_wconf 79' lang='lat' dir='ltr'>aliqui-</span> 
     </span>
     <span class='ocr_line' id='line_1_79' title="bbox 2557 2145 4010 2224; baseline -0.001 -17"><span class='ocrx_word' id='word_1_488' title='bbox 2557 2148 2676 2207; x_wconf 91' lang='lat' dir='ltr'>bus</span> <span class='ocrx_word' id='word_1_489' title='bbox 2712 2145 3035 2207; x_wconf 86' lang='lat' dir='ltr'>beneficiis</span> <span class='ocrx_word' id='word_1_490' title='bbox 3077 2164 3268 2224; x_wconf 90' lang='lat' dir='ltr'>supra</span> <span class='ocrx_word' id='word_1_491' title='bbox 3308 2163 3659 2224; x_wconf 89' lang='lat' dir='ltr'>congruam</span> <span class='ocrx_word' id='word_1_492' title='bbox 3708 2147 4010 2207; x_wconf 66' lang='lat' dir='ltr'>sustentatio»</span> 
     </span>
     <span class='ocr_line' id='line_1_80' title="bbox 2558 2238 4008 2317; baseline 0 -19"><span class='ocrx_word' id='word_1_493' title='bbox 2558 2257 2724 2314; x_wconf 94' lang='lat' dir='ltr'>nem,</span> <span class='ocrx_word' id='word_1_494' title='bbox 2759 2243 2822 2299; x_wconf 91' lang='lat' dir='ltr'>et</span> <span class='ocrx_word' id='word_1_495' title='bbox 2848 2239 3233 2317; x_wconf 89' lang='lat' dir='ltr'>negligentia</span> <span class='ocrx_word' id='word_1_496' title='bbox 3278 2238 3821 2299; x_wconf 84' lang='lat' dir='ltr'>beneficiariorum</span> <span class='ocrx_word' id='word_1_497' title='bbox 3854 2239 3902 2298; x_wconf 89' lang='lat' dir='ltr'>in</span> <span class='ocrx_word' id='word_1_498' title='bbox 3922 2257 4008 2297; x_wconf 55' lang='lat' dir='ltr'>erav-</span> 
     </span>
     <span class='ocr_line' id='line_1_81' title="bbox 2555 2330 4010 2410; baseline -0.001 -20"><span class='ocrx_word' id='word_1_499' title='bbox 2555 2330 2763 2408; x_wconf 90' lang='lat' dir='ltr'>gando</span> <span class='ocrx_word' id='word_1_500' title='bbox 2794 2331 2893 2408; x_wconf 89' lang='lat' dir='ltr'>pie</span> <span class='ocrx_word' id='word_1_501' title='bbox 2924 2331 3091 2410; x_wconf 89' lang='lat' dir='ltr'>quod</span> <span class='ocrx_word' id='word_1_502' title='bbox 3120 2336 3424 2409; x_wconf 88' lang='lat' dir='ltr'>superest,</span> <span class='ocrx_word' id='word_1_503' title='bbox 3451 2331 3794 2409; x_wconf 83' lang='lat' dir='ltr'>prudenter</span> <span class='ocrx_word' id='word_1_504' title='bbox 3817 2332 4010 2408; x_wconf 80' lang='lat' dir='ltr'>imponi·</span> 
     </span>
     <span class='ocr_line' id='line_1_82' title="bbox 2554 2422 4010 2502; baseline -0.002 -19"><span class='ocrx_word' id='word_1_505' title='bbox 2554 2427 2659 2483; x_wconf 89' lang='lat' dir='ltr'>tur</span> <span class='ocrx_word' id='word_1_506' title='bbox 2685 2423 2925 2500; x_wconf 89' lang='lat' dir='ltr'>pensio,</span> <span class='ocrx_word' id='word_1_507' title='bbox 2961 2441 3085 2501; x_wconf 91' lang='lat' dir='ltr'>qua</span> <span class='ocrx_word' id='word_1_508' title='bbox 3121 2441 3266 2500; x_wconf 86' lang='lat' dir='ltr'>pars</span> <span class='ocrx_word' id='word_1_509' title='bbox 3296 2423 3508 2502; x_wconf 83' lang='lat' dir='ltr'>aliqua</span> <span class='ocrx_word' id='word_1_510' title='bbox 3527 2424 3610 2483; x_wconf 89' lang='lat' dir='ltr'>ad</span> <span class='ocrx_word' id='word_1_511' title='bbox 3625 2425 3823 2483; x_wconf 87' lang='lat' dir='ltr'>minus</span> <span class='ocrx_word' id='word_1_512' title='bbox 3848 2422 4010 2500; x_wconf 60' lang='lat' dir='ltr'>abipso</span> 
     </span>
     <span class='ocr_line' id='line_1_83' title="bbox 2557 2515 4012 2593; baseline -0.001 -18"><span class='ocrx_word' id='word_1_513' title='bbox 2557 2515 2906 2576; x_wconf 83' lang='lat' dir='ltr'>extrahitur</span> <span class='ocrx_word' id='word_1_514' title='bbox 2932 2520 2995 2576; x_wconf 92' lang='lat' dir='ltr'>et</span> <span class='ocrx_word' id='word_1_515' title='bbox 3023 2516 3121 2593; x_wconf 92' lang='lat' dir='ltr'>pie</span> <span class='ocrx_word' id='word_1_516' title='bbox 3151 2515 3553 2576; x_wconf 90' lang='lat' dir='ltr'>distribuitur</span> <span class='ocrx_word' id='word_1_517' title='bbox 3583 2538 3600 2577; x_wconf 76' lang='grc' dir='ltr'><strong><em>ε</em></strong></span> <span class='ocrx_word' id='word_1_518' title='bbox 3631 2517 3692 2575; x_wconf 92' lang='lat' dir='ltr'>in</span> <span class='ocrx_word' id='word_1_519' title='bbox 3721 2517 3845 2576; x_wconf 84' lang='lat' dir='ltr'>aliis</span> <span class='ocrx_word' id='word_1_520' title='bbox 3867 2523 4012 2576; x_wconf 73' lang='lat' dir='ltr'>autem</span> 
     </span>
     <span class='ocr_line' id='line_1_84' title="bbox 2557 2607 4010 2686; baseline -0.001 -18"><span class='ocrx_word' id='word_1_521' title='bbox 2557 2607 2899 2683; x_wconf 89' lang='lat' dir='ltr'>beneficiis,</span> <span class='ocrx_word' id='word_1_522' title='bbox 2959 2607 3021 2667; x_wconf 92' lang='lat' dir='ltr'>in</span> <span class='ocrx_word' id='word_1_523' title='bbox 3070 2607 3298 2686; x_wconf 88' lang='lat' dir='ltr'>quibus</span> <span class='ocrx_word' id='word_1_524' title='bbox 3342 2627 3637 2669; x_wconf 84' lang='lat' dir='ltr'>excessus</span> <span class='ocrx_word' id='word_1_525' title='bbox 3681 2608 3782 2669; x_wconf 88' lang='lat' dir='ltr'>ille</span> <span class='ocrx_word' id='word_1_526' title='bbox 3824 2613 4010 2678; x_wconf 70' lang='lat' dir='ltr'>nonest,</span> 
     </span>
     <span class='ocr_line' id='line_1_85' title="bbox 2558 2699 4009 2778; baseline 0 -18"><span class='ocrx_word' id='word_1_527' title='bbox 2558 2719 2682 2760; x_wconf 92' lang='lat' dir='ltr'>non</span> <span class='ocrx_word' id='word_1_528' title='bbox 2737 2701 2808 2761; x_wconf 89' lang='lat' dir='ltr'>fit</span> <span class='ocrx_word' id='word_1_529' title='bbox 2862 2700 2995 2759; x_wconf 88' lang='lat' dir='ltr'>sine</span> <span class='ocrx_word' id='word_1_530' title='bbox 3054 2699 3431 2762; x_wconf 86' lang='lat' dir='ltr'>detrimento</span> <span class='ocrx_word' id='word_1_531' title='bbox 3492 2700 3687 2778; x_wconf 88' lang='lat' dir='ltr'>ipsius</span> <span class='ocrx_word' id='word_1_532' title='bbox 3744 2699 4009 2768; x_wconf 75' lang='lat' dir='ltr'>ministerii,</span> 
     </span>
     <span class='ocr_line' id='line_1_86' title="bbox 2559 2791 4010 2871; baseline -0.003 -18"><span class='ocrx_word' id='word_1_533' title='bbox 2559 2793 2727 2871; x_wconf 90' lang='lat' dir='ltr'>quod</span> <span class='ocrx_word' id='word_1_534' title='bbox 2758 2798 3056 2871; x_wconf 87' lang='lat' dir='ltr'>gravetur</span> <span class='ocrx_word' id='word_1_535' title='bbox 3082 2792 3521 2853; x_wconf 87' lang='lat' dir='ltr'>beneficiarius</span> <span class='ocrx_word' id='word_1_536' title='bbox 3566 2793 3652 2854; x_wconf 88' lang='lat' dir='ltr'>ita</span> <span class='ocrx_word' id='word_1_537' title='bbox 3680 2799 3747 2855; x_wconf 85' lang='lat' dir='ltr'>ut</span> <span class='ocrx_word' id='word_1_538' title='bbox 3770 2794 3855 2853; x_wconf 78' lang='lat' dir='ltr'>vix</span> <span class='ocrx_word' id='word_1_539' title='bbox 3883 2791 4010 2870; x_wconf 73' lang='lat' dir='ltr'>possit</span> 
     </span>
     <span class='ocr_line' id='line_1_87' title="bbox 2559 2884 4011 2965; baseline -0.003 -19"><span class='ocrx_word' id='word_1_540' title='bbox 2559 2904 2634 2946; x_wconf 87' lang='lat' dir='ltr'>ex</span> <span class='ocrx_word' id='word_1_541' title='bbox 2663 2886 2969 2948; x_wconf 89' lang='lat' dir='ltr'>beneficio</span> <span class='ocrx_word' id='word_1_542' title='bbox 3000 2885 3235 2963; x_wconf 83' lang='lat' dir='ltr'>vivere,</span> <span class='ocrx_word' id='word_1_543' title='bbox 3269 2887 3451 2965; x_wconf 90' lang='lat' dir='ltr'>cujus</span> <span class='ocrx_word' id='word_1_544' title='bbox 3481 2890 3693 2946; x_wconf 76' lang='lat' dir='ltr'>tamen</span> <span class='ocrx_word' id='word_1_545' title='bbox 3721 2884 4011 2948; x_wconf 73' lang='lat' dir='ltr'>onerasolus</span> 
     </span>
     <span class='ocr_line' id='line_1_88' title="bbox 2557 2983 2788 3057; baseline 0 -17"><span class='ocrx_word' id='word_1_546' title='bbox 2557 2983 2788 3057; x_wconf 87' lang='lat' dir='ltr'>portat.</span> 
     </span>
    </p>

    <p class='ocr_par' dir='ltr' id='par_1_11' title="bbox 2556 3069 4012 4453">
     <span class='ocr_line' id='line_1_89' title="bbox 2638 3069 4010 3150; baseline -0.001 -18"><span class='ocrx_word' id='word_1_547' title='bbox 2638 3072 2866 3145; x_wconf 87' lang='lat' dir='ltr'>Quinta</span> <span class='ocrx_word' id='word_1_548' title='bbox 2894 3071 3154 3150; x_wconf 84' lang='lat' dir='ltr'>quaestio</span> <span class='ocrx_word' id='word_1_549' title='bbox 3185 3076 3300 3148; x_wconf 88' lang='lat' dir='ltr'>est,</span> <span class='ocrx_word' id='word_1_550' title='bbox 3333 3091 3417 3132; x_wconf 87' lang='lat' dir='ltr'>an</span> <span class='ocrx_word' id='word_1_551' title='bbox 3447 3072 3670 3133; x_wconf 85' lang='lat' dir='ltr'>electio</span> <span class='ocrx_word' id='word_1_552' title='bbox 3688 3072 3864 3150; x_wconf 84' lang='lat' dir='ltr'>digni,</span> <span class='ocrx_word' id='word_1_553' title='bbox 3885 3069 4010 3131; x_wconf 69' lang='lat' dir='ltr'>omii-</span> 
     </span>
     <span class='ocr_line' id='line_1_90' title="bbox 2556 3163 4011 3246; baseline -0.005 -19"><span class='ocrx_word' id='word_1_554' title='bbox 2556 3183 2624 3227; x_wconf 91' lang='lat' dir='ltr'>so</span> <span class='ocrx_word' id='word_1_555' title='bbox 2655 3165 2945 3245; x_wconf 84' lang='lat' dir='ltr'>digniori,</span> <span class='ocrx_word' id='word_1_556' title='bbox 2981 3165 3043 3226; x_wconf 91' lang='lat' dir='ltr'>in</span> <span class='ocrx_word' id='word_1_557' title='bbox 3071 3165 3148 3226; x_wconf 88' lang='lat' dir='ltr'>iis</span> <span class='ocrx_word' id='word_1_558' title='bbox 3176 3166 3425 3227; x_wconf 88' lang='lat' dir='ltr'>casibus</span> <span class='ocrx_word' id='word_1_559' title='bbox 3454 3165 3518 3226; x_wconf 90' lang='lat' dir='ltr'>in</span> <span class='ocrx_word' id='word_1_560' title='bbox 3552 3163 4011 3246; x_wconf 80' lang='lat' dir='ltr'>quibuseratohli·</span> 
     </span>
     <span class='ocr_line' id='line_1_91' title="bbox 2556 3256 4009 3338; baseline -0.003 -19"><span class='ocrx_word' id='word_1_561' title='bbox 2556 3259 2724 3337; x_wconf 89' lang='lat' dir='ltr'>gatio</span> <span class='ocrx_word' id='word_1_562' title='bbox 2755 3259 3025 3337; x_wconf 88' lang='lat' dir='ltr'>eligendi</span> <span class='ocrx_word' id='word_1_563' title='bbox 3057 3259 3410 3338; x_wconf 90' lang='lat' dir='ltr'>digniorem</span> <span class='ocrx_word' id='word_1_564' title='bbox 3435 3304 3451 3336; x_wconf 94' lang='lat'>,</span> <span class='ocrx_word' id='word_1_565' title='bbox 3489 3277 3617 3319; x_wconf 91' lang='lat' dir='ltr'>non</span> <span class='ocrx_word' id='word_1_566' title='bbox 3644 3259 3834 3318; x_wconf 89' lang='lat' dir='ltr'>solum</span> <span class='ocrx_word' id='word_1_567' title='bbox 3855 3258 3916 3317; x_wconf 87' lang='lat' dir='ltr'>sit</span> <span class='ocrx_word' id='word_1_568' title='bbox 3937 3256 4009 3314; x_wconf 82' lang='lat' dir='ltr'>illi-</span> 
     </span>
     <span class='ocr_line' id='line_1_92' title="bbox 2557 3351 4010 3428; baseline -0.003 -17"><span class='ocrx_word' id='word_1_569' title='bbox 2557 3352 2700 3427; x_wconf 88' lang='lat' dir='ltr'>cita,</span> <span class='ocrx_word' id='word_1_570' title='bbox 2736 3352 2848 3412; x_wconf 91' lang='lat' dir='ltr'>sed</span> <span class='ocrx_word' id='word_1_571' title='bbox 2878 3352 3069 3414; x_wconf 92' lang='lat' dir='ltr'>etiam</span> <span class='ocrx_word' id='word_1_572' title='bbox 3096 3351 3375 3412; x_wconf 88' lang='lat' dir='ltr'>invalida</span> <span class='ocrx_word' id='word_1_573' title='bbox 3396 3398 3412 3428; x_wconf 93' lang='lat'>,</span> <span class='ocrx_word' id='word_1_574' title='bbox 3447 3352 3546 3412; x_wconf 79' lang='lat' dir='ltr'>vel</span> <span class='ocrx_word' id='word_1_575' title='bbox 3595 3353 3806 3412; x_wconf 87' lang='lat' dir='ltr'>saltem</span> <span class='ocrx_word' id='word_1_576' title='bbox 3832 3352 4010 3411; x_wconf 74' lang='lat' dir='ltr'>irritan-</span> 
     </span>
     <span class='ocr_line' id='line_1_93' title="bbox 2558 3442 4010 3523; baseline -0.003 -18"><span class='ocrx_word' id='word_1_577' title='bbox 2558 3444 2684 3505; x_wconf 87' lang='lat' dir='ltr'>da?</span> <span class='ocrx_word' id='word_1_578' title='bbox 2715 3445 2987 3518; x_wconf 85' lang='lat' dir='ltr'>Quaestio</span> <span class='ocrx_word' id='word_1_579' title='bbox 3042 3444 3180 3505; x_wconf 83' lang='lat' dir='ltr'>haec</span> <span class='ocrx_word' id='word_1_580' title='bbox 3224 3444 3406 3505; x_wconf 84' lang='lat' dir='ltr'>facile</span> <span class='ocrx_word' id='word_1_581' title='bbox 3450 3444 3695 3504; x_wconf 80' lang='lat' dir='ltr'>definiri</span> <span class='ocrx_word' id='word_1_582' title='bbox 3740 3450 3930 3523; x_wconf 80' lang='lat' dir='ltr'>posset,</span> <span class='ocrx_word' id='word_1_583' title='bbox 3951 3442 4010 3501; x_wconf 71' lang='lat' dir='ltr'>lo-</span> 
     </span>
     <span class='ocr_line' id='line_1_94' title="bbox 2559 3537 4010 3617; baseline -0.003 -19"><span class='ocrx_word' id='word_1_584' title='bbox 2559 3538 2807 3617; x_wconf 91' lang='lat' dir='ltr'>quendo</span> <span class='ocrx_word' id='word_1_585' title='bbox 2838 3537 2914 3597; x_wconf 90' lang='lat' dir='ltr'>de</span> <span class='ocrx_word' id='word_1_586' title='bbox 2935 3537 3081 3616; x_wconf 89' lang='lat' dir='ltr'>jure</span> <span class='ocrx_word' id='word_1_587' title='bbox 3109 3538 3391 3615; x_wconf 88' lang='lat' dir='ltr'>antique,</span> <span class='ocrx_word' id='word_1_588' title='bbox 3427 3538 3575 3598; x_wconf 87' lang='lat' dir='ltr'>licet</span> <span class='ocrx_word' id='word_1_589' title='bbox 3602 3538 3784 3616; x_wconf 88' lang='lat' dir='ltr'>aliqui</span> <span class='ocrx_word' id='word_1_590' title='bbox 3813 3537 4010 3615; x_wconf 68' lang='lat' dir='ltr'>jurispe-</span> 
     </span>
     <span class='ocr_line' id='line_1_95' title="bbox 2556 3630 4008 3709; baseline -0.003 -19"><span class='ocrx_word' id='word_1_591' title='bbox 2556 3631 2661 3691; x_wconf 90' lang='lat' dir='ltr'>riti</span> <span class='ocrx_word' id='word_1_592' title='bbox 2691 3630 2991 3706; x_wconf 86' lang='lat' dir='ltr'>dixerint,</span> <span class='ocrx_word' id='word_1_593' title='bbox 3025 3630 3088 3690; x_wconf 91' lang='lat' dir='ltr'>in</span> <span class='ocrx_word' id='word_1_594' title='bbox 3118 3631 3502 3709; x_wconf 88' lang='lat' dir='ltr'>quibusdam</span> <span class='ocrx_word' id='word_1_595' title='bbox 3531 3631 3772 3691; x_wconf 85' lang='lat' dir='ltr'>casibus</span> <span class='ocrx_word' id='word_1_596' title='bbox 3797 3648 3900 3690; x_wconf 88' lang='lat' dir='ltr'>non</span> <span class='ocrx_word' id='word_1_597' title='bbox 3920 3644 4008 3686; x_wconf 67' lang='lat' dir='ltr'>esse</span> 
     </span>
     <span class='ocr_line' id='line_1_96' title="bbox 2559 3721 4010 3801; baseline -0.005 -17"><span class='ocrx_word' id='word_1_598' title='bbox 2559 3723 2861 3800; x_wconf 85' lang='lat' dir='ltr'>validam,</span> <span class='ocrx_word' id='word_1_599' title='bbox 2893 3741 3122 3801; x_wconf 89' lang='lat' dir='ltr'>nempe</span> <span class='ocrx_word' id='word_1_600' title='bbox 3152 3723 3406 3801; x_wconf 87' lang='lat' dir='ltr'>quando</span> <span class='ocrx_word' id='word_1_601' title='bbox 3436 3722 3656 3784; x_wconf 89' lang='lat' dir='ltr'>electio</span> <span class='ocrx_word' id='word_1_602' title='bbox 3681 3770 3698 3800; x_wconf 92' lang='lat'>,</span> <span class='ocrx_word' id='word_1_603' title='bbox 3727 3742 3838 3783; x_wconf 91' lang='lat' dir='ltr'>non</span> <span class='ocrx_word' id='word_1_604' title='bbox 3862 3721 4010 3780; x_wconf 70' lang='lat' dir='ltr'>exho-</span> 
     </span>
     <span class='ocr_line' id='line_1_97' title="bbox 2557 3814 4010 3895; baseline -0.003 -18"><span class='ocrx_word' id='word_1_605' title='bbox 2557 3817 2746 3877; x_wconf 91' lang='lat' dir='ltr'>minis</span> <span class='ocrx_word' id='word_1_606' title='bbox 2801 3816 2913 3877; x_wconf 90' lang='lat' dir='ltr'>sed</span> <span class='ocrx_word' id='word_1_607' title='bbox 2970 3835 3047 3876; x_wconf 77' lang='lat' dir='ltr'>ex</span> <span class='ocrx_word' id='word_1_608' title='bbox 3103 3816 3259 3895; x_wconf 87' lang='lat' dir='ltr'>legis</span> <span class='ocrx_word' id='word_1_609' title='bbox 3313 3816 3621 3877; x_wconf 87' lang='lat' dir='ltr'>beneficio</span> <span class='ocrx_word' id='word_1_610' title='bbox 3663 3814 3941 3893; x_wconf 86' lang='lat' dir='ltr'>competit,</span> <span class='ocrx_word' id='word_1_611' title='bbox 3970 3818 4010 3867; x_wconf 64' lang='lat' dir='ltr'>et</span> 
     </span>
     <span class='ocr_line' id='line_1_98' title="bbox 2558 3907 4010 3989; baseline -0.006 -19"><span class='ocrx_word' id='word_1_612' title='bbox 2558 3909 2809 3989; x_wconf 89' lang='lat' dir='ltr'>quando</span> <span class='ocrx_word' id='word_1_613' title='bbox 2840 3909 3048 3988; x_wconf 90' lang='lat' dir='ltr'>plures</span> <span class='ocrx_word' id='word_1_614' title='bbox 3079 3908 3372 3987; x_wconf 90' lang='lat' dir='ltr'>episcopo</span> <span class='ocrx_word' id='word_1_615' title='bbox 3391 3912 3833 3987; x_wconf 63' lang='lat' dir='ltr'>praesentantur</span> <span class='ocrx_word' id='word_1_616' title='bbox 3849 3907 3912 3966; x_wconf 82' lang='lat' dir='ltr'>ab</span> <span class='ocrx_word' id='word_1_617' title='bbox 3931 3920 4010 3962; x_wconf 75' lang='lat' dir='ltr'>uno</span> 
     </span>
     <span class='ocr_line' id='line_1_99' title="bbox 2558 4002 4009 4081; baseline -0.003 -19"><span class='ocrx_word' id='word_1_618' title='bbox 2558 4003 2907 4081; x_wconf 90' lang='lat' dir='ltr'>eodemque</span> <span class='ocrx_word' id='word_1_619' title='bbox 2935 4005 3232 4079; x_wconf 88' lang='lat' dir='ltr'>patron0,</span> <span class='ocrx_word' id='word_1_620' title='bbox 3267 4002 3365 4062; x_wconf 81' lang='lat' dir='ltr'>vel</span> <span class='ocrx_word' id='word_1_621' title='bbox 3415 4002 3644 4081; x_wconf 61' lang='lat' dir='ltr'>aequali</span> <span class='ocrx_word' id='word_1_622' title='bbox 3689 4009 4009 4080; x_wconf 79' lang='lat' dir='ltr'>patronorum</span> 
     </span>
     <span class='ocr_line' id='line_1_100' title="bbox 2557 4091 4009 4174; baseline -0.004 -18"><span class='ocrx_word' id='word_1_623' title='bbox 2557 4094 2877 4174; x_wconf 82' lang='lat' dir='ltr'>suffragio,</span> <span class='ocrx_word' id='word_1_624' title='bbox 2912 4100 2973 4155; x_wconf 86' lang='lat' dir='ltr'>et</span> <span class='ocrx_word' id='word_1_625' title='bbox 2988 4094 3317 4173; x_wconf 88' lang='lat' dir='ltr'>episcopus</span> <span class='ocrx_word' id='word_1_626' title='bbox 3334 4095 3544 4154; x_wconf 90' lang='lat' dir='ltr'>minus</span> <span class='ocrx_word' id='word_1_627' title='bbox 3564 4096 3830 4174; x_wconf 85' lang='lat' dir='ltr'>dignum,</span> <span class='ocrx_word' id='word_1_628' title='bbox 3848 4091 4009 4152; x_wconf 62' lang='lat' dir='ltr'>omisso</span> 
     </span>
     <span class='ocr_line' id='line_1_101' title="bbox 2559 4181 4010 4267; baseline -0.006 -18"><span class='ocrx_word' id='word_1_629' title='bbox 2559 4188 2852 4267; x_wconf 86' lang='lat' dir='ltr'>digniori,</span> <span class='ocrx_word' id='word_1_630' title='bbox 2884 4188 3095 4266; x_wconf 87' lang='lat' dir='ltr'>eligit;</span> <span class='ocrx_word' id='word_1_631' title='bbox 3131 4192 3197 4248; x_wconf 89' lang='lat' dir='ltr'>et</span> <span class='ocrx_word' id='word_1_632' title='bbox 3224 4188 3499 4267; x_wconf 87' lang='lat' dir='ltr'>denique</span> <span class='ocrx_word' id='word_1_633' title='bbox 3532 4188 3772 4267; x_wconf 88' lang='lat' dir='ltr'>quando</span> <span class='ocrx_word' id='word_1_634' title='bbox 3800 4181 4010 4245; x_wconf 63' lang='lat' dir='ltr'>amech»</span> 
     </span>
     <span class='ocr_line' id='line_1_102' title="bbox 2559 4277 4012 4358; baseline -0.003 -16"><span class='ocrx_word' id='word_1_635' title='bbox 2559 4283 2829 4344; x_wconf 88' lang='lat' dir='ltr'>ctionem</span> <span class='ocrx_word' id='word_1_636' title='bbox 2885 4280 2962 4341; x_wconf 91' lang='lat' dir='ltr'>de</span> <span class='ocrx_word' id='word_1_637' title='bbox 3019 4281 3206 4342; x_wconf 90' lang='lat' dir='ltr'>certis</span> <span class='ocrx_word' id='word_1_638' title='bbox 3255 4282 3636 4358; x_wconf 84' lang='lat' dir='ltr'>faciendam,</span> <span class='ocrx_word' id='word_1_639' title='bbox 3694 4277 4012 4340; x_wconf 78' lang='lat' dir='ltr'>denuntiatur</span> 
     </span>
     <span class='ocr_line' id='line_1_103' title="bbox 2558 4360 4010 4453; baseline -0.006 -17"><span class='ocrx_word' id='word_1_640' title='bbox 2558 4374 2932 4436; x_wconf 88' lang='lat' dir='ltr'>electoribus</span> <span class='ocrx_word' id='word_1_641' title='bbox 2968 4360 3428 4453; x_wconf 53' lang='lat' dir='ltr'>ut‘digniorem</span> <span class='ocrx_word' id='word_1_642' title='bbox 3459 4375 3710 4453; x_wconf 87' lang='lat' dir='ltr'>eligant,</span> <span class='ocrx_word' id='word_1_643' title='bbox 3739 4379 3798 4433; x_wconf 90' lang='lat' dir='ltr'>et</span> <span class='ocrx_word' id='word_1_644' title='bbox 3821 4372 3864 4431; x_wconf 89' lang='lat' dir='ltr'>si</span> <span class='ocrx_word' id='word_1_645' title='bbox 3885 4383 4010 4429; x_wconf 70' lang='lat' dir='ltr'>secus</span> 
     </span>
    </p>
   </div>
   <div class='ocr_carea' id='block_1_11' title="bbox 2557 4466 4106 4547">
    <p class='ocr_par' dir='ltr' id='par_1_12' title="bbox 2557 4466 4106 4547">
     <span class='ocr_line' id='line_1_104' title="bbox 2557 4466 4106 4547; baseline -0.008 -18"><span class='ocrx_word' id='word_1_646' title='bbox 2557 4469 2687 4544; x_wconf 89' lang='lat' dir='ltr'>fiat,</span> <span class='ocrx_word' id='word_1_647' title='bbox 2745 4467 2827 4527; x_wconf 89' lang='lat' dir='ltr'>ab</span> <span class='ocrx_word' id='word_1_648' title='bbox 2884 4466 3057 4528; x_wconf 87' lang='lat' dir='ltr'>initio</span> <span class='ocrx_word' id='word_1_649' title='bbox 3115 4468 3491 4545; x_wconf 89' lang='lat' dir='ltr'>proponitur</span> <span class='ocrx_word' id='word_1_650' title='bbox 3538 4466 3877 4547; x_wconf 82' lang='lat' dir='ltr'>appellatio,</span> <span class='ocrx_word' id='word_1_651' title='bbox 3905 4476 4012 4539; x_wconf 68' lang='lat' dir='ltr'>quos</span> <span class='ocrx_word' id='word_1_652' title='bbox 4105 4492 4106 4505; x_wconf 59' lang='lat'><em>÷</em></span> 
     </span>
    </p>
   </div>
   <div class='ocr_carea' id='block_1_12' title="bbox 2559 4552 4012 5550">
    <p class='ocr_par' dir='ltr' id='par_1_13' title="bbox 2559 4552 4012 5550">
     <span class='ocr_line' id='line_1_105' title="bbox 2559 4552 4008 4637; baseline -0.008 -16"><span class='ocrx_word' id='word_1_653' title='bbox 2559 4563 2868 4637; x_wconf 79' lang='lat' dir='ltr'>auctoreS,</span> <span class='ocrx_word' id='word_1_654' title='bbox 2900 4563 2964 4619; x_wconf 91' lang='lat' dir='ltr'>et</span> <span class='ocrx_word' id='word_1_655' title='bbox 2990 4577 3175 4619; x_wconf 86' lang='lat' dir='ltr'>casus</span> <span class='ocrx_word' id='word_1_656' title='bbox 3203 4561 3398 4621; x_wconf 80' lang='lat' dir='ltr'>refert</span> <span class='ocrx_word' id='word_1_657' title='bbox 3426 4560 3659 4622; x_wconf 87' lang='lat' dir='ltr'>Sanch.</span> <span class='ocrx_word' id='word_1_658' title='bbox 3687 4559 3834 4619; x_wconf 85' lang='lat' dir='ltr'>dicto</span> <span class='ocrx_word' id='word_1_659' title='bbox 3859 4552 4008 4631; x_wconf 58' lang='lat' dir='ltr'>capi</span> 
     </span>
     <span class='ocr_line' id='line_1_106' title="bbox 2561 4649 4012 4731; baseline -0.006 -16"><span class='ocrx_word' id='word_1_660' title='bbox 2561 4654 2710 4715; x_wconf 91' lang='lat' dir='ltr'>dub.</span> <span class='ocrx_word' id='word_1_661' title='bbox 2749 4669 2834 4715; x_wconf 82' lang='lat' dir='ltr'>vl.</span> <span class='ocrx_word' id='word_1_662' title='bbox 2871 4672 2978 4714; x_wconf 88' lang='lat' dir='ltr'>nu.</span> <span class='ocrx_word' id='word_1_663' title='bbox 3018 4656 3072 4713; x_wconf 81' lang='lat' dir='ltr'>l.</span> <span class='ocrx_word' id='word_1_664' title='bbox 3111 4652 3242 4731; x_wconf 89' lang='lat' dir='ltr'>ipse</span> <span class='ocrx_word' id='word_1_665' title='bbox 3288 4658 3502 4714; x_wconf 85' lang='lat' dir='ltr'>tamen</span> <span class='ocrx_word' id='word_1_666' title='bbox 3547 4673 3687 4714; x_wconf 89' lang='lat' dir='ltr'>cum</span> <span class='ocrx_word' id='word_1_667' title='bbox 3713 4652 3833 4712; x_wconf 86' lang='lat' dir='ltr'>aliis</span> <span class='ocrx_word' id='word_1_668' title='bbox 3858 4649 4012 4707; x_wconf 64' lang='lat' dir='ltr'>doctu·</span> 
     </span>
     <span class='ocr_line' id='line_1_107' title="bbox 2561 4741 4007 4826; baseline -0.001 -20"><span class='ocrx_word' id='word_1_669' title='bbox 2561 4747 2734 4807; x_wconf 87' lang='lat' dir='ltr'>ribus</span> <span class='ocrx_word' id='word_1_670' title='bbox 2764 4745 3054 4806; x_wconf 88' lang='lat' dir='ltr'>omnibus</span> <span class='ocrx_word' id='word_1_671' title='bbox 3083 4764 3192 4806; x_wconf 89' lang='lat' dir='ltr'>eos</span> <span class='ocrx_word' id='word_1_672' title='bbox 3237 4765 3420 4807; x_wconf 87' lang='lat' dir='ltr'>casus</span> <span class='ocrx_word' id='word_1_673' title='bbox 3463 4746 3693 4826; x_wconf 83' lang='lat' dir='ltr'>rejicit,</span> <span class='ocrx_word' id='word_1_674' title='bbox 3732 4750 3788 4804; x_wconf 89' lang='lat' dir='ltr'>et</span> <span class='ocrx_word' id='word_1_675' title='bbox 3827 4741 4007 4819; x_wconf 55' lang='lat' dir='ltr'>prom.-</span> 
     </span>
     <span class='ocr_line' id='line_1_108' title="bbox 2564 4832 4012 4918; baseline -0.006 -19"><span class='ocrx_word' id='word_1_676' title='bbox 2564 4838 2932 4899; x_wconf 90' lang='lat' dir='ltr'>clectioncm</span> <span class='ocrx_word' id='word_1_677' title='bbox 2961 4856 3096 4898; x_wconf 89' lang='lat' dir='ltr'>esse</span> <span class='ocrx_word' id='word_1_678' title='bbox 3126 4839 3423 4915; x_wconf 78' lang='lat' dir='ltr'>validam,</span> <span class='ocrx_word' id='word_1_679' title='bbox 3459 4840 3630 4918; x_wconf 91' lang='lat' dir='ltr'>quod</span> <span class='ocrx_word' id='word_1_680' title='bbox 3673 4838 3820 4898; x_wconf 83' lang='lat' dir='ltr'>idem</span> <span class='ocrx_word' id='word_1_681' title='bbox 3845 4832 4012 4892; x_wconf 61' lang='lat' dir='ltr'>docent</span> 
     </span>
     <span class='ocr_line' id='line_1_109' title="bbox 2560 4927 4007 5011; baseline -0.004 -18"><span class='ocrx_word' id='word_1_682' title='bbox 2560 4932 2824 4993; x_wconf 87' lang='lat' dir='ltr'>Azorius</span> <span class='ocrx_word' id='word_1_683' title='bbox 2852 4933 2928 4992; x_wconf 90' lang='lat'>11.</span> <span class='ocrx_word' id='word_1_684' title='bbox 2962 4937 3050 4993; x_wconf 77' lang='lat' dir='ltr'>to,</span> <span class='ocrx_word' id='word_1_685' title='bbox 3083 4932 3194 4993; x_wconf 91' lang='lat' dir='ltr'>lib.</span> <span class='ocrx_word' id='word_1_686' title='bbox 3241 4950 3327 4993; x_wconf 81' lang='lat' dir='ltr'>vl.</span> <span class='ocrx_word' id='word_1_687' title='bbox 3384 4951 3528 5011; x_wconf 87' lang='lat' dir='ltr'>cap.</span> <span class='ocrx_word' id='word_1_688' title='bbox 3575 4950 3673 4992; x_wconf 73' lang='lat' dir='ltr'>xv.</span> <span class='ocrx_word' id='word_1_689' title='bbox 3705 4949 3755 5009; x_wconf 90' lang='lat' dir='ltr'>q.</span> <span class='ocrx_word' id='word_1_690' title='bbox 3787 4932 3842 4987; x_wconf 77' lang='lat'>2.</span> <span class='ocrx_word' id='word_1_691' title='bbox 3872 4927 4007 4996; x_wconf 53' lang='lat' dir='ltr'>Vnst}-</span> 
     </span>
     <span class='ocr_line' id='line_1_110' title="bbox 2562 5014 4004 5104; baseline -0.005 -17"><span class='ocrx_word' id='word_1_692' title='bbox 2562 5026 2729 5087; x_wconf 86' lang='lat' dir='ltr'>dicto</span> <span class='ocrx_word' id='word_1_693' title='bbox 2783 5026 2838 5104; x_wconf 65' lang='grc' dir='ltr'>ἓ.</span> <span class='ocrx_word' id='word_1_694' title='bbox 2896 5026 3001 5087; x_wconf 87' lang='lat'><em>111.</em></span> <span class='ocrx_word' id='word_1_695' title='bbox 3053 5025 3203 5085; x_wconf 91' lang='lat' dir='ltr'>dub.</span> <span class='ocrx_word' id='word_1_696' title='bbox 3246 5042 3402 5086; x_wconf 80' lang='lat' dir='ltr'>xvn.</span> <span class='ocrx_word' id='word_1_697' title='bbox 3455 5027 3520 5085; x_wconf 89' lang='lat' dir='ltr'>in</span> <span class='ocrx_word' id='word_1_698' title='bbox 3567 5028 3702 5099; x_wconf 83' lang='lat' dir='ltr'>fine,</span> <span class='ocrx_word' id='word_1_699' title='bbox 3735 5014 4004 5094; x_wconf 60' lang='lat' dir='ltr'>Castmpitl·</span> 
     </span>
     <span class='ocr_line' id='line_1_111' title="bbox 2562 5113 4006 5197; baseline -0.002 -19"><span class='ocrx_word' id='word_1_700' title='bbox 2562 5118 2727 5179; x_wconf 87' lang='lat' dir='ltr'>dicto</span> <span class='ocrx_word' id='word_1_701' title='bbox 2757 5123 2970 5196; x_wconf 89' lang='lat' dir='ltr'>punct.</span> <span class='ocrx_word' id='word_1_702' title='bbox 3003 5135 3090 5179; x_wconf 78' lang='lat' dir='ltr'>xx.</span> <span class='ocrx_word' id='word_1_703' title='bbox 3123 5119 3180 5196; x_wconf 66' lang='grc' dir='ltr'>ἓ.</span> <span class='ocrx_word' id='word_1_704' title='bbox 3216 5121 3276 5180; x_wconf 90' lang='grc'>3.</span> <span class='ocrx_word' id='word_1_705' title='bbox 3311 5137 3484 5179; x_wconf 89' lang='lat' dir='ltr'>num.</span> <span class='ocrx_word' id='word_1_706' title='bbox 3524 5122 3578 5180; x_wconf 74' lang='lat'>1.</span> <span class='ocrx_word' id='word_1_707' title='bbox 3609 5116 3702 5197; x_wconf 86' lang='lat' dir='ltr'>qui</span> <span class='ocrx_word' id='word_1_708' title='bbox 3727 5113 4006 5175; x_wconf 58' lang='lat' dir='ltr'>advenum.</span> 
     </span>
     <span class='ocr_line' id='line_1_112' title="bbox 2560 5198 4008 5289; baseline -0.01 -18"><span class='ocrx_word' id='word_1_709' title='bbox 2560 5211 2681 5271; x_wconf 91' lang='lat' dir='ltr'>hoc</span> <span class='ocrx_word' id='word_1_710' title='bbox 2711 5211 3072 5289; x_wconf 89' lang='lat' dir='ltr'>procedere,</span> <span class='ocrx_word' id='word_1_711' title='bbox 3089 5211 3335 5272; x_wconf 88' lang='lat' dir='ltr'>etiamsi</span> <span class='ocrx_word' id='word_1_712' title='bbox 3358 5212 3658 5273; x_wconf 87' lang='lat' dir='ltr'>electores</span> <span class='ocrx_word' id='word_1_713' title='bbox 3678 5208 3944 5285; x_wconf 82' lang='lat' dir='ltr'>jurassent</span> <span class='ocrx_word' id='word_1_714' title='bbox 3958 5198 4008 5255; x_wconf 71' lang='lat' dir='ltr'>de</span> 
     </span>
     <span class='ocr_line' id='line_1_113' title="bbox 2563 5300 4008 5383; baseline -0.009 -19"><span class='ocrx_word' id='word_1_715' title='bbox 2563 5304 2849 5382; x_wconf 91' lang='lat' dir='ltr'>eligendo</span> <span class='ocrx_word' id='word_1_716' title='bbox 2881 5304 3186 5383; x_wconf 86' lang='lat' dir='ltr'>digniori;</span> <span class='ocrx_word' id='word_1_717' title='bbox 3225 5323 3339 5382; x_wconf 89' lang='lat' dir='ltr'>per</span> <span class='ocrx_word' id='word_1_718' title='bbox 3366 5304 3488 5365; x_wconf 85' lang='lat' dir='ltr'>boc</span> <span class='ocrx_word' id='word_1_719' title='bbox 3516 5305 3674 5364; x_wconf 90' lang='lat' dir='ltr'>enim</span> <span class='ocrx_word' id='word_1_720' title='bbox 3700 5300 4008 5361; x_wconf 68' lang='lat' dir='ltr'>incurrerem</span> 
     </span>
     <span class='ocr_line' id='line_1_114' title="bbox 2563 5386 4006 5476; baseline -0.01 -19"><span class='ocrx_word' id='word_1_721' title='bbox 2563 5401 2781 5475; x_wconf 87' lang='lat' dir='ltr'>postea</span> <span class='ocrx_word' id='word_1_722' title='bbox 2809 5404 3136 5474; x_wconf 89' lang='lat' dir='ltr'>peccatum</span> <span class='ocrx_word' id='word_1_723' title='bbox 3167 5396 3466 5476; x_wconf 82' lang='lat' dir='ltr'>perjurii,</span> <span class='ocrx_word' id='word_1_724' title='bbox 3518 5416 3638 5457; x_wconf 90' lang='lat' dir='ltr'>non</span> <span class='ocrx_word' id='word_1_725' title='bbox 3675 5400 3858 5456; x_wconf 80' lang='lat' dir='ltr'>tamen</span> <span class='ocrx_word' id='word_1_726' title='bbox 3896 5386 4006 5446; x_wconf 58' lang='lat' dir='ltr'>face»</span> 
     </span>
     <span class='ocr_line' id='line_1_115' title="bbox 2567 5488 3502 5550; baseline 0.001 -2"><span class='ocrx_word' id='word_1_727' title='bbox 2567 5492 2708 5549; x_wconf 88' lang='lat' dir='ltr'>rent</span> <span class='ocrx_word' id='word_1_728' title='bbox 2736 5489 3103 5550; x_wconf 88' lang='lat' dir='ltr'>electionem</span> <span class='ocrx_word' id='word_1_729' title='bbox 3135 5488 3502 5549; x_wconf 84' lang='lat' dir='ltr'>invalidam.</span> 
     </span>
    </p>
   </div>
   <div class='ocr_carea' id='block_1_13' title="bbox 4085 2817 4115 3164">
    <p class='ocr_par' dir='ltr' id='par_1_14' title="bbox 4085 2817 4115 3164">
     <span class='ocr_line' id='line_1_116' title="bbox 4085 2817 4115 3164; textangle 90"><span class='ocrx_word' id='word_1_730' title='bbox 4085 2817 4115 3164; x_wconf 38' lang='grc' dir='ltr'>,μμ</span> 
     </span>
    </p>
   </div>
   <div class='ocr_carea' id='block_1_14' title="bbox 4037 3276 4100 3425">
    <p class='ocr_par' dir='ltr' id='par_1_15' title="bbox 4037 3276 4100 3425">
     <span class='ocr_line' id='line_1_117' title="bbox 4037 3276 4100 3425; textangle 90"><span class='ocrx_word' id='word_1_731' title='bbox 4037 3276 4100 3425; x_wconf 55' lang='lat'>1⁶³</span> 
     </span>
    </p>
   </div>
   <div class='ocr_carea' id='block_1_15' title="bbox 4101 4508 4107 5095">
    <p class='ocr_par' dir='ltr' id='par_1_16' title="bbox 4101 4508 4107 5095">
     <span class='ocr_line' id='line_1_118' title="bbox 4101 4508 4107 5095; baseline 0 0"><span class='ocrx_word' id='word_1_732' title='bbox 4101 4508 4107 5095; x_wconf 95' lang='lat' dir='ltr'> </span> 
     </span>
    </p>
   </div>
   <div class='ocr_carea' id='block_1_16' title="bbox 4098 4508 4108 5481">
    <p class='ocr_par' dir='ltr' id='par_1_17' title="bbox 4098 4508 4108 5481">
     <span class='ocr_line' id='line_1_119' title="bbox 4098 4508 4108 5481; baseline 0 0"><span class='ocrx_word' id='word_1_733' title='bbox 4098 4508 4108 5481; x_wconf 95' lang='lat' dir='ltr'> </span> 
     </span>
    </p>
   </div>
  </div>
 </body>
</html>
