4263 6376
795 433 914 492 726

797 609 1051 690 quando
1096 625 1285 686 quam
1331 623 1520 685 poena
1574 606 1789 685 aliqua
1833 605 2328 667 extraordinaria

797 720 936 781 quoe
968 702 1024 760 ei
1053 702 1481 778 imponeretur
1512 717 1525 757 :
1561 698 1684 758 imo
1715 699 1854 775 plus
1884 700 2143 776 periculi
2173 699 2329 760 sitin

796 798 1058 869 tortura,
1092 793 1153 851 in
1186 810 1310 871 qua
1339 791 1390 851 si
1421 790 1556 868 ejus
1584 796 1754 851 metu
1786 791 2086 869 fateatur,
2131 791 2326 870 patia-

2006 430 2107 489 DF.
2138 427 2505 492 JUSTITIA
2547 429 2648 491 ET
2684 429 2882 492 mna

2428 606 2612 685 culpa
2641 606 2806 685 pati:
2839 608 2959 668 Per
2984 606 3154 696 quod
3174 610 3355 692 patet
3381 605 3462 669 ad
3494 593 3954 669 fundamentum

2428 700 2756 760 contrariae
2788 701 3133 763 sententiae.
3170 700 3357 763 Unde

2508 793 2713 855 Infero
2743 794 2967 873 primo,
3000 811 3038 853 a
3064 794 3311 856 fortiori
3339 796 3563 854 contra
3595 792 3827 854 Sanch.
3860 812 3954 855 aa.

4048 798 4117 854 {ll

794 892 898 948 tur
923 904 1175 965 poenam
1204 889 1547 945 extremam
1576 884 1977 945 ordinariam.
2005 886 2157 946 Cum
2176 901 2326 962 ergo
2425 890 2483 945 7.
2521 890 2581 945 et
2611 886 2764 945 alios
2793 905 2918 946 non
2949 885 3180 945 debere
3202 885 3490 965 judicem
3524 903 3709 945 reum
3740 903 3959 965 negan-
4011 925 4055 962 ,
4072 925 4155 964 ,-

2425 982 2553 1039 tem
2582 973 2771 1038 etiam
2802 979 2864 1038 in
2894 982 3157 1055 tortura,
3193 983 3415 1040 contra
3446 997 3641 1058 quem
3665 985 3811 1039 sunt
3827 981 3958 1041 talia
3992 973 4175 1081 ἒξ

2429 1070 2688 1146 indicia,
2740 1070 3061 1133 definitiva
3109 1070 3425 1132 sententia
3453 1070 3813 1147 absolvere,
3864 1072 3959 1131 sed
3995 1081 4175 1134 βιῶ

795 983 1053 1058 propter
1079 978 1314 1038 bonum
1360 976 1678 1055 publicum
1707 977 1903 1056 possit
1934 976 2102 1056 juste
2146 977 2329 1037 dam-

797 1072 932 1132 nari
962 1071 1039 1131 ad
1071 1074 1403 1145 torturam,
1457 1088 1536 1129 ne
1586 1068 1810 1130 delicta
1859 1073 2157 1131 maneant
2202 1087 2327 1130 non

794 1165 1080 1245 probata,
1115 1169 1177 1225 et
1203 1162 1490 1224 homines
1518 1165 1690 1222 metu
1710 1165 1969 1223 torturae
1996 1166 2331 1223 arceantur

799 1276 832 1316 a
868 1256 1139 1328 delictis;
1190 1260 1252 1317 et
1281 1255 1362 1315 ad
1390 1258 1701 1316 torturam
1730 1255 2044 1317 sufficiant
2084 1255 2329 1318 minora

797 1349 1026 1409 indicia
1054 1353 1123 1410 ut
1149 1348 1537 1420 videbimus3
1572 1366 1609 1407 a
1637 1347 1877 1409 fortiori
1900 1348 2208 1410 stantibus
2238 1348 2329 1407 in-

797 1444 973 1504 diciis
1025 1442 1490 1521 urgentioribus
1548 1444 1611 1502 et
1666 1441 2056 1518 indubitatis,
2100 1441 2331 1521 poterit

797 1540 1054 1616 propter
1079 1536 1247 1595 idem
1274 1536 1510 1596 bonum
1540 1553 1873 1596 commune
1904 1535 2111 1616 puniri
2140 1553 2329 1615 poena

795 1629 1028 1691 mitiori
1057 1628 1568 1690 extraordinaria.

878 1723 1167 1784 Secundo
1196 1722 1448 1801 probari
1471 1725 1676 1801 potest
1705 1721 1824 1782 hoc
1855 1722 2084 1801 ipsum,
2111 1721 2258 1802 quia
2277 1721 2330 1782 si

796 1835 940 1877 reus
969 1834 1095 1876 non
1123 1818 1333 1893 posset
1369 1814 1537 1893 juste
1585 1814 1793 1893 puniri
1839 1816 1951 1875 tali
1990 1833 2201 1894 poena,
2234 1832 2333 1875 se-

798 1913 1099 1989 queretur
1127 1908 1189 1967 in
1222 1906 1388 1966 nullo
1421 1925 1567 1966 casu
1598 1925 1812 1985 posse,
1845 1912 2090 1969 constat
2121 1912 2331 1969 autem

798 2003 860 2062 in
892 2001 1205 2081 aliquibus
1235 1999 1482 2060 casibus
1511 2000 1574 2059 id
1602 1999 1735 2060 fleri
1765 2018 1951 2079 posse
1982 2003 2043 2062 et
2072 2000 2326 2080 debere,

798 2114 955 2177 quos
984 2097 1311 2154 enumerat
1337 2095 1507 2154 LesS.
1559 2092 1667 2153 ubi
1714 2112 1903 2172 supra
1953 2113 2058 2155 nu.
2095 2096 2230 2155 170.
2266 2093 2330 2153 in

799 2189 1027 2268 quibus
1055 2205 1244 2267 poena
1274 2185 1463 2247 etiam
1512 2185 1830 2247 ordinaria
1869 2186 2230 2264 imponitur,
2262 2190 2333 2249 ut

798 2282 847 2342 si
878 2285 973 2343 ter
1002 2280 1184 2340 alicui
1207 2279 1608 2354 denuntiasti,
1644 2297 1721 2337 ne
1751 2297 2010 2340 uxorem
2041 2283 2210 2340 tuam
2242 2280 2331 2340 al·

798 2376 1181 2454 loqueretur,
1228 2376 1289 2432 et
1330 2375 1548 2449 postea
1575 2371 1929 2451 reperiatur
1959 2391 2101 2433 eum
2131 2392 2207 2433 ea
2235 2391 2329 2433 so·

795 2468 893 2527 lus
914 2468 1305 2546 colloquenS,
1341 2482 1415 2524 ex
1444 2463 1651 2524 novell.
1689 2463 1914 2527 constit.
1950 2467 2186 2529 CXVII.
2220 2466 2252 2527 J
2263 2485 2332 2526 u·-

798 2559 1046 2621 stiniani
1067 2577 1119 2619 c.
1154 2575 1258 2619 xv.
1295 2556 1445 2618 item
1475 2556 1528 2617 si
1553 2557 1835 2618 officialis
1865 2558 2025 2637 fugit
2047 2562 2332 2637 tempore

796 2652 1182 2732 syndicatus‚
1216 2651 1324 2730 qui
1347 2648 1616 2710 habetur
1643 2669 1754 2732 pro
1779 2651 2084 2727 confesso,
2111 2652 2152 2713 1.
2181 2649 2332 2712 Con-

795 2746 1074 2820 sz'lz'arz'us,
1111 2747 1176 2820 C,
1209 2743 1277 2803 de
1305 2741 1700 2803 Assessoribus
1719 2790 1733 2818 ‚
1771 2746 1833 2804 et
1862 2741 2093 2804 in‘alils
2119 2743 2332 2804 simill-

797 2840 953 2916 bus,
1001 2840 1063 2898 in
1094 2837 1319 2916 quibus
1357 2840 1614 2915 propter
1641 2853 1972 2896 commune
2001 2837 2237 2897 bonum
2266 2837 2328 2897 id

796 2931 1147 2993 admittitur
1193 2951 1205 2990 :
1253 2947 1403 3010 ergo
1456 2947 1494 2988 a
1548 2929 1790 2990 fortiori
1857 2933 2111 3008 propter
2164 2931 2331 2990 idem

796 3042 1129 3085 commune
1156 3023 1394 3082 bonum
1424 3023 1856 3101 poteritpoena
1876 3023 2106 3084 mitiori
2133 3027 2333 3084 extra-

797 3117 1114 3177 ordinaria
1157 3114 1387 3195 puniri.
1435 3115 1753 3175 Concludo
1810 3115 2045 3196 itaque,
2096 3134 2240 3176 eum
2268 3116 2331 3176 id

788 3212 932 3292 jure
961 3213 1200 3270 naturae
1233 3226 1355 3267 non
1392 3210 1722 3285 repugnet,
1774 3208 2068 3269 standum
2105 3210 2168 3269 in
2213 3210 2332 3271 hoc

797 3323 930 3365 esse
954 3301 1082 3382 juri
1103 3301 1332 3378 scripto
1355 3304 1416 3361 et
1435 3297 1869 3361 consuetudini
1894 3320 2082 3387 quam
2102 3305 2330 3363 testan-

794 3401 898 3459 tur
925 3395 1126 3458 Julius
1156 3394 1371 3455 Clarus
1416 3397 1478 3455 et
1522 3393 1650 3469 alii,
1686 3411 1841 3472 quos
1881 3396 2062 3456 affert
2095 3395 2324 3457 Saneh.

796 3510 858 3550 n.
893 3492 987 3549 13.
1017 3506 1172 3562 esse,
1194 3492 1264 3547 ut
1278 3486 1488 3547 mitior
1507 3503 1695 3564 poena
1717 3486 2072 3565 imponatur
2100 3508 2111 3549 :
2141 3507 2329 3567 quam

792 3583 938 3642 licet
967 3580 1196 3642 Sanch.
1221 3598 1280 3639 n.
1311 3581 1406 3639 14.
1441 3596 1584 3639 eum
1614 3578 1749 3639 aliis
1779 3578 1972 3655 dieat,
2000 3598 2126 3640 nou
2147 3598 2329 3663 posse

794 3693 927 3735 esse
973 3690 1227 3754 poenam
1281 3672 1673 3751 corporalem
1707 3691 1721 3732 ε
1753 3671 1858 3731 alii
1906 3675 2116 3732 tamen
2150 3674 2326 3735 multi

793 3787 931 3828 eam
960 3765 1395 3828 limitationem
1427 3765 1765 3825 excludunt
1793 3769 1855 3826 et
1883 3765 2104 3826 merito
2134 3812 2148 3842 ,
2182 3767 2326 3845 quia

789 3862 1062 3923 rationes
1093 3858 1380 3918 adductae
1410 3857 1473 3917 id
1504 3856 1794 3934 probant,
1831 3861 1893 3917 et
1918 3860 2160 3918 tortura
2191 3859 2327 3938 qui-

791 3955 935 4015 dem
964 3956 1057 4014 est
1080 3969 1312 4030 magna
1329 3967 1520 4030 prena
1540 3949 1902 4028 corporaliS,
1936 3950 2019 4011 ita
2055 3955 2121 4012 ut
2148 3953 2325 4013 multi

790 4052 1058 4109 mortem
1084 4045 1321 4125 eligant
1349 4043 1427 4103 ad
1459 4060 1602 4102 eum
1632 4040 2017 4119 fugiendam.

871 4140 1049 4201 Ratio
1079 4142 1287 4198 autem
1316 4144 1353 4195 a
1380 4134 1572 4214 priori
1595 4138 1707 4209 est,
1756 4134 1903 4217 quia
1944 4135 2089 4197 licet
2126 4137 2323 4217 judex

788 4251 911 4294 non
944 4232 1176 4291 habeat
1220 4232 1368 4290 tunc
1417 4244 1740 4288 assensum
1788 4231 2030 4313 certum
2060 4228 2138 4288 de
2169 4229 2324 4288 deli-

787 4330 910 4401 ct0,
943 4324 1136 4383 habet
1161 4326 1371 4382 tamen
1401 4338 1726 4380 assensum
1756 4323 1999 4380 eertum
2016 4321 2093 4380 de
2122 4323 2319 4384 multo

767 4418 1011 4499 'majori
1052 4413 1592 4476 verisimilitudine
1648 4408 1857 4473 delicti
1904 4432 2094 4492 quam
2141 4414 2321 4476 inno-

785 4513 1007 4573 centiae
1043 4530 1056 4571 :
1091 4512 1152 4570 et
1182 4504 1467 4587 quamvis
1513 4523 1656 4564 reus
1691 4505 1771 4565 sit
1818 4505 1880 4565 in
1924 4508 2317 4585 possessione

785 4625 913 4667 suae
968 4600 1433 4674 indemnitatis3
1496 4602 1589 4660 est
1642 4603 1851 4659 tamen
1909 4603 2127 4662 contra
2174 4620 2318 4663 eum

782 4697 1186 4779 praesumptio
1218 4695 1377 4755 adeo
1405 4692 1768 4769 vehemenS,
1794 4695 2320 4773 utpraeponderet

779 4789 1180 4872 possessioni,
1216 4791 1277 4848 et
1302 4787 1641 4848 transferat
1668 4785 1730 4844 in
1759 4785 1966 4865 ipsum
1996 4804 2154 4847 onus
2174 4807 2314 4867 pro-

777 4887 969 4948 bandi
997 4882 1454 4958 innocentiam,
1499 4885 1561 4941 et
1605 4880 1753 4940 facit
1799 4880 1994 4941 multo
2041 4882 2311 4942 credibi-

777 4981 897 5040 lius
943 4973 1085 5039 e'um
1129 4974 1463 5055 deliquisse
1489 5020 1504 5051 ,
1550 4990 1741 5052 quam
1771 4991 1893 5033 non
1950 4973 2308 5053 deliquisse.

779 5074 983 5144 Quare
1010 5071 1158 5130 licet
1186 5070 1365 5148 pejus
1394 5067 1474 5128 sit
1515 5065 1739 5145 punire
1768 5064 2091 5126 innoxium
2121 5085 2313 5146 quam

778 5165 1104 5225 absolvere
1133 5161 1386 5221 noxium
1431 5179 1444 5220 ε
1491 5158 1610 5218 hoc
1636 5162 1847 5220 tamen
1877 5176 2097 5218 verum
2128 5164 2222 5221 est
2248 5160 2311 5219 in

775 5261 911 5340 pari
940 5276 1149 5335 causa,
1184 5275 1310 5317 non
1339 5253 1589 5336 quando
1617 5269 1848 5331 magna
1869 5256 1963 5314 est
1989 5253 2310 5339 inaequali·

772 5360 867 5416 tas
901 5371 915 5417 :
950 5354 1128 5432 pejus
1171 5349 1340 5411 enim
1388 5351 1552 5411 esset
1591 5346 1953 5426 reipublicae
1987 5348 2205 5408 noxios
2235 5366 2307 5408 eo

2431 1163 2508 1223 ad
2538 1181 2852 1224 summum
2895 1164 3177 1224 relaxare
3224 1163 3341 1225 sub
3385 1163 3792 1247 fidejussore,
3829 1166 3960 1225 utsi

2429 1262 2647 1335 postea
2701 1257 3099 1337 reperiantur
3172 1255 3474 1335 legitimae
3540 1256 3958 1335 probationes,

2429 1349 2624 1429 possit
2653 1349 3058 1409 condemnari
3088 1348 3189 1409 vel
3232 1350 3423 1410 etiam
3473 1348 3723 1409 absolvi
3744 1397 3761 1425 ,
3811 1349 3859 1409 sl
3892 1351 3963 1413 de

2429 1442 2786 1503 innocentia
2839 1442 3225 1514 constiterit:
3289 1459 3485 1521 quam
3540 1459 3681 1501 esse
3735 1443 3963 1522 praxim

2430 1553 2826 1596 communem
2857 1535 3383 1615 peritissimorum
3406 1534 3734 1613 judicum,
3754 1541 3967 1597 mian·

2426 1632 2530 1690 tur
2557 1628 2758 1690 Julius
2790 1628 3026 1702 marne,
3062 1633 3123 1689 et
3153 1627 3257 1688 alii
3287 1627 3459 1706 apud
3495 1628 3737 1689 Sanch.
3775 1647 3876 1689 nu.
3906 1634 3957 1691 ³.

2430 1726 2492 1784 et
2519 1722 2650 1801 ipse
2680 1741 2742 1783 n.
2775 1725 2833 1783 8.
2868 1721 3191 1800 probabile
3220 1721 3480 1796 fatetur,
3516 1720 3674 1781 licet
3691 1721 3964 1800 probabi·

2427 1813 2546 1875 lius
2576 1814 2933 1894 oppositum
2956 1814 3218 1894 judicet,
3254 1812 3518 1892 quando
3550 1817 3801 1877 tortura
3827 1832 3962 1894 prae·

2430 1908 2636 1984 cessit,
2669 1925 2849 1968 secus
2879 1906 3131 1986 quando
3150 1906 3433 1985 torqueri
3455 1923 3592 1966 non
3612 1909 3836 1986 potuit,
3855 1926 3962 1987 quo

2430 2019 2579 2060 casu
2603 2018 2856 2078 poenam
2878 1999 3447 2060 extraordinariam
3481 2017 3629 2060 esse
3660 2001 3964 2079 imponen-

2430 2093 2599 2170 dam,
2629 2094 2858 2153 latetur
2883 2112 2945 2153 n.
2982 2094 3076 2153 is.
3113 2094 3337 2153 Nostra
3369 2095 3598 2152 tamen
3630 2093 3826 2154 illatio
3840 2111 3964 2173 pro-

2430 2186 2635 2262 batur,
2672 2186 2821 2266 quia
2848 2184 3019 2246 aliud
3050 2189 3141 2246 est
3182 2185 3523 2246 absolvere
3566 2187 3842 2266 aliquem
3866 2188 3963 2246 de-

2431 2279 2730 2340 clarando
2780 2297 2923 2340 eum
2965 2278 3405 2349 innocentem:
3459 2277 3647 2342 allud
3679 2297 3830 2340 vero
3857 2298 3961 2341 non

2431 2371 2851 2432 condemnare
2882 2388 3048 2447 eum,
3082 2370 3229 2452 quia
3258 2388 3389 2430 non
3420 2370 3823 2433 sufficienter
3844 2391 3963 2451 pro-

2429 2465 2612 2526 batus
2643 2467 2735 2524 est
2784 2464 3026 2524 noxius.
3084 2465 3216 2524 Hoc
3259 2463 3635 2524 secundum
3678 2468 3877 2544 potest
3900 2466 3965 2525 ad

2430 2575 2745 2618 summum
2768 2556 2963 2637 judex
2979 2557 3206 2633 faeere,
3227 2557 3492 2636 quando
3521 2557 3831 2619 delictum
3850 2577 3965 2638 pre-

2431 2651 2646 2711 balum
2677 2650 2860 2728 plene
2891 2667 3016 2710 non
3047 2652 3160 2725 est,
3195 2667 3318 2728 quo
3350 2667 3511 2710 casu
3546 2668 3681 2711 non
3712 2651 3966 2714 declarat

2430 2744 2603 2803 illum
2634 2743 3052 2818 innocentem,
3085 2741 3194 2802 sed
3225 2761 3347 2802 non
3382 2744 3787 2805 condemnat
3814 2746 3963 2806 abso·

2429 2838 2579 2914 lute,
2632 2838 2781 2917 quia
2821 2855 2947 2896 non
2989 2834 3181 2897 habet
3234 2836 3572 2897 sufficiens
3616 2838 3963 2900 fundamen-

2428 2934 2584 2992 tum.
2618 2930 2716 2991 Ad
2743 2931 3017 3010 primum
3046 2947 3196 2990 vero
3224 2935 3559 3016 oporteret
3590 2939 3876 2995 constare
3899 2932 3961 2991 de

2430 3025 2741 3084 calumnia
2774 3027 2835 3085 et
2863 3023 3131 3084 falsitate
3157 3023 3442 3101 testium,
3481 3029 3552 3087 et
3581 3026 3667 3086 de
3699 3027 3962 3086 innocen·

2428 3119 2514 3180 tia
2544 3117 2840 3193 accusatl,
2877 3116 3043 3197 quod
3074 3116 3421 3197 aliquando
3469 3118 3618 3179 fieri
3669 3118 3961 3180 consuevit

2431 3212 2509 3272 ad
2539 3210 2993 3272 consulendum
3011 3210 3144 3289 ejus
3167 3210 3663 3274 existimationi.
3689 3214 3963 3292 Aliquan-

2431 3305 2510 3370 do
2538 3308 2751 3366 tamen
2782 3320 2882 3363 res
2911 3302 3101 3363 dubia
3130 3304 3192 3363 et
3220 3302 3507 3364 indecisa
3530 3311 3780 3381 manet,
3809 3312 3861 3368 et
3876 3323 3961 3364 ne-

2430 3397 2565 3475 gari
2596 3415 2722 3456 non
2752 3400 2991 3474 potest,
3042 3395 3581 3457 existimationem
3611 3398 3830 3459 laesam
3854 3415 3959 3457 ma·

2430 3508 2599 3566 nere,
2634 3493 2695 3551 et
2715 3489 2968 3569 quidem
2991 3488 3242 3564 merite,
3278 3489 3430 3567 quia
3458 3491 3817 3567 prudent&
3843 3509 3957 3551 om·

2429 3601 2539 3643 nes
2591 3581 3009 3660 suspicionem
3061 3580 3385 3642 habebunt
3424 3582 3721 3663 aliquam
3750 3584 3825 3645 de
3849 3583 3957 3663 ille,

2427 3680 2644 3737 contra
2674 3693 2861 3755 quem
2888 3674 3045 3734 adeo
3063 3673 3467 3734 vehementia
3484 3675 3733 3737 indicia
3751 3680 3955 3738 extant.

2427 3768 2723 3841 Quamvis
2754 3767 2919 3827 enim
2963 3766 3025 3826 in
3062 3770 3303 3827 tortura
3352 3771 3697 3845 negaverit
3719 3818 3736 3845 ,
3768 3770 3860 3829 vel
3882 3773 3959 3830 te-

2426 3865 2551 3921 stes
2580 3859 2964 3920 sufficienter
3010 3877 3134 3918 non
3167 3858 3375 3920 adsint
3406 3860 3487 3919 ad
3542 3862 3804 3922 omnino
3832 3881 3963 3922 con—

2424 3952 2825 4028 vincendum,
2872 3951 2935 4011 id
2974 3955 3183 4013 tamen
3238 3968 3365 4012 non
3421 3953 3665 4032 probat
3719 3956 3961 4041 positive

2423 4046 2755 4107 falsitatem
2802 4044 3174 4105 indiciorum
3224 4064 3237 4105 ε
3289 4062 3403 4104 cur
3451 4063 3612 4126 ergo
3661 4047 3962 4126 cogendus

2423 4142 2517 4199 est
2539 4138 2735 4217 judex
2765 4138 2845 4198 ad
2876 4135 3318 4197 declarandam
3365 4126 3716 4216 positivam
3760 4141 3845 4199 rei
3878 4140 3959 4199 111·

2421 4231 2798 4307 nocentiam,
2842 4230 2920 4290 ad
2966 4248 3154 4317 quam
3196 4247 3322 4290 non
3371 4228 3576 4293 habet
3604 4231 3961 4293 fundamen·

2419 4329 2552 4386 tum
2581 4324 2956 4404 positivum,
2990 4323 3115 4384 imo
3158 4322 3579 4385 fundamenta
3627 4325 3795 4387 levia
3819 4343 3960 4386 cen-

2418 4417 2661 4478 traria?

2495 4510 2699 4571 Insere
2728 4509 3024 4585 secundo,
3059 4508 3120 4568 in
3151 4508 3461 4589 ejusmodi
3489 4527 3645 4571 casu
3677 4530 3802 4573 non
3831 4530 3956 4572 επι-

2415 4604 2478 4663 in
2519 4603 2775 4664 arbitrio
2817 4601 3072 4682 judicis,
3124 4602 3225 4663 vel
3280 4606 3584 4684 torquere
3632 4623 3834 4685 reum,
3866 4603 3957 4664 vel

4072 4520 4139 4578 115

4030 4650 4159 4697 ,αις-ει

2384 4716 2603 4778 ,poena
2627 4696 3116 4758 extraordinaria
3147 4695 3389 4774 punire,
3416 4695 3530 4756 sed
3553 4696 3791 4758 debere
3820 4716 3956 4776 pre·
4024 4702 4160 4754 μὲ·-

4035 4756 4159 4803 ἡ,

2414 4791 2637 4851 cedere
2666 4790 2746 4850 ad
2776 4792 3082 4850 torturam
3108 4835 3123 4864 ,
3177 4789 3293 4848 nisi
3340 4807 3487 4849 reus
3535 4789 3619 4850 sit
3648 4809 3724 4849 ex
3752 4790 3828 4850 iis
3854 4789 3950 4869 qni
4015 4816 4081 4851 e-
4104 4816 4163 4845 .-

2410 4883 2689 4963 torqueri
2745 4900 2871 4961 non
2924 4883 3206 4959 possunt.
3242 4882 3375 4941 Hoc
3425 4884 3523 4941 est
3580 4886 3803 4942 contra
3829 4882 3947 4944 sul.

2413 4977 2683 5052 Clarum,
2718 4993 2905 5055 quem
2936 4974 3116 5035 affert
3142 4976 3203 5035 et
3230 4991 3357 5035 non
3383 4974 3690 5052 reprobat
3710 4974 3953 5035 hessius

2411 5069 2473 5129 d.
2509 5068 2659 5129 dub.
2696 5084 2850 5129 xv11.
2886 5086 2993 5128 nu.
3025 5070 3159 5128 169.
3194 5066 3511 5128 dicentem
3556 5065 3624 5126 id
3678 5068 3949 5153 positum

2411 5180 2544 5223 esse
2576 5163 2636 5220 in
2669 5160 2927 5224 arbitrio
2976 5157 3229 5240 judicie.
3284 5160 3681 5221 Contrarium
3740 5164 3948 5221 tamen

2410 5254 2637 5316 docent
2664 5253 2896 5314 Baldus
2921 5299 2937 5329 ,
2971 5254 3155 5331 Greg.
3187 5253 3395 5331 Lopez
3418 5298 3435 5328 ,
3490 5256 3553 5313 et
3582 5256 3729 5313 Ant.
3767 5255 3943 5314 Gom.

2409 5366 2568 5428 quos
2596 5347 2788 5407 refert
2832 5348 2895 5407 et
2941 5345 3223 5425 sequitur
3273 5344 3505 5425 Sanch.
3538 5345 3603 5405 d.
3637 5344 3797 5408 dub.
3832 5362 3940 5407 111.

772 5467 920 5508 casu
949 5464 1204 5506 manere
1243 5443 1496 5504 omnino
1528 5440 1778 5517 liberos,
1813 5457 2002 5519 quam
2033 5439 2305 5520 aliquem
2405 5459 2467 5501 n.
2501 5444 2559 5501 4.
2595 5444 2657 5503 et
2687 5439 2823 5500 aliis
2850 5438 3052 5500 citatis
3081 5439 3280 5499 Diana
3306 5438 3411 5499 Ill.
3446 5441 3600 5500 tom.
3630 5442 3822 5499 tract.
3862 5455 3945 5502 vx.

770 5541 1171 5602 innocentem
1226 5536 1456 5600 talibus
1513 5532 1757 5594 indiciis
1826 5536 2116 5594 affectum
2171 5533 2304 5595 sine
2403 5531 2474 5594 de
2501 5541 2729 5594 tortura
2756 5537 2817 5597 S.
2856 5530 3073 5612 Officii,
3108 5530 3292 5593 resol.
3316 5533 3416 5594 18.
3440 5529 3700 5593 Probari
3732 5536 3945 5593 autem

4037 4870 4143 4903 m
