4263 6376
1152 284 1159 291 ⁸
1233 294 1701 354 DISPUTATIO
1745 296 1934 370 XXV,
1985 296 2260 355 SEC'PIO
2304 296 2380 355 X.

227 483 387 543 quem
413 464 568 525 bona
594 466 699 525 1110
726 466 964 527 incerta
995 465 1447 540 conferrent-ur,
1488 485 1560 525 ex
1584 485 1707 545 quo

228 556 445 617 tandem
490 558 797 619 redundat
826 558 1058 619 utilitas
1106 557 1169 615 in
1215 576 1546 636 pauperes,
1580 560 1711 636 Ego

226 649 473 710 existimo
495 697 509 725 ‚
544 651 844 730 imprimis
889 650 1159 710 maxime
1191 650 1538 711 curandum
1580 669 1714 710 esse

228 761 291 801 no
324 743 585 819 exigatur
630 745 767 821 plus
815 761 1004 822 quam
1052 743 1395 821 prudenter
1441 744 1719 804 creditur

227 835 601 894 necessarium
632 836 911 897 futurum
940 836 1019 895 ad
1040 836 1270 916 montis
1299 837 1713 896 conservatio·

229 946 348 986 nem
383 932 439 986 et
480 946 800 1005 expensas,
860 947 931 988 eo
975 929 1177 1005 magis
1232 946 1354 1007 quo
1405 928 1717 988 difficilius

226 1020 325 1079 erit
347 1024 547 1097 postea
577 1024 963 1099 superfluum
1003 1021 1329 1080 restituere
1367 1021 1441 1079 iis
1473 1022 1578 1098 qui
1609 1019 1719 1079 de-

226 1111 440 1171 derunt.
468 1113 727 1190 Deinde,
760 1115 812 1173 si
839 1112 1295 1173 restituendum
1326 1117 1440 1186 est,
1474 1112 1547 1172 iis
1568 1112 1719 1171 dan-

224 1203 350 1263 dum
376 1223 409 1263 a
437 1205 658 1283 quibus
688 1210 1018 1285 acceptum
1034 1210 1148 1279 est,
1176 1224 1441 1283 quorum
1466 1205 1720 1266 nomina

224 1314 283 1354 ex
322 1295 478 1356 libris
531 1298 852 1358 rationum
906 1297 1166 1375 singulis
1219 1298 1400 1357 annis
1454 1297 1721 1357 inveniri

225 1390 499 1465 poterunt.
531 1391 762 1467 Terti0,
796 1390 846 1450 si
877 1391 951 1450 iis
977 1389 1151 1449 reddi
1184 1407 1306 1449 non
1336 1394 1562 1467 potest,
1591 1389 1720 1468 pla-

224 1484 304 1539 cet
328 1481 481 1558 quod
511 1481 715 1541 eidem
742 1482 935 1543 monti
959 1481 1325 1561 applicetur,
1351 1485 1722 1542 converten-

224 1572 350 1631 dum
377 1576 571 1633 tamen
595 1574 658 1633 in
678 1576 985 1653 majorem
1003 1573 1330 1635 utilitatem
1347 1592 1715 1653 pauperum,

223 1684 273 1724 v.
301 1684 357 1742 g.
387 1670 450 1726 ut
476 1685 635 1727 anno
684 1667 973 1746 sequenti
1017 1667 1225 1727 minus
1269 1685 1384 1745 pro
1431 1672 1721 1749 mutuo-a

224 1758 573 1835 pauperibus
601 1759 909 1837 exigatur.

290 1851 573 1911 Caeterum
598 1895 613 1926 ,
649 1851 704 1910 si
734 1851 968 1911 taxatio
997 1851 1076 1911 ab
1104 1851 1281 1912 initio
1311 1852 1478 1911 bona
1507 1856 1570 1912 et
1596 1852 1723 1911 sin—

221 1958 345 2001 cera
371 1942 485 2001 fide
510 1943 637 2019 fiat,
673 1960 790 2002 nec
809 1947 1060 2021 petatur
1078 1962 1116 2004 a
1137 1944 1398 2021 singulis
1418 1943 1537 2003 nisi
1554 1944 1722 2023 quod

143 2114 144 2119 ἵ
223 2033 610 2093 necessarium
642 2034 1034 2096 existimatur
1063 2036 1143 2095 ad
1195 2054 1500 2114 expensas
1529 2039 1594 2096 et
1620 2054 1724 2095 su-

160 2113 170 2174 Ϊ
221 2125 628 2186 stentationem
687 2129 919 2188 montis
939 2175 954 2202 ,
1013 2147 1138 2188 non
1195 2127 1377 2188 video
1436 2146 1549 2189 cur
1597 2147 1722 2188 non

219 2218 388 2295 possit
413 2218 494 2279 ita
519 2220 669 2297 peti,
708 2224 772 2280 ut
805 2225 1021 2299 postea
1051 2219 1100 2280 si
1145 2220 1302 2281 forte
1332 2220 1480 2299 quid
1510 2239 1722 2298 super-

219 2310 404 2385 fuerit,
435 2329 556 2370 non
587 2311 669 2373 sit
697 2312 993 2390 obligatio
1026 2313 1390 2374 restituendi
1421 2313 1597 2373 illud.
1619 2312 1722 2374 Vi-

218 2401 396 2462 dimus
422 2404 673 2463 enimin
708 2404 1137 2483 superioribus
1177 2404 1477 2465 interesse
1508 2404 1722 2465 damni

218 2496 565 2573 emergentis
608 2497 740 2575 peti
777 2515 959 2575 posse
991 2515 1028 2556 a
1055 2496 1474 2573 mutuatari0‚
1512 2498 1719 2557 deter-

217 2588 483 2648 minando
515 2589 594 2647 ab
626 2589 804 2649 initio
835 2595 1070 2650 certam
1102 2607 1414 2649 summam
1424 2587 1601 2667 juxta
1630 2588 1716 2663 id,

216 2679 361 2756 quod
386 2681 672 2741 omnibus
704 2681 978 2759 pensatis
1021 2682 1365 2759 prudenter
1403 2680 1724 2758 judicatur

214 2770 394 2831 valere
422 2791 600 2849 posse
631 2773 956 2848 damnum,
990 2791 1065 2833 eo
1097 2777 1302 2852 pactO,
1338 2777 1408 2833 ut
1429 2774 1559 2832 sive
1581 2772 1720 2850 plus

213 2864 280 2923 sit
301 2864 419 2924 sive
447 2866 678 2942 minuS,
714 2866 841 2925 sive
872 2866 1061 2927 etiam
1101 2866 1339 2926 nullum
1366 2913 1381 2940 ,
1425 2866 1722 2926 interesse

214 2955 265 3015 in
291 2975 520 3018 summa
547 2958 656 3017 illa
676 2959 1047 3019 solvendum
1069 2959 1167 3018 sit.
1194 2960 1351 3019 Cum
1368 2976 1516 3036 ergo
1539 2975 1720 3017 mons

214 3066 244 3106 a
268 3049 631 3127 pauperibus
663 3051 873 3128 exigat
901 3050 1200 3111 interesse
1234 3051 1353 3111 hoc
1380 3050 1444 3110 in
1470 3068 1717 3110 summa

211 3139 621 3220 determinata,
660 3148 726 3205 et
752 3149 923 3204 certa
952 3161 1024 3203 ex
1066 3143 1305 3223 judicio
1336 3141 1719 3223 praecedenti

212 3252 600 3313 expensarum
631 3240 696 3297 et
724 3237 938 3297 damni
965 3236 1195 3313 futuri,
1248 3243 1317 3297 ut
1362 3255 1541 3297 mons
1570 3254 1725 3296 con-

210 3333 466 3389 servetur
493 3329 847 3401 indemnis;
884 3347 1009 3390 non
1026 3328 1208 3388 video
1231 3347 1342 3389 cur
1371 3347 1493 3388 non
1527 3327 1725 3407 possit

212 3419 284 3479 ita
305 3421 424 3498 peti
452 3426 640 3500 pacto
672 3421 966 3498 explicito
1000 3421 1095 3480 vel
1124 3420 1448 3499 implicite,
1482 3424 1552 3481 ut
1587 3421 1717 3481 sive

210 3530 470 3591 expensae
498 3516 778 3593 majores
807 3514 936 3573 sive
984 3513 1259 3574 minores
1307 3514 1533 3575 futurae
1574 3513 1718 3589 sint,

208 3604 297 3663 illa
322 3607 445 3666 sola
472 3612 645 3667 certa
675 3624 922 3666 summa
968 3607 1047 3667 sit
1074 3606 1377 3666 solvenda
1402 3653 1417 3682 ,
1474 3610 1535 3666 et
1580 3604 1724 3666 reti-

209 3698 325 3756 neri
352 3704 476 3759 tota
498 3717 536 3758 a
562 3703 780 3759 monte
806 3699 1019 3777 possit.
1072 3700 1139 3758 In
1172 3717 1294 3778 quo
1343 3717 1458 3758 nec
1499 3716 1728 3777 paupe·

209 3806 294 3847 res
321 3788 429 3867 ipsi
459 3790 830 3851 mutuatarii
859 3791 1034 3850 inviti
1066 3796 1288 3866 erunt,
1338 3790 1460 3849 imo
1491 3789 1727 3868 eligent

209 3882 393 3959 potius
423 3882 540 3943 1100
570 3883 762 3942 1110ᾱο
794 3882 872 3942 de
900 3882 1197 3942 interesse
1228 3889 1289 3942 et
1318 3883 1603 3960 expensis
1623 3901 1727 3960 pa-

210 3972 362 4049 cisci,
396 3993 587 4053 quam
607 3993 866 4035 manere
888 3992 1030 4034 cum
1052 3974 1428 4052 obligatione
1448 3974 1731 4035 solvendi

209 4062 445 4126 fortasse
476 4067 642 4146 plus,
679 4067 728 4126 si
759 4085 832 4127 00
865 4085 1027 4128 011110
1059 4085 1207 4127 casu
1253 4067 1460 4146 aliquo
1502 4067 1729 4127 montis

210 4175 476 4235 expensae
507 4159 786 4239 majores
815 4159 971 4233 sint,
1005 4159 1105 4218 vel
1158 4159 1211 4218 si
1251 4158 1580 4237 pauciores
1608 4160 1733 4220 sint

211 4255 469 4326 petentes
497 4257 815 4327 mutuum,
850 4257 912 4312 et
938 4251 1079 4311 ideo
1111 4251 1274 4311 inter
1320 4251 1457 4311 illos
1500 4269 1732 4330 paucos

210 4359 402 4403 omnes
441 4346 678 4406 montis
722 4349 1007 4422 sumptus
1057 4344 1380 4403 dividendi
1424 4345 1569 4406 sint.
1619 4346 1733 4405 Lo-

211 4436 439 4512 quendo
461 4455 615 4515 ergo
649 4437 727 4496 de
759 4437 1071 4514 possibili,
1106 4454 1228 4496 non
1261 4437 1443 4498 video
1485 4456 1598 4497 cur
1624 4455 1734 4515 pa—

208 4535 359 4588 ctum
387 4530 466 4589 de
490 4530 798 4591 interesse
826 4547 938 4608 pro
969 4530 1257 4608 expensis
1297 4530 1386 4590 ita
1430 4529 1563 4590 fieri
1608 4548 1732 4590 non

211 4629 422 4697 posset,
458 4628 527 4683 ut
554 4622 606 4682 si
640 4622 789 4701 quid
819 4626 1038 4701 postea
1078 4622 1385 4700 supersit,
1447 4641 1484 4682 a
1523 4625 1735 4683 monte

212 4714 446 4774 retineri
473 4716 696 4794 possit,
741 4715 859 4774 nisi
885 4714 951 4774 in
981 4713 1113 4793 ejus
1141 4714 1505 4775 fundatione
1526 4714 1736 4792 aliqua

212 4804 470 4866 clausula
500 4808 582 4868 sit
611 4807 757 4867 huic
785 4807 1119 4869 retentioni
1150 4811 1212 4868 et
1239 4812 1575 4886 augmento
1593 4824 1735 4866 con·

210 4899 407 4960 traria.
442 4901 577 4961 Imo
598 4901 748 4961 licet
773 4899 1069 4961 fundator
1096 4918 1385 4978 expresse
1407 4899 1738 4976 prohibeat

211 5007 277 5048 ne
305 4993 650 5071 accipiatur
675 5011 868 5072 supra
894 4992 958 5052 id
993 4993 1162 5070 quod
1211 4992 1630 5052 necessarium
1658 4992 1738 5053 sit

211 5083 282 5141 ad
311 5104 638 5164 expensaS,
671 5104 786 5164 per
814 5085 934 5146 hoc
964 5103 1089 5145 non
1118 5085 1356 5146 tollitur
1382 5084 1550 5163 quod
1571 5085 1737 5145 circa

213 5173 361 5236 hunc
389 5178 672 5239 valorem
703 5196 1116 5255 expensarum
1138 5224 1153 5253 ,
1189 5196 1345 5256 quas
1373 5176 1738 5238 mutuatarii

207 5268 431 5330 solvere
461 5271 720 5346 dehent,
753 5270 950 5350 possit
965 5288 1106 5330 cum
1125 5271 1243 5329 illis
1272 5288 1453 5330 mons
1480 5268 1731 5347 pacisci,

207 5359 536 5424 dummodo
567 5382 692 5424 non
725 5368 975 5424 taxetur
1026 5382 1216 5442 supra
1261 5362 1325 5421 id
1369 5362 1535 5442 quod
1583 5379 1734 5422 vero

519 5459 681 5518 Tou,
716 5458 848 5518 vll.

3220 300 3324 356 24¹

1810 466 2085 527 creditur
2129 466 2549 527 necessarium
2590 467 2867 527 futurum
2917 467 2996 526 ad
3038 467 3195 528 tales
3241 486 3349 526 ex-

1811 577 2057 638 pensaS.

1889 655 1982 711 An
2014 670 2162 711 vero
2194 651 2271 711 de
2300 651 2463 713 facto
2496 651 2804 730 ejusmodi
2836 656 3093 730 pactum
3124 653 3346 713 saltem

1812 743 2179 822 implicitum
2234 744 2608 805 interveniat
2638 791 2653 820 ,
2731 745 2983 824 quando
3041 745 3347 806 interesse

1815 837 2182 896 solvendum
2211 842 2480 913 taxatur,
2516 836 2667 895 mihi
2699 855 2821 896 non
2853 841 3118 898 constat.
3166 839 3345 898 Certe

1814 928 2025 1007 aliqua
2055 928 2347 989 videntur
2377 947 2512 987 esse
2544 929 2775 989 indicia
2804 930 2971 1007 quod
3002 928 3122 989 1100
3152 929 3345 989 modo

1814 1021 2112 1082 interesse
2144 1020 2451 1098 exigatur.
2488 1021 2717 1097 Primo,
2753 1021 2897 1100 quia
2928 1022 2980 1081 si
3009 1040 3132 1082 non
3155 1021 3347 1081 dedu-

1818 1118 2063 1173 ceretur
2085 1112 2382 1173 interesse
2400 1112 2517 1172 hoc
2536 1113 2722 1173 modo
2746 1114 2808 1171 in
2829 1119 3104 1192 pactum,
3128 1132 3353 1193 seque-

1817 1209 1989 1265 retur
2019 1206 2188 1283 quod
2231 1205 2283 1265 si
2312 1210 2533 1283 postea
2562 1204 2835 1284 majores
2883 1207 3354 1284 comperiantur

1819 1315 1965 1357 casu
2023 1296 2231 1374 aliquo
2290 1315 2579 1375 expensa-“2
2633 1297 2738 1357 illo
2786 1315 2950 1357 anno
2999 1297 3350 1358 necessario

1819 1390 2024 1464 factae,
2047 1388 2174 1467 peti
2192 1394 2404 1468 posset
2420 1408 2456 1448 a
2474 1389 2870 1450 mutuatariis
2896 1407 3085 1467 supra
3103 1389 3166 1449 id
3185 1388 3353 1468 quod

1820 1499 1961 1540 cum
1982 1480 2130 1559 ipsis
2153 1481 2217 1540 in
2233 1485 2451 1542 mutuo
2477 1486 2730 1560 pactum
2761 1481 2915 1543 fuit:
2951 1481 3119 1560 quod
3139 1486 3351 1543 tamen

1820 1574 1959 1634 fieri
1986 1591 2110 1633 non
2141 1573 2328 1634 credo
2351 1620 2366 1650 ,
2399 1574 2512 1634 sed
2536 1578 2738 1635 totum
2769 1573 2832 1632 id
2861 1572 3091 1634 montis
3120 1573 3351 1634 damno

1822 1667 2086 1728 eveniet.
2124 1667 2438 1743 Secundo,
2463 1667 2612 1745 quia
2631 1665 3012 1744 impossihile
3028 1667 3354 1727 moraliter

1821 1762 1985 1820 esset
2011 1777 2155 1820 cum
2181 1758 2575 1820 mutuatariis
2607 1758 2684 1818 de
2706 1776 2951 1818 summa
2979 1758 3219 1819 incerta
3238 1776 3354 1837 pa·

1821 1851 1967 1911 cisci
1988 1898 2003 1927 ,
2057 1869 2201 1911 cum
2230 1851 2347 1930 ipsi
2376 1851 2741 1930 frequenter
2767 1849 3038 1911 reddant
3064 1855 3352 1911 mutuum

1821 1947 1884 2004 et
1911 1943 2156 2004 solvant
2182 1944 2481 2004 interesse
2503 1946 2648 2004 011ιο
2671 1942 2860 2003 finem
2891 1943 3061 2020 anni,
3096 1947 3160 2004 et
3181 1946 3353 2003 ante·-

1822 2053 2012 2115 quam
2057 2038 2301 2096 constet
2345 2035 2422 2095 de
2451 2035 2665 2096 valore
2703 2026 3151 2113 expensarum,
3211 2052 3351 2114 quoe

1822 2146 1985 2187 anno
2033 2127 2138 2188 illo
2168 2127 2348 2188 factae
2377 2132 2557 2200 sunt3
2609 2145 2802 2207 quare
2832 2127 2882 2187 si
2929 2133 3148 2207 postea
3178 2128 3356 2187 inve-

1823 2220 2073 2280 niantur
2102 2238 2393 2298 expensae
2435 2220 2598 2280 illius
2642 2220 2788 2279 anni
2819 2220 3122 2280 excedere
3151 2223 3349 2282 totum

1820 2313 2119 2373 interesse
2147 2317 2496 2391 acceptum,
2531 2313 2913 2391 impossibile
2945 2313 3062 2373 erit
3088 2312 3151 2372 id
3182 2312 3353 2391 quod

1822 2405 2000 2465 deest
2025 2424 2060 2463 a
2080 2405 2495 2481 mutuatarii3‚
2527 2405 2790 2465 redditis
2802 2405 2937 2484 jam
2959 2405 3349 2482 pignoribuS,

1821 2514 2215 2575 recuperare.
2240 2497 2472 2573 Terti0,
2508 2497 2655 2576 quia
2682 2498 2731 2557 si
2754 2502 2970 2575 postea
2999 2498 3356 2557 inveniatur

1821 2589 2056 2668 aliquid
2089 2607 2455 2666 superesse,
2491 2589 2743 2649 difficile
2775 2590 2897 2650 erit
2944 2590 3007 2649 id
3036 2594 3355 2650 mutuata-

1821 2684 1930 2743 riis
1961 2681 2227 2742 reddere
2252 2727 2267 2758 ,
2318 2682 2494 2742 multi
2543 2682 2711 2741 enim
2740 2682 2990 2741 illorum
3018 2700 3143 2741 non
3172 2682 3352 2741 inve-

1823 2776 2092 2852 nientur,
2117 2774 2390 2834 maxime
2412 2775 2747 2852 peregrini.
2774 2776 3027 2849 QuartO,
3046 2774 3193 2852 quia
3211 2774 3357 2834 licet

1825 2867 1943 2927 1100
1990 2885 2153 2926 011110
2198 2866 2435 2944 aliquid
2489 2866 2651 2927 ultra
2707 2884 3012 2944 expensas
3058 2865 3349 2945 supersit,

1822 2977 1985 3019 anno
2006 2964 2219 3020 tamen
2239 2958 2521 3037 sequenti
2554 2977 2587 3019 e
2618 2964 2839 3020 contra
2867 2959 3101 3038 aliquid
3130 2958 3351 3035 deerit,

1820 3055 2008 3130 atque
2052 3051 2194 3111 ideo
2244 3050 2294 3110 si
2337 3052 2399 3110 in
2442 3052 2566 3111 fine
2615 3051 2757 3111 anni
2790 3049 2977 3131 hujus
3005 3050 3358 3112 restituitur

1819 3146 2019 3205 totum
2049 3144 2218 3224 quod
2246 3149 2550 3223 superest,
2585 3162 2749 3206 anno
2777 3144 3064 3224 sequenti
3092 3146 3355 3223 cogetur

1819 3254 1998 3295 mons
2025 3255 2100 3296 ex
2128 3254 2240 3297 suo
2271 3255 2595 3298 excessum
2625 3238 2890 3313 solvere,
2926 3242 2990 3298 et
3016 3238 3099 3297 ita
3132 3237 3354 3315 paula-

1821 3327 1933 3388 tim
1962 3327 2348 3388 diminuetur
2384 3347 2595 3405 10000,
2647 3347 2792 3388 cum
2838 3346 3088 3408 semper
3128 3327 3358 3389 debeat

1823 3438 1896 3479 ex
1936 3437 2047 3480 suo
2089 3421 2381 3499 supplere
2430 3421 2598 3500 quod
2646 3422 2860 3497 deest,
2921 3429 2984 3482 et
3030 3439 3354 3499 nunquam

1824 3512 2019 3590 possit
2084 3512 2355 3573 retinere
2412 3514 2580 3592 quod
2639 3519 2944 3593 superest.
3017 3516 3164 3575 Haec
3227 3512 3358 3593 qui-

1826 3604 1969 3664 dem
2016 3605 2299 3665 indicant
2342 3610 2594 3683 pactum
2640 3606 3010 3686 implicitum
3066 3606 3143 3665 de
3187 3610 3359 3666 certa

1824 3697 1928 3756 illa
1957 3716 2205 3758 summa
2235 3697 2320 3758 ita
2347 3699 2484 3758 fieri
2506 3745 2521 3775 ,
2573 3704 2642 3760 ut
2679 3700 2809 3759 sive
2840 3717 3128 3776 expensae
3157 3697 3357 3777 majo-

1826 3809 1926 3850 res
1955 3791 2084 3851 sive
2114 3790 2392 3851 minores
2420 3792 2546 3852 sint
2568 3838 2583 3868 ,
2643 3792 2751 3852 illa
2794 3795 2927 3853 tota
2973 3795 3036 3850 et
3072 3791 3207 3850 sola
3235 3790 3359 3851 sol-

1830 3882 2032 3943 venda
2080 3883 2193 3958 sit,
2253 3889 2316 3944 et
2360 3884 2775 3944 mutuatarios
2829 3884 2891 3943 in
2940 3883 3058 3943 hoc
3103 3888 3356 3962 pactum

1827 3975 2094 4035 libenter
2121 3976 2471 4035 consentire
2496 4022 2511 4052 ,
2547 3977 2694 4055 quia
2722 3976 2924 4054 magis
2952 3974 3357 4035 commodum

1828 4067 1978 4145 ipsis
2034 4072 2156 4144 est,
2218 4072 2286 4129 ut
2341 4068 2641 4145 diximus,
2702 4086 2891 4147 quam
2946 4068 3220 4147 pendere
3276 4067 3357 4128 ab

1830 4166 2056 4220 eventu
2086 4161 2316 4222 sutum.
2351 4163 2417 4221 In
2443 4162 2784 4240 quaestione
2806 4166 3013 4223 tamen
3044 4161 3183 4237 hac,
3217 4179 3357 4241 quae

1830 4252 1996 4312 circa
2024 4252 2259 4313 factum
2288 4262 2604 4330 versatur,
2650 4253 3033 4314 consulenda
3061 4260 3156 4314 est
3182 4272 3360 4313 mens

1831 4347 2273 4422 mutuantium,
2308 4351 2368 4407 et
2398 4365 2545 4407 usus
2572 4348 2677 4425 qui
2704 4347 3065 4407 intentionis
3095 4348 3360 4425 qualita-

1829 4443 1956 4499 tem
1985 4437 2206 4498 melius
2236 4439 2750 4517 interpretabitur
2778 4458 2793 4504 :
2826 4458 2938 4500 nos
2966 4440 3130 4499 enim
3160 4441 3361 4501 solum

1833 4530 1910 4590 de
1943 4531 2223 4608 possibili
2249 4531 2441 4592 lecuti
2468 4550 2702 4592 sumus,

2988 5452 3061 5510 ¹6

3495 674 3609 732 196

3446 797 3585 850 Qualis
3601 799 3654 841 de

3395 852 3503 894 facto
3534 852 3589 894 sit
3611 853 3655 894 in

3395 906 3524 947 tentio
3543 911 3664 968 pelen
3679 921 3694 932 ·

3421 959 3522 1001 tium
3542 963 3626 1001 inte

3478 1023 3610 1054 resse.
