4263 6376
1206 394 1676 456 DISPUTATIO
1721 391 1936 465 XXIX,
1985 388 2260 450 SECTIO
2302 388 2350 449 I.

212 591 276 635 ex
305 575 342 636 l.
368 574 728 657 Emptorm,
760 578 828 638 C.
886 573 957 636 de
983 569 1191 649 locato,
1222 572 1263 633 l.
1292 571 1367 633 Si
1390 589 1625 645 mercar,
1647 569 1707 646 ἓ.

215 666 318 741 Qui
334 667 655 746 standumst.
692 667 808 742 Qui
828 667 1098 747 fundum,
1129 666 1198 727 ff.
1225 664 1486 741 locari‚l.
1522 661 1709 735 Nihil,

211 761 259 838 ἓ.
290 761 478 822 ultim.
512 762 575 822 ff.
607 759 676 821 de
701 759 906 839 leqatis
948 776 990 820 1.
1036 758 1276 819 Eodem
1306 759 1495 820 etiam
1524 755 1713 816 modo

212 853 536 913 conductor
563 872 685 914 non
713 858 963 915 tenetur
989 854 1155 913 stare
1183 850 1529 912 contractui
1576 865 1714 908 suc·

212 946 452 1006 cessoris
478 945 785 1025 ejusmodi
815 943 1233 1025 particularia
1268 942 1448 1004 Ratio
1498 944 1711 1001 autem

211 1042 312 1112 est,
336 1037 474 1116 quia
503 1038 663 1099 actio
694 1041 825 1099 tota
852 1057 928 1097 ex
958 1036 1079 1097 hoc
1109 1040 1435 1097 contractu
1457 1037 1552 1094 est
1578 1050 1714 1111 per-

212 1130 442 1204 sonaliS,
477 1148 603 1209 qua
631 1129 978 1190 conductor
1016 1147 1082 1188 se
1140 1128 1376 1206 obligat
1426 1124 1709 1200 locatori,

212 1226 267 1282 et
305 1221 533 1282 locator
565 1221 930 1283 conductori
964 1241 980 1291 ς
1015 1238 1164 1299 ergo
1194 1237 1337 1280 cum
1394 1235 1719 1278 successor

212 1313 583 1392 particularis
636 1332 760 1374 non
814 1313 1113 1374 succedat
1161 1312 1223 1371 in
1267 1311 1494 1371 debitis
1523 1310 1622 1369 vel
1652 1309 1716 1367 in

205 1406 429 1486 juribus
479 1405 1089 1485 personalibussnec
1138 1404 1272 1483 ipse
1328 1402 1558 1481 poterit
1612 1402 1718 1461 ha-

212 1499 343 1560 bere
368 1499 468 1578 jus
515 1499 597 1559 ad
633 1497 1040 1576 obligandum
1097 1496 1568 1570 conductorem,
1600 1512 1718 1554 nec

209 1592 526 1654 conductor
580 1591 771 1654 hahet
826 1591 1128 1651 adversus
1171 1588 1344 1650 illum
1402 1587 1729 1655 actionem,

213 1691 381 1753 quam
408 1671 682 1732 habehat
707 1671 1009 1732 adversus
1036 1667 1590 1731 locatorem.Unde
1620 1685 1720 1728 re-

209 1765 340 1844 gula
360 1765 559 1843 posita
578 1764 788 1825 locum
816 1763 1009 1824 habet
1037 1763 1103 1823 in
1135 1778 1500 1822 successore
1523 1760 1718 1821 etiam

213 1857 306 1937 qui
350 1875 470 1918 non
518 1856 751 1935 accipit
799 1855 1152 1918 dominium
1208 1854 1519 1915 directum
1600 1851 1714 1927 rei,

211 1950 306 2010 sed
330 1950 526 2010 solum
554 1949 728 2022 utile,
781 1949 984 2029 qualis
1040 1952 1136 2009 est
1164 1946 1577 2024 emphyteuta
1608 1944 1709 2004 vel

214 2042 717 2118 usufructuariuS,
746 2046 818 2104 ιιι
837 2041 1106 2102 habetur
1135 2040 1199 2101 in
1243 2039 1286 2101 l.
1327 2037 1614 2113 Arbores,
1648 2038 1711 2097 ff.

212 2134 273 2195 de
318 2136 660 2216 usufructu:
695 2135 845 2214 quia
892 2152 1035 2195 cum
1077 2132 1350 2212 accipiat
1393 2130 1500 2210 jus
1530 2130 1591 2189 in
1623 2148 1715 2204 re,

211 2244 322 2287 non
347 2231 547 2305 potest
571 2231 790 2288 contra
817 2246 962 2287 eum
990 2244 1178 2306 agere
1209 2224 1576 2299 conductor,
1612 2221 1719 2302 qui

213 2320 392 2380 solum
428 2320 704 2381 habebat
728 2320 836 2398 jus
864 2324 1086 2380 contra
1128 2335 1464 2398 personam
1489 2316 1722 2377 locato-

212 2413 319 2484 ris;
349 2431 548 2492 neque
580 2413 772 2475 etiam
814 2411 947 2491 ipse
977 2429 1165 2491 agere
1213 2410 1444 2488 poterit
1494 2412 1715 2469 contra

213 2505 667 2581 conductorum,
707 2523 852 2566 cum
893 2523 1019 2566 non
1064 2502 1363 2565 succedat
1390 2502 1454 2562 in
1475 2501 1720 2562 actione

215 2598 525 2676 personali,
561 2617 755 2678 quam
783 2597 1024 2659 locator
1043 2596 1318 2657 habebat
1345 2600 1721 2656 contracon-

213 2691 536 2769 ductorem,
547 2692 670 2752 nisi
682 2692 841 2752 mrte
853 2692 1094 2752 locator
1110 2689 1428 2751 transtulit
1441 2689 1630 2750 etiam
1660 2687 1721 2747 in

214 2802 340 2843 eum
361 2784 463 2863 jus
505 2790 569 2846 et
596 2784 912 2846 actionem
941 2782 1337 2863 personalem
1384 2799 1573 2861 quam
1605 2780 1723 2840 ha·-

211 2876 397 2950 bebat,
420 2878 589 2957 quod
611 2877 803 2938 etiam
824 2880 1023 2938 totum
1052 2875 1389 2937 transferre
1423 2877 1632 2953 potest
1646 2874 1724 2953 ,in

214 2970 530 3048 quemlibet
556 2969 1003 3049 particularem
1032 2966 1583 3030 successorem.Ab
1605 2966 1725 3027 hac

216 3063 412 3140 regula

285 3156 598 3236 Excipitur
629 3155 831 3235 primo
863 3173 1208 3232 successor,
1244 3154 1343 3216 cui
1381 3155 1623 3217 locator
1661 3153 1724 3212 in

157 3310 166 3325 ‚
215 3248 336 3327 ipsa
385 3250 794 3311 translatione
873 3251 967 3310 rei
1019 3249 1313 3336 apposuit
1361 3266 1518 3309 onus
1574 3246 1727 3307 illud

157 3366 175 3393 ι.
217 3343 400 3402 standi
429 3342 793 3405 contractui
813 3360 932 3402 ase
965 3343 1153 3418 facto,
1194 3342 1237 3402 l.
1260 3340 1629 3422 Emptorem,
1656 3342 1721 3401 C.

216 3433 275 3494 de
298 3434 561 3513 locat0,1.
598 3435 677 3498 Si
700 3453 936 3510 merceS,
966 3435 1022 3513 5.
1062 3433 1178 3509 Oui
1197 3433 1470 3515 fundum,
1505 3432 1727 3493 ffiloea-

216 3527 275 3604 ti,
305 3528 473 3600 Quod
509 3529 563 3590 si
614 3529 819 3589 solum
860 3527 1174 3606 apposuit,
1200 3530 1271 3587 ut
1297 3544 1423 3587 non
1456 3525 1729 3605 expelle-

218 3625 300 3681 ret
344 3621 693 3682 habitantes
727 3620 787 3680 in
841 3620 948 3680 illa
1001 3619 1192 3681 domo
1238 3618 1606 3697 intelligitur
1641 3618 1723 3678 de

219 3711 625 3775 habitantibus
652 3731 765 3792 pro
796 3712 1112 3788 mercede,
1138 3711 1321 3791 juxta
1347 3711 1388 3772 l.
1416 3711 1492 3772 Si
1505 3729 1724 3772 merce·

217 3803 345 3878 dem,
375 3806 428 3885 ἓ.
465 3807 573 3868 ult.
610 3808 673 3867 ff.
710 3805 780 3867 de
807 3806 1019 3867 action.
1070 3812 1246 3885 empt.
1300 3823 1426 3865 non
1454 3823 1600 3865 vero
1650 3805 1728 3864 de

219 3897 626 3960 habitantibus
651 3898 868 3977 gratie.
906 3898 970 3960 Si
997 3901 1208 3959 tamen
1227 3915 1301 3957 ex
1324 3897 1730 3959 circumstan-

217 3989 305 4050 tiis
341 3995 643 4070 appareat
693 4009 1050 4052 sermonem
1103 3990 1292 4050 fuisse
1346 3989 1731 4050 intellectum

219 4082 286 4143 de
325 4085 596 4165 utrisque
628 4084 708 4145 ab
738 4088 1042 4162 emptore,
1094 4101 1217 4143 non
1275 4083 1505 4161 poterit
1540 4083 1731 4145 etiam

216 4177 387 4252 gratis
416 4177 772 4238 habitantes
811 4177 1142 4255 expellere,
1177 4178 1246 4238 ut
1273 4174 1567 4237 observat
1596 4177 1731 4238 Mo-

218 4267 330 4330 lina
354 4270 509 4350 disp.
536 4274 681 4332 490.
717 4289 779 4330 n.
806 4274 866 4332 7.

288 4363 563 4426 Secundo
586 4362 913 4442 excipitur,
945 4362 1198 4443 quando
1227 4379 1551 4423 successor
1578 4380 1731 4424 con·

219 4455 372 4516 venit
396 4474 538 4516 cum
566 4455 977 4532 conductore,
1011 4460 1123 4517 aut
1149 4454 1206 4515 ei
1234 4455 1421 4517 tacite
1476 4473 1734 4517 conces-

219 4545 290 4607 sit
310 4549 859 4627 perseverantiam.

286 4643 506 4718 Tertio,
538 4642 591 4702 si
626 4641 974 4704 conductor
998 4640 1347 4703 deduxerat
1375 4641 1437 4701 in
1478 4645 1732 4722 pactum

219 4737 280 4794 ut
301 4733 526 4797 locator
555 4752 684 4796 non
716 4738 928 4813 posset
952 4751 1088 4795 rem
1116 4734 1412 4811 alienare,
1448 4739 1510 4796 et
1542 4740 1608 4795 ut
1629 4752 1733 4795 res

220 4824 340 4904 ipsa
382 4827 806 4906 hypothecata
865 4830 1152 4888 maneret
1218 4844 1334 4906 pro
1396 4826 1732 4889 securitate

222 4924 551 4982 contractus
579 4941 593 4982 :
629 4926 779 4983 tunc
820 4920 992 4981 enim
1014 4919 1310 4982 alienatio
1341 4921 1733 5001 subsequens

223 5017 368 5074 esset
407 5013 706 5091 invalida,
739 5014 792 5073 si
840 5032 940 5074 res
994 5013 1112 5073 fuit
1158 5012 1510 5092 specialiter
1538 5011 1733 5090 hypo·

222 5102 482 5184 thecataj:
514 5107 832 5185 generalis
877 5105 1045 5165 enim
1076 5105 1433 5184 hypotheca
1463 5123 1587 5166 non
1616 5105 1734 5165 im-

224 5196 379 5273 pedit
414 5200 696 5260 valorem
732 5198 1126 5260 alienationis
1172 5198 1631 5278 subsequentiS,
1664 5201 1734 5261 ιιι

224 5306 290 5348 ex
313 5293 624 5354 communi
652 5293 983 5355 doctorum
1001 5292 1313 5353 sententia
1328 5292 1553 5369 prohat
1578 5292 1729 5354 Mol.

226 5379 279 5441 d.
310 5402 367 5444 n.
396 5390 453 5446 7.

295 5479 534 5556 QuartO,
567 5480 614 5539 si
645 5498 746 5540 res
774 5479 978 5540 locata
1006 5478 1209 5539 solum
1236 5478 1518 5557 generali
1537 5478 1735 5557 hypo·

226 5566 389 5631 theca
432 5573 616 5634 fuerit
644 5571 1009 5634 conductori
1044 5571 1465 5650 hypothecata
1493 5590 1604 5651 pro
1637 5589 1735 5632 se-

3228 377 3346 439 ua

1814 567 2077 627 curitate
2151 566 2530 639 contractus,
2586 561 2733 623 licet
2785 556 3080 620 alienatio
3131 554 3350 616 subse·-

1816 678 2013 740 quens
2067 657 2279 718 valida
2332 656 2431 732 sit,
2490 657 2697 735 potest
2751 656 2965 714 tamen
3005 647 3351 711 conductor

1816 751 2154 811 defendere
2209 769 2275 810 se
2328 767 2366 808 a
2424 761 2783 808 successore
2840 741 3149 821 expellere
3205 756 3350 800 eum

1815 844 2085 920 volente,
2139 847 2397 922 propter
2418 842 2524 920 jus
2552 840 2616 899 in
2654 856 2744 914 re,
2779 836 2944 916 quod
2976 834 3204 895 virtute
3232 832 3352 910 hy·

1815 936 2101 1016 pothecae
2147 934 2458 1014 generalis
2504 931 2696 993 habet
2734 930 2798 990 in
2828 947 2896 989 re
2925 928 3031 988 illa
3066 926 3146 986 ad
3174 938 3351 985 secu·

1815 1028 2063 1091 ritatem
2106 1030 2483 1102 contractus,
2517 1028 2587 1086 ut
2620 1027 2840 1086 contra
2872 1020 3027 1082 alios
3072 1015 3351 1080 defendit

1815 1122 2051 1183 Molina
2077 1121 2216 1181 loco
2248 1121 2458 1181 citato.
2493 1118 2607 1195 Qui
2641 1136 2701 1178 n.
2738 1120 2797 1178 8.
2832 1113 3029 1189 addit,
3063 1108 3351 1191 quamvis

1816 1215 1920 1275 alii
1948 1214 2366 1275 communiter
2406 1211 2618 1272 dicant
2649 1209 3008 1271 satisfacere
3034 1210 3185 1268 tunc
3210 1220 3351 1264 suc-

1818 1325 2129 1368 cessorem
2194 1304 2512 1366 offerendo
2569 1302 2935 1366 conductori
2989 1295 3351 1358 aestimatio-

1818 1418 1963 1460 nem
2010 1398 2165 1478 ejuS,
2218 1396 2387 1476 quod
2432 1414 2546 1456 sua
2587 1397 2886 1457 intererat
2928 1389 3164 1451 servari
3209 1405 3352 1448 con-

1816 1496 2108 1567 tractum,
2163 1508 2275 1550 nec
2318 1488 2519 1550 teneri
2547 1488 2630 1548 ad
2671 1482 3159 1549 continuandam
3187 1480 3351 1541 loca-

1816 1585 2084 1656 tionem;
2117 1584 2327 1643 verius
2356 1588 2567 1643 tamen
2600 1599 2735 1642 esse
2772 1577 2942 1658 quod
2971 1576 3078 1636 alii
3106 1575 3346 1649 dicunt,

1819 1676 2048 1736 debere
2095 1681 2263 1736 stare
2306 1674 2623 1750 locationi,
2679 1691 2796 1733 nec
2854 1669 3142 1730 sufficere
3198 1666 3351 1727 dare

1819 1768 2021 1829 solum
2050 1767 2382 1839 interesse;
2418 1766 2565 1845 quia
2585 1767 2691 1845 jus
2721 1766 2783 1824 in
2805 1782 2872 1823 re
2889 1760 3058 1841 quod
3079 1758 3353 1821 conduc-

1818 1866 1917 1923 tor
1962 1860 2156 1921 habet
2182 1858 2422 1920 ratione
2470 1858 2865 1938 hypothecae,
2898 1854 2977 1915 ad
3006 1854 3129 1914 hoc
3158 1852 3352 1915 etiam

1820 1955 1882 2014 in
1929 1953 2136 2032 specie
2169 1951 2424 2030 obligat,
2471 1969 2612 2011 cuin
2642 1969 2770 2011 non
2797 1948 3002 2011 solum
3031 1946 3111 2007 sit
3147 1944 3228 2006 ad
3256 1944 3354 2003 in-

1821 2052 2078 2123 teresse,
2112 2044 2224 2106 sed
2245 2046 2326 2105 ad
2355 2045 2755 2107 securitatem
2777 2046 2840 2105 et
2856 2036 3354 2121 permanentiam

1819 2144 2204 2202 contractus.

1904 2233 2131 2307 Quinto
2164 2230 2472 2310 excipitur
2527 2230 2650 2306 ille,
2684 2228 2786 2290 cui
2830 2229 3016 2289 fiscus
3045 2222 3351 2299 vendidit,

1821 2331 1930 2388 aut
1975 2343 2167 2387 causa
2211 2323 2329 2385 fuit
2368 2327 2437 2384 ut
2465 2323 2526 2383 in
2557 2341 2704 2384 eum
2734 2321 3111 2381 alienaretur
3136 2336 3238 2378 res
3263 2317 3357 2378 lo·-

1822 2423 1982 2494 cata,
2016 2417 2119 2478 hic
2149 2417 2317 2478 enim
2348 2434 2472 2477 non
2503 2417 2708 2494 potest
2735 2413 3046 2494 expellere
3076 2409 3348 2472 conduc·

1821 2515 2045 2587 torem,
2108 2509 2360 2589 quando
2417 2507 2765 2569 conductor
2812 2504 3106 2585 expulsus
3147 2505 3359 2582 posset

1822 2622 2009 2683 agere
2067 2604 2148 2663 ad
2203 2603 2503 2664 interesse
2563 2600 2867 2661 adversus
2935 2598 3179 2672 fiscum,
3262 2594 3356 2655 vel

1824 2701 1992 2757 certe
2023 2695 2212 2756 debet
2241 2694 2482 2755 solvere
2513 2693 2569 2753 ei
2599 2692 2900 2753 interesse
2928 2692 3065 2752 loco
3094 2687 3252 2764 fisci,
3285 2691 3357 2748 ut

1825 2809 1900 2849 ex
1943 2789 2082 2867 lege
2112 2789 2224 2850 ult.
2266 2788 2323 2867 ἓ.
2359 2787 2468 2847 ult.
2503 2788 2565 2846 ff.
2614 2784 2841 2865 dejure
2865 2783 3019 2864 fisci,
3052 2781 3356 2859 colligunt

1822 2881 2108 2943 Bartolus
2149 2880 2258 2957 ibi,
2309 2883 2372 2939 et
2412 2878 2516 2939 alii
2571 2895 2728 2958 quos
2777 2877 2959 2938 affert
2984 2873 3217 2937 Molina
3245 2872 3355 2934 ubi

1825 2992 2019 3053 supra
2049 2993 2156 3034 nu.
2190 2976 2249 3035 8.
2282 2974 2374 3033 Ex
2399 2971 2622 3032 eadem
2651 2971 2891 3048 regula.

1905 3066 2172 3128 Infertur
2227 3064 2461 3143 primo,
2520 3063 2743 3125 fiscum
2798 3062 3237 3123 succedentem
3291 3059 3355 3120 in

1824 3159 1989 3221 bona
2038 3157 2250 3220 omnia
2292 3156 2392 3218 vel
2439 3156 2502 3217 in
2550 3159 2794 3236 partem
2834 3155 3132 3235 aliquam,
3183 3158 3251 3217 ut
3289 3153 3356 3215 in

1825 3252 2175 3327 dimidiam,
2215 3251 2485 3322 tertiam,
2536 3249 2636 3310 vel
2682 3253 2972 3328 quartam
3018 3248 3350 3324 bonorum,

1826 3364 1967 3425 quoe
1997 3345 2392 3420 confiscatur,
2426 3342 2656 3402 debere
2683 3346 2848 3402 stare
2876 3340 3173 3402 locationi
3188 3342 3358 3420 prius

1826 3439 2029 3513 factae,
2065 3435 2212 3515 quia
2259 3439 2353 3496 est
2397 3452 2722 3496 successor
2767 3433 3135 3493 universalis
3170 3453 3183 3494 :
3233 3451 3358 3493 non

1825 3533 2144 3591 teneretur
2171 3531 2384 3590 tamen
2432 3527 2481 3587 si
2510 3527 2738 3589 locatio
2767 3527 2935 3587 facta
2972 3525 3194 3588 fuisset
3219 3529 3363 3605 post

1827 3623 2124 3683 delictum
2202 3620 2606 3682 commissum
2679 3620 2824 3696 tale,
2882 3622 3138 3699 propter
3191 3619 3360 3698 quod

1820 3715 1962 3796 jure
1992 3715 2128 3794 ipso
2161 3713 2502 3776 confiscata
2530 3718 2889 3790 censentur,
2925 3712 3074 3791 quia
3101 3715 3249 3772 tunc
3277 3712 3364 3772 lo·

1828 3807 1990 3869 catio
2066 3807 2458 3886 subsequens
2513 3825 2637 3867 non
2692 3809 2902 3885 posset
2950 3805 3360 3884 praejudicare

1827 3903 1976 3962 fisco
2017 3900 2115 3961 cui
2158 3899 2292 3979 jam
2332 3898 2710 3978 acquisitum
2749 3897 2854 3978 jus
2882 3899 3090 3958 fuerat
3119 3916 3133 3957 ε
3166 3897 3219 3956 si
3243 3913 3359 3957 au-

1830 3998 1958 4055 tem
1998 3993 2187 4053 fiscus
2214 3992 2514 4052 succedat
2540 3991 2603 4050 in
2633 3990 2799 4051 bona
2830 3989 3042 4069 aliqua
3070 3988 3365 4050 determi-

1829 4091 1977 4147 nata
2029 4103 2170 4165 qua}
2227 4084 2668 4160 confiscantur,
2715 4101 2841 4144 non
2887 4087 3141 4145 tenetur
3193 4087 3361 4145 stare

1826 4177 2117 4240 locationi
2167 4195 2384 4239 eorum
2428 4178 2630 4253 factae‚
2692 4176 2840 4256 quia
2893 4180 2987 4238 est
3040 4193 3363 4238 successor

1828 4271 2271 4351 particularis:
2323 4269 2670 4331 conductor
2713 4273 2925 4331 autem
2997 4287 3122 4330 non
3172 4268 3365 4333 habet

1830 4370 1978 4426 tunc
2002 4363 2107 4444 jus
2155 4364 2457 4424 adversus
2493 4364 2836 4424 locatorem
2879 4379 2992 4442 pro
3038 4362 3359 4439 interesse,

1830 4457 1941 4518 sed
1998 4458 2204 4518 solum
2254 4456 2334 4517 ad
2388 4456 2801 4536 repetendam
2853 4456 3244 4535 pensionem,
3273 4472 3276 4475 ’
3305 4455 3358 4515 si

3506 3064 3584 3125 18

3405 3193 3525 3248 Quia,
3542 3193 3704 3249 φιιιιαο

3405 3262 3454 3292 ω
3598 3260 3619 3290 ι-
3638 3259 3685 3289 e·

1832 4568 2021 4630 quam
2067 4550 2475 4630 anticipatam
2505 4549 2778 4611 solverat
2804 4566 2918 4628 pro
2947 4551 3228 4627 tempore
3274 4565 3365 4608 se·
3428 4627 3437 4639 ο

1830 4643 2081 4723 quenti;
2135 4661 2273 4722 quae
2321 4642 2703 4721 colliguntur
2743 4660 2819 4702 ex
2846 4643 2889 4703 l.
2923 4639 3357 4722 St'sundus,‚fl'.

1832 4736 2027 4811 locata,
2063 4738 2128 4797 et
2167 4737 2209 4797 l.
2245 4753 2314 4800 ιι.
2350 4738 2414 4797 C.
2449 4735 2519 4796 de
2545 4735 2612 4795 vi
2629 4734 2894 4816 publica,
2930 4739 2994 4796 et
3021 4733 3223 4795 videri
3251 4751 3365 4811 po-

1832 4832 1952 4890 test
1996 4828 2231 4890 Molina
2261 4828 2493 4906 disput.
2526 4831 2666 4889 491.
2702 4847 2765 4889 n.
2802 4831 2858 4889 1.
2893 4827 2999 4908 qui
3027 4829 3239 4887 tamen
3269 4825 3365 4884 in-

1834 4921 2002 4982 dicat
2029 4921 2521 5001 delinquentem,
2546 4919 2725 5000 cujus
2753 4920 2921 4981 bona
2948 4918 3365 4980 determinata

1834 5016 2273 5091 confiscantur,
2334 5013 2602 5092 obligari
2654 5010 3020 5074 conductori
3063 5011 3143 5073 ad
3191 5010 3357 5072 inte-

1830 5125 2025 5183 resse,
2059 5106 2206 5186 quia
2240 5106 2319 5168 ob
2364 5106 2660 5168 locatoris
2698 5106 2949 5185 culpam
2979 5106 3042 5165 et
3067 5103 3363 5165 delictum

1831 5199 2178 5261 conductor
2205 5199 2533 5278 expellitur
2560 5218 2600 5260 a
2627 5200 2802 5260 fisco.
2836 5200 2967 5258 Hoc
2995 5201 3205 5259 tamen
3236 5215 3361 5258 non

1830 5293 2040 5369 credo,
2092 5292 2240 5372 quia
2282 5292 2466 5352 nimis
2514 5295 2776 5368 remote,
2809 5295 2873 5353 et
2915 5308 3028 5371 per
3073 5290 3363 5350 accidens

1773 5391 1781 5398 ’
1834 5384 2083 5446 videtur
2117 5385 2358 5447 locator
2400 5385 2793 5446 occasionem
2840 5383 3086 5444 dedisse
3132 5383 3362 5444 damno

1833 5478 1921 5538 illi
1951 5477 2375 5555 conductoris,
2423 5496 2625 5556 neque
2654 5477 2717 5537 in
2747 5480 3068 5538 contractu
3105 5474 3364 5537 locatio-

1833 5570 1929 5632 nis
1958 5570 2209 5632 videtur
2235 5589 2302 5631 se
2337 5570 2499 5632 velle
2529 5570 2810 5650 obligare
2840 5568 3237 5650 peculiariter
3280 5567 3361 5628 ad
