4263 6376
53 522 148 564 min

53 576 128 617 tia

42 5152 110 5210 26

43 5283 178 5319 mint

42 5339 188 5427 mu
255 5319 424 5381 modo
446 5330 749 5402 concepta,
783 5321 847 5380 fs.
882 5318 952 5379 de
979 5319 1205 5380 verbor.
1237 5318 1413 5399 obliy.
1463 5318 1587 5380 Sed
1620 5317 1797 5398 jura-

1269 327 1736 390 DISPUTATIO
1781 327 1997 404 XXIV,
2047 328 2320 389 SECTIO
2366 330 2439 392 11.
3350 342 3420 401 61

258 504 731 580 revocandum,
784 506 1071 585 quoties,
1130 506 1368 567 secluso
1410 504 1791 585 juramenta,

259 603 476 675 posset
504 597 743 676 absque
785 603 1045 677 peccato
1076 601 1515 660 testamentum
1547 616 1670 658 non
1701 616 1799 657 re·-

259 690 500 765 vocari,
536 694 724 768 prout
740 691 1114 768 regulariter
1133 695 1355 770 potest.
1390 693 1565 751 Hanc
1585 693 1801 751 tenent

258 783 577 843 Antonius
607 784 839 843 Gomez
884 784 948 842 in
984 783 1105 862 leg.
1142 800 1234 844 111.
1271 784 1456 843 Tauri
1490 801 1662 843 num.
1696 786 1796 846 99.

257 876 706 950 Covarruvias,
747 880 811 936 et
837 876 1155 951 Silvester,
1190 893 1345 955 quos
1374 877 1575 951 affert,
1611 880 1673 936 et
1702 894 1800 936 se·-

258 967 482 1045 quitur
509 970 581 1028 P.
616 969 903 1047 Vasquez
934 987 988 1029 c.
1023 985 1090 1029 11.
1124 968 1193 1029 de
1220 968 1571 1028 testamentis
1600 968 1662 1028 d.
1699 985 1793 1029 111.

259 1078 415 1118 num
449 1064 548 1121 ¹5.
581 1060 788 1122 Julius
819 1062 1069 1137 Claru3‚
1124 1080 1309 1141 quem
1342 1063 1544 1137 affert,
1595 1065 1659 1122 et
1702 1080 1800 1121 se-

257 1153 481 1231 quitur
508 1156 578 1215 P.
611 1154 846 1214 Molina
890 1154 1118 1232 disput.
1167 1170 1280 1214 cn.
1331 1154 1386 1233 ξ.
1424 1152 1801 1214 Contrarium

252 1245 627 1322 sententiam,
664 1245 894 1307 Sanch.
930 1246 1036 1307 lib.
1073 1263 1165 1310 111.
1201 1246 1260 1305 in
1280 1244 1560 1326 Deealoq.
1595 1265 1648 1306 c.
1682 1263 1794 1307 x11.

257 1344 325 1398 et
353 1338 463 1398 alii
493 1339 934 1399 communiter.
969 1339 1045 1399 Et
1074 1338 1327 1417 quidem
1359 1338 1608 1417 quando
1632 1338 1801 1418 jura-

255 1438 548 1491 mentum
576 1432 779 1491 solum
809 1435 972 1491 esset
996 1431 1426 1507 assertorium,
1461 1449 1584 1509 quo
1614 1437 1799 1492 testa-

253 1528 363 1584 tor
385 1523 565 1602 jurat
604 1541 671 1583 se
700 1523 971 1584 condere
1017 1522 1171 1583 illud
1215 1526 1693 1599 testamentum,
1739 1527 1803 1584 et

252 1616 425 1676 velle
469 1616 641 1695 quod
669 1617 910 1691 valeat,
966 1633 1092 1675 non
1130 1615 1400 1694 obligat,
1454 1616 1602 1695 quia
1646 1615 1799 1675 nihil

253 1709 652 1788 promittitur
676 1708 755 1768 de
782 1708 991 1769 futuro
1033 1729 1046 1769 :
1083 1726 1287 1787 neque
1317 1708 1511 1770 etiam
1541 1709 1796 1788 quando

254 1802 314 1860 is
345 1802 412 1861 iu
442 1800 623 1880 cujus
650 1800 919 1879 gratiam
941 1800 1225 1879 juratur,
1277 1800 1343 1860 id
1391 1819 1515 1861 non
1544 1801 1662 1862 scit
1691 1820 1801 1861 ne-

255 1912 387 1972 que
417 1893 792 1973 acceptavit,
827 1893 976 1972 quia
1003 1892 1331 1971 promissio
1364 1894 1606 1954 homini
1636 1895 1800 1957 facta

255 1991 409 2047 ante
438 1986 936 2065 acceptationem
966 2003 1089 2046 non
1121 1986 1377 2064 obligat,
1412 1986 1529 2046 nisi
1558 2004 1632 2045 ea
1660 2006 1800 2065 pro-

257 2078 481 2139 missio
539 2080 723 2139 fieret
763 2079 892 2139 Deo
939 2096 1054 2157 per
1097 2078 1355 2139 modum
1388 2078 1547 2154 voti,
1596 2083 1660 2139 et
1697 2098 1798 2140 res

254 2172 575 2250 promissa
617 2176 780 2232 esset
835 2175 1016 2249 grata
1061 2172 1190 2231 Deo
1215 2216 1231 2247 ‚
1293 2175 1356 2231 et
1399 2171 1623 2231 melior
1662 2171 1798 2250 ipsa

254 2282 460 2343 quam
491 2283 617 2325 non
646 2265 815 2344 ipsa,
847 2282 969 2343 quo
1006 2282 1154 2324 casu
1188 2263 1499 2342 obligaret
1525 2282 1637 2342 per
1663 2283 1800 2326 mo-

254 2357 418 2416 dum
445 2357 610 2431 voti,
668 2357 777 2416 sed
822 2360 1034 2434 posset
1062 2356 1432 2434 dispensari,
1487 2358 1585 2417 vel
1632 2376 1798 2418 com·

252 2450 497 2510 mutari
527 2468 563 2509 a
593 2449 873 2526 praelato,
906 2466 1048 2508 cum
1080 2466 1203 2509 non
1234 2454 1399 2510 esset
1424 2449 1484 2508 in
1507 2451 1798 2529 praejudi-

251 2543 430 2601 cium
460 2541 648 2618 tertii,
684 2540 782 2601 cui
814 2540 1069 2619 aliquod
1080 2539 1186 2619 jus
1207 2545 1372 2601 esset
1393 2542 1791 2621 acquisitum,

253 2633 528 2707 Quando
557 2652 702 2693 vero
730 2633 1060 2712 promissio
1090 2653 1214 2693 non
1243 2634 1582 2695 revocandi
1604 2640 1797 2697 testa·-

251 2731 547 2787 mentum
593 2731 758 2787 esset
800 2730 1162 2803 acceptata,
1217 2726 1574 2805 obligaret:
1625 2729 1795 2808 quod

252 2824 511 2881 constat
535 2837 609 2878 ex
638 2819 732 2894 iis,
769 2838 909 2898 quae
937 2819 1060 2880 late
1089 2818 1358 2879 diximus
1380 2818 1611 2899 disput.
1635 2837 1789 2882 xxu.

251 2912 330 2974 de
358 2910 752 2973 contractibus
800 2912 858 2970 in
901 2910 1223 2987 communi,
1269 2916 1421 2973 sect.
1454 2929 1591 2974 v111.
1648 2915 1796 2993 quia

251 3005 555 3066 nimirum
583 3004 912 3083 promissio
950 3006 1164 3083 jurata
1210 3004 1485 3083 obligat,
1545 3007 1791 3085 quoties

252 3098 356 3159 vel
386 3097 714 3176 promissio
743 3097 917 3158 irrita
946 3114 1069 3158 non
1100 3100 1222 3173 est,
1265 3097 1363 3158 vel
1411 3097 1602 3159 etiam
1634 3099 1687 3160 si
1716 3100 1797 3161 sit

241 3193 398 3270 jure
424 3191 619 3266 irrita,
652 3190 717 3251 id
730 3195 942 3252 tamen
972 3190 1140 3270 quod
1155 3190 1512 3270 juramento
1532 3192 1796 3271 promit-

251 3285 438 3360 titur,
470 3301 596 3344 non
625 3287 721 3344 est
739 3302 814 3343 ex
836 3282 1081 3362 objecto
1101 3283 1360 3360 malum,
1394 3285 1505 3345 sed
1525 3284 1787 3346 licitum.

255 3377 559 3450 Quamvis
614 3381 824 3437 autem
879 3375 1206 3455 promissio
1276 3394 1399 3436 non
1443 3378 1793 3453 „revocandi

251 3474 707 3532 testamentum
753 3469 835 3529 sit
861 3468 1102 3547 legibus
1142 3469 1459 3548 prohibita
1486 3473 1549 3531 et
1576 3470 1796 3531 invali-

253 3563 341 3622 da
376 3578 394 3623 ε
424 3561 491 3621 id
519 3566 727 3621 tamen
760 3561 929 3640 quod
958 3560 1344 3639 promittitur
1365 3609 1381 3638 ‚
1413 3581 1637 3641 nempe
1668 3582 1792 3625 non

255 3671 560 3715 revocare
588 3658 1030 3716 testamentum
1053 3701 1069 3730 ,
1121 3672 1243 3714 non
1290 3659 1385 3716 est
1411 3673 1485 3714 ex
1514 3673 1580 3715 se
1608 3655 1792 3717 illici-

251 3754 395 3808 tum
424 3751 528 3807 aut
558 3747 982 3825 prohibitum,
1014 3747 1123 3806 sed
1152 3746 1392 3807 licitum
1412 3793 1427 3823 ,
1480 3766 1596 3808 nec
1617 3749 1794 3827 jura·

254 3846 542 3901 mentum
576 3839 726 3900 illud
757 3840 882 3899 ullo
902 3839 1089 3899 modo
1112 3839 1390 3899 irritatur
1416 3860 1429 3900 :
1464 3858 1613 3918 ergo
1637 3839 1796 3902 obli-

252 3936 370 4012 gat
397 3937 468 3993 ut
495 3937 795 3994 servetur.
832 3932 1008 4005 Quod
1038 3931 1367 3992 confirmat
1393 3931 1517 3993 late
1537 3933 1789 4011 Molina,

251 4025 407 4105 quia
436 4026 652 4103 negari
682 4043 805 4086 non
838 4029 1041 4103 potest
1070 4024 1240 4102 quod
1271 4024 1321 4083 si
1350 4028 1794 4085 testamentum

253 4123 424 4179 esset
447 4119 526 4178 ad
557 4117 692 4195 pias
721 4134 977 4188 causas;
1013 4121 1074 4177 et
1084 4116 1445 4196 juramento
1468 4118 1792 4177 confirma-

257 4216 469 4286 retur,
505 4211 846 4289 obligaret,
898 4228 1013 4269 nec
1061 4210 1232 4288 leges
1280 4208 1494 4269 civiles
1540 4215 1798 4287 possent

255 4304 417 4364 illud
448 4303 773 4363 annullare
814 4303 879 4362 in
925 4303 1034 4362 tali
1063 4302 1365 4375 materia;
1413 4306 1579 4363 esset
1626 4303 1792 4362 enim

255 4401 480 4457 votum
509 4397 636 4457 Deo
668 4395 900 4456 factum
922 4395 1081 4455 circa
1107 4394 1276 4472 quod
1297 4394 1395 4453 lex
1412 4394 1609 4454 civilis
1640 4395 1792 4455 nihil

254 4493 540 4550 statuere
571 4493 775 4565 potest
807 4508 821 4548 2
880 4505 1031 4565 ergo
1078 4505 1223 4547 cum
1259 4486 1338 4547 de
1379 4486 1521 4565 jure
1553 4491 1792 4549 naturae

249 4582 458 4661 possit
490 4580 749 4658 quilibet
783 4581 1148 4660 promittere
1197 4597 1262 4639 se
1311 4598 1434 4641 non
1463 4585 1794 4640 revocatu-

247 4692 400 4734 rum
429 4678 874 4734 testamentum
899 4719 915 4747 ‚
972 4677 1105 4733 esto
1136 4718 1152 4747 ,
1204 4671 1532 4749 promissio
1580 4672 1685 4731 illa
1713 4672 1791 4732 de

249 4768 424 4828 sacto
479 4765 887 4844 prohibeatur
925 4764 1068 4843 jure
1124 4764 1325 4840 civili,
1387 4782 1530 4824 cum
1578 4768 1791 4825 tamen

240 4861 683 4938 juramentum
725 4876 850 4918 non
893 4856 1195 4918 reddatur
1222 4856 1465 4918 irritum
1490 4902 1505 4932 ,
1552 4856 1796 4935 obliga-

250 4951 369 5012 bit.
411 4951 562 5012 vide
592 4969 733 5030 quae
762 4949 1033 5010 diximus
1061 4949 1198 5011 loco
1228 4949 1449 5024 citato,
1497 4950 1661 5010 unde
1690 4968 1794 5009 ra-

250 5045 345 5106 tio
375 5043 563 5123 hujus
590 5042 1009 5103 conclusionis
1038 5042 1291 5102 omnino
1321 5042 1574 5121 pendet.

337 5136 655 5218 Objiciunt
700 5135 901 5213 primo
923 5181 938 5210 ,
994 5134 1162 5214 quod
1191 5135 1522 5214 promissio
1568 5134 1670 5193 illa
1701 5138 1796 5196 est

254 5236 478 5290 contra
524 5229 727 5289 bonos
757 5245 1003 5302 mores,
1059 5245 1134 5286 ex
1181 5227 1302 5306 leg.
1346 5225 1668 5306 Stipulatio
1689 5226 1796 5287 hoc

255 5422 541 5476 mentum
584 5420 808 5474 contra
859 5413 1058 5473 bonos
1109 5431 1315 5473 mores
1363 5429 1488 5472 non
1533 5411 1787 5489 obligat,

1898 523 2018 584 que
2047 510 2305 584 peccato
2334 510 2539 585 potest
2583 527 2708 570 non
2751 510 3091 575 observari.
3146 515 3330 595 Resp.
3366 516 3428 576 in

1898 598 2115 676 primis
2145 599 2576 678 juramentum
2606 601 2797 680 illud,
2849 608 2911 666 et
2951 607 3429 684 promissionem

1901 707 2024 750 non
2054 709 2190 751 esse
2222 696 2441 752 contra
2481 692 2683 755 bonos
2711 713 2921 756 mores
2949 699 3285 776 naturales,
3320 702 3429 762 sed

1898 783 2130 858 civileS,
2167 783 2313 862 quia
2333 785 2476 863 ,iure
2499 790 2737 847 naturae
2758 805 2880 848 nou
2898 789 3286 869 prohibetur,
3319 793 3429 853 sed

1897 875 2035 953 lege
2065 875 2229 935 civili
2264 894 2280 940 ε
2307 876 2331 954 j
2342 884 2738 939 uramentum
2768 886 2979 941 autem
2995 887 3213 944 contra
3231 884 3430 947 bonos

1897 985 2104 1028 mores
2136 986 2259 1028 non
2291 968 2558 1048 obligat,
2594 973 2845 1049 quando
2877 974 2938 1034 id
2971 976 3139 1053 quod
3170 978 3432 1054 promit-

1897 1059 2078 1135 titur,
2130 1065 2227 1120 est
2252 1066 2469 1121 contra
2498 1062 2695 1124 bonos
2724 1082 2932 1126 mores
2952 1114 2966 1141 ,
3021 1086 3144 1128 non
3177 1071 3429 1148 quando

1896 1152 2102 1230 ipsum
2129 1152 2331 1214 solum
2353 1153 2783 1231 juramentum
2808 1204 2823 1233 ,
2876 1163 2939 1218 et
2968 1162 3299 1236 promissio
3333 1170 3431 1226 est

1899 1250 2116 1306 contra
2145 1244 2344 1305 bonos
2371 1264 2578 1308 mores
2611 1269 2625 1309 :
2657 1253 2864 1328 potest
2891 1251 3059 1311 enim
3087 1253 3313 1333 aliquis
3342 1275 3417 1317 ex

1898 1342 2066 1412 vot0,
2101 1338 2201 1396 vel
2225 1338 2585 1416 juramento
2614 1340 2877 1419 obligari
2911 1343 2990 1402 ad
3020 1342 3079 1403 id
3107 1347 3272 1424 quod
3304 1366 3430 1409 non

1900 1429 2103 1507 potuit
2129 1430 2264 1490 sine
2296 1435 2551 1508 peccato
2580 1435 2966 1509 promittere,
3004 1438 3149 1515 quia
3168 1441 3430 1517 promis-

1899 1520 1989 1581 sio
2021 1522 2154 1581 sola
2175 1568 2189 1597 ,
2241 1541 2365 1583 non
2394 1538 2543 1584 vero
2572 1542 2674 1586 res
2703 1527 3008 1605 promissa
3028 1575 3043 1604 ,
3092 1535 3187 1591 est
3213 1536 3429 1595 contra

1897 1613 2093 1674 bonos
2162 1632 2389 1692 mores,
2474 1621 2544 1676 ut
2624 1618 2747 1680 late
2817 1621 3227 1699 explicuimus
3294 1626 3429 1687 loco

1897 1706 2106 1767 citato.

1979 1800 2267 1860 Secundo
2299 1799 2640 1880 objiciunt,
2698 1804 2847 1882 quia
2882 1810 3323 1870 testamentum
3354 1830 3431 1871 ex

1896 1910 2009 1952 sua
2038 1898 2284 1968 natura,
2319 1898 2381 1981 et
2409 1893 2486 1953 de
2502 1894 2643 1973 jure
2666 1901 2906 1957 naturae
2929 1904 3022 1959 est
3047 1903 3422 1982 revocabile,

1896 1984 2004 2044 sed
2035 1985 2358 2061 promissio
2388 1992 2605 2047 contra
2632 1986 2733 2067 jus
2765 1997 3003 2052 naturae
3034 1997 3127 2053 est
3153 1994 3429 2058 invalida

1896 2091 2065 2154 erg0.
2102 2079 2287 2156 Resp.
2340 2079 2562 2139 eodem
2607 2080 2794 2142 modo
2838 2084 3318 2160 promissionem
3347 2089 3426 2150 de

1894 2187 1962 2229 re
1992 2187 2131 2248 quae
2159 2170 2229 2230 fit
2258 2177 2473 2231 contra
2494 2171 2600 2249 jus
2630 2178 2903 2252 naturae,
2951 2194 3074 2237 non
3105 2197 3242 2240 esse
3272 2182 3429 2242 vali-

1896 2261 2064 2337 dam,
2102 2261 2211 2321 sed
2244 2280 2369 2322 non
2391 2281 2686 2325 revocare
2706 2271 3151 2330 testamentum
3181 2290 3303 2332 non
3335 2279 3430 2335 est

1896 2358 2114 2414 contra
2136 2353 2241 2433 jus
2271 2360 2512 2416 naturas
2531 2403 2546 2433 ‚
2594 2375 2738 2417 cum
2768 2359 2849 2419 sit
2877 2361 3131 2423 omnino
3162 2363 3422 2428 licitum.

1893 2447 2360 2507 Testamentum
2388 2452 2599 2508 autem
2646 2450 2708 2509 in
2752 2469 2825 2511 eo
2871 2452 3074 2515 solum
3117 2474 3303 2517 sensu
3333 2463 3428 2520 est

1895 2538 2249 2600 revocabile
2280 2540 2358 2599 de
2381 2539 2523 2620 jure
2553 2547 2793 2604 naturae
2817 2590 2833 2619 ,
2889 2551 3198 2623 quatenus
3228 2568 3427 2628 quan-

1894 2636 2028 2692 tum
2057 2635 2153 2692 est
2181 2650 2255 2691 ex
2284 2650 2351 2691 se
2372 2678 2388 2708 ,
2421 2634 2701 2694 revocari
2731 2639 2968 2713 potest,
3002 2638 3055 2698 si
3084 2657 3205 2699 non
3236 2641 3428 2703 inter·-

1895 2724 2079 2784 cedat
2125 2724 2286 2784 alius
2329 2724 2545 2785 titulus
2591 2731 2821 2804 praeter
2873 2730 3183 2791 rationem
3229 2737 3423 2795 testa-

1892 2816 2108 2892 menti,
2143 2816 2250 2894 qui
2269 2816 2505 2895 obliget
2530 2818 2611 2877 ad
2632 2837 2755 2879 non
2776 2823 3199 2883 revocandum
3224 2844 3238 2886 :
3278 2829 3428 2888 tunc

1894 2908 2060 2969 enim
2090 2908 2585 2970 irrevocabilitas
2630 2929 2756 2971 non
2802 2914 3095 2990 provenit
3138 2934 3213 2976 ex
3241 2921 3427 2980 testa·

1891 3004 2102 3061 mento
2126 3046 2142 3076 ‚
2194 3005 2503 3079 quatenus
2532 3007 2975 3066 testamentum
3006 3011 3136 3086 est,
3194 3011 3302 3071 sed
3352 3030 3426 3073 ex

1892 3091 2247 3173 juramento
2269 3138 2284 3169 ,
2332 3112 2391 3155 v.
2424 3112 2487 3172 g.
2541 3096 2709 3174 quod
2737 3100 3113 3162 testamento
3143 3101 3426 3166 additum

1894 3191 2006 3248 est.

1973 3278 2182 3341 Tertio
2204 3278 2526 3359 objiciunt,
2562 3282 2710 3361 quia
2729 3285 3057 3362 promissio
3089 3287 3167 3348 de
3197 3308 3266 3350 re
3287 3309 3427 3370 quae

1892 3371 2161 3450 impedit
2211 3371 2415 3452 majus
2468 3373 2735 3452 bonum,
2795 3377 2985 3438 etiam
3033 3381 3247 3459 ,iurata
3300 3402 3425 3444 non

1895 3464 2131 3543 obligat
2174 3484 2188 3524 ε
2248 3483 2396 3544 ergo
2445 3466 2497 3526 si
2545 3468 2867 3547 contingat
2909 3471 3133 3533 melius
3179 3475 3425 3553 disponi

1893 3575 2075 3635 posse
2106 3556 2185 3617 de
2214 3556 2396 3618 bonis
2414 3577 2527 3636 per
2544 3559 2714 3620 aliud
2736 3566 3200 3642 testamentum,
3235 3586 3427 3642 quam

1893 3650 2263 3728 dispositum
2304 3649 2415 3725 sit,
2451 3650 2881 3729 juramentum
2930 3674 3054 3717 non
3097 3658 3421 3738 obligabit.

1893 3744 2077 3820 Resp.
2112 3760 2257 3821 neg.
2291 3742 2441 3822 maj.
2479 3746 2808 3822 promissio
2838 3748 3008 3808 enim
3034 3750 3220 3828 facit,
3255 3753 3426 3830 quod

1892 3839 2147 3914 propter
2168 3835 2272 3913 jus
2301 3836 2701 3913 promissario
2732 3841 3105 3917 acquisitum
3136 3861 3261 3904 non
3283 3863 3429 3923 pos-

1893 3929 1977 3988 sis
2005 3928 2176 3987 illam
2197 3945 2320 3989 non
2341 3947 2614 4002 servare,
2651 3931 2838 3992 etiam
2861 3938 2931 3993 ut
2948 3932 3144 3994 facias
3172 3936 3234 3996 id
3258 3938 3428 4017 quod

1893 4020 2136 4081 seclusa
2166 4021 2576 4099 promissione
2600 4068 2616 4099 ‚
2650 4024 2876 4084 melius
2905 4033 3098 4104 esset,
3150 4034 3221 4090 ut
3247 4048 3428 4092 cons-

1892 4117 1986 4174 tat
2012 4114 2077 4173 in
2106 4128 2181 4174 eo
2200 4160 2215 4190 ‚
2269 4114 2377 4193 qui
2405 4115 2694 4193 promisit
2718 4118 3193 4181 matrimonium
3221 4123 3447 4204 Titiae„

1894 4206 2001 4285 qui
2048 4223 2174 4265 non
2220 4209 2425 4284 potest
2451 4207 2618 4268 licite
2664 4227 2809 4269 cum
2856 4210 2980 4271 alia
3028 4216 3422 4295 contrahere,

1892 4299 2142 4360 etiamsi
2187 4298 2266 4360 de
2312 4317 2378 4359 se
2423 4300 2650 4361 melius
2679 4308 2843 4365 esset
2885 4306 3254 4368 contrahere
3283 4327 3427 4369 cum

1893 4390 2170 4452 secunda
2189 4437 2205 4465 ,
2239 4395 2309 4453 ut
2338 4391 2391 4452 ei
2423 4392 2782 4471 subveniat,
2833 4413 2973 4475 quae
3002 4400 3339 4477 pauperior
3366 4405 3430 4463 et

1893 4482 2145 4562 dignior
2175 4490 2288 4544 est.

1933 4577 2167 4648 Quarto
2182 4575 2506 4654 objiciunt,
2526 4578 2671 4655 quia
2694 4578 3124 4657 juramentum
3145 4585 3431 4663 sequitur

1893 4674 2183 4730 naturam
2212 4673 2388 4730 actus
2416 4669 2515 4729 cui
2546 4670 2871 4750 adjicitur,
2924 4692 3040 4735 nec
3082 4675 3319 4756 obligat
3343 4678 3427 4739 ad

1890 4763 2074 4840 plura
2125 4779 2316 4840 quam
2367 4761 2501 4840 ipse
2547 4770 2724 4824 actus
2748 4810 2764 4840 ,
2814 4765 2961 4827 licet
3004 4768 3239 4848 obliget
3288 4771 3426 4848 plus

1891 4854 2133 4916 ratione
2179 4853 2539 4932 religionis;
2588 4874 2737 4934 ergo
2785 4874 2929 4918 cum
2982 4864 3426 4924 testamentum

1892 4947 1972 5007 sit
2000 4946 2078 5006 de
2128 4964 2194 5006 se
2234 4946 2624 5024 revocabile,
2669 4948 3098 5028 juramentum
3140 4954 3426 5015 additum

1891 5045 2016 5100 no'n
2047 5038 2223 5099 addit
2249 5038 2861 5103 irrevocabilitatem.
2898 5045 3085 5122 Resp.
3106 5045 3428 5124 juramen·

1891 5136 2026 5193 tum
2048 5130 2274 5191 cadere
2293 5131 2546 5209 quidem
2567 5151 2761 5211 supra
2781 5140 3012 5213 actum,
3048 5136 3426 5201 includendo

1894 5224 2183 5285 eamdem
2212 5223 2633 5285 conditionem
2666 5244 2855 5305 quam
2887 5228 3018 5305 ipse
3048 5235 3224 5291 actus
3252 5232 3331 5293 de
3359 5251 3425 5294 se

1893 5317 2105 5390 habet,
2142 5316 2391 5395 quando
2410 5315 2841 5395 juramentum
2886 5334 3007 5380 non
3054 5322 3311 5385 additur
3344 5326 3424 5387 ad

1890 5409 2235 5472 tollendam
2282 5409 2452 5468 illam
2491 5410 2943 5473 conditionem.
2993 5414 3172 5476 Unde
3217 5419 3425 5480 minor

260 5508 407 5587 quia
435 5525 561 5569 non
590 5511 690 5568 est
715 5505 1034 5567 vinculum
1064 5505 1440 5585 iniquitatis;
1475 5522 1624 5582 ergo
1653 5504 1792 5565 abs-
1884 5502 2244 5583 juramento
2275 5503 2654 5563 confirmans
2703 5509 3091 5567 contractum
3116 5555 3132 5587 ,
3182 5510 3421 5589 obliga-
