4263 6376
1146 297 1618 364 DISPUTATIO
1660 297 1875 377 XXIV,
1927 297 2202 363 SECTIO
2247 300 2349 362 XI.

157 479 447 560 legatum,
481 477 599 540 nisi
619 478 685 540 id
705 478 1105 556 declarasset,
1138 497 1283 542 cum
1304 499 1507 562 neque
1536 480 1686 543 obli-

3212 302 3323 363 143

1785 481 1881 543 cio
1908 480 2182 561 eligendi
2211 498 2538 561 pauperes,
2592 481 2819 562 quibus
2852 481 3131 562 patronis
3158 499 3320 561 prm-

158 573 252 634 vio
279 571 471 651 legati
496 572 795 652 praesumi
842 573 1036 652 possit
1079 574 1145 635 in
1191 574 1414 636 eodem
1457 574 1686 636 instru-
1774 574 2168 654 judicaretur
2193 576 2258 635 in
2288 575 2591 636 electione
2618 575 2979 655 anticipata.
3014 576 3151 636 Non
3181 592 3320 653 pos·

158 669 360 728 mento
389 666 564 729 facti.
618 666 856 727 Deinde
886 666 948 727 in
981 666 1172 729 dubio
1204 686 1329 728 non
1358 667 1686 747 praesumi-

160 759 379 823 turille
417 759 648 821 modus
701 760 953 839 legandi
998 760 1263 840 singulis
1307 762 1371 822 in
1417 761 1687 823 solidum

159 853 439 916 eamdem
467 871 630 930 rem,
682 854 788 934 qui
835 854 1368 916 extraordinarius
1411 859 1475 918 et
1502 854 1690 916 inusi-

158 951 317 1010 tatus
344 950 459 1022 est,
512 946 633 1007 nisi
663 947 991 1010 manifeste
1021 951 1285 1024 constet,
1338 948 1449 1009 sed
1482 948 1688 1026 potius

162 1039 444 1121 praesumi
474 1039 671 1104 debet
696 1040 799 1101 ille
838 1040 996 1104 alius
1023 1041 1250 1103 modus
1279 1040 1530 1120 legundi
1559 1059 1690 1102 om·

164 1133 334 1195 nibus
362 1133 575 1210 simul,
623 1134 731 1213 qni
760 1134 1111 1196 communis
1158 1137 1223 1198 et
1248 1133 1513 1196 usitatus
1544 1136 1638 1195 est
1671 1152 1685 1195 :

166 1246 347 1309 quare
377 1245 524 1289 cum
555 1227 784 1289 eodem
835 1229 1250 1292 instrumento
1300 1245 1517 1288 omnes
1547 1245 1691 1288 eon-

158 1321 444 1402 junxerit,
494 1320 754 1384 videtur
780 1321 972 1385 etiam
996 1340 1104 1385 eos
1134 1321 1198 1383 in
1229 1322 1454 1383 eodem
1482 1321 1690 1400 legato

165 1418 571 1503 conjunxisse.

639 1850 1053 1938 sturlo
1133 1849 1246 1935 xl.

176 2162 351 2225 Dubia
378 2160 501 2222 alia
524 2158 799 2242 practica
816 2176 934 2241 pro
961 2158 1095 2237 foro
1131 2151 1494 2218 comm'entioe
1519 2149 1591 2215 de
1617 2150 1696 2214 le-

841 2264 1013 2345 qatis.

251 2540 399 2616 Quia
424 2540 488 2600 in
511 2539 640 2601 hac
665 2535 933 2599 materia
950 2531 1271 2611 delegatis
1291 2547 1459 2611 saepe
1481 2546 1701 2592 occur-

111 2688 140 2717 „
178 2637 252 2699 rit
274 2653 381 2716 pro
408 2636 544 2696 foro
576 2629 978 2694 conscientiae
998 2626 1323 2689 consulere
1342 2623 1693 2701 theologos,

116 2763 125 2778 ·
183 2750 252 2792 au
280 2728 508 2810 aliquid
540 2726 706 2789 citra
732 2722 1025 2805 injuriam
1052 2718 1368 2783 testatoris
1395 2718 1533 2779 fieri
1561 2734 1703 2797 pos-

181 2826 269 2898 sit,
323 2820 733 2901 subjiciemus
760 2817 974 2896 aliqua
1001 2814 1308 2893 exempla,
1369 2830 1447 2872 ex
1474 2810 1702 2891 quibus

180 2920 273 2981 alii
297 2917 526 2978 similes
554 2929 744 2976 casus
771 2909 998 2973 resolvi
1018 2908 1275 2988 possint.
1311 2906 1520 2967 Primo
1548 2920 1699 2982 ergo

182 3012 504 3086 dubitatur,
539 3008 597 3068 si
618 3005 758 3086 quis
777 3005 1054 3083 legatum
1074 2999 1347 3080 reliquit,
1382 2997 1561 3078 cujus
1591 3015 1703 3058 an-

184 3109 279 3168 nui
304 3105 535 3167 reditus
567 3095 1116 3180 expenderentur
1101 3114 1165 3155 ιιι
1193 3109 1502 3174 pauperes
1523 3091 1703 3171 J'uxta

184 3199 633 3280 beneplacitum
660 3210 915 3255 suorum
943 3186 1577 3262 testamentariorum,
1623 3204 1702 3246 an

184 3295 289 3374 ipsi
312 3292 552 3374 possint
597 3292 798 3351 totam
826 3285 999 3345 illam
1046 3281 1461 3387 quantitatem
1510 3279 1703 3341 semel

187 3388 479 3467 applicare
507 3382 704 3446 alicui
732 3377 1048 3458 hospitali,
1089 3381 1160 3439 ut
1188 3394 1263 3436 ex
1292 3374 1367 3436 iis
1398 3374 1704 3435 reditibus

186 3485 462 3543 curentur
497 3477 588 3539 ibi
631 3471 980 3555 pauperes?
1033 3469 1299 3532 Videtur
1342 3468 1704 3547 negandum

188 3593 256 3635 ex
276 3575 509 3636 Joanne
538 3568 828 3649 Baptista
852 3564 1085 3640 Thero,
1147 3580 1337 3643 quem
1383 3563 1585 3637 affert,
1643 3565 1707 3622 et

188 3667 448 3746 sequitur
474 3664 681 3726 Diana
707 3661 783 3723 11.
815 3662 969 3721 tom.
1004 3664 1178 3718 tract.
1213 3673 1298 3719 vr.
1330 3653 1571 3719 miscell.
1606 3672 1706 3715 re-

189 3760 288 3821 sol.
318 3763 411 3822 29.
444 3759 508 3819 in
539 3752 875 3838 principio,
910 3751 1019 3831 qui
1047 3750 1266 3811 dicunt
1281 3749 1491 3827 legata
1518 3765 1710 3827 praes-

191 3853 363 3915 tanda
388 3857 560 3914 certo
593 3848 721 3924 die,
772 3864 899 3907 non
929 3861 1112 3926 posse
1159 3846 1302 3905 ante
1330 3843 1506 3902 illum
1538 3840 1705 3901 diem

190 3946 471 4025 praestari,
520 3960 732 4022 neque
781 3939 1216 4016 eleemosynas
1261 3939 1326 3997 et
1370 3935 1705 3997 electiones

190 4040 518 4118 puellarum
572 4056 654 4098 ex
729 4032 1093 4114 praescripto
1147 4029 1464 4093 testatoris
1520 4026 1705 4089 certis

193 4132 393 4194 diebus
435 4128 763 4193 iaciendas
790 4144 975 4205 posse
1003 4126 1150 4187 ante
1197 4123 1367 4185 diem
1411 4120 1706 4200 designa-

194 4230 310 4286 tum
334 4225 483 4288 fleri.

263 4321 558 4382 Caeterum
586 4316 866 4379 Thomas
908 4310 1190 4375 Sanchez
1236 4307 1386 4371 dict.
1436 4307 1544 4371 lib.
1595 4309 1699 4371 lv.

199 4412 396 4475 concil.
415 4430 554 4492 cap.
581 4426 655 4472 ιι.
690 4408 842 4469 dub.
861 4423 973 4468 xn.
997 4405 1123 4467 late
1143 4402 1391 4485 probat,
1426 4401 1706 4482 potuisse

197 4504 253 4566 id
275 4506 419 4582 fieri,
452 4505 605 4586 quia
634 4499 994 4581 anticipatio
1022 4496 1321 4577 temporis
1348 4514 1386 4557 a
1408 4498 1704 4558 testatore

198 4600 433 4675 praessxi,
466 4597 722 4679 quando
750 4594 817 4655 id
846 4611 974 4655 non
1000 4590 1169 4653 cedit
1187 4591 1251 4650 in
1270 4587 1707 4670 praejudicium

200 4693 366 4769 tertii,
413 4692 524 4753 sed
554 4690 761 4751 solum
789 4686 984 4767 ipsius
1013 4682 1299 4764 eligentis
1327 4700 1437 4745 seu
1467 4699 1708 4761 praeve-

200 4784 431 4861 aientis,
461 4784 601 4846 fieri
631 4783 854 4863 potest,
906 4784 975 4842 ut
1003 4798 1077 4840 ex
1107 4776 1318 4839 multis
1348 4775 1707 4837 auctoribus

200 4883 254 4940 ct
279 4879 562 4959 exemplis
590 4876 821 4958 probat
864 4873 972 4936 ibi.
1025 4877 1088 4935 et
1130 4871 1281 4933 dub.
1316 4872 1392 4932 X.
1443 4880 1708 4931 consen·-

202 4971 265 5031 tit
286 4973 486 5034 Molin.
521 4971 685 5050 disp.
722 4983 956 5031 ccxux.
989 4966 1054 5026 in
1073 4965 1335 5046 princip.
1369 4962 1707 5042 etquidem

202 5063 417 5127 lncasu
454 5065 581 5141 illo,
642 5080 833 5144 quem
861 5059 1091 5123 Sanch.
1145 5060 1347 5135 affert,
1406 5056 1595 5117 credo
1643 5055 1706 5116 id

204 5160 450 5237 potuisse
476 5158 637 5235 fieri,
670 5157 819 5238 quia
840 5154 974 5236 jam
1006 5151 1443 5232 expenduntur
1471 5149 1709 5210 reditus

203 5246 435 5331 singulis
462 5251 640 5313 annis
695 5250 757 5313 in
799 5266 1107 5354 pauperes
1161 5263 1358 5307 novos
1386 5243 1709 5305 venientes

205 5344 275 5403 ad
298 5345 658 5424 hospitale:
711 5361 904 5425 quare
927 5341 1062 5422 jam
1088 5339 1385 5418 impletur
1413 5338 1710 5399 voluntas

208 5440 514 5515 testatoris,
565 5444 628 5500 et
656 5438 804 5518 quia
831 5436 916 5497 ibi
947 5454 1072 5497 non
1122 5434 1377 5494 suerunt
1405 5429 1709 5493 nominati

209 5530 299 5591 alii
325 5532 557 5611 patroni
586 5529 934 5595 successuri
963 5525 1447 5593 testamentariis
1486 5525 1550 5586 in
1578 5524 1711 5587 offi-

1783 670 1923 729 sent
1949 671 2162 729 tamen
2210 667 2663 730 testamentarii
2715 668 3034 747 applicare
3063 684 3321 728 censum

1784 760 1960 822 illum
1988 761 2182 822 semel
2211 760 2394 823 alicui
2415 761 2665 822 familiae
2688 761 2972 840 pauperi,
3008 764 3078 823 ut
3096 761 3154 822 ei
3174 761 3322 822 sub·

1784 854 2088 930 venirent,
2138 858 2200 917 et
2240 854 2409 935 apud
2439 855 2640 934 ipsam
2685 859 3041 916 remaneret
3099 874 3113 916 :
3173 854 3317 934 quia

1786 952 2005 1027 postea
2033 948 2119 1009 illi
2153 949 2419 1010 fortasse
2449 967 2576 1009 non
2605 952 2814 1010 essent
2841 966 3174 1029 pauperes,
3227 955 3318 1010 at·

1788 1059 1909 1120 que
1938 1041 2079 1102 ideo
2110 1041 2293 1103 annis
2341 1041 2869 1122 subsequentibus
2916 1060 3044 1104 non
3089 1060 3323 1121 expen-

1788 1134 2090 1197 derentur
2131 1135 2372 1197 reditus
2416 1135 2701 1214 praedicti
2749 1135 2813 1198 in
2842 1136 3320 1197 subventionem

1788 1245 2138 1307 pauperum
2166 1275 2181 1305 ‚
2257 1234 2475 1291 contra
2530 1229 2844 1290 testatoris
2908 1229 3317 1293 voluntatem.

1789 1321 2027 1382 Deinde
2055 1322 2103 1381 si
2127 1321 2346 1384 electio
2373 1339 2724 1400 pauperum
2745 1322 3086 1403 pertineret
3104 1327 3324 1402 postea

1790 1413 1872 1474 ad
1901 1418 2199 1493 patronos
2243 1421 2596 1495 sequentes,
2657 1434 2783 1477 non
2838 1419 3093 1496 possent
3133 1419 3325 1477 testa-

1789 1508 2102 1584 mentarii,
2149 1509 2249 1571 vel
2276 1513 2580 1588 patronus
2611 1527 2886 1587 praesens
2917 1509 3231 1588 applicare
3259 1508 3324 1569 in

1793 1605 2167 1680 perpetuum
2197 1620 2455 1663 censum
2475 1601 2653 1662 illum
2673 1601 2966 1682 hospitali
2987 1622 3002 1674 ;
3037 1602 3185 1682 quia
3207 1601 3326 1664 hoc

1793 1699 1956 1756 esset
2009 1695 2073 1754 in
2125 1694 2559 1774 praejudicium
2615 1695 2860 1773 patroni
2930 1696 3246 1775 sequentis
3305 1714 3319 1757 t

1792 1788 1893 1851 cui
1920 1788 2156 1850 inutilis
2185 1787 2555 1849 redderetur
2581 1787 2848 1850 facultas
2868 1788 3138 1868 eligendi
3176 1808 3328 1868 pau-

1792 1900 1995 1962 peres.

1873 1975 2202 2036 Ducitatur
2245 1974 2560 2051 secund0‚
2612 1974 2719 2054 qui
2748 1973 3178 2054 intelligantur
3219 1993 3332 2037 no·
3476 1984 3594 2044 279

1792 2068 1961 2128 mine
1980 2085 2352 2147 pauperum,
2375 2067 2925 2147 quandolegatum
2954 2069 3331 2130 distribuen-
3398 2110 3537 2164 emin
3540 2109 3651 2154 ,em

1794 2161 1946 2222 dum
1973 2161 2355 2241 pauperibus
2371 2160 2791 2240 relinquitur?
2819 2163 3216 2241 Respondeo,
3242 2162 3332 2223 in·
3392 2170 3567 2261 “mffn
3558 2177 3679 2263 ⁹⁸:121

1794 2255 1991 2334 telligi
2047 2272 2265 2315 omnes
2309 2254 2413 2333 qui
2450 2253 2632 2334 juxta
2675 2273 2858 2316 suum
2904 2258 3135 2318 statum
3176 2256 3333 2317 indi·
3381 2231 3595 2315 '’mna‘’

1796 2353 1982 2429 gent,
2018 2352 2085 2409 ut
2115 2348 2261 2408 alibi
2292 2347 2564 2409 diximus
2613 2367 2626 2409 ε
2687 2348 3118 2428 intelliguntur
3144 2349 3332 2411 etium

1799 2442 2074 2521 religiosi
2101 2440 2535 2503 mendicantes
2563 2444 2625 2502 et
2654 2458 2846 2520 opera
2874 2442 2997 2520 pia.
3056 2445 3155 2506 An
3184 2461 3332 2504 vero

1797 2536 2228 2614 intelligantur
2255 2552 2565 2612 pauperes
2605 2533 2768 2595 illius
2797 2535 2917 2596 loci
2939 2582 2955 2612 ,
3008 2537 3106 2597 vel
3143 2536 3338 2616 possit

1798 2626 2180 2707 pauperibus
2237 2626 2388 2687 alibi
2434 2626 2841 2688 existentibus
2880 2627 3050 2705 dari,
3110 2633 3340 2692 tractat

1800 2720 2029 2784 Sanch.
2065 2720 2234 2781 dicto
2263 2719 2370 2781 lib.
2404 2722 2507 2781 IV.
2546 2718 2767 2780 Consil.
2802 2738 2940 2799 cap.
2975 2738 3019 2784 1.
3055 2721 3204 2783 dub.
3238 2738 3333 2784 Lx.

1800 2834 1862 2877 n.
1898 2817 1955 2876 1.
1991 2816 2054 2875 et
2080 2816 2370 2892 sequent.
2403 2817 2636 2874 etcum
2666 2815 2982 2875 communi
3010 2813 3338 2877 doctorum

1801 2908 1985 2969 docet
2013 2907 2519 2968 distribuendum
2559 2925 2694 2968 esse
2745 2907 2907 2969 iuter
2931 2927 3242 2988 pauperes
3270 2910 3338 2970 il-

1799 3001 1919 3063 lius
1948 3000 2090 3077 loci,
2124 3000 2189 3060 in
2218 3017 2342 3079 quo
2369 3001 2605 3062 factum
2641 3005 2736 3062 est
2763 3003 3229 3079 testamentum,
3265 3021 3341 3062 ex

1800 3095 1844 3158 l.
1898 3094 1975 3156 Si
1998 3093 2126 3176 quis
2155 3093 2236 3154 ad
2258 3092 2692 3172 declinandum,
2745 3097 2811 3157 C.
2857 3093 2928 3157 de
2967 3096 3248 3178 episcopis
3286 3107 3341 3156 et

1802 3188 2051 3263 cleric-ia,
2083 3186 2203 3248 nisi
2233 3191 2678 3250 testamentum
2705 3188 2942 3250 factum
2972 3193 3138 3252 esset
3164 3194 3342 3252 extra

1799 3283 2009 3344 locum
2036 3281 2334 3343 domicilii
2362 3282 2678 3345 testatoris
2738 3300 2753 3347 τ
2811 3301 3120 3363 pauperes
3175 3285 3338 3345 enim

1800 3376 1897 3437 sui
1924 3375 2224 3437 domicilii
2253 3375 2627 3453 praeferendi
2656 3380 2840 3453 sunt,
2885 3377 3002 3438 nisi
3031 3379 3342 3457 conjectu-

1802 3469 1886 3530 ris
1916 3468 2084 3529 aliud
2114 3472 2446 3547 appareat,
2497 3472 2567 3530 ut
2594 3468 2642 3529 si
2671 3470 3044 3549 praeciperet
3071 3471 3344 3533 eleemo-

1803 3579 2025 3641 synam
2052 3559 2408 3622 i'aciendam
2436 3561 2501 3622 in
2530 3560 2631 3621 die
2661 3563 3018 3642 sepulturae,
3045 3567 3108 3625 et
3135 3563 3346 3625 deces-

1801 3656 1984 3717 sisset
2009 3655 2196 3734 longe
2228 3672 2263 3715 a
2291 3672 2405 3715 suo
2437 3655 2754 3717 domicilio
2781 3702 2796 3733 ,
2847 3674 2964 3719 nec
2991 3657 3230 3737 possint
3256 3657 3345 3720 ita

1803 3750 1925 3811 cito
1970 3748 2050 3808 ad
2093 3747 2481 3809 domicilium
2528 3748 2943 3829 eleemosynae
2988 3751 3171 3813 mitti.
3230 3749 3346 3813 Vel

1805 3842 1920 3903 nisi
1950 3842 2151 3903 libera
2177 3840 2443 3903 facultas
2489 3844 2553 3902 et
2581 3842 2802 3903 electio
2835 3860 3185 3921 pauperum
3213 3843 3345 3904 hae-

1805 3936 1972 4012 redi,
2007 3935 2107 3995 vel
2136 3934 2458 3995 executori
2484 3933 2690 4011 dedit,
2742 3939 2810 3995 ut
2840 3940 3058 3997 contra
3086 3939 3339 3999 Covarr.

1804 4033 1869 4090 et
1894 4027 2273 4090 Matienzum
2317 4026 2502 4088 docet
2530 4043 2675 4087 cum
2704 4026 2842 4089 aliis
2874 4018 3105 4090 Sanch.
3141 4047 3246 4093 nu.
3279 4034 3339 4093 4.

1803 4122 1988 4202 quia,
2038 4124 2109 4182 ut
2137 4138 2304 4200 saepe
2334 4120 2605 4181 diximus
2629 4167 2644 4197 ,
2696 4120 2758 4182 in
2802 4120 2900 4183 his
2929 4122 3219 4185 omnibus
3249 4124 3345 4184 in-

1802 4215 2000 4277 tentio
2053 4214 2372 4276 testatoris
2427 4213 3020 4295 quomodocumque
3094 4217 3348 4297 cognita

1805 4306 2199 4388 praeferenda
2237 4310 2352 4369 est.
2387 4307 2452 4368 Si
2481 4325 2630 4369 vero
2659 4311 2922 4369 testator
2951 4310 3188 4370 nullum
3237 4310 3347 4371 de·-

1803 4400 2110 4480 signavit,
2161 4400 2261 4461 vel
2291 4400 2392 4461 ille
2423 4418 2609 4480 quem
2639 4400 2995 4480 designavit
3022 4403 3346 4483 negligens

1806 4495 1924 4556 suit
1947 4541 1962 4570 ,
2014 4493 2371 4555 distributio
2401 4493 2673 4572 pertinet
2699 4493 2781 4555 ad
2812 4495 3173 4575 episcopum
3201 4496 3342 4573 loci,

1807 4588 1913 4650 ubi
1944 4587 2220 4648 habebat
2245 4590 2509 4649 testator
2535 4585 2941 4666 domicilium,
2968 4590 3066 4650 vel
3095 4588 3146 4650 si
3175 4589 3228 4650 is
3255 4589 3349 4651 lo·-

1805 4699 1915 4743 cus
1957 4681 2302 4761 ignoretur,
2356 4680 2458 4740 vel
2511 4683 2769 4760 propter
2821 4680 3182 4744 distantiam
3222 4700 3348 4743 non

1804 4774 2049 4855 possint
2087 4773 2237 4834 illuc
2278 4772 2447 4834 bona
2486 4772 2646 4835 mitti
2695 4773 2777 4833 ad
2806 4775 3171 4855 episcopum
3198 4775 3341 4852 loci,

1804 4869 1870 4930 in
1899 4887 2022 4948 quo
2052 4871 2336 4928 mortuus
2365 4869 2478 4943 est,
2512 4869 2583 4928 ut
2609 4866 2795 4930 docet
2819 4869 2966 4931 Mol.
2987 4869 3340 4949 disp.ct.v11.

1803 4963 1859 5043 ἓ.
1898 4959 2140 5036 Quando
2168 4968 2431 5021 testator.

1883 5056 1983 5117 An
2009 5053 2253 5115 veroin
2283 5052 2403 5114 hac
2446 5069 2795 5159 pauperum
2839 5052 3139 5116 electione
3186 5074 3349 5136 prae-
3495 5059 3613 5119 280

1805 5146 2043 5210 ferendi
2086 5146 2212 5208 sint
2250 5145 2700 5225 consanguinei
2752 5148 3065 5209 testatoris
3115 5166 3346 5229 paupe·
3399 5181 3501 5227 Ans
3460 5184 3696 5281 ,Hm-

1806 5259 1926 5318 res,
1960 5239 2192 5303 Sanch.
2227 5239 2499 5300 affirmat
2526 5257 2632 5300 nu.
2661 5241 2722 5300 5.
2754 5257 2898 5299 cum
2931 5241 3197 5319 Parisio,
3235 5245 3346 5305 Pa·
3397 5238 3470 5335 ζῇ,

1804 5333 1952 5396 dan
1980 5338 2043 5395 et
2066 5332 2376 5405 Mantica3
2412 5332 2560 5412 quia
2589 5331 2709 5392 hoc
2722 5331 2970 5395 videtur
2995 5336 3196 5415 magis
3225 5337 3347 5398 ele·
3444 5239 3696 5442 ’ἐξεφ

1805 5428 1970 5509 gisse
1999 5429 2386 5489 testatorem.
2446 5426 2578 5486 Hoc
2623 5429 2870 5502 tamen,
2921 5426 3237 5507 loquendo
3268 5432 3346 5492 de
3443 5451 3644 5495 dmm

1808 5522 2094 5601 rigorose
2122 5517 2528 5598 obligatione,
2560 5517 2816 5580 difficile
2845 5524 2960 5598 est,
2995 5523 3249 5602 quando
3278 5525 3347 5585 li·
3426 5518 3505 5551 0⁰¹¹
3478 5504 3679 5604 nunsul-
