4263 6376
874 385 994 445 438

873 575 1022 638 psor
1046 559 1239 636 gratis
1257 559 1583 621 liberasset
1608 559 2042 640 fidejussorem
2069 561 2149 621 ab
2176 559 2410 638 obliga-

872 649 1041 711 tione
1076 650 1527 729 fidejussionis,
1579 672 1706 714 non
1752 654 1894 715 ideo
1939 654 2411 732 extingueretur

872 742 1167 820 obligatio
1197 743 1554 822 principalis
1585 745 1906 821 debitoriS,
1938 747 2045 825 qui
2076 750 2213 807 erat
2239 763 2407 806 cam-

873 835 1136 913 psariuS.
1184 837 1286 898 Sic
1313 838 1648 900 voluerunt
1674 839 1884 899 adhuc
1912 840 1974 899 in
2007 839 2125 899 hoc
2156 858 2303 900 casu
2337 838 2411 898 il-

869 929 995 988 lam
1023 929 1373 1009 relinquere
1390 929 1718 1009 integram,
1746 936 1816 992 ut
1837 950 2128 1010 campsor
2147 932 2409 993 haberet

871 1021 1078 1081 adhuc
1098 1020 1347 1082 titulum
1366 1024 1657 1101 exigendi
1685 1024 1880 1099 lucra,
1906 1044 2044 1103 quae
2066 1025 2253 1085 cessit
2265 1023 2410 1084 reli-

867 1113 1042 1191 gioso
1065 1162 1082 1191 ,
1152 1122 1514 1176 remanente
1568 1117 1745 1179 titulo
1801 1117 2058 1178 radicali
2092 1118 2181 1191 ‚in
2237 1135 2409 1177 cam-

2032 388 2135 446 1)ss
2176 386 2529 448 JUSTlTIA
2574 387 2677 447 ΕΤ
2714 387 2914 449 ΠΙΒΕ

2509 560 2683 620 bium
2712 561 3068 621 usurarium
3097 579 3135 621 a
3164 579 3494 640 campsore
3541 579 3656 640 pro
3684 580 3775 638 se,
3807 563 3902 623 vel
3919 581 4010 641 pro

2509 653 2712 714 amico
2742 658 2991 731 peccet,
3039 654 3118 715 de
3147 672 3271 732 quo
3309 654 3478 714 idem
3509 654 3688 716 Salas
3717 654 3865 715 dub.
3895 672 4006 717 xiv.

2510 745 2589 804 de
2617 745 2738 807 hoc
2768 750 2980 807 tamen
3008 747 3279 807 diximus
3307 752 3564 825 agentes
3593 747 3674 808 de
3703 747 3904 808 usuris
3926 768 4010 823 an,

2510 842 2573 898 et
2601 839 2851 917 quando
2888 845 3137 917 peccet,
3192 839 3296 918 qui
3340 844 3626 901 mutuum
3674 839 3791 899 sub
3836 841 4016 903 usuris

2507 931 2664 1008 petit
2689 930 2769 991 ab
2798 931 2901 992 illo
2946 951 3135 1011 quem
3179 933 3296 993 scit
3340 933 3533 1011 gratis
3580 950 3705 992 non
3755 950 4020 994 numera·

2506 1028 2737 1085 turum.

2589 1118 2775 1178 Sexto
2805 1116 3160 1195 dubitatur,
3201 1138 3282 1179 an
3324 1118 3575 1199 quando
3619 1120 3845 1179 Petrus
3891 1118 4020 1196 petit

868 1224 1076 1285 psore.

948 1300 1129 1361 Dices
1156 1301 1405 1378 iterum,
1429 1321 1552 1363 non
1582 1303 1859 1381 potuisse
1877 1322 2001 1364 non
2023 1303 2300 1382 extingui
2332 1321 2405 1364 eo

867 1392 1002 1470 ipso
1024 1393 1275 1454 titulum
1304 1395 1645 1455 radicalem
1684 1396 1745 1455 in
1779 1414 2135 1475 campsore;
2170 1398 2316 1476 quia
2335 1397 2406 1457 ti-

865 1486 1034 1547 tulus
1063 1486 1164 1545 ille
1195 1505 1319 1546 non
1351 1492 1529 1563 erat,
1591 1488 1707 1548 nisi
1753 1488 1999 1549 lucrum
2042 1509 2293 1550 cessans
2330 1510 2405 1550 ex

2507 1211 2721 1270 Romoe
2750 1227 2786 1268 a
2813 1211 2845 1270 J
2854 1228 3055 1270 oanne
3085 1212 3434 1290 campsario
3480 1211 3652 1272 mille
3697 1229 3920 1271 aureos
3953 1212 4018 1271 ad
4079 1250 4113 1286 A,

2507 1302 2822 1362 cambium
2852 1303 3108 1381 Neapoli
3139 1305 3531 1380 solvendum,
3551 1304 3750 1383 possit
3771 1306 4019 1365 Joannes
4051 1300 4113 1393 ἐξ

2506 1393 2712 1455 dicere
2746 1414 2761 1455 ε
2795 1395 2968 1455 Dabo
2997 1396 3111 1456 tibi
3139 1398 3238 1456 vel
3266 1397 3348 1456 ad
3377 1397 3687 1458 nundinas
3709 1395 4019 1458 Placentia
4068 1417 4112 1470 ,τε

2504 1493 2646 1564 post
2674 1492 2799 1548 tres
2828 1506 3075 1549 menses
3105 1489 3348 1550 futuras
3371 1537 3387 1567 ,
3428 1491 3527 1550 vel
3555 1494 3727 1550 certe
3759 1490 4018 1567 Neapoli,
4051 1466 4113 1498 ⁸²⁶

627 3079 738 3139 135

541 3206 799 3269 Religiosus,

525 3272 591 3302 cui
632 3273 822 3315 campsor

543 3314 670 3355 cessit
689 3315 808 3356 debi-

525 3371 611 3408 tum
632 3380 824 3422 campsa-

523 3419 592 3471 rii,
612 3433 663 3462 an
685 3422 825 3485 exige-

552 3485 599 3515 re
616 3479 796 3526 potuerit

563 3525 780 3572 interesse.

627 4670 742 4730 136

524 4794 571 4837 si
590 4794 722 4837 amico
740 4797 822 4839 de-

524 4847 601 4889 bes
639 4861 820 4901 quarere

523 4900 745 4952 cambium,
771 4916 823 4946 an

523 4956 663 5010 ponis
686 4968 735 4998 ex
756 4961 823 5000 tua

552 5009 725 5063 pecunia
745 5010 796 5052 ad

568 5061 769 5104 ambiam

619 5115 731 5160 dare.

868 1596 995 1638 non
1025 1579 1227 1639 soluto
1271 1580 1525 1657 capitali
1575 1599 1589 1640 :
1642 1581 1720 1640 ab
1768 1582 1872 1641 illa
1900 1587 2110 1643 autem
2143 1583 2243 1642 die
2275 1583 2406 1643 nul-

866 1671 998 1730 lum
1034 1671 1277 1731 lucrum
1308 1678 1512 1734 cessat
1540 1674 1871 1752 campsori,
1906 1693 2047 1735 cum
2076 1675 2214 1736 loco
2243 1675 2406 1735 illius

866 1762 1059 1824 debiti
1089 1763 1382 1825 habuerit
1407 1765 1596 1825 aliam
1627 1784 1942 1827 summam
1974 1768 2304 1846 aequalem‚
2330 1787 2404 1828 ex

866 1874 991 1934 qua
1018 1858 1409 1917 tantumdem
1429 1858 1659 1918 lucrari
1679 1864 1910 1937 posset.
1946 1860 2402 1939 Respondetur,

864 1948 1113 2009 titulum
1142 1951 1487 2029 campsoris
1519 1970 1642 2011 non
1675 1970 1809 2012 esse
1839 1952 2081 2012 lucrum
2113 1957 2257 2015 actu
2279 1973 2407 2015 ces-

865 2060 1031 2117 sans,
1065 2042 1175 2101 sed
1207 2047 1460 2120 pactum
1482 2042 1649 2123 juste
1679 2044 1938 2121 factum,
1975 2064 2098 2124 quo
2139 2065 2281 2125 spes
2309 2047 2407 2106 lu-

856 2133 951 2195 mi
982 2137 1280 2196 cessantis
1300 2137 1470 2214 juste
1499 2141 1711 2198 taxata
1739 2137 1875 2211 fuit,
1898 2142 2070 2199 tanto
2091 2139 2268 2200 lucro
2300 2159 2408 2200 an-

865 2245 988 2287 nuo
1023 2246 1036 2286 :
1070 2246 1213 2287 cum
1245 2247 1392 2307 ergo
1423 2234 1707 2307 tempore
1736 2231 1885 2291 facti
1912 2231 2075 2310 pacti
2118 2251 2260 2309 spes
2300 2232 2405 2293 illa

864 2322 1021 2381 tanti
1049 2320 1355 2383 aestimata
1386 2321 1600 2393 fuerit;
1646 2324 1876 2402 poterit
1915 2328 2131 2401 postea
2159 2326 2404 2385 lucrum

863 2412 1014 2472 illud
1046 2414 1281 2492 recipi,
1330 2415 1476 2476 licet
1506 2416 1582 2475 de
1612 2414 1775 2477 facto
1805 2420 2025 2495 postea
2052 2418 2298 2479 lucrum
2327 2419 2401 2480 il-

861 2504 970 2564 lud
1000 2523 1125 2565 non
1156 2511 1387 2583 cesset,
1420 2507 1582 2569 sicut
1612 2526 1724 2569 nec
1754 2513 1968 2587 posset
1995 2510 2245 2589 exigere
2274 2530 2400 2571 ma-

856 2596 1061 2677 jorem
1108 2618 1452 2677 summam,
1512 2601 1658 2662 licet
1697 2602 1836 2681 plus
1882 2602 2039 2662 lucri
2088 2608 2306 2681 postea
2348 2605 2405 2665 ei

866 2696 1189 2753 cessasset.
1225 2692 1415 2753 Aliud
1446 2697 1647 2770 esset,
1698 2695 1749 2754 si
1777 2697 2032 2773 pactum
2074 2696 2293 2758 suisset
2328 2698 2405 2758 de

866 2782 1038 2844 lucro
1069 2784 1272 2844 solum
1303 2785 1576 2861 incerte,
1630 2785 1798 2864 quod
1829 2791 2047 2864 postea
2076 2807 2152 2847 ex
2177 2793 2404 2850 eventu

868 2895 1141 2938 cessasse
1170 2879 1379 2958 reipsa
1409 2882 1761 2955 constaret,
1823 2879 1900 2939 de
1950 2899 2072 2960 quo
2121 2901 2288 2951 nunc
2318 2884 2407 2943 di-

870 2987 1033 3031 cam.

950 3061 1195 3123 Tertius
1241 3081 1390 3142 ergo
1436 3063 1662 3125 modus
1706 3066 1868 3144 pacti
1921 3085 2055 3127 esse
2086 3067 2289 3144 potuit
2329 3068 2407 3128 de

869 3154 1043 3216 lucro
1091 3155 1363 3233 incerto,
1419 3157 1587 3237 quod
1634 3164 1853 3237 postea
1897 3163 2202 3221 cessasset
2244 3178 2409 3221 cam-

873 3248 1040 3327 psori
1065 3250 1143 3310 ob
1176 3269 1299 3311 non
1321 3251 1595 3312 solutum
1625 3253 1912 3331 capitale,
1948 3257 2010 3315 et
2033 3259 2181 3314 tunc
2209 3255 2411 3315 faten-

872 3341 1023 3401 dum
1053 3341 1337 3419 videtur,
1396 3343 1563 3403 facta
1609 3345 1890 3407 cessione
1940 3351 2003 3407 et
2048 3364 2410 3425 compensa·

869 3433 1039 3495 tione
1087 3437 1310 3514 aequali
1341 3454 1485 3496 cum
1513 3437 1844 3516 religioso,
1881 3439 2118 3498 nullum
2166 3439 2410 3499 lucrum

871 3527 1129 3588 ulterius
1158 3530 1466 3608 campsori
1496 3548 1738 3590 cessare
1754 3532 1833 3592 ob
1851 3550 2093 3592 moram
2124 3550 2412 3611 campsa-

869 3619 967 3696 rii,
1027 3626 1090 3681 et
1141 3620 1283 3682 ideo
1340 3623 1699 3700 religiosum
1756 3624 1995 3684 nullum
2034 3624 2280 3685 lucrum
2310 3643 2413 3683 ra-

869 3712 1038 3774 tione
1080 3714 1379 3775 cessionis
1413 3717 1665 3794 exigere
1712 3735 1896 3796 posse
1940 3735 1977 3776 a
2005 3717 2358 3796 campsario
2390 3737 2405 3790 ;

823 3835 829 3841 ’
870 3806 1019 3885 quia
1046 3807 1241 3882 cessio
1271 3809 1472 3868 solum
1521 3809 1629 3869 dat
1660 3809 1764 3887 jus
1810 3810 1891 3869 ad
1938 3809 2001 3869 id
2033 3809 2204 3888 quod
2235 3828 2409 3870 cam-

867 3899 1039 3977 psori
1056 3899 1391 3961 deberetur
1414 3920 1429 3974 ;
1464 3900 1576 3960 sed
1595 3919 1718 3960 non
1738 3900 2076 3961 deberetur
2095 3903 2410 3982 campsori

869 3992 1203 4069 interesse,
1252 3993 1372 4053 nisi
1420 3993 1670 4072 quando
1720 3993 1798 4054 ob
1844 3994 2016 4053 illam
2045 4012 2290 4054 moram
2318 3994 2416 4055 lu-

872 4102 1048 4144 crum
1077 4085 1133 4145 ei
1162 4090 1466 4158 cessaret3
1520 4104 1669 4163 ergo
1718 4086 1919 4165 posita
1968 4085 2073 4146 illa
2121 4105 2414 4166 compen-

872 4176 1111 4236 satione
1141 4177 1522 4256 extinguitur
1550 4179 1848 4239 radicitus
1878 4179 2092 4240 titulus
2122 4179 2411 4258 exigendi

869 4270 1146 4345 lucrum,
1182 4273 1242 4330 et
1283 4289 1396 4347 per
1437 4289 1830 4350 consequens
1887 4290 2012 4332 non
2066 4272 2297 4332 mansit
2349 4272 2411 4331 in

872 4379 1199 4439 campsore
1226 4363 1441 4422 titulus
1471 4362 1761 4439 radicalis
1795 4363 2058 4443 alicujus
2086 4364 2247 4424 lucri
2274 4365 2415 4424 sub·

871 4455 1188 4534 sequentis
1208 4501 1223 4532 ,
1284 4455 1448 4535 quod
1481 4460 1695 4534 posset
1723 4455 1787 4516 in
1817 4457 2182 4536 religiosum
2211 4461 2416 4518 trans-

872 4547 1055 4608 ferre.

956 4642 1186 4715 Quarto
1234 4642 1503 4704 dubitari
1550 4642 1737 4718 solet,
1793 4661 1872 4703 an
1920 4642 1969 4703 si
2017 4644 2259 4704 amicus
2287 4662 2323 4704 a
2351 4648 2413 4706 te

874 4739 1066 4812 petat,
1087 4740 1157 4797 ut
1185 4737 1263 4796 ad
1293 4737 1604 4796 cambium
1636 4735 1723 4795 illi
1753 4755 1965 4798 sumas
1995 4737 2165 4797 mille
2187 4755 2412 4798 aureos

872 4847 1015 4889 cum
1042 4827 1216 4890 lucro
1251 4829 1612 4907 campsoriS,
1650 4833 1718 4889 ut
1745 4830 1924 4906 solet,
1977 4830 2177 4909 possis
2223 4834 2289 4891 tu
2338 4849 2413 4890 ex

869 4926 978 4983 tua
1032 4924 1297 5002 pecunia
1355 4922 1527 4998 dare,
1575 4925 1642 4982 ut
1672 4922 1916 4982 lucrum
1962 4923 2113 4983 illud
2148 4923 2414 4984 habeas?

874 5017 1329 5096 Respondetur,
1362 5016 1411 5076 si
1443 5015 1755 5076 cambium
1788 5015 1868 5075 sit
1897 5033 1973 5075 ex
2003 5035 2069 5076 se
2099 5035 2320 5076 verum
2351 5020 2414 5078 et

863 5111 1126 5188 justum,
1161 5129 1367 5188 posse;
1405 5109 1551 5188 quia
1583 5107 1742 5168 sicut
1773 5126 2064 5186 campsor
2093 5109 2410 5170 cambium

869 5203 1022 5263 illud
1051 5221 1340 5262 exercere
1372 5207 1432 5263 et
1451 5203 1692 5261 lucrum
1715 5201 2041 5280 percipere
2071 5204 2294 5279 potest,
2321 5202 2411 5263 sic

864 5296 1099 5376 poteris
1129 5300 1190 5357 et
1230 5299 1297 5356 tu
1345 5295 1594 5356 nomine
1645 5299 1748 5355 tuo
1805 5294 1974 5354 idem
2022 5295 2250 5355 facere.
2310 5296 2406 5357 Ita

864 5391 1041 5468 Vega
1085 5389 1151 5448 in
1196 5389 1442 5449 Summa
1470 5406 1618 5448 casu
1642 5403 1831 5448 xnvn.
1892 5406 2077 5467 quem
2118 5388 2310 5448 refert
2340 5395 2401 5449 et

864 5483 1146 5561 sequitur
1174 5482 1350 5561 Salas
1380 5482 1528 5542 dub.
1564 5497 1725 5541 xtvn

947 5575 1171 5649 Quinto
1202 5575 1473 5636 dubitari
1502 5575 1694 5650 solet,
1747 5592 1823 5633 an
1857 5578 2073 5654 petens
2117 5574 2196 5635 ad
2227 5592 2402 5635 cam-

2505 1580 2593 1640 ita
2636 1584 2847 1641 tamen
2870 1627 2887 1653 ‚
2940 1585 3010 1642 ut
3036 1582 3119 1641 ibi
3149 1581 3429 1644 solvatur
3472 1585 3614 1660 post
3641 1587 3773 1643 tres
3803 1600 4020 1641 menses

2504 1672 2819 1732 cambium
2849 1691 2993 1734 cum
3021 1674 3245 1735 eodem
3272 1675 3469 1750 lucre,
3491 1692 3636 1735 cum
3651 1692 3781 1753 quo
3812 1674 4023 1734 solven-

2506 1764 2656 1825 dum
2703 1770 2867 1826 esset
2911 1767 2976 1826 in
3025 1767 3322 1828 nundinis
3350 1768 3732 1828 Placentiae?
3788 1767 3886 1827 Ad
3925 1766 4022 1826 hoc

2505 1857 2766 1918 dubium
2797 1859 3136 1937 respondet
3164 1862 3346 1921 Azor.
3380 1862 3484 1922 111.
3521 1864 3680 1938 part.
3731 1859 3842 1920 lib.
3876 1876 3931 1919 x.
3975 1877 4020 1920 c.

2503 1955 2562 2012 9.
2597 1970 2790 2030 quaes».
2824 1954 2883 2012 3.
2918 1952 3017 2011 vel
3046 1953 3367 2013 continere
3398 1952 3519 2012 hoc
3548 1952 3870 2013 cambium
3899 1970 4023 2011 usu-

2504 2044 2777 2119 ram,vel
2806 2063 2946 2104 eam
2975 2045 3246 2105 maxime
3276 2045 3579 2106 redolere.
3616 2045 3794 2119 Quia,
3828 2044 4024 2104 siNea·

2504 2135 2663 2215 polis
2706 2137 2912 2197 minus
2959 2137 3148 2198 distet
3175 2155 3211 2196 a
3241 2140 3440 2198 Roma
3479 2156 3667 2218 quam
3697 2137 4021 2211 Placentia,

2505 2247 2629 2290 non
2677 2234 2885 2307 potest
2937 2248 3013 2289 ex
3069 2248 3143 2290 eo
3201 2231 3450 2291 cambio
3503 2230 3745 2310 aequale
3799 2230 4024 2290 lucrum

2505 2321 2667 2399 exigi
2688 2367 2704 2397 ‚
2763 2340 2907 2382 cum
2965 2322 3108 2387 Pius
3137 2324 3211 2383 V.
3264 2323 3414 2382 velit
3462 2323 3772 2383 rationem
3827 2323 4026 2382 haberi

2503 2414 2973 2493 longinquitatis
3040 2414 3324 2475 locorum
3395 2415 3477 2475 ad
3530 2416 3774 2476 lucrum
3827 2421 4026 2476 taxan-

2506 2505 2678 2566 dum.
2712 2507 2971 2583 Deinde,
2994 2506 3240 2568 etiamsi
3261 2508 3518 2586 aequalis
3547 2513 3712 2569 esset
3725 2507 4024 2583 distantia,

2505 2598 2767 2659 fortasse
2797 2600 3110 2660 cambium
3155 2618 3280 2660 non
3310 2600 3574 2661 haberet
3600 2601 3910 2681 aequalem
3940 2619 4028 2660 va·

2504 2692 2702 2752 lorem
2722 2740 2737 2768 ,
2798 2711 2872 2754 eo
2923 2693 3092 2773 quod
3120 2694 3383 2772 Neapoli
3428 2694 3697 2772 pecunia
3745 2693 4027 2754 solvenda

2505 2785 2811 2865 majorem
2841 2786 3118 2846 valorem
3166 2786 3586 2846 extrinsecum
3631 2787 3922 2847 habitura
3963 2787 4026 2845 sit

2509 2896 2697 2957 quam
2729 2879 3084 2954 Placentiae,
3114 2884 3174 2940 et
3189 2878 3330 2939 ideo
3358 2879 3604 2939 lucrum
3634 2879 4028 2939 minuendum

2509 2974 2691 3031 esset.
2742 2971 2806 3031 Si
2835 2976 3045 3031 tamen
3074 2970 3351 3032 valorem
3376 2971 3683 3051 aequalem
3715 2971 4027 3049 utrobique

2508 3063 2800 3124 habitura
2827 3068 3113 3143 speratur
3141 3064 3413 3143 pecunia
3433 3110 3448 3139 ,
3484 3063 3798 3124 cambium
3825 3064 4028 3124 liceret

2508 3157 2623 3218 sub
2655 3175 2728 3217 eo
2758 3162 2940 3235 pacto
2991 3176 3004 3217 ε
3058 3157 3155 3217 vel
3201 3157 3393 3219 etiam
3438 3157 3680 3218 ratione
3725 3155 3881 3217 lucri
3911 3174 4027 3217 ces·

2508 3250 2738 3324 santis,
2790 3256 3098 3329 quatenus
3137 3252 3414 3312 Joannes
3445 3250 3706 3311 daturus
3753 3255 3916 3309 esset
3960 3249 4028 3308 ad

2510 3343 2823 3403 nundinas
2857 3343 3191 3404 Placentiae
3224 3343 3515 3403 camdem
3540 3343 3874 3421 pecuniam
3902 3358 4028 3402 eum

2508 3440 2680 3497 tanto
2710 3436 2882 3497 lucro
2927 3436 3095 3514 quod
3134 3435 3401 3511 amittit,
3456 3441 3525 3495 ut
3568 3437 3750 3495 Petro
3792 3442 4028 3513 gratum

2510 3527 2697 3589 faciat
2724 3528 2931 3589 dando
2953 3529 3033 3588 ad
3062 3529 3378 3588 cambium
3407 3546 3521 3607 pro
3551 3528 3829 3606 Neapoli.

2592 3621 2714 3682 Sed
2745 3627 2955 3682 tamen
2984 3622 3186 3700 prima
3213 3621 3372 3682 ratio
3405 3639 3529 3682 non
3574 3622 3874 3696 subsistit,
3897 3622 4026 3700 quia

2511 3716 2581 3774 ut
2606 3732 2794 3792 supra
2823 3714 3095 3774 vidimus
3118 3761 3133 3790 ‚
3186 3715 3331 3774 Pius
3359 3716 3433 3776 V.
3468 3714 3670 3774 solum
3699 3715 3830 3774 vult
3857 3716 4029 3775 ratio-

2512 3824 2655 3866 nem
2686 3806 2903 3866 haberi
2931 3806 3443 3886 longinquitati3‚
3497 3811 3560 3868 et
3587 3807 3917 3867 vicinitatis
3957 3805 4028 3866 ad

2513 3899 3056 3961 determinandum
3084 3904 3331 3976 tempus
3359 3899 3686 3961 solutionis
3709 3947 3724 3975 ,
3774 3899 3878 3958 ubi
3917 3917 4027 3959 non

2512 3992 2670 4052 fiunt
2706 3992 3002 4052 nundina-*2
3026 4037 3042 4067 ,
3094 4010 3216 4052 non
3248 4009 3398 4051 vero
3424 3991 3504 4050 ad
3537 3991 3876 4052 taxandum
3901 4010 4028 4069 pre-

2511 4086 2667 4145 tium
2695 4085 2920 4145 cambii
2946 4131 2962 4161 ,
3015 4084 3183 4164 quod
3230 4103 3303 4143 ex
3330 4083 3469 4145 aliis
3499 4084 3712 4145 multis
3741 4083 4028 4162 capitibus

2511 4180 2853 4240 taxandum
2882 4181 2994 4238 est.
3056 4178 3237 4239 Unde
3283 4178 3532 4238 etiamsi
3583 4182 3746 4238 esset
3790 4177 4026 4256 aequalis

2512 4271 2808 4333 distantia
2833 4270 3068 4348 localis,
3102 4289 3227 4332 non
3256 4271 3507 4331 videtur
3535 4289 3716 4350 posse
3743 4270 4028 4349 assignari

2511 4365 2815 4427 terminus
2834 4365 3023 4425 trium
3051 4363 3359 4425 mensium
3391 4364 3472 4423 ad
3502 4363 3868 4424 solvendum
3885 4365 4026 4423 Nea·

2512 4458 2638 4537 poli
2672 4477 2684 4517 :
2721 4457 2868 4537 quia
2896 4457 3042 4517 Pius
3071 4458 3145 4517 V.
3180 4456 3261 4516 ad
3291 4455 3668 4516 solutionem
3693 4455 4022 4516 faciendam

2417 4599 2426 4612 .
2513 4550 2576 4610 in
2604 4549 2755 4611 locis
2779 4597 2795 4627 ,
2823 4549 2933 4610 ubi
2959 4568 3082 4610 non
3111 4550 3265 4610 fiant
3295 4548 3629 4622 nundinae,
3662 4548 3857 4608 noluit
3883 4566 4025 4627 prae·

2512 4642 2700 4703 scribi
2729 4643 3062 4704 terminum
3089 4642 3460 4720 longiorem,
3490 4659 3680 4720 quam
3711 4641 3815 4720 qui
3840 4639 4025 4719 requi·

2510 4733 2685 4797 ratur
2703 4735 2884 4814 juxta
2910 4736 3192 4795 locorum
3222 4752 3405 4794 usum
3437 4754 3451 4793 2
3484 4735 3799 4797 trimestre
3829 4739 4021 4793 autem

2512 4828 2727 4890 datum
2755 4828 2837 4888 ad
2865 4829 3072 4888 locum
3099 4827 3530 4887 nundinarum
3559 4844 3685 4886 non
3716 4831 3804 4885 est
3831 4826 3892 4885 in
3919 4842 4022 4884 usn

2510 4940 2622 5000 pro
2653 4920 2933 4998 Neapoli.
2996 4921 3248 4981 Seclusa
3275 4925 3489 4981 tamen
3537 4919 3658 4979 hac
3685 4918 3862 4978 bullae
3887 4917 4020 4977 obii·

2509 5014 2795 5093 gatione,
2845 5013 2943 5073 vel
2981 5012 3346 5073 abbreviato
3379 5012 3651 5072 termino
3697 5010 4016 5080 solutionis,

2507 5110 2719 5186 posset
2745 5106 2913 5166 idem
2941 5106 3184 5166 lucrum
3215 5105 3418 5184 accipi
3466 5123 3581 5183 pro
3613 5104 3850 5164 cambio
3878 5105 4016 5162 Nea-

2508 5200 2782 5278 politano
2815 5199 3053 5260 ratione
3081 5198 3234 5259 lucri
3267 5198 3597 5273 cessantiS,
3633 5196 3795 5277 quod
3817 5211 4016 5255 revera

2507 5296 2780 5353 cessaret
2803 5291 3113 5369 campsori
3143 5310 3219 5352 ex
3261 5309 3335 5351 eo
3384 5290 3557 5370 quod
3606 5287 3918 5368 pecuniam
3956 5286 4014 5344 il-

2505 5387 2626 5446 lam
2658 5404 2781 5445 non
2805 5385 2986 5446 daret
3010 5385 3090 5445 ad
3121 5384 3438 5445 cambium
3469 5402 3588 5463 pro
3611 5381 3888 5443 nundinis
3905 5379 4013 5440 Pla·

2505 5479 2801 5555 centinis,
2848 5483 3036 5556 prout
3064 5478 3140 5538 dc
3170 5479 3335 5538 facto
3369 5477 3638 5537 daturus
3679 5476 3899 5536 fuisset.
3947 5473 4008 5532 Et

2503 5572 2638 5634 hoec
2664 5570 2977 5633 sufficiant
3003 5569 3379 5648 generaliter
3393 5570 3472 5630 dc
3495 5570 3760 5631 cambiis
3786 5567 3998 5634 dixisse,
