4263 6376
1245 316 1715 379 DISPUTATIO
1759 316 2033 390 XXXVI,
2081 316 2355 377 SECTIO
2402 317 2447 377 1.

283 496 620 573 communia,
659 500 721 558 et
767 496 844 556 de
901 495 1021 557 hoc
1051 495 1293 574 egimus
1347 495 1767 574 disputatione

280 592 479 671 duplici
503 589 902 670 praecedenti.
928 589 1283 651 Secundum
1315 593 1408 649 est
1436 588 1770 650 distribue-

279 705 334 747 re
354 685 522 746 etiam
550 702 693 744 cum
714 681 1119 762 proportione
1149 681 1363 743 debita
1390 700 1584 742 onera
1603 700 1768 742 com-

279 778 480 855 munia,
513 782 572 837 et
600 776 677 837 de
694 776 813 836 hoc
843 777 1179 838 dicendum
1209 780 1303 837 est
1326 775 1445 835 hac
1491 776 1771 853 disputa-

281 873 439 941 tione;
471 870 586 930 hoc
616 868 782 929 enim
812 869 1203 948 potissimum
1230 869 1300 929 fit
1326 869 1390 928 in
1419 868 1764 943 exactione,

279 963 711 1043 etimpositione
732 962 1108 1023 tributorum
1122 966 1185 1022 et
1199 962 1764 1039 gabellarum,quoe

280 1060 543 1138 petuntur
570 1056 650 1115 ad
670 1074 862 1116 onera
889 1055 1251 1133 reipublicae
1281 1054 1667 1129 sustinenda,
1701 1052 1766 1111 in

278 1152 471 1230 quibus
491 1148 735 1229 peccari
766 1151 971 1225 potest
1020 1153 1237 1208 contra
1256 1147 1565 1226 justitiam
1595 1165 1768 1206 com-

278 1244 629 1319 mutativam,
691 1240 997 1320 exigendo
1055 1240 1359 1303 tributum
1415 1239 1714 1319 injustum
1746 1256 1760 1296 ε

277 1337 470 1414 singuli
499 1336 665 1395 enim
698 1334 933 1395 habent
952 1334 1056 1414 jus
1089 1334 1167 1393 ad
1197 1353 1311 1394 sua
1340 1334 1505 1394 bona
1534 1353 1610 1393 ex
1632 1331 1655 1411 j
1667 1351 1767 1391 us-

271 1431 383 1491 titia
409 1428 869 1503 commutativa,
909 1432 976 1487 ut
1018 1444 1142 1486 non
1200 1426 1459 1506 possint,
1521 1425 1637 1485 nisi
1691 1443 1764 1483 ex

266 1524 408 1602 justa
434 1540 618 1582 causa
646 1540 684 1581 a
715 1520 992 1599 principe
1031 1518 1305 1598 gravari,
1340 1536 1543 1598 neque
1575 1518 1765 1580 etiam

271 1617 404 1677 ultra
432 1614 785 1689 terminum,
811 1613 975 1673 intra
993 1631 1202 1692 quem,
1229 1615 1478 1673 servata
1505 1628 1765 1690 propor-

269 1710 410 1769 tione
436 1707 860 1768 membrorum
890 1705 1054 1766 inter
1082 1723 1169 1777 se,
1205 1705 1452 1784 singula
1479 1703 1766 1763 membra

270 1802 473 1861 debent
523 1817 898 1860 concurrere
956 1798 1036 1858 ad
1091 1798 1327 1858 bonum
1386 1815 1716 1859 commune
1745 1816 1757 1857 :

269 1912 434 1973 quare
487 1893 739 1973 injuste,
787 1892 886 1951 vel
930 1889 1207 1953 indebite
1264 1891 1517 1969 exigens
1572 1889 1763 1951 tribu·

268 1993 399 2063 tum,
431 1986 622 2047 habet
677 1983 1123 2063 obligationem
1171 1984 1322 2044 illud
1369 1982 1757 2045 restituendi.

267 2080 536 2142 Deficitur
564 2079 752 2139 etiam
789 2096 827 2137 a
873 2077 1084 2137 debito
1112 2076 1373 2156 justitiae
1423 2075 1764 2137 distributi-

264 2193 341 2235 rae
367 2192 500 2234 cum
531 2171 893 2249 acceptione
924 2188 1357 2248 personarum,
1392 2169 1641 2249 quando
1701 2169 1764 2228 in

264 2267 483 2328 tributis
503 2264 826 2344 exigendis
850 2281 974 2323 non
1004 2268 1291 2324 servatur
1319 2262 1640 2341 proportio
1670 2263 1762 2322 in-

263 2364 343 2419 ter
377 2358 677 2433 subditos,
731 2375 920 2435 quam
988 2356 1455 2435 proportionem
1523 2355 1766 2434 justitia

263 2452 632 2513 distributiva
660 2449 1029 2525 intendit‚ut
1059 2448 1305 2510 nonnisi
1334 2466 1477 2508 cum
1508 2446 1767 2527 {equali-

260 2550 367 2606 tate
397 2543 817 2624 proportionis
843 2543 925 2604 ad
944 2542 1210 2602 invicem
1242 2540 1470 2620 singuli
1498 2559 1766 2619 graven-

260 2642 361 2700 tur.
396 2641 671 2717 Agemus
699 2654 848 2715 ergo
892 2636 969 2696 de
983 2634 1228 2715 justitia
1283 2633 1344 2693 in
1403 2633 1765 2713 hujusmodi

259 2732 497 2809 gabellis
527 2729 870 2810 exigendiS,
915 2730 1007 2790 vel
1063 2726 1377 2789 solvendis
1423 2727 1757 2787 servanda.

742 3157 1163 3241 SEGTlo
1229 3158 1284 3245 l.

252 3464 389 3538 Quid
407 3464 769 3545 intelligatur
793 3462 1023 3524 nomine
1064 3461 1290 3535 tributi,
1353 3461 1444 3522 vel
1494 3462 1756 3542 qabella’,

479 3580 536 3632 et
561 3590 597 3632 α.
627 3569 832 3651 quibus
845 3569 1075 3650 possint
1093 3569 1251 3649 juste
1277 3569 1515 3650 imponi.

315 3840 665 3916 Tributum,
687 3838 954 3918 gabella,
995 3838 1283 3917 vectigal,
1318 3837 1417 3898 vel
1465 3856 1768 3917 quocum-

247 3952 355 4012 que
383 3934 504 3994 alio
535 3931 786 3994 nomine
819 3932 1190 4010 appelletur,
1210 3935 1396 4011 prout
1424 3934 1664 4008 spectat
1684 3931 1764 3992 ad

137 4010 184 4125 {¹¹¹
243 4031 609 4103 praesentem
666 4024 1175 4104 disputationem,
1211 4025 1360 4085 illud
1398 4024 1767 4103 intelligitur

154 4117 164 4130 '
243 4121 399 4199 quod
454 4119 688 4181 subditi
746 4138 857 4180 seu
923 4118 1208 4179 membra
1267 4117 1630 4198 reipublicae
1682 4117 1760 4177 ad

243 4231 631 4274 communem
661 4212 992 4274 utilitatem
1021 4215 1084 4273 et
1123 4211 1405 4290 publicas
1434 4212 1765 4273 necessita-

244 4312 326 4366 tes
353 4325 429 4366 ex
477 4306 860 4386 obligatione
890 4304 1331 4378 contribuunt;
1392 4323 1538 4364 nam
1595 4304 1765 4384 quod

239 4405 451 4479 sponte
483 4404 546 4462 et
571 4400 706 4460 sine
762 4397 1130 4459 necessitate
1185 4397 1411 4477 singuli
1467 4398 1760 4474 offerunt,

245 4512 360 4554 non
390 4498 489 4555 est
517 4491 770 4572 proprie
816 4491 1144 4567 tributum,
1170 4509 1286 4551 nec
1314 4491 1599 4552 doctrina
1653 4490 1765 4551 hu-

232 4586 329 4664 jus
354 4584 795 4665 disputationis
822 4584 903 4645 ad
933 4603 1040 4647 eas
1066 4584 1355 4645 liberales
1397 4583 1765 4646 donationes

239 4680 625 4752 extenditum
674 4678 730 4738 si
755 4681 965 4739 tamen
995 4677 1283 4739 liberales
1312 4683 1375 4740 et
1403 4682 1764 4757 spontaneae

236 4789 374 4833 rere
404 4772 550 4847 sint,
584 4774 649 4832 et
672 4788 798 4831 non
826 4789 902 4830 ex
931 4776 1102 4832 metu
1129 4774 1191 4832 et
1213 4772 1565 4833 reverentia
1593 4771 1765 4850 prin-

236 4863 405 4942 cipiS‚
444 4865 623 4942 cujus
676 4863 771 4923 ira
826 4863 1050 4924 merito
1104 4863 1380 4939 timetur,
1415 4864 1764 4925 concedan-

239 4961 358 5019 tur.
394 4957 556 5030 Quia
595 4961 808 5018 tamen
840 4955 1022 5018 multi
1050 4959 1195 5017 sunt
1249 4955 1421 5016 modi
1470 4955 1764 5035 exigendi

232 5049 487 5126 tributa,
540 5054 601 5112 et
629 5049 765 5110 haec
791 5049 1115 5110 variantur
1143 5068 1220 5109 ex
1247 5049 1529 5129 personis
1561 5067 1597 5109 a
1627 5049 1766 5129 qui-

243 5142 358 5203 bus
388 5142 746 5221 exiguntur,
779 5161 852 5202 ex
882 5141 1070 5202 rebus
1102 5140 1180 5201 de
1236 5142 1462 5221 quibus
1517 5142 1766 5203 solvun-

239 5239 359 5313 tur,
405 5255 483 5296 ex
537 5236 732 5297 titulis
786 5238 1043 5315 propter
1097 5252 1254 5314 quos
1307 5239 1629 5315 petuntur,
1690 5239 1796 5295 ex'

233 5332 536 5408 tempore,
571 5348 646 5390 ex
670 5329 834 5405 loco,
867 5348 944 5388 ex
972 5328 1341 5408 quantitate,
1376 5331 1438 5390 et
1465 5328 1601 5387 aliis
1628 5327 1763 5387 mil-

229 5421 283 5481 le
331 5422 839 5498 cireumstantiiS,
893 5423 1033 5483 ideo
1103 5423 1432 5482 innumera
1472 5420 1765 5481 videntur

232 5535 364 5576 esse
422 5535 658 5596 genera
712 5516 1088 5577 tributorum
1125 5519 1409 5576 veterum
1455 5517 1519 5576 et
1572 5532 1763 5575 novo-

3288 328 3405 385 607

1870 514 2034 571 rum,
2071 496 2148 555 de
2184 496 2410 575 quibus
2454 498 2597 575 post
2650 497 2802 558 alios
2860 497 2983 560 late
3046 503 3107 562 et
3162 500 3403 563 erudite

1871 588 2001 665 agit
2033 591 2218 648 Pater
2241 589 2474 649 Melina
2502 593 2669 650 tomo
2700 607 2794 652 111.
2829 590 2898 651 de
2911 591 3167 671 justitia,
3192 595 3404 673 dispu-

1869 680 2102 740 tatione
2133 684 2341 742 661.et
2369 683 2613 743 duobus
2629 684 3181 762 sequentibuS,ubi
3216 688 3406 748 etiam

1869 773 2124 833 nomina
2154 774 2409 853 propria
2440 775 2832 853 singulorum
2864 777 3241 839 tributorum
3263 780 3405 840 His-

1869 883 2200 942 panorum,
2248 872 2310 928 et
2368 886 2584 927 eorum
2632 868 2941 947 originem
2994 873 3264 950 explicat
3293 891 3306 931 :
3368 892 3406 933 a

1868 958 2095 1035 quibus
2125 960 2416 1020 omnibus
2447 960 2888 1022 abstinendum
2930 981 3180 1041 censeo,
3240 966 3406 1028 sicut

1867 1055 1931 1111 et
1957 1053 2144 1113 Pater
2170 1055 2455 1132 vasquez
2477 1054 2835 1132 opuscul.de
2862 1056 3219 1118 restitucione
3247 1078 3389 1137 cap.

1869 1159 1953 1202 v1.
1999 1144 2335 1207 abstinuit:
2371 1146 2518 1225 quia
2549 1147 2627 1206 ad
2649 1146 2938 1226 judicum
2972 1150 3397 1230 conscientiae,

1867 1234 1964 1296 cui
1986 1236 2318 1317 theologus
2348 1239 2633 1316 attendit,
2667 1240 2996 1303 diversitas
3054 1243 3159 1302 illa
3205 1250 3406 1306 mate-

1867 1328 2106 1391 rialiter
2125 1350 2191 1391 se
2221 1332 2469 1408 habeat,
2521 1351 2665 1392 cum
2695 1335 2904 1394 omnia
2931 1337 3311 1399 conveniant
3340 1339 3403 1399 in

1867 1419 1987 1482 hoc
2017 1425 2187 1502 quod
2222 1429 2334 1501 est,
2370 1444 2503 1485 esse
2534 1425 2597 1484 id
2631 1426 2800 1504 quod
2847 1446 2887 1488 a
2916 1428 3182 1490 subditis
3212 1432 3402 1510 exigi-

1866 1517 1968 1574 tur
1993 1520 2302 1594 potestate
2334 1517 2613 1596 legitima
2646 1519 2725 1579 ad
2759 1519 2991 1580 bonum
3023 1540 3357 1584 commune
3383 1545 3397 1586 :

1865 1605 1946 1665 ad
1976 1625 2319 1688 eorumque
2341 1609 2651 1689 justitiam
2699 1616 2762 1672 et
2818 1613 3269 1691 obligationem
3300 1635 3402 1676 so-

1863 1698 1993 1759 lum
2030 1700 2260 1764 debeat
2285 1703 2527 1764 attendi
2563 1708 2839 1781 potestas
2868 1705 3147 1784 legitima
3195 1708 3396 1787 impo-

1865 1792 2088 1869 nentis;
2115 1795 2361 1873 justitia
2389 1814 2615 1868 causae,
2656 1804 2911 1875 propter
2957 1818 3146 1878 quam
3198 1802 3403 1879 impo-

1864 1884 2051 1961 nitur,
2085 1892 2149 1947 et
2174 1888 2500 1967 {equalitas
2528 1906 2603 1948 ac
2631 1891 2950 1968 proportio
2982 1893 3220 1967 debita,
3257 1914 3400 1973 quae

1862 1975 1924 2035 in
1957 1976 2092 2054 ejus
2122 1980 2445 2042 exactione
2486 1988 2793 2058 servatur,
2842 1983 2919 2044 de
2951 1986 3184 2063 quibus
3218 1987 3399 2048 nobis

1862 2068 2258 2146 potissimum
2289 2072 2603 2151 agendum
2631 2078 2762 2135 est:
2800 2079 3043 2136 oaeterae
3074 2079 3239 2138 enim
3285 2080 3402 2139 cir-

1863 2166 2255 2225 cumstantiae
2284 2164 2642 2227 materiales
2671 2171 2836 2244 sunt,
2859 2171 2922 2229 et
2949 2170 3210 2249 singulis
3246 2177 3399 2234 tem-

1864 2255 2121 2331 poribus
2168 2276 2243 2319 ac
2290 2258 2549 2337 singulis
2578 2258 2765 2320 etiam
2795 2261 2950 2322 locis
2976 2262 3038 2321 in
3087 2263 3398 2326 infinitum

1865 2347 2215 2411 variantur.

1950 2442 2364 2519 Appellantur
2409 2462 2559 2521 ergo
2617 2444 2714 2505 hae
2759 2446 3255 2510 contributiones
3285 2452 3399 2511 ali·
3589 2469 3626 2526 2

1865 2535 2115 2617 quando
2149 2534 2387 2610 tm‘buta,
2425 2536 2572 2614 quia
2606 2537 2986 2615 tribuuntur,
3022 2541 3121 2600 vel
3173 2544 3400 2604 contri·
3450 2593 3571 2635 Varia
3615 2593 3749 2636 mbu-

1865 2629 2163 2704 buuntur,
2197 2627 2293 2686 vel
2333 2627 2480 2706 quia
2533 2646 2569 2687 a
2625 2628 2912 2691 tribubus
2959 2632 3394 2714 exigebantur,
3452 2653 3584 2690 torum
3618 2648 3749 2690 nomi-

1864 2718 2217 2799 Aliquando
2250 2719 2515 2800 vectiqal,
2568 2721 2716 2800 quia
2752 2741 2827 2781 ex
2885 2723 2982 2783 his
3015 2744 3154 2803 quae
3210 2726 3399 2787 velte·
3572 2712 3643 2746 '²¹¹‘

1864 2814 2095 2875 bantur
2148 2812 2247 2873 vel
2331 2814 2835 2891 asportabantur,
2896 2816 3181 2880 solebant
3221 2819 3400 2880 solvi.

1864 2905 2220 2986 Aliquando
2239 2905 2596 2985 portorium,
2652 2906 2989 2986 aliquando
3035 2910 3401 2992 quidaqium,

1864 2998 2202 3078 aliquando
2233 3017 2451 3074 census,
2486 2998 2635 3077 quia
2663 3001 3082 3063 censebantur
3122 3004 3407 3083 singulo-

1863 3111 2005 3151 rum
2026 3091 2356 3152 facultates
2374 3092 2454 3151 ad
2471 3090 2603 3170 ejus
2620 3091 3015 3156 solutionem.
3045 3096 3403 3176 Aliquando

1862 3184 2133 3261 collectoe,
2189 3184 2337 3263 quia
2384 3183 2765 3263 colliguntur
2818 3205 2856 3246 a
2917 3186 3180 3267 singulis
3210 3210 3225 3262 ς
3290 3211 3402 3253 seu

1858 3278 2241 3358 praestantiae,
2261 3277 2406 3357 quia
2435 3283 2853 3356 praestantur;
2889 3299 3000 3342 seu
3028 3282 3194 3358 talia,
3231 3285 3401 3364 quod

1863 3371 2113 3432 videtur
2141 3370 3399 3456 nomenItalicum,etGallicum,aliquan-

1863 3464 1944 3524 do
2002 3462 2376 3544 stipendium,
2437 3463 2585 3542 quia
2639 3483 2751 3543 per
2806 3465 2996 3545 stipes
3055 3468 3394 3548 colligitur.

1863 3556 2217 3636 Aliquando
2250 3562 2311 3617 et
2340 3556 2703 3635 frequenter
2733 3558 3090 3637 appellatur
3115 3561 3350 3642 qabella
3373 3583 3397 3624 .·

1865 3668 2005 3729 quae
2037 3648 2293 3710 nomina
2322 3648 2467 3710 licet
2510 3649 2592 3710 ad
2622 3649 2871 3712 diversa
2899 3653 3137 3715 tributa
3169 3654 3402 3735 signiti-

1866 3743 2073 3804 canda
2101 3741 2395 3821 imposita
2424 3742 2568 3819 sint,
2601 3762 2718 3804 usu
2760 3747 2973 3805 tamen
3003 3748 3401 3810 confundun-

1864 3840 1987 3912 tur,
2021 3841 2083 3898 et
2110 3854 2235 3896 uno
2266 3834 2516 3895 nomine
2535 3839 2764 3898 caetera
2791 3838 3026 3900 tributa
3055 3843 3401 3903 communi-

1865 3929 2022 3990 catis
2054 3927 2411 3990 nominibus
2440 3927 2795 4006 significare
2830 3930 3125 3994 solemus.
3160 3936 3228 3994 In
3260 3936 3402 3997 His-

1862 4023 2053 4102 pania
2080 4025 2175 4083 est
2203 4020 2506 4082 tributum
2536 4039 2889 4100 commune,
2917 4026 3086 4103 quod
3116 4027 3402 4090 Alcavala

1862 4119 2148 4191 vocatur,
2200 4114 2418 4175 Latine
2475 4132 2810 4193 possumus
2866 4118 3182 4195 appellare
3247 4120 3402 4182 deci-

1863 4229 2039 4281 mam,
2077 4226 2203 4288 qua
2217 4226 2292 4267 ex
2312 4206 2385 4267 iis
2416 4224 2556 4286 qua}
2577 4207 2957 4286 venduntur,
2984 4211 3231 4274 decima
3260 4233 3402 4292 pre-

1863 4301 1931 4363 tii
1960 4320 2103 4379 pars
2131 4301 2268 4379 regi
2295 4299 2581 4377 solvitur,
2613 4299 2761 4362 licet
2798 4320 3119 4382 nunquam
3150 4323 3294 4367 cum
3325 4326 3399 4369 eo

1864 4395 2071 4473 rigore
2129 4393 2436 4473 exigatur,
2495 4393 2608 4453 sed
2665 4393 3002 4474 aliquando
3066 4398 3397 4478 vigesima,

1866 4487 2208 4566 aliquando
2265 4485 2735 4565 decimaquinta
2769 4534 2783 4564 ,
2844 4488 3187 4569 aliquando
3249 4512 3399 4556 vero

1865 4584 2122 4659 pactum
2154 4580 2265 4642 fiat
2296 4598 2440 4641 cum
2495 4580 2837 4658 gabellario
2892 4581 2969 4642 de
3027 4588 3221 4663 quota
3277 4588 3400 4648 sol-

1863 4672 2094 4734 venda.

1945 4767 2053 4828 His
2079 4784 2229 4846 ergo
2274 4765 2611 4845 suppositis
2636 4766 2809 4828 circa
2835 4768 3094 4831 nomina
3121 4775 3185 4834 et
3229 4773 3396 4836 circa
3586 4802 3624 4860 3

1863 4879 1998 4921 rem
2054 4858 2490 4938 significatam,
2543 4859 2744 4938 primo
2802 4862 2996 4940 quaeri
3051 4869 3258 4943 potest
3319 4867 3396 4929 de

1866 4952 2236 5015 auctoritate
2266 4953 2620 5013 necessaria
2662 4953 2742 5014 ad
2792 4955 3036 5033 justum
3090 4958 3396 5021 tributum

1864 5065 1973 5106 seu
2003 5045 2270 5124 vectigal
2301 5044 2773 5124 imponendum.
2822 5049 3230 5112 Consentiunt
3261 5071 3397 5114 om-

1864 5158 1995 5216 neS‚
2020 5139 2222 5200 solum
2254 5137 2318 5198 id
2345 5157 2527 5217 posse
2558 5139 3027 5219 imperatorem,
3055 5163 3260 5223 reges,
3283 5151 3394 5208 aut

1863 5232 2174 5313 principes
2203 5231 2590 5310 superiorem
2651 5233 2716 5293 in
2771 5237 3222 5313 temporalibus
3272 5258 3396 5300 non

1862 5329 2408 5404 recognoscentes,
2446 5329 2513 5386 ut
2542 5324 2811 5387 habetur
2837 5327 2901 5387 in
2930 5329 3162 5408 capite,
3197 5332 3398 5414 Super

1862 5418 2229 5500 quibusdam,
2265 5418 2342 5479 de
2371 5418 2600 5479 verbor.
2633 5420 2945 5501 siynificat.
2982 5424 3088 5484 ubi
3131 5424 3386 5504 dicitur,

1864 5513 1967 5573 illa
1997 5531 2131 5573 esse
2148 5511 2384 5574 tributa
2413 5511 2766 5589 interdicta,
2819 5534 2848 5572 c
2870 5533 3010 5594 quae
3040 5536 3165 5578 non
3197 5538 3390 5599 appa-

3474 4927 3576 4980 Quis
3595 4930 3724 4982 possit

3490 5035 3499 5046 .
3522 4982 3674 5025 tribula

3489 5047 3715 5091 imponere.
