4263 6376
1278 356 1751 420 DISPUTATIO
1794 356 2039 433 XXVII,
2089 358 2365 422 SECTIO
2406 359 2511 424 IV.
3311 360 3422 421 361

1897 532 2169 595 tervenit
2215 533 2416 612 primo
2473 535 2705 614 emptio
2762 532 3022 595 dominii
3066 532 3254 610 utilis,
3305 551 3431 613 qua

1898 626 2125 687 emitur
2169 645 2315 705 pars
2361 627 2638 708 aliquota
2679 627 2997 689 fructuum
3037 626 3177 687 talis
3225 626 3424 703 fundi,

135 553 185 595 50
257 530 571 594 debeatur
600 532 786 595 etiam
815 552 887 595 00
919 549 1104 609 0000,
1131 549 1255 612 quo
1284 550 1384 593 res
1412 532 1627 593 censui
1654 531 1795 593 sub-

136 619 211 703 ζ..
251 625 418 706 jecta
476 626 685 687 nullos
739 627 973 689 fructus
1028 578 1241 703 afi'ert,
1294 625 1395 686 vel
1450 625 1512 685 in
1567 624 1794 686 minori

136 5055 200 5090 8!-

257 718 632 798 quantitate,
689 738 880 800 quam
935 720 1016 782 ad
1061 718 1434 780 solutionem
1478 719 1795 799 pensionis

256 812 623 874 sufficiant?
648 815 891 891 Negant
918 812 1131 892 aliqui,
1164 816 1364 874 stante
1393 812 1574 873 Bulla
1601 812 1692 874 Pii
1715 814 1789 875 V.

257 908 514 984 propter
543 910 835 986 quartam
865 906 1000 987 ejus
1030 905 1444 977 clausulam,
1429 923 1636 984 inqua
1654 923 1796 985 pro-

258 997 553 1059 hibentur
590 1019 620 1056 «
650 998 1036 1061 conditiones
1066 998 1326 1075 directe,
1360 998 1459 1059 vel
1488 998 1793 1061 indirecte

260 1091 606 1170 obligantes
631 1093 714 1153 ad
744 1110 925 1154 casus
953 1092 1243 1154 fortuitos
1273 1110 1417 1153 eum
1445 1136 1462 1169 ,
1501 1092 1605 1172 qui
1635 1092 1790 1153 alias

259 1201 331 1242 ex
357 1187 590 1245 natura
616 1190 972 1248 contractus
1002 1204 1127 1246 non
1155 1187 1464 1267 teneatur.
1498 1206 1527 1242 υ
1558 1185 1794 1256 Quibus

262 1276 464 1337 verbis
492 1296 619 1339 non
650 1279 901 1341 videtur
950 1298 1085 1340 esse
1134 1296 1336 1340 sermo
1384 1279 1463 1339 de
1492 1296 1641 1339 casu
1669 1279 1833 1345 for-‚

258 1370 409 1431 tuito
438 1372 612 1432 circa
638 1372 1051 1434 substantiam
1081 1372 1277 1451 ipsius
1305 1372 1398 1432 rei
1426 1371 1488 1431 in
1510 1390 1635 1450 qua
1653 1390 1793 1432 cen-

262 1482 361 1523 sus
388 1469 483 1526 est
523 1466 900 1527 constitutus
935 1486 948 1526 :
982 1465 1102 1526 hoc
1149 1465 1316 1525 enim
1367 1464 1623 1526 inferius
1670 1465 1793 1526 alia

262 1556 503 1618 diversa
559 1558 843 1619 clausula
897 1557 1310 1636 prohibetur:
1344 1576 1422 1618 ne
1464 1576 1613 1637 ergo
1658 1559 1793 1620 haec

204 1702 211 1705 ,
263 1650 531 1711 clausula
559 1651 764 1712 otiosa
800 1655 864 1712 et
890 1652 1206 1730 superflua
1232 1651 1315 1711 sit
1341 1696 1357 1728 ,
1406 1650 1591 1711 debet
1617 1650 1792 1712 intel-

261 1743 360 1821 ligi
388 1743 466 1804 de
514 1762 671 1805 casu
720 1745 975 1806 fortuito
1023 1744 1190 1805 circa
1236 1744 1472 1804 fructus
1510 1741 1792 1822 ejusdem

262 1836 366 1913 rei,
415 1836 646 1916 quibus
702 1855 852 1898 casu
908 1836 1162 1898 fortuito
1205 1836 1413 1915 aliquo
1445 1853 1609 1896 anno
1639 1836 1794 1897 defi-

261 1929 597 2007 cientibus,
642 1928 840 1990 noluit
866 1929 1147 1990 Pontifex
1197 1928 1462 2007 obligari
1511 1929 1791 1990 vendito-

263 2041 385 2083 rem
411 2022 492 2083 ad
523 2022 893 2083 solvendam
916 2021 1281 2102 pensionem
1311 2022 1475 2081 illius
1504 2021 1672 2082 anni.
1698 2024 1792 2083 Ita

262 2115 478 2177 Melina
506 2115 671 2195 disp.
705 2118 843 2177 390.
879 2114 1160 2175 clausula
1208 2119 1434 2194 quarta
1463 2133 1524 2175 0.
1558 2117 1617 2175 6.
1646 2116 1791 2175 Les-

264 2207 380 2268 sius
405 2228 467 2269 n.
499 2211 601 2271 82.
641 2212 703 2269 et
744 2207 1074 2288 probabile
1121 2210 1300 2287 putat
1329 2207 1642 2269 RebelluS.
1675 2207 1786 2272 lib.

264 2302 331 2362 X.
362 2320 465 2380 qu.
498 2318 587 2364 vi.
625 2300 981 2363 conditione
1009 2304 1068 2362 3.

334 2395 722 2457 Contrariam
751 2398 965 2456 tamen
1007 2393 1384 2455 sententiam
1411 2393 1790 2473 probabilio-

261 2504 382 2546 rem
410 2487 724 2564 existim0,
762 2504 952 2566 quam
981 2485 1211 2547 docent
1234 2486 1639 2565 Lud.Lopez,
1676 2489 1790 2549 So-

261 2584 372 2656 tus,
420 2583 483 2641 et
535 2583 804 2641 Navarr.
857 2579 1112 2656 dicens,
1158 2579 1222 2639 id
1266 2580 1578 2639 communi
1611 2580 1788 2658 praxi

262 2672 584 2750 observari,
620 2691 778 2753 quos
806 2673 1075 2734 afferunt
1102 2677 1167 2734 et
1191 2678 1540 2751 sequuntur
1568 2673 1788 2734 Rebel-

261 2764 350 2825 lus
363 2766 494 2827 1000
524 2767 738 2842 011010,
771 2770 835 2827 01
863 2764 1217 2840 Salasduh.
1249 2781 1312 2826 x.
1348 2769 1600 2830 num.2.
1634 2767 1785 2828 item

265 2859 553 2936 Valentia,
588 2865 653 2920 et
682 2860 788 2935 Sa,
823 2876 980 2938 quos
1009 2858 1191 2919 affert
1220 2862 1283 2920 et
1311 2858 1592 2937 sequitur
1619 2858 1788 2920 idem

266 2951 427 3011 Salas
455 2952 604 3014 dub.
639 2968 762 3013 xm.
797 2953 875 3012 Et
915 2951 1173 3030 quidem
1200 2950 1515 3029 loquendo
1545 2951 1623 3012 de
1652 2952 1783 3012 solo

260 3043 387 3121 jure
413 3048 655 3106 naturae
682 3091 700 3121 ‚
750 3043 816 3103 id
854 3044 1037 3122 plane
1067 3043 1358 3104 concedit
1385 3048 1449 3105 et
1492 3044 1616 3107 late
1644 3063 1785 3123 pro-

266 3136 363 3198 bat
387 3138 615 3199 Melina
644 3137 807 3216 disp.
840 3139 978 3198 385.
1011 3155 1117 3199 nu.
1152 3139 1251 3200 13.
1286 3135 1434 3217 quia
1462 3136 1666 3200 licitus
1693 3142 1788 3202 est

268 3235 605 3293 contractus
658 3230 1021 3306 locationis,
1083 3247 1206 3309 quo
1264 3230 1554 3291 dominus
1608 3231 1782 3292 fundi

266 3340 395 3383 eum
420 3325 602 3401 locat,
636 3343 752 3404 pro
774 3328 945 3385 certa
971 3323 1272 3402 pensione
1293 3341 1501 3384 annua
1521 3323 1786 3385 redden-

270 3415 340 3474 da
364 3417 486 3477 sive
529 3418 766 3479 fundus
793 3417 1035 3478 fructus
1077 3433 1150 3477 00
1198 3434 1362 3477 0000
1412 3416 1609 3494 ferat,
1653 3417 1783 3478 sive

270 3525 380 3569 non
407 3509 601 3586 ferat,
637 3511 791 3570 dum
834 3513 1047 3571 tamen
1090 3509 1307 3587 pensio
1345 3508 1433 3571 ita
1459 3510 1786 3572 moderata

271 3600 357 3676 sit,
389 3606 452 3662 ut
478 3606 923 3680 compensetur
965 3601 1315 3681 periculum
1346 3603 1516 3680 quod
1544 3602 1784 3663 condu-

269 3697 389 3752 ctor
412 3694 471 3753 in
499 3713 564 3755 se
593 3695 873 3775 suscepit
903 3712 917 3758 :
954 3711 1107 3773 ergo
1154 3695 1360 3756 licitus
1403 3696 1524 3757 erit
1563 3714 1786 3756 census

272 3802 398 3844 cum
422 3787 604 3848 simili
631 3787 1038 3865 obligatione,
1070 3786 1121 3847 si
1150 3789 1363 3847 tamen
1391 3787 1663 3866 pretium
1683 3787 1787 3867 ju-

271 3881 417 3938 stum
440 3878 517 3940 sit
549 3879 631 3940 ad
662 3879 1201 3959 compensandum
1229 3879 1381 3940 illud
1410 3880 1780 3958 periculum.

274 3971 428 4047 Item,
459 3973 603 4051 quia
627 3973 836 4035 licitus
865 3976 961 4034 est
985 3975 1343 4034 contractus
1375 3973 1786 4035 assecuratio-

275 4062 355 4121 nis
379 4065 709 4144 adjunctus
732 4065 1079 4127 contractui
1101 4065 1377 4126 censuali
1397 4066 1552 4127 reali
1588 4086 1601 4126 :
1638 4083 1784 4145 ergo

276 4156 319 4214 si
366 4159 622 4235 pretium
680 4159 762 4220 sit
808 4160 1050 4238 justum
1075 4204 1091 4234 ,
1165 4161 1404 4220 attento
1474 4159 1781 4237 periculo,

274 4249 421 4325 quod
448 4251 733 4314 venditor
762 4251 824 4311 in
855 4270 922 4311 se
952 4250 1232 4330 suscipit,
1264 4250 1472 4312 licitus
1493 4252 1612 4313 erit
1639 4270 1787 4314 cen·

275 4357 364 4399 sus
391 4360 505 4420 quo
540 4343 836 4406 venditor
880 4343 1197 4421 obligatur
1250 4343 1332 4403 ad
1386 4343 1787 4406 securitatem

275 4434 562 4509 pensionis
589 4436 930 4513 solvendae,
965 4435 1208 4497 etiamsi
1253 4435 1491 4498 fructus
1520 4436 1609 4497 rei
1640 4455 1788 4499 cen-

278 4524 393 4587 sitae
419 4530 618 4609 aliquo
650 4547 814 4592 anno
845 4528 1160 4592 deficiant.
1193 4528 1364 4590 Alias
1394 4528 1670 4590 rationes
1698 4530 1786 4590 vi-

278 4617 405 4679 dere
447 4624 679 4700 poteris
725 4623 895 4703 apud
941 4620 1235 4683 eumdem
1279 4621 1578 4686 Molinam
1632 4622 1778 4684 dict.

281 4707 418 4789 disp.
448 4715 579 4776 385.

344 4804 487 4866 Tota
512 4825 661 4887 ergo
690 4807 1026 4869 difficultas
1054 4811 1167 4883 est,
1203 4807 1518 4887 quomodo
1541 4807 1661 4868 hoc
1678 4825 1785 4885 pa-

136 4949 161 4976 „
181 4941 223 4982 3ss
283 4898 427 4956 ctum
472 4918 589 4961 non
643 4901 725 4963 sit
769 4905 991 4961 contra
1037 4900 1405 4979 praedictam
1440 4900 1784 4960 clausulam

283 4988 362 5048 Pii
385 4993 453 5052 V.
496 4994 588 5054 Ad
636 4994 805 5073 quod
860 4999 1074 5054 tamen
1129 4993 1498 5071 responderi
1554 4997 1776 5071 potest,

284 5098 505 5144 sensum
532 5087 692 5148 illius
722 5087 1015 5148 clausulae
1058 5087 1249 5146 alium
1280 5104 1417 5146 esse
1436 5132 1452 5162 ,
1485 5084 1783 5145 nimirum

288 5190 353 5232 ne
393 5176 706 5255 adjiciatur
761 5179 1060 5257 obligatio
1118 5179 1198 5238 ad
1255 5196 1435 5239 casus
1492 5179 1783 5240 fortuitos

286 5271 485 5341 praeter
510 5277 794 5334 naturam
821 5275 1178 5332 contractus
1198 5270 1528 5332 censualis,
1555 5272 1780 5350 Negari

284 5361 468 5418 autem
493 5368 711 5441 potest,
744 5370 1001 5444 pactum
1034 5364 1154 5425 hoc
1182 5383 1318 5425 esse
1344 5368 1576 5444 praeter
1605 5367 1781 5424 natu-

284 5465 402 5510 ram
428 5460 768 5519 contractus
806 5476 1031 5518 census
1075 5456 1422 5537 pecuniarii
1456 5476 1470 5517 :
1500 5475 1681 5532 nam,
1717 5461 1784 5517 ut

288 5557 353 5601 ex
373 5550 721 5625 supradictis
748 5555 1030 5627 constat,
1078 5550 1142 5611 in
1172 5551 1292 5612 hoc
1320 5553 1650 5612 contractu
1681 5549 1776 5610 in-

1897 739 2036 799 quae
2084 720 2339 801 quidem
2385 740 2462 781 ex
2490 721 2549 782 vi
2597 720 2785 801 hujus
2831 720 3049 799 primae
3096 718 3430 799 emptionis

1896 831 2021 874 non
2051 813 2388 875 deberetur
2414 832 2536 894 quo
2582 832 2746 875 anno
2793 813 3022 874 fundus
3070 812 3272 873 nullos
3300 812 3431 873 fru-

1895 909 2031 967 ctus
2059 909 2283 969 affert:
2317 911 2535 987 postea
2583 925 2731 968 vero
2784 905 3035 968 additur
3075 909 3430 967 contractus

1896 998 2052 1060 alius
2079 1001 2167 1061 ibi
2196 1000 2543 1062 virtualiter
2571 1003 2899 1062 contentus
2922 1045 2937 1076 ,
2991 1015 3114 1079 quo
3146 998 3428 1060 debitum

1891 1091 2045 1153 illud
2073 1094 2384 1155 incertum
2409 1094 2733 1155 reducitur
2759 1093 2840 1154 ad
2863 1093 3277 1172 quantitatem
3297 1109 3428 1153 cer-

1890 1190 2023 1248 tam
2051 1191 2113 1249 et
2142 1186 2645 1263 determinatam,
2668 1187 2796 1247 sive
2817 1185 3047 1246 fundus
3066 1186 3276 1264 plures
3296 1185 3427 1246 sive

1893 1279 2219 1357 pauciores
2246 1280 2484 1341 fructus
2531 1280 2728 1353 ferat;
2763 1297 2904 1360 quae
2946 1278 3228 1339 reductio
3260 1278 3428 1339 utilis

1892 1376 1986 1433 est
2013 1372 2261 1452 utrique
2289 1372 2689 1434 contrahenti
2717 1372 2799 1433 ad
2827 1372 3116 1434 vitandas
3142 1371 3283 1432 lites
3318 1392 3331 1433 :
3366 1375 3428 1432 et

1892 1464 2162 1545 denique
2188 1465 2308 1526 hoc
2335 1466 2653 1528 fructuum
2682 1465 2965 1526 debitum
2994 1465 3315 1526 reducitur
3344 1464 3425 1524 ad

1888 1557 2170 1619 debitum
2201 1558 2630 1637 pecuniarium
2659 1576 2939 1620 annuum
2970 1561 3212 1619 certum
3235 1562 3297 1620 et
3314 1558 3426 1618 de-

1889 1651 2312 1727 terminatum,
2346 1652 2457 1730 qui
2470 1669 2687 1712 omnes
2708 1654 3064 1712 contractus
3094 1650 3428 1711 includun-
3483 1640 3490 1646 ’

1889 1744 2081 1805 turin
2110 1762 2302 1805 censu
2328 1744 2483 1805 reali
2513 1744 2875 1824 pecuniario
2912 1764 2925 1805 :
2962 1762 3155 1823 quare
3186 1744 3428 1822 obliga-

1887 1837 1973 1898 tio
2002 1836 2084 1897 ad
2112 1837 2477 1898 solvendam
2507 1837 2873 1916 pensionem
2919 1837 3108 1898 etiam
3154 1836 3214 1896 in
3261 1854 3425 1897 anno

1888 1930 2229 1991 sterilitatis
2271 1949 2394 1991 non
2432 1935 2527 1991 est
2573 1936 2826 2007 contra,
2874 1930 2983 1991 sed
3018 1930 3196 2010 juxta
3245 1934 3428 1991 natu-

1890 2041 2026 2083 ram
2081 2024 2284 2102 ipsam
2339 2023 2480 2085 talis
2527 2027 2886 2086 contractus
2917 2023 3226 2084 censualis
3260 2039 3274 2086 :
3309 2041 3425 2083 nec

1886 2120 2109 2195 gravat
2152 2116 2571 2194 venditorem,
2624 2134 2767 2177 cum
2815 2116 2964 2176 utile
3013 2116 3070 2175 ei
3116 2115 3303 2176 etiam
3346 2115 3428 2177 sit

1888 2209 2056 2288 quod
2082 2209 2148 2268 in
2174 2227 2341 2270 anno
2384 2208 2642 2288 majoris
2694 2208 2999 2270 ubertatis
3054 2226 3178 2269 non
3222 2209 3427 2269 solvat

1886 2302 2046 2381 pluS,
2079 2302 2192 2363 sed
2221 2302 2418 2362 solam
2444 2301 2615 2362 illam
2635 2301 3001 2379 pensionem
3020 2318 3295 2361 annuam
3311 2319 3426 2380 pe-

1885 2395 2230 2456 cuniariam
2259 2395 2742 2457 determinatam
2771 2412 2910 2472 quae
2952 2395 3126 2472 justa
3154 2393 3425 2455 aestima·

1883 2493 2007 2563 tur,
2039 2492 2276 2550 attento
2308 2487 2584 2566 periculo
2617 2487 2979 2563 sterilitatis,
3014 2492 3076 2549 et
3102 2505 3213 2566 spe
3242 2486 3423 2547 uber·

1884 2582 2029 2643 tatis
2059 2581 2315 2661 maj0ris
2346 2599 2486 2661 quae
2517 2598 2652 2641 esse
2681 2584 2906 2659 potest.

1967 2676 2093 2735 Nec
2122 2693 2199 2734 ex
2222 2674 2342 2735 hoc
2372 2675 2677 2753 sequitur,
2712 2673 3058 2734 clausulam
3088 2671 3254 2733 hanc
3280 2689 3420 2732 esse

1884 2769 2266 2846 superfluam
2291 2770 2353 2829 et
2379 2770 2739 2828 contentam
2765 2767 2830 2826 in
2859 2765 2966 2826 illa
2992 2765 3116 2826 alia
3141 2763 3422 2826 clausula

1884 2860 2172 2939 sequenti
2198 2877 2389 2938 supra
2418 2858 2711 2921 adducta.
2745 2861 2905 2919 Nam
2931 2859 2995 2919 in
3023 2859 3130 2920 illa
3159 2858 3281 2918 alia
3296 2874 3420 2917 000

1885 2952 2297 3031 prohibentur
2323 2956 2511 3031 pacta
2537 2952 2706 3013 circa
2734 2969 2915 3013 casus
2943 2951 3231 3013 fortuitos
3249 2997 3265 3028 ,
3309 2950 3420 3011 sed

1885 3046 2087 3106 solum
2116 3044 2477 3106 declaratur
2514 3045 2579 3106 id
2623 3045 2792 3124 quod
2822 3063 2897 3105 ex
2926 3049 3150 3106 natura
3178 3048 3422 3106 contra-

1884 3141 2021 3201 ctus
2049 3155 2273 3200 census
2301 3137 2487 3201 realis
2515 3138 2937 3219 consequitur,
2964 3137 3133 3218 quod
3161 3136 3417 3212 scilicet,

1884 3234 2185 3311 pereunte
2232 3250 2302 3294 re
2347 3232 2585 3294 censita
2631 3233 2693 3293 10
2734 3237 2937 3295 101010
2983 3232 3082 3292 vel
3122 3231 3189 3291 in
3218 3234 3419 3311 parte,

1883 3325 2090 3404 perire
2139 3324 2330 3385 etiam
2374 3324 2603 3386 debeat
2647 3342 2872 3385 census
2916 3324 3102 3385 realis
3130 3324 3194 3384 in
3221 3329 3424 3387 totum

1882 3416 1983 3477 vel
2007 3416 2073 3476 in
2103 3420 2279 3495 parte
2308 3435 2422 3495 pro
2450 3421 2608 3479 rata.
2643 3417 2801 3491 Quia
2815 3435 2965 3479 vero
2996 3419 3252 3495 possent
3279 3434 3423 3477 con-

1882 3509 2204 3572 trahentes
2259 3528 2577 3588 apponere
2630 3514 2886 3590 pactum
2942 3510 3023 3570 ad
3063 3527 3425 3571 assecurari-

1888 3602 2040 3662 dum
2069 3621 2328 3664 censum
2356 3603 2544 3665 etiam
2573 3607 2877 3682 pereunte
2905 3622 3056 3664 casu
3079 3603 3335 3664 fortuito
3354 3620 3422 3662 re

1887 3695 2147 3773 censita,
2170 3696 2276 3775 qui
2307 3700 2664 3758 contractus
2692 3696 3173 3757 assecurationis
3204 3695 3425 3756 distin-

1886 3792 2044 3865 0105,
2079 3788 2296 3851 addito
2324 3788 2653 3850 sufficienti
2684 3788 2881 3867 pretio
2903 3834 2918 3865 ,
2952 3806 3079 3848 non
3105 3786 3427 3849 videretur

1886 3899 1962 3942 ex
1992 3885 2218 3943 natura
2245 3881 2338 3942 rei
2366 3880 2637 3958 1111011115,
2665 3880 2805 3941 ideo
2826 3880 3106 3942 Pontifex
3133 3881 3253 3941 hac
3267 3898 3423 3959 prae-

1887 3973 2137 4035 cedenti
2178 3973 2459 4035 clausula
2494 3972 2693 4034 voluit
2734 3973 3068 4052 prohibere
3116 3971 3424 4052 ejusmodi

1886 4069 2071 4145 pacta
2098 4065 2181 4126 ad
2207 4083 2390 4127 casus
2418 4066 2728 4143 fortuitos,
2790 4066 2871 4126 ad
2927 4065 3094 4145 quod
3144 4065 3302 4127 alias
3348 4084 3426 4125 ex

1887 4162 2113 4219 natura
2143 4162 2502 4220 contractus
2531 4177 2657 4219 non
2687 4162 2850 4220 esset
2877 4157 3174 4237 obligatio
3219 4179 3232 4220 :
3284 4175 3424 4237 quae

1885 4251 2223 4331 prohibitio
2253 4252 2318 4311 in
2349 4251 2629 4312 clausula
2657 4251 2762 4312 illa
2805 4251 3213 4332 subsequenti
3254 4252 3423 4312 nullo

1884 4345 2097 4421 modo,
2128 4345 2228 4405 vel
2254 4344 2475 4406 saltem
2503 4362 2627 4405 000
2660 4345 2827 4405 clare
2857 4348 3152 4406 contenta
3180 4344 3424 4406 videre-

1885 4441 2006 4499 tur.

1959 4529 2139 4592 Circa
2164 4530 2286 4591 hoc
2315 4530 2519 4610 ipsum
2549 4530 2871 4592 dubitatur
2899 4533 3095 4606 sexto,
3112 4548 3192 4591 an
3211 4548 3310 4590 res
3337 4530 3426 4591 ita

1886 4622 2115 4684 debeat
2171 4640 2306 4683 esse
2361 4622 2681 4684 fructifera
2705 4669 2721 4698 ,
2783 4627 2851 4684 ut
2904 4622 3136 4685 habeat
3187 4624 3426 4684 fructus

1885 4714 2169 4795 ejusdem
2198 4716 2460 4778 rationis
2500 4733 2646 4776 cum
2691 4715 2766 4776 iis
2812 4716 2920 4795 qui
2966 4733 3078 4794 pro
3126 4715 3424 4794 pensione

1884 4808 2170 4870 solvendi
2199 4813 2365 4885 sunt,
2399 4827 2459 4869 v.
2494 4827 2557 4887 g.
2591 4827 2674 4869 an
2701 4827 2893 4888 super
2918 4809 3103 4869 vinea
3132 4827 3255 4868 non
3284 4826 3425 4887 pos-

1883 4900 1964 4961 sit
1992 4901 2544 4977 000511101000505,
2568 4901 2676 4980 qui
2705 4901 2930 4962 reddat
2955 4906 3049 4962 tot
3075 4899 3263 4962 tritici
3290 4918 3426 4961 mo-

1884 4994 2041 5070 dios,
2076 4994 2188 5055 sed
2215 4994 2417 5055 solum
2447 4997 2539 5056 tot
2566 4994 2733 5054 dolia
2760 4995 2910 5070 vini,
2945 4998 3007 5054 et
3035 4994 3123 5053 sic
3152 4993 3231 5053 de
3260 4993 3418 5055 aliis·

1884 5089 2208 5165 Negarunt
2234 5086 2426 5165 aliqui
2463 5104 2644 5165 posse
2683 5087 2876 5147 talem
2905 5104 3163 5146 censum
3195 5086 3425 5147 consti-

1881 5179 1994 5255 tui,
2028 5179 2217 5242 etiam
2245 5179 2322 5238 de
2344 5179 2488 5258 jure
2520 5182 2758 5239 naturae
2783 5224 2798 5254 ‚
2861 5197 3017 5258 quos
3071 5179 3260 5240 tacito
3316 5196 3424 5238 no-

1882 5271 2049 5331 mine
2082 5271 2274 5332 refert
2301 5270 2534 5332 Molina
2589 5270 2750 5349 disp.
2784 5273 2922 5331 385.
2959 5289 3133 5331 num.
3172 5274 3270 5334 12.
3315 5270 3423 5331 11111

1880 5364 2005 5424 1010
2037 5367 2099 5423 01
2125 5364 2287 5423 11000
2308 5362 2537 5441 probat
2563 5363 2627 5422 id
2655 5363 2892 5423 licitum
2923 5382 3079 5439 esse,
3106 5382 3249 5423 cum
3280 5381 3424 5442 pos-

1881 5456 1963 5516 sit
1993 5456 2208 5533 pensio
2241 5457 2558 5515 fructuum
2604 5455 2767 5515 illius
2813 5456 2991 5515 fundi
3048 5455 3422 5517 commutari

1884 5549 2209 5626 aequaliter
2236 5549 2300 5609 in
2320 5548 2686 5627 pensionem
2705 5547 2970 5609 aliorum
2993 5549 3308 5613 fructuum
3330 5549 3424 5608 di-

3590 2691 3667 2751 73

3495 2816 3563 2859 Aa
3594 2816 3742 2859 debeat

3489 2870 3640 2913 habere
3657 2871 3751 2913 fm-

3469 2935 3640 3020 ral'i’oms
3579 2936 3619 2987 θ’
3619 2989 3764 3021 scum

3509 3029 3706 3087 pensione
3713 3062 3725 3075 .
