4263 6376
820 203 935 260 724

819 396 953 438 rem
982 376 1330 453 creditoriS,
1379 381 1442 437 et
1474 376 1648 455 quasi
1695 376 1794 435 lex
1850 376 2347 438 conventionalis

818 471 883 530 in
917 488 1171 549 poenam
1198 487 1462 530 morosae
1492 468 1841 530 solutionis,

902 563 1172 626 Seclusis
1200 567 1409 624 autem
1443 562 1517 622 iis
1554 563 1799 641 legibus
1839 562 2343 641 municipalibus»,

820 656 1332 735 distinguendum
1378 660 1550 734 put0.
1617 656 1682 717 Si
1730 657 1898 716 enim
1953 657 2140 716 unica
2185 674 2349 717 com-

817 748 1113 809 missione
1145 747 1482 826 deputetur
1511 747 1735 826 aliquis
1785 749 1866 809 ad
1895 767 1971 808 ea
2000 749 2211 809 omnia
2241 749 2347 809 de-

816 842 946 902 bita
987 840 1314 918 exigenda,
1363 841 1678 918 assignato
1727 842 2039 920 stipendio
2088 841 2340 918 diurn0‚

814 952 876 994 v.
900 952 962 1011 g.
994 932 1329 994 duodecim
1356 933 1538 994 Juliis
1567 933 1629 992 in
1662 932 1797 994 dies
1819 934 2121 1012 singulos,
2158 938 2346 1012 prout

813 1026 948 1086 fleri
978 1027 1154 1102 solet,
1205 1031 1354 1087 tunc
1396 1026 1610 1102 credo,
1646 1045 1774 1087 non
1803 1045 1984 1106 posse
2016 1046 2053 1086 a
2083 1027 2345 1106 siugulis

813 1119 1201 1180 debitoribus
1216 1118 1595 1196 stipendium
1612 1118 1925 1197 integrum
1947 1120 2169 1199 accipi,
2197 1120 2345 1200 quia

805 1210 941 1291 jam
981 1212 1360 1291 stipendium
1410 1211 1653 1291 justum
1710 1212 2100 1291 assignatum
2155 1213 2271 1274 fuit
2307 1231 2345 1272 a

802 1303 1016 1385 judice
1046 1323 1157 1383 pro
1186 1323 1376 1383 opere
1406 1304 1652 1365 diurno.
1691 1305 1752 1365 Si
1787 1323 1934 1365 vero
1957 1305 2343 1367 commissio-

809 1415 921 1456 nes
951 1396 1070 1456 illae
1098 1401 1306 1457 essent
1334 1395 1687 1474 disparatae,
1723 1411 1785 1457 et
1808 1414 1919 1474 pro
1946 1397 2207 1476 singulis
2236 1398 2340 1458 sti-

808 1489 1107 1566 pendium
1136 1489 1522 1567 assignatum
1552 1493 1690 1549 est-t
1738 1495 1911 1568 puto,
1973 1508 2049 1549 ex
2076 1491 2338 1568 singulis

809 1580 1355 1641 commissionibus
1425 1599 1606 1659 posse
1676 1581 2055 1660 stipendium
2113 1583 2334 1662 accipi,

798 1673 982 1753 juxta
1013 1673 1363 1735 doctrinam
1390 1675 1589 1734 Lessii
1633 1674 1743 1735 lib.
1776 1676 1850 1735 ll.
1887 1692 1940 1736 c.
1975 1691 2147 1737 xvnr.
2182 1676 2332 1737 dub.

807 1784 868 1828 v.
903 1786 964 1827 n.
988 1770 1086 1842 28,
1124 1770 1187 1826 et
1212 1766 1503 1842 aliorum,
1538 1786 1728 1844 quam
1757 1786 1870 1827 nos
1892 1768 2081 1828 etiam
2111 1787 2335 1848 appro-

803 1859 1090 1920 bavimus
1112 1863 1367 1937 agentes
1388 1859 1465 1918 de
1485 1858 1793 1920 locatione
1814 1864 1877 1921 et
1895 1861 2332 1939 conductione,

804 1952 973 2031 quod
1002 1952 1108 2030 qui
1166 1970 1425 2029 operam
1481 1970 1660 2013 suam
1692 1955 1872 2012 Petro
1930 1953 2164 2015 locavit
2218 1973 2332 2033 pro

805 2044 1195 2122 expediendo
1239 2045 1374 2122 ejus
1421 2044 1675 2122 nogotio
1728 2045 2079 2122 Florentiae,
2131 2051 2339 2124 potest

801 2138 1089 2198 eamdem
1110 2154 1367 2215 operam
1388 2156 1603 2197 rursus
1634 2138 1826 2198 Paulo
1849 2138 2058 2199 locare
2085 2153 2202 2217 pro
2228 2159 2336 2200 ex-

800 2230 1112 2309 pediendo
1143 2229 1264 2289 alio
1314 2231 1447 2307 eJus
1476 2230 1726 2308 negotio
1757 2231 2012 2309 ibidem,
2057 2236 2119 2293 et
2151 2250 2187 2292 a
2210 2233 2333 2294 sin-

797 2323 960 2402 gulis
989 2320 1259 2400 pretium
1305 2322 1622 2400 integrum
1669 2323 1971 2401 accipere.
2033 2324 2333 2386 Similiter

799 2433 950 2494 ergo
997 2415 1464 2476 commissarius
1527 2415 1629 2474 ille
1693 2419 1898 2493 potest
1950 2417 2013 2476 in
2068 2417 2329 2497 singulis

797 2507 1339 2569 commissionibus
1387 2525 1645 2587 operam
1691 2510 1898 2569 locare
1944 2529 2057 2589 pro
2093 2511 2329 2588 stipen-

796 2601 899 2663 dio
929 2600 1170 2679 integro
1202 2601 1367 2661 illius
1402 2601 1857 2662 commissionis
1920 2622 1933 2664 :
1994 2621 2186 2681 quam
2217 2603 2324 2664 do-

793 2695 1092 2770 ctrinam,
1114 2694 1372 2755 seclusis
1401 2694 1643 2774 legibus
1671 2695 1862 2774 regiis
1891 2695 1956 2754 id
1987 2696 2327 2775 prohiben-

791 2787 981 2864 tibus,
1033 2787 1431 2867 amplectitur
1459 2789 1647 2849 etiam
1677 2789 1875 2849 Diana
1899 2790 2001 2849 111.
2040 2808 2101 2867 p.
2144 2794 2219 2850 tr.
2257 2807 2316 2852 v.

790 2880 1005 2941 miscel.
1041 2881 1224 2942 resol.
1257 2884 1355 2941 76.
1394 2883 1457 2941 et
1485 2882 1845 2943 confirmari
1892 2886 2117 2961 potest,
2179 2882 2326 2960 quia

791 2991 958 3051 saepe
987 2973 1157 3033 idem
1179 2972 1376 3051 judex
1405 2972 1646 3034 habens
1666 2974 1916 3035 diversa
1943 2993 2228 3051 munera,
2264 2979 2328 3036 et

789 3065 995 3126 officia
1024 3083 1062 3124 a
1089 3065 1370 3143 principe
1400 3066 1631 3144 accipit
1655 3085 1769 3146 pro
1801 3066 2059 3145 singulis
2089 3067 2326 3147 stipen-

793 3157 899 3219 dia
955 3158 1200 3237 integra
1224 3205 1240 3235 ,
1301 3157 1466 3219 sicut
1517 3157 1566 3218 si
1625 3177 1819 3220 unum
1871 3159 2072 3220 solum
2128 3158 2322 3221 habe-

789 3253 905 3312 ret.
1162 3280 1188 3304 ο

867 3344 1154 3405 Advertit
1208 3347 1422 3405 autem
1481 3344 1711 3407 Sanch.
1773 3345 1835 3406 d.
1900 3365 1953 3406 c.
1989 3348 2090 3408 111.
2162 3347 2312 3409 dub.

784 3453 963 3498 xxm.
999 3457 1104 3498 nu.
1136 3441 1195 3498 2.
1234 3438 1753 3515 commissarium,
1789 3440 1888 3498 vel
1919 3445 2317 3501 executorem

784 3529 983 3607 illum,
1014 3529 1066 3590 si
1094 3530 1340 3608 longius
1373 3531 1493 3591 iter
1506 3531 1698 3591 faciat
1722 3550 1912 3610 quam
1936 3551 2092 3610 opus
2124 3538 2309 3609 esset,

783 3622 883 3683 vel
912 3622 1287 3698 diuturnius,
1336 3627 1404 3683 ut
1431 3622 1702 3702 plurium
1733 3624 1976 3684 dierum
2004 3625 2314 3703 stipendia

784 3715 1075 3794 accipiat,
1128 3733 1253 3775 non
1283 3733 1466 3793 posse
1513 3735 1586 3776 eo
1617 3716 1795 3777 titulo
1841 3718 2047 3796 majus
2075 3720 2315 3797 stipen-

780 3806 954 3866 dium
984 3807 1293 3886 accipere.
1347 3809 1395 3867 Ε
1425 3812 1645 3869 contra
1671 3826 1843 3886 vero,
1877 3810 1929 3869 si
1959 3810 2186 3889 majori
2217 3811 2313 3870 di-

779 3898 1037 3978 ligentia
1071 3904 1132 3960 et
1161 3900 1659 3961 extraordinario
1706 3901 1920 3961 labore
1950 3903 2176 3962 eodem
2208 3903 2309 3962 die

778 3990 957 4069 plura
989 3992 1240 4070 negotia
1269 3992 1540 4070 expedit,
1593 3996 1656 4053 et
1681 3992 1863 4071 plura
1894 3994 2106 4055 debita
2137 4013 2306 4055 rece-

778 4084 889 4161 pit,
943 4102 1082 4162 quae
1111 4083 1393 4162 pluribus
1423 4083 1642 4145 diebus
1674 4085 2070 4163 expedienda
2098 4091 2299 4163 erant,

775 4193 958 4254 posse
993 4176 1175 4254 plura
1230 4177 1541 4254 stipendia
1599 4178 1881 4256 accipere
1939 4195 2304 4258 correspon-

775 4268 985 4329 dentia
1013 4267 1232 4328 diebus
1264 4269 1367 4348 qui
1401 4270 1736 4330 necessarii
1764 4271 2049 4333 fuissent.

853 4360 1083 4422 Ultimo
1114 4360 1283 4420 idem
1314 4361 1543 4422 Sanch.
1581 4363 1722 4423 eod.
1757 4381 1811 4424 c.
1851 4365 1949 4424 111.
1992 4363 2140 4426 dub.
2175 4381 2295 4426 xm.

772 4471 916 4514 cum
943 4453 1324 4529 Alexandro,
1381 4455 1633 4531 Jasone,
1696 4458 1877 4534 Greg.
1939 4458 2144 4535 Lopez
2165 4503 2181 4534 ‚
2240 4462 2302 4520 et

770 4545 908 4607 aliis
936 4550 1130 4622 notat,
1165 4546 1218 4605 si
1240 4545 1433 4625 judex
1461 4547 1560 4607 vel
1590 4548 1974 4625 gubernator
2001 4549 2079 4609 de
2106 4551 2302 4611 licen-

767 4639 854 4700 tia
883 4638 1141 4715 domini,
1178 4639 1276 4699 vel
1308 4636 1607 4718 principis
1637 4640 1845 4720 aliquo
1878 4646 2163 4722 ternpore
2193 4644 2298 4704 ab·

765 4732 847 4792 sit
874 4750 913 4792 a
940 4732 1076 4792 loco
1107 4749 1297 4810 quem
1323 4732 1654 4839 gubernat,
1711 4734 1945 4795 debere
1974 4738 2188 4796 tamen
2222 4756 2296 4798 eo

764 4828 1044 4903 tempore
1072 4823 1454 4903 stipendium
1483 4826 1579 4886 sui
1631 4826 1816 4887 officii
1847 4828 2165 4906 integrum
2198 4848 2296 4890 ac-

764 4915 993 5019 cipere,
1029 4921 1098 4977 ut
1118 4916 1431 4996 colligitur
1459 4917 1594 4979 cxl.
1622 4918 1759 4979 Hoc·
1787 4919 1928 5000 leqe,
1963 4922 2029 4980 C.
2061 4920 2133 4981 de
2146 4942 2291 5001 pro-

760 5008 908 5072 xi.m
955 5028 1110 5072 saer.
1152 5010 1329 5070 serim
1363 5010 1469 5071 lib.
1523 5012 1653 5071 XII.
1689 5015 1751 5072 et
1796 5031 1870 5072 ex
1897 5014 2107 5091 glossa
2149 5015 2213 5073 in
2246 5015 2285 5077 l.

763 5118 856 5162 111.
890 5102 945 5179 ἓ.
985 5102 1061 5161 Sz
1085 5102 1166 5162 ad
1192 5101 1361 5177 dz',em
1401 5104 1463 5163 ff.
1505 5103 1574 5164 de
1601 5123 1666 5165 re
1693 5103 1860 5170 mz‘sslzt

1985 199 2085 258 DE
2126 198 2481 260 JUSTl'rlA
2526 198 2626 257 ET
2666 197 2863 258 JURE

2902 705 3330 789 SECTIO
3392 703 3536 792 ΧΠ.

2448 1009 2740 1086 Quomodo
2765 1019 2959 1091 peccet
2991 1008 3188 1090 judea·
3222 1007 3591 1090 proferendo
3641 1008 3969 1068 semanim

2561 1117 2682 1177 sine
2700 1115 3051 1198 probatione
3075 1115 3418 1197 sufficienti,
3456 1114 3548 1176 vel
3575 1114 3860 1195 quin'ma.

2523 1381 3015 1460 Supponendum
3072 1386 3168 1442 est
3222 1380 3423 1460 primo
3449 1427 3467 1456 ,
3538 1380 3965 1459 probationem
4074 1399 4145 1460 ης

2438 1475 2627 1536 aliam
2657 1474 2793 1548 dici,
2807 1473 3091 1553 plenam,
3150 1475 3339 1534 aliam
3364 1474 3827 1551 semiplenam,
3881 1475 4029 1575 vel

2436 1567 2890 1647 imperfectam.
2940 1567 3128 1627 Plena
3156 1566 3385 1627 dicitur
3406 1610 3423 1642 ,
3485 1584 3634 1645 quae
3664 1573 3761 1627 est
3787 1568 3967 1644 perfe-
4003 1524 4169 1632 [pat-n
4020 1529 4175 1576 ψ’

2438 1664 2541 1722 cta
2569 1664 2632 1723 et
2658 1660 3015 1736 sufficienS,
3062 1664 3132 1720 ut
3157 1659 3307 1735 duo,
3341 1659 3443 1719 vel
3472 1664 3606 1720 tres
3634 1663 3828 1720 testes
3854 1678 3970 1721 om—
4054 1635 4155 1684 ’ἡ

2438 1754 2504 1813 ni
2549 1753 2916 1831 exceptione
2966 1752 3260 1832 majores.
3317 1753 3755 1813 Instrumenta
3797 1753 3967 1813 etiam

2436 1850 2607 1907 certa
2636 1850 2698 1907 et
2722 1845 3098 1911 indubitata.
3128 1845 3453 1924 Scriptura
3481 1845 3801 1907 librorum
3826 1847 3972 1908 anti-

2436 1958 2703 2020 quorum
2732 1939 2796 1999 in
2826 1939 3108 2001 custodia
3135 1939 3390 2017 publica
3418 1944 3485 2000 et
3511 1938 3691 1999 fideli
3712 1958 3967 2000 mser-va·

2431 2037 2661 2095 torum.
2698 2035 2930 2093 Rursus
2957 2031 3242 2111 probatio
3262 2032 3591 2093 sufficiens
3612 2037 3713 2093 est
3740 2034 3963 2112 triplex.

2433 2128 2643 2187 Prima
2671 2126 3140 2187 evidentissima
3162 2171 3179 2202 ‚
3241 2129 3308 2185 ut
3348 2143 3495 2203 quae
3554 2126 3832 2186 habetur
3870 2145 3968 2204 per

2431 2220 2731 2298 plurimos
2757 2224 2821 2280 et
2846 2217 3318 2298 probatissimos
3344 2221 3565 2293 testes,
3592 2218 3700 2278 vel
3727 2236 3838 2297 per
3860 2219 3967 2296 pri·

2430 2313 2679 2391 vilegia‚
2713 2316 2775 2373 et
2798 2312 3213 2373 instrumenta
3253 2310 3614 2372 clarissima
3646 2316 3711 2372 et
3740 2311 3966 2371 indubi-

2428 2408 2578 2467 tata.
2614 2406 2906 2467 Secunda
2934 2410 3029 2466 est
3057 2405 3338 2481 evidenS,
3374 2422 3522 2483 quae
3552 2403 3831 2465 habetur
3853 2422 3963 2465 mo-

2427 2498 2640 2559 raliter
2667 2499 2857 2575 clara,
2894 2502 2963 2559 ut
2991 2516 3132 2577 quae
3160 2498 3232 2558 fit
3260 2516 3376 2576 per
3414 2497 3583 2558 duos
3613 2498 3722 2557 vel
3750 2504 3871 2558 nes
3892 2505 3963 2559 te-

2422 2595 2547 2652 stes
2575 2609 2961 2653 communeS.
2994 2590 3204 2652 Tertia
3231 2593 3328 2651 est
3352 2590 3573 2651 minus
3602 2591 3881 2664 evidens,
3908 2596 3963 2652 ul

2424 2703 2566 2764 quae
2607 2685 2679 2746 fit
2724 2703 2837 2762 per
2882 2684 3275 2763 conjecturas
3322 2687 3388 2745 et
3417 2685 3959 2762 praesumptiones.

2425 2780 2574 2839 Haec
2597 2777 2785 2840 tertia
2801 2777 3033 2838 sufficit
3060 2776 3317 2856 quando
3347 2775 3570 2854 agitur
3598 2777 3685 2835 de
3717 2777 3960 2837 utilitate

2423 2870 2609 2932 unius
2653 2871 2891 2949 absque
2934 2869 3165 2930 damno
3213 2868 3501 2929 alteriue.
3565 2868 3744 2930 Talis
3772 2875 3959 2929 autem

2425 2968 2590 3024 esset
2616 2963 2923 3042 scriptura
2948 2962 3093 3022 libri
3122 2960 3309 3021 nimis
3338 2960 3599 3040 antiqui
3627 3007 3649 3036 ,
3712 2961 3809 3022 vel
3838 2979 3957 3040 quae

2424 3055 2615 3117 habet
2642 3056 2847 3134 sigilla
2874 3059 3264 3133 consumpta,
3299 3055 3401 3114 vel
3432 3072 3590 3114 cum
3617 3053 3834 3132 aliqua
3857 3054 3956 3112 {ra-

2423 3153 2619 3226 ctura,
2652 3149 2750 3210 vel
2782 3147 3120 3227 reperta-in
3149 3148 3288 3209 loco
3319 3166 3448 3208 non
3483 3146 3877 3221 authentico,
3905 3151 3957 3207 et

2420 3242 2734 3303 sufficeret
2761 3243 2841 3301 ad
2871 3241 3263 3320 probandam
3293 3241 3643 3301 ecclesiam
3673 3260 3811 3300 esse
3832 3259 3955 3300 eon-

2420 3341 2750 3411 secratam,
2782 3336 3080 3395 infantem
3102 3352 3237 3394 esse
3254 3333 3687 3412 baptizatum.
3715 3332 3951 3406 Quando

2412 3447 2568 3503 ‚yero
2617 3430 2824 3508 agitur
2869 3429 2944 3488 de
2976 3426 3238 3488 notabili
3270 3425 3656 3505 praejudicio
3689 3427 3947 3499 alterius,

2420 3540 2542 3581 non
2586 3522 2921 3582 sufficeret.
2994 3520 3199 3581 Minus
3244 3524 3464 3579 tamen
3512 3520 3859 3597 requiritur
3894 3519 3947 3577 in

2416 3632 2603 3675 causa
2633 3614 2819 3689 civili,
2853 3632 3044 3693 quam
3074 3613 3133 3672 in
3166 3631 3356 3673 causa
3386 3612 3734 3685 criminali,
3764 3613 3949 3690 inqua

2412 3706 2494 3766 ad
2522 3707 3068 3768 condemnandum
3096 3724 3277 3766 reum
3304 3704 3727 3784 requiruntur
3744 3704 3947 3782 proba·

2411 3799 2612 3860 tiones
2631 3801 2769 3861 luce
2790 3800 3108 3874 clariorcS,
3130 3801 3277 3877 quia
3294 3798 3523 3857 melius
3553 3802 3654 3858 est
3682 3798 3945 3857 absolve·

2410 3910 2478 3951 re
2528 3893 2781 3953 noxium
2828 3910 3020 3971 quam
3069 3890 3497 3951 condemnare
3556 3890 3939 3951 innocentem

2408 3983 2488 4044 de
2529 3985 2755 4065 quibus
2793 3984 2990 4045 videri
3037 3986 3242 4062 potest
3269 3981 3560 4044 Sanchez
3615 3982 3775 4043 alios
3811 3985 3939 4043 afl'e·

2406 4095 2551 4138 rens
2578 4078 2688 4139 lib.
2726 4079 2826 4139 vl.
2865 4076 3040 4138 Cous,
3073 4095 3166 4136 ca.
3202 4092 3299 4136 111.
3331 4074 3485 4136 dub.
3526 4078 3623 4136 12.

2487 4170 2980 4250 Supponendum
3010 4169 3282 4230 secundo
3307 4213 3323 4244 ,
3367 4166 3607 4227 indicia
3634 4186 3775 4229 esse
3800 4187 3935 4229 con-
4044 4174 4131 4233 {8

2396 4262 2677 4365 jecturas
2727 4262 3120 4341 probabiles,
3177 4262 3316 4340 lege
3345 4258 3617 4337 Indicia,
3678 4261 3828 4322 Cod.
3872 4259 3934 4320 de
4004 4305 4095 4355 w
4114 4316 4139 4341 ,‚

2402 4372 2487 4415 ret
2518 4354 2740 4415 vendi&
2774 4356 2883 4415 Est
2911 4360 3118 4415 autem
3148 4353 3451 4414 indicium
3478 4353 3733 4431 triplex.
3966 4368 4165 4455 Ὦ*

2482 4447 2760 4508 Primum
2783 4448 3182 4524 diciturleve,
3203 4446 3303 4557 cui
3325 4448 3750 4509 communiter
3767 4449 3927 4508 abes·

2398 4559 2466 4602 se
2495 4540 2656 4601 solet
2681 4541 2934 4603 veritaS.

2481 4634 2840 4696 Secundum
2861 4639 2954 4696 est
2971 4653 3125 4712 grai
3131 4653 3163 4694 e
3193 4638 3257 4695 et
3281 4635 3634 4712 probabile,
3657 4635 3923 4696 cuicum-

2397 4728 2669 4789 muniter
2697 4728 3001 4806 contingit
3028 4726 3278 4803 veritaS,
3314 4732 3378 4788 et
3404 4729 3580 4807 quod
3599 4728 3921 4788 vehemen-

2394 4824 2493 4881 ter
2516 4824 2730 4881 movet
2774 4820 2854 4880 ad
2901 4819 3135 4899 aliquid
3164 4819 3557 4881 credendum
3598 4821 3696 4881 vel
3723 4821 3920 4880 dicen-

2397 4913 2577 4986 dum;
2613 4919 2675 4975 et
2703 4912 2824 4973 boc
2847 4913 2994 4973 facit
3025 4912 3438 4991 semiplenam
3469 4915 3911 4992 probationem:

2393 5006 2555 5067 sicut
2605 5007 2795 5067 etiam
2839 5007 3061 5067 unicus
3106 5006 3283 5067 testis
3333 5008 3505 5067 omni
3562 5008 3911 5087 exceptione

2391 5118 2615 5179 major.

2470 5193 2748 5254 Tertium
2776 5193 2894 5253 diei
2903 5198 3002 5255 tur
3022 5192 3279 5271 plenum
3296 5198 3362 5256 et
3384 5195 3906 5275 violentum‚quod

2389 5286 2538 5347 facit
2566 5287 2846 5346 animum
2874 5287 3220 5366 quiescere,
3258 5292 3323 5349 et
3352 5307 3479 5349 non
3509 5290 3645 5367 plus
3673 5288 3907 5349 investi-

2386 5398 2560 5457 gare,
2593 5384 2656 5442 et
2673 5379 2793 5442 boc
2812 5379 2960 5442 facit
2978 5380 3439 5459 probationem.
3476 5382 3904 5463 Quodcumque
