4263 6376
181 2694 246 2835 Ξῖ
286 2732 321 2792 l.
351 2733 481 2794 Suoe
514 2733 621 2808 rei,
675 2735 898 2811 juncta
943 2734 984 2794 l.
1034 2734 1112 2794 Si
1132 2735 1193 2794 in
1244 2735 1546 2814 emptione.
1591 2735 1646 2812 ς.
1696 2732 1811 2794 Rei

180 2877 184 2884 .
283 2844 407 2899 suoe,
458 2828 519 2886 ff.
552 2825 621 2886 de
662 2826 1056 2887 contrahenda
1095 2838 1269 2908 empt.
1305 2828 1426 2906 leg.
1461 2828 1645 2887 Nemo
1682 2846 1803 2887 rem

1262 338 1732 400 DlSPU'PATIO
1777 337 1991 414 xxvi,
2041 338 2316 399 SECTIO
2360 338 2460 399 lll.

308 517 447 578 liber
470 514 649 575 vendi
678 519 914 593 potest,
961 515 1002 575 l.
1035 514 1113 575 Si
1136 514 1196 573 in
1222 513 1534 594 emptione,
1566 514 1622 591 ἓ.
1659 511 1797 573 Om-

307 609 446 667 nium
471 626 658 667 rerum
680 653 695 682 ,
727 607 794 668 ff.
827 606 897 667 de
921 606 1293 668 contrahenti.
1327 616 1500 687 empt.
1532 607 1587 684 ἓ.
1622 624 1665 668 1.
1699 607 1802 665 ln-

307 702 416 761 stit.
444 699 511 760 de
526 699 710 760 inutil.
742 699 943 781 stipul.
981 718 1094 759 nec
1122 700 1330 760 obstat
1364 700 1484 774 lex,
1517 697 1606 758 Et
1634 696 1806 756 liberi

305 793 534 853 homines
555 839 569 867 ,
618 794 679 851 Π.
713 791 781 851 de
807 791 1179 852 contrahenti.
1212 800 1386 872 empt.
1440 791 1547 850 ubi
1576 790 1803 851 dicitur

305 885 550 945 validam
586 903 719 945 esse
747 884 1194 956 venditionem,
1227 884 1288 943 id
1323 884 1487 943 enim
1515 882 1801 960 intelligi-

303 983 394 1039 tur
417 978 490 1036 ad
518 978 844 1052 effectum,
896 981 965 1037 ut
1009 976 1298 1036 venditor
1343 980 1629 1037 teneatur
1671 992 1804 1034 em-

304 1070 444 1151 ptori
471 1069 545 1130 de
572 1070 892 1145 interesse,
924 1070 1173 1149 quando
1204 1069 1473 1130 scienter
1496 1067 1799 1140 vendidit;

303 1162 344 1222 si
370 1181 504 1222 vero
545 1163 944 1240 ignoranter,
1001 1167 1249 1223 tenetur
1289 1163 1491 1222 solum
1536 1160 1802 1220 reddere

302 1255 565 1333 pretium.
608 1254 786 1329 Quod
824 1254 1010 1315 etiam
1040 1254 1248 1314 locum
1279 1254 1503 1329 habet,
1550 1251 1802 1331 quando

300 1345 565 1407 venditur
590 1346 842 1425 publica
871 1366 1003 1422 res,
1037 1352 1109 1407 ut
1134 1346 1361 1425 platea,
1393 1345 1516 1421 via,
1550 1350 1614 1405 et
1637 1343 1803 1403 simi-

299 1438 397 1514 lia,
438 1439 667 1518 absque
696 1440 1001 1500 facultate·
1040 1439 1322 1517 supremi
1364 1437 1661 1517 principis
1687 1483 1701 1511 ,
1736 1439 1804 1496 ut

299 1537 517 1592 constat
541 1550 611 1591 ex
633 1531 803 1592 dicta
831 1532 872 1593 l.
907 1531 984 1591 Si
1009 1532 1072 1594 in
1101 1531 1423 1611 emptione,
1459 1534 1521 1591 et
1547 1530 1711 1591 dicto
1739 1529 1796 1606 ἓ.

297 1640 335 1684 1.
364 1629 421 1684 et
438 1624 541 1683 ult.
574 1626 810 1684 Domus
839 1624 1184 1685 itemvendi
1215 1642 1337 1684 non
1367 1626 1571 1701 potest
1596 1626 1667 1682 ut
1694 1620 1803 1680 de-

296 1721 545 1777 struatur
566 1763 580 1790 ,
631 1735 747 1776 nec
788 1717 1027 1795 lapides
1058 1721 1167 1778 aut
1191 1716 1361 1793 ligna
1391 1715 1514 1774 emi
1542 1718 1804 1792 possunt

295 1828 359 1869 ex
383 1808 656 1883 aedificio,
689 1813 760 1870 ut
788 1808 1157 1885 vendantur,
1186 1809 1303 1868 nisi
1330 1808 1577 1868 ruinam
1605 1806 1804 1866 mine-

292 1907 410 1977 tur,
439 1907 543 1962 aut
570 1902 689 1960 nisi
718 1902 778 1960 in
811 1902 1128 1980 publicum
1159 1900 1409 1980 aliquod
1440 1899 1797 1972 aedificium,

292 1995 399 2072 leg.
431 1993 699 2069 Senatus,
739 1995 800 2052 ff.
834 1992 1291 2054 decontrolzend.
1319 2001 1494 2073 empt.
1528 1991 1569 2051 l.
1595 1989 1707 2051 ult.
1734 1991 1796 2050 ff.

292 2086 353 2146 de
374 2086 570 2145 domno
598 2085 834 2165 infecto,
867 2087 909 2146 l.
944 2102 1013 2146 11.
1050 2086 1201 2147 Cod.
1236 2085 1307 2145 de
1331 2085 1543 2165 oedific.
1567 2083 1797 2164 privat.

293 2182 528 2257 possunt
569 2183 780 2239 tamen
828 2179 1148 2239 transferri
1177 2198 1213 2238 a
1242 2178 1508 2257 propriis
1536 2176 1804 2238 dominis

291 2272 360 2331 ab
386 2289 502 2332 una
529 2272 719 2331 domo
768 2273 828 2330 in
861 2271 1084 2347 aliam,
1136 2272 1324 2332 modo
1369 2276 1580 2332 tamen
1623 2288 1801 2348 aspe-

291 2370 410 2424 ctus
438 2364 720 2441 publicus
747 2364 971 2443 prioris
1000 2363 1219 2425 domus
1250 2382 1372 2425 non
1394 2364 1799 2438 deformetur,

290 2474 354 2515 ex
380 2455 532 2516 dicta
561 2455 602 2516 l.
638 2458 718 2516 11.

357 2550 498 2608 Rem
526 2567 738 2608 meam
766 2548 1189 2609 emerevalide
1220 2567 1342 2610 non
1372 2567 1649 2628 possum,
1687 2548 1806 2609 nisi

287 2640 551 2702 venditor
577 2641 836 2720 aliquod
858 2642 964 2721 jus
977 2643 1074 2701 vel
1102 2647 1345 2722 partem
1368 2643 1430 2701 in
1455 2660 1528 2701 ea
1550 2640 1799 2716 habeat,

283 2937 448 2992 suam,
478 2935 520 2978 1.
547 2923 609 2980 et
640 2936 711 2979 11.
746 2921 806 2979 ff.
827 2919 897 2979 de
922 2919 1228 2981 verborum
1246 2920 1423 3001 obliq.
1459 2923 1580 2981 Res
1601 2920 1804 2981 aliena

285 3011 468 3071 valide
519 3011 854 3088 venditur,
911 3012 1058 3074 licet
1112 3012 1246 3092 ejus
1283 3013 1629 3075 dominium
1677 3032 1800 3073 non

283 3106 538 3164 transeat
562 3104 625 3163 in
676 3109 1046 3183 emptorem,
1098 3111 1164 3166 ut
1201 3114 1388 3185 supra
1420 3105 1709 3180 diximus,
1743 3110 1806 3167 et

283 3203 505 3259 constat
549 3210 623 3258 ex
669 3198 715 3263 l.
767 3198 909 3260 Rem
951 3200 1222 3272 alienam,
1285 3217 1505 3262 xxvnr.
1553 3201 1681 3261 etl.
1729 3199 1808 3262 Si

281 3291 563 3371 emptione,
610 3308 835 3354 xxxm.
867 3293 922 3370 ξ.
970 3291 1114 3352 Item
1143 3293 1288 3354 siet
1334 3301 1577 3374 emptor,
1626 3295 1688 3355 Π.
1736 3293 1806 3354 de

281 3383 654 3444 contrahenda
714 3384 1033 3464 emptione,
1092 3385 1260 3464 quod
1314 3385 1699 3464 intelligitur,
1752 3388 1803 3447 si

280 3475 420 3535 alter
444 3496 518 3536 ex
544 3477 1062 3537 contrahentibus
1091 3477 1440 3555 ignoravit;
1502 3496 1634 3538 rem
1666 3497 1801 3540 esse

278 3567 548 3645 alienam,
580 3570 649 3629 ἱιῐ,
678 3572 923 3630 constat
950 3588 1023 3629 ex
1053 3570 1219 3631 dicto
1239 3571 1295 3648 ἓ.
1347 3570 1494 3631 Item
1519 3572 1575 3630 si
1597 3581 1652 3631 et
1678 3590 1798 3632 em-

273 3670 415 3739 ptor.
448 3680 644 3740 quare
693 3661 1006 3724 immerito
1038 3663 1212 3724 Salas
1259 3664 1408 3724 dub.
1442 3680 1654 3725 xtvm.
1690 3684 1795 3725 nu.

278 3755 327 3813 1.
357 3753 631 3814 distinxit
676 3753 838 3814 inter
875 3773 1012 3814 rem
1060 3756 1326 3815 alienam
1368 3756 1686 3833 furtivam,
1739 3762 1803 3818 et

277 3863 385 3905 non
413 3846 708 3908 furtivam
728 3865 743 3919 ;
770 3850 830 3907 et
859 3846 935 3906 de
951 3846 1174 3908 furtiva
1196 3847 1370 3925 dixit,
1394 3848 1444 3909 si
1461 3853 1683 3909 neuter
1701 3850 1797 3910 vel

275 3938 424 3998 solus
450 3939 742 3999 venditor
769 3939 926 4000 sciat
950 3940 1469 4016 vitium,validam
1490 3960 1625 4002 esse
1647 3962 1798 4002 ven-

276 4030 579 4093 ditionem.
615 4033 1013 4093 Contrarium
1035 4038 1244 4094 tamen
1265 4034 1422 4096 dixit
1448 4035 1594 4096 Mol.
1630 4036 1791 4115 disp.

273 4124 376 4183 327
415 4126 470 4204 ἓ.
490 4123 923 4186 Observandum
953 4136 1139 4188 tamen
1153 4135 1256 4202 est,
1278 4146 1502 4205 nempe
1524 4129 1797 4190 validam

274 4233 417 4292 esse,
437 4217 486 4277 si
504 4217 668 4278 alter
697 4236 768 4277 ex
790 4217 1303 4279 contrahentibus
1331 4220 1392 4279 id
1424 4221 1793 4302 ignorabat:

272 4309 504 4385 quando
543 4329 697 4371 vero
739 4315 985 4389 emptor
1037 4312 1204 4372 solus
1257 4313 1477 4373 vitium
1532 4314 1789 4391 sciehat,

271 4417 380 4460 non
435 4402 587 4465 dixit
644 4422 782 4463 esse
828 4403 1189 4481 invalidam,
1239 4406 1347 4466 sed
1402 4407 1794 4468 venditorem

271 4510 381 4553 non
407 4496 602 4556 teneri
635 4495 715 4556 de
744 4496 1074 4573 evictione,
1125 4516 1327 4576 neque
1370 4498 1453 4558 ad
1497 4500 1792 4560 standum

269 4592 624 4664 contractui,
660 4588 831 4668 quod
873 4589 1187 4668 colligitur
1236 4609 1312 4650 ex
1341 4592 1508 4653 dicto
1553 4594 1610 4671 ἓ.
1645 4593 1791 4654 Item

267 4678 316 4736 si
350 4690 402 4740 et
451 4690 700 4764 emptor.
735 4681 902 4761 quod
940 4682 1108 4742 idem
1149 4702 1500 4763 supponere
1546 4686 1795 4748 videtur

267 4771 494 4834 Lessius
522 4774 678 4835 dub.
713 4791 866 4835 xvn.
901 4794 1071 4836 num.
1108 4779 1242 4838 133.
1278 4777 1384 4837 ubi
1413 4779 1790 4856 generaliter

267 4861 452 4940 docet,
476 4866 850 4928 vendentem
870 4867 1038 4928 bona
1056 4868 1180 4929 fide
1210 4888 1344 4929 rem
1373 4871 1639 4931 alienam
1661 4890 1785 4932 non

265 4956 443 5017 teneri
511 4960 593 5018 ad
645 4959 1100 5021 restituendum
1155 4963 1422 5041 pretium
1480 4966 1778 5043 emptori;

264 5050 563 5112 teneretur
589 5057 824 5129 autem,
844 5053 1064 5114 saltem
1077 5055 1327 5134 quando
1357 5063 1601 5135 emptor
1619 5058 1787 5119 mala

263 5140 373 5201 fide
413 5145 580 5220 emit,
613 5145 665 5204 si
716 5151 1074 5209 contractus
1121 5149 1289 5209 nullo
1337 5151 1524 5210 modo
1568 5150 1783 5213 fuisset

262 5235 505 5299 validuS.
540 5238 803 5310 Quando
833 5246 1042 5300 autem
1072 5243 1464 5320 etquomodo
1494 5249 1783 5305 teneatur

261 5327 333 5386 ad
359 5331 808 5392 restitutionem
840 5331 1093 5393 domino
1125 5334 1499 5412 faciendam,
1534 5337 1614 5395 ob
1635 5356 1781 5396 ven-

261 5417 542 5481 ditionem
573 5424 661 5482 rei
688 5424 905 5484 alienae
935 5425 1185 5503 factam,
1208 5427 1476 5488 diximus
1494 5429 1616 5489 late
1638 5448 1772 5507 sup.

261 5506 406 5589 disp.
437 5516 623 5578 XVII.
657 5520 810 5578 sect.
845 5533 888 5578 1.
950 5523 1207 5597 agentes
1262 5519 1341 5580 de
1398 5521 1778 5600 obligatione

3324 336 3437 394 267

1900 512 2267 573 restituendi
2298 532 2373 573 ex
2405 531 2473 574 re
2501 517 2780 591 accepta,
2802 530 2941 591 quae
2962 528 3086 571 non
3116 513 3439 570 suntnunc

1900 606 2265 683 repetenda.

1982 700 2152 758 Inter
2178 699 2302 770 illa,
2350 718 2490 778 quie
2535 699 2721 760 vendi
2751 716 2874 759 non
2905 699 3181 774 possant,
3224 711 3438 753 nume·

1902 791 2025 850 rari
2057 792 2258 851 solent
2286 792 2515 871 aliqua,
2569 811 2707 872 quae
2763 789 2971 850 illicite
2987 786 3346 847 venduntur
3363 804 3437 845 ex

1968 883 2002 895 ..
2190 884 2203 896 .
2240 884 2252 896 .
2548 885 2559 896 .
2840 884 2847 889 -
2945 881 2957 894 .
3347 877 3359 890 ·
3394 878 3407 891 ο
3537 853 3633 905 Qua:
3655 866 3736 895 non

1903 883 2038 943 alus
2068 884 2396 961 capltibus,
2416 890 2485 946 ut
2512 904 2564 945 si
2600 884 2907 943 vendatur
2942 879 3174 940 idolum
3193 878 3432 957 gentili,
3486 906 3784 1000 possiuntvendi

3510 971 3759 1056 Ᾱᾙῶ.

1902 976 2003 1036 vel
2032 976 2266 1055 aliquid
2297 976 2465 1037 aliud
2493 977 2763 1037 abusuro
2792 975 2870 1036 ad
2902 969 3437 1052 peccatum,quod

1902 1068 2183 1130 illicitum
2231 1075 2325 1130 est
2372 1070 2612 1130 ratione
2656 1066 2955 1139 scandali,
3005 1065 3115 1126 sed
3161 1063 3436 1124 venditio

1904 1166 1999 1223 est
2025 1161 2254 1237 valida,
2299 1167 2361 1223 et
2388 1162 2659 1239 pretium
2688 1159 2941 1222 retineri
2962 1160 3167 1238 potest
3195 1162 3433 1236 postea,

1903 1253 2028 1314 imo
2060 1258 2124 1314 et
2169 1254 2330 1332 exigi
2361 1273 2398 1313 a
2439 1254 2763 1314 venditore
2792 1270 2860 1313 re
2890 1250 3140 1325 tradita,
3174 1249 3223 1308 si
3254 1266 3353 1308 res
3382 1247 3439 1308 ei

1901 1365 2027 1407 non
2054 1347 2440 1423 restituatur,
2475 1347 2584 1408 sed
2616 1347 2750 1406 haec
2779 1344 3094 1425 pertinent
3123 1341 3204 1401 ad
3241 1345 3438 1402 mate-

1902 1442 2060 1502 riam
2111 1440 2190 1499 dc
2244 1440 2561 1516 scandalo,
2604 1444 2667 1500 et
2710 1438 2789 1498 de
2833 1437 2953 1497 illis
2996 1434 3192 1495 videri
3237 1436 3444 1512 potest

1902 1536 2090 1596 etiam
2118 1533 2348 1595 Melina
2392 1532 2560 1594 dicta
2600 1532 2895 1610 disputat.
2931 1532 3070 1591 340.
3104 1528 3160 1607 ἓ.
3196 1526 3434 1604 penult.

1903 1633 1967 1689 et
1993 1629 2104 1689 ult.

1982 1722 2120 1782 Alia
2166 1720 2362 1780 multa
2403 1722 2727 1779 enumerat
2775 1720 2955 1790 Azor,
3002 1732 3141 1793 quae
3197 1711 3441 1789 legibus

1900 1815 2185 1875 civilibus
2212 1812 2401 1873 vendi
2429 1810 2860 1890 prohihentur,
2892 1824 2988 1869 ιη.
3048 1824 3107 1867 ο.
3140 1804 3247 1868 lib.
3275 1805 3436 1868 vul.

1902 1928 2039 1987 cap.
2090 1924 2185 1968 111.
2236 1924 2461 1984 nempe
2515 1901 3025 1982 pretiosissimam
3066 1915 3433 1979 purpuram,

1903 2007 1967 2063 et
1994 2001 2314 2081 quoddam
2342 1999 2490 2059 ferri
2517 2015 2738 2077 genus,
2785 1996 2826 2056 l.
2873 2011 2917 2055 1.
2975 1995 3125 2055 Cod.
3172 2009 3304 2072 quae
3347 2008 3439 2049 res

1905 2094 2075 2155 vendi
2096 2113 2207 2153 non
2228 2101 2489 2174 possunt,
2522 2091 2835 2150 frumenta
2859 2086 3048 2148 etiam
3075 2084 3310 2165 publici
3338 2102 3438 2143 ca-
3472 2146 3481 2153 ,

1905 2188 2084 2249 nonis
2113 2187 2177 2247 in
2204 2187 2433 2260 littore,
2464 2185 2507 2245 l.
2543 2183 2692 2258 Quia
2716 2200 2831 2241 non
2857 2197 3173 2260 nunquam,
3197 2180 3264 2238 C.
3308 2176 3432 2238 eod.

1904 2282 1996 2341 tit.
2033 2281 2239 2341 oleum
2269 2282 2332 2339 et
2377 2278 2499 2337 alia
2523 2274 2762 2355 liquida
2801 2272 2882 2333 ad
2929 2272 3160 2346 hosteS,
3192 2270 3314 2347 leg.
3349 2268 3442 2330 Ae

1899 2371 2439 2455 frumentum,C0d.
2474 2369 2599 2431 eod·
2633 2368 2725 2429 tit.
2759 2385 2936 2428 arma
2964 2368 3028 2425 et
3061 2364 3296 2424 ferrum
3325 2362 3439 2422 eis-

1904 2469 2047 2528 dem
2077 2465 2360 2527 hostibus
2390 2468 2498 2524 aut
2526 2479 2742 2523 eorum
2771 2458 3013 2537 legatiS,
3064 2457 3186 2533 leg.
3228 2454 3443 2529 Aemo,·

1905 2560 2055 2621 Cod.
2090 2558 2213 2620 eod.
2248 2558 2340 2619 tit.
2375 2557 2498 2619 Sed
2531 2558 2664 2615 haec
2689 2572 2813 2613 non
2844 2550 3032 2612 credo
3063 2566 3196 2609 esse
3228 2548 3439 2623 omnia

1905 2654 1966 2714 in
1994 2672 2109 2714 usu
2137 2655 2229 2712 :et
2257 2651 2400 2711 licet
2418 2647 2692 2709 venditio
2724 2642 3069 2705 autdelatio
3089 2658 3433 2717 armorum,

1905 2752 1968 2808 et
2020 2746 2284 2806 aliorum
2321 2743 2400 2803 ad
2458 2740 2741 2801 inimicos
2782 2732 3112 2799 Christiani
3170 2732 3438 2793 nominis

1904 2839 2313 2919 prohibeatur
2353 2835 2559 2895 adhuc
2602 2833 2664 2891 in
2695 2829 2864 2890 bulla
2905 2829 3137 2900 Coenae,
3179 2829 3243 2885 et
3266 2824 3347 2884 sit
3374 2823 3437 2882 in

1901 2951 2020 2993 usu
2048 2931 2189 2993 talis
2217 2927 2572 3010 prohibitio,
2595 2943 2716 2985 non
2745 2927 2955 2984 tamen
2985 2918 3160 2979 reddi
3190 2917 3440 2977 videtur

1901 3025 2179 3084 venditio
2201 3021 2494 3083 invalida.
2531 3017 2752 3079 Adhuc
2780 3015 2968 3076 etiam
2996 3011 3244 3072 videtur
3284 3009 3441 3071 obli-

1902 3136 2052 3196 gare
2082 3115 2416 3196 prohibitio
2443 3111 2623 3192 legis,
2671 3104 3098 3180 circumcidere,
3131 3104 3194 3163 ff.
3218 3100 3298 3161 od
3321 3101 3434 3181 leq.

1907 3213 1958 3273 C
1959 3211 2148 3272 onnel.
2181 3209 2250 3269 de
2274 3207 2523 3284 sicariis,
2556 3209 2618 3266 et
2642 3202 2819 3282 legis,
2852 3198 3111 3275 Domini,
3135 3199 3198 3258 ff.
3221 3195 3291 3257 de
3308 3215 3436 3256 con-

1903 3303 2187 3365 trahendo
2223 3302 2525 3384 emptione,
2561 3302 2624 3359 et
2662 3295 2840 3374 legis,
2872 3291 3074 3365 lunia,
3114 3291 3177 3351 ff.
3210 3288 3279 3350 de
3311 3308 3439 3348 ma-

1901 3396 2363 3472 numissionibuS,
2414 3394 2640 3475 quibus
2670 3389 2878 3451 ablata
2906 3391 3001 3448 est
3034 3383 3303 3446 dominis
3330 3399 3437 3461 po-

1901 3498 2093 3555 testas
2124 3489 2430 3551 vendendi
2454 3503 2667 3547 servos
2696 3487 2764 3544 ut
2791 3496 2935 3543 cum
2962 3477 3176 3540 bestiis
3198 3493 3436 3556 pugna·

1901 3591 2061 3648 rent.
2096 3584 2488 3648 Prohibitum
2518 3581 2707 3641 etiam
2740 3577 2855 3637 fuit
2880 3572 3153 3636 vendere
3182 3587 3436 3631 servum

1901 3681 1964 3740 in
1994 3680 2142 3756 fuga
2172 3677 2600 3749 constitutum,
2632 3672 2674 3732 l.
2709 3670 2780 3730 In
2824 3669 2992 3748 fuya,
3026 3663 3177 3726 Cod.
3213 3660 3295 3722 ad
3318 3661 3429 3741 leq.

1900 3772 2171 3834 Flauiam
2200 3769 2447 3850 deploq.
2483 3772 2545 3828 et
2572 3765 2697 3843 leg.
2731 3758 3065 3832 Sciendum,
3100 3757 3161 3816 ff.
3195 3752 3319 3815 eod.
3338 3754 3428 3814 tit.

1897 3867 2238 3930 Videamus
2281 3881 2444 3924 nunc
2494 3861 2571 3920 de
2600 3855 2917 3937 praecipua
2943 3848 3429 3930 prohibititione,

1898 3979 2037 4041 quae
2085 3959 2287 4036 magis
2331 3956 2413 4017 ad
2442 3952 2683 4033 praxim
2737 3944 3165 4027 quotidianam
3219 3940 3428 4013 refert,

1895 4054 2061 4115 facta
2107 4046 2539 4112 ecclesiasticis
2582 4039 2830 4103 emendi
2876 4039 2985 4098 aut
3008 4032 3321 4096 vendendi
3351 4032 3431 4093 ad

1896 4143 2345 4226 negotiandum
2369 4138 2527 4201 lucri
2554 4153 2763 4198 causa.

2346 4556 2969 4647 sEcholu.

1890 4872 2227 4954 Nepotiatio
2255 4867 2401 4952 quid
2420 4868 2516 4943 sit,
2549 4874 2604 4927 et
2633 4882 2926 4946 quousque
2942 4860 3188 4936 clericis,
3216 4868 3272 4919 et
3289 4856 3424 4918 reli-

2352 4973 2528 5057 qiosis
2552 4972 2628 5032 sit
2648 4968 2965 5054 prohibita.

1969 5242 2319 5320 Negotiatio
2351 5240 2579 5318 duplex
2609 5243 2723 5300 est.
2762 5237 2986 5310 Prima,
3020 5254 3145 5315 qua
3184 5233 3420 5312 aliquid

1887 5337 2133 5412 emitur,
2175 5341 2244 5396 ut
2263 5353 2376 5414 per
2414 5333 2784 5394 industriam
2807 5334 3257 5391 commutatum
3271 5348 3421 5388 ven-

1879 5429 2098 5501 datur;
2150 5446 2290 5507 quai
2321 5447 2444 5488 non
2491 5426 2842 5505 appellatur
2876 5423 3126 5503 proprie
3156 5427 3218 5483 et
3246 5422 3306 5482 in
3336 5423 3420 5482 ri·-

1876 5541 2029 5602 gore
2059 5521 2422 5601 negotiatio,
2456 5524 2526 5581 ut
2549 5518 2864 5596 colligitur
2884 5535 2959 5577 ex
2976 5516 3417 5595 Chrysostomo

3590 726 3662 786 19

3581 1754 3662 1812 20

3526 1877 3648 1926 Alia..

3526 1930 3646 1973 vendi
3719 1943 3746 1972 n

3514 1990 3685 2038 possunt
3703 1996 3753 2026 cx

3549 2037 3726 2093 legibus.

3656 1888 3746 1931 quo

3664 1943 3718 1973 no

3568 5273 3633 5330 21
