4263 6376
872 360 992 422 360
2006 356 2108 417 DE
2151 353 2503 418 JUSTITIA
2547 353 2648 416 ΕΤ
2689 355 2889 417 JURE

2586 534 2716 610 Ego
2746 531 3051 608 existimo,
3085 548 3202 592 nec
3229 530 3509 594 illicitam
3538 549 3678 593 esse
3699 532 4018 595 clausulam
4111 550 4112 557 ¹

2507 626 2670 686 hanc
2698 626 2760 685 in
2789 643 2984 686 censu
3012 625 3312 704 praedicto
3332 671 3348 702 ,
3401 644 3545 686 cum
3573 626 3744 688 bona
3784 627 3892 686 illa
3917 645 4019 688 11011
4053 665 4112 708 ῃ,

2506 718 2917 798 subjiciantur
2942 718 3154 779 censui
3179 738 3193 791 ;
3227 737 3342 779 nec
3373 719 3561 780 etiam
3589 720 3906 794 inutilem,
3935 726 4019 781 aul
4053 704 4113 813 ξ

2506 814 2885 891 superfluam
2918 830 2932 872 ε
2967 812 3113 890 quia
3134 811 3323 873 etiam
3345 830 3466 872 11011
3487 817 3799 891 pereunte
3823 831 3889 873 10
3907 831 4020 873 cen-
4077 827 4113 869 a

874 538 980 595 tur
1011 552 1199 614 super
1225 533 1402 595 bonis
1433 534 1752 611 011111111115,
1785 534 2198 614 praesentibus
2228 536 2291 593 et
2316 532 2406 592 fu-

875 626 1054 704 turiS,
1086 626 1289 706 majus
1332 626 1591 687 dubium
1621 645 1755 688 esse
1801 631 2048 705 posset,
2083 626 2232 706 quia
2257 630 2407 687 tunc

874 720 1125 781 videtur
1179 720 1440 798 obligari
1487 738 1775 800 persona.
1836 720 1960 782 Sed
2004 738 2225 781 revera
2280 737 2405 779 non

877 802 1137 891 apparet
1176 812 1386 872 adhuc
1424 813 1589 873 clare
1631 812 1849 874 vitium
1893 813 2298 873 intrinsecum
2339 812 2404 871 in

635 2502 712 2562 69

537 2628 650 2674 uon·
682 2629 763 2672 alia
780 2641 832 2673 1111

549 2684 830 2791 ἱιςξὲῗεὴὶοῗατί.

876 904 1189 983 emptione
1217 904 1358 965 talis
1386 924 1607 966 census
1631 952 1647 982 ,
1698 911 1760 967 et
1787 906 1928 966 ideo
1961 905 2138 966 Salas
2176 904 2283 966 ubi
2310 924 2405 964 su-

874 1016 988 1076 pra
1017 1016 1187 1058 num.
1232 1001 1328 1059 15.
1363 1003 1542 1059 caute
1574 998 1765 1075 dixit,
1800 1017 2051 1060 censum
2095 998 2272 1059 illum
2300 1015 2405 1077 pa-

873 1108 1014 1149 rum
1043 1089 1289 1151 differre
1319 1109 1356 1151 a
1383 1092 1716 1171 personali.
1751 1095 1962 1154 Potest
1989 1098 2203 1154 tamen
2232 1090 2406 1152 diffe-

873 1184 1076 1244 rentia
1104 1184 1313 1264 aliqua
1345 1185 1719 1263 excogitari3
1768 1186 1915 1265 quia
1957 1184 2407 1265 1101051νο11ᾶί-

875 1278 974 1337 tor
1002 1294 1126 1336 non
1154 1276 1429 1337 *vendere
1476 1278 1837 1340 immediate
1882 1279 2243 1358 pensiones,
2293 1296 2407 1339 nec

876 1369 1321 1447 obligationem
1361 1371 1439 1432 ad
1489 1371 1625 1432 illas
1652 1371 1986 1433 solvendas
2009 1419 2025 1449 ‚
2069 1372 2181 1433 sed
2212 1372 2408 1432 domi-

876 1461 1052 1520 nium
1080 1462 1280 1523 solum
1330 1463 1476 1523 utile
1506 1468 1568 1524 et
1595 1465 2051 1526 usumfructum
2079 1464 2408 1544 partialem

877 1553 1184 1615 bonorum
1215 1557 1586 1618 futurorum.
1624 1557 1797 1619 Sicut
1818 1577 1966 1636 ergo
1997 1561 2203 1637 potest
2221 1557 2409 1618 vendi

878 1666 977 1707 res
1002 1648 1209 1708 sutura
1237 1666 1376 1728 quae
1417 1653 1512 1709 est
1536 1650 1600 1709 in
1629 1669 1738 1729 spe
1762 1697 1778 1727 ‚
1825 1654 1895 1712 ut
1923 1655 2138 1729 partus
2166 1650 2408 1711 ancillae

878 1739 977 1801 vel
1008 1741 1156 1820 quid
1186 1741 1405 1819 simile,
1440 1746 1649 1821 posset
1667 1743 1856 1805 vendi
1870 1744 2218 1804 dominium
2234 1744 2404 1817 utile,

877 1837 941 1894 et
968 1835 1352 1896 ususfructus
1380 1835 1687 1896 bonorum
1718 1837 2091 1914 futurorum,
2115 1856 2256 1916 quae
2272 1837 2410 1916 quis

877 1926 1071 1987 habet
1097 1928 1158 1986 in
1187 1947 1331 2006 spe;
1367 1947 1560 2007 quare
1591 1930 1643 1989 si
1688 1929 1960 2009 pretium
1999 1929 2243 2009 justum
2285 1931 2411 1991 sol-

876 2024 1081 2095 vatur,
1117 2039 1239 2080 non
1270 2025 1535 2100 apparet
1561 2022 1727 2082 clare
1755 2041 1966 2099 usura,
2000 2023 2098 2084 vel
2129 2022 2301 2083 aliud
2323 2024 2411 2083 vi-

878 2112 1033 2172 tium
1055 2112 1462 2174 intrinsecum
1492 2115 1554 2173 in
1580 2133 1655 2175 00
1670 2114 1982 2194 emptione
2000 2137 2013 2177 :
2030 2121 2287 2195 propter
2307 2134 2410 2194 pe-

878 2205 1147 2265 riculum
1175 2211 1386 2268 tamen
1435 2226 1736 2286 magnum
1782 2208 2081 2286 palliandi
2126 2228 2404 2285 usuram,

879 2297 979 2357 vel
1031 2316 1286 2358 censum
1342 2300 1767 2378 personalem,
1826 2301 2045 2362 merito
2100 2301 2411 2380 ejusmodi

882 2389 1180 2469 obligatio
1210 2391 1524 2470 prohibita
1550 2393 1688 2456 fuit.

966 2486 1141 2545 Petes
1195 2489 1404 2545 tamen
1460 2486 1676 2563 tertio,
1736 2505 1814 2547 an
1860 2487 2030 2549 licita
2074 2487 2200 2549 sint
2245 2507 2410 2549 nunc

882 2575 1159 2637 clausula
1184 2579 1514 2656 generalis,
1550 2598 1675 2659 qua
1702 2585 1845 2659 post
1859 2579 2254 2658 designatam
2282 2600 2410 2641 cer-

879 2674 1011 2731 tam
1040 2689 1172 2730 rem
1198 2718 1213 2748 ,
1257 2671 1317 2730 in
1350 2691 1475 2751 qua
1521 2691 1745 2733 census
1788 2673 2204 2750 constituitur,
2256 2674 2413 2735 ohli-

878 2769 1108 2843 gantur
1165 2769 1394 2826 caetera
1438 2765 1607 2826 bona
1662 2766 2005 2827 venditoris
2050 2767 2406 2844 praesentia,

880 2856 977 2916 vel
1008 2857 1197 2918 etiam
1223 2858 1432 2917 futura
1469 2858 1549 2918 ad
1598 2859 1970 2920 solutionem
2008 2860 2405 2937 pensionum.

881 2950 1090 3028 Aliqui
1119 2954 1353 3028 negant
1378 2950 1444 3010 id
1474 2951 1680 3012 licere.
1716 2953 1808 3011 Ita
1827 2952 2081 3012 Pizzaro
2113 2953 2192 3013 ad
2214 2958 2414 3014 statu-

878 3046 1015 3103 tum
1046 3043 1522 3122 Guadalupense
1549 3090 1563 3120 ‚
1600 3063 1788 3123 quem
1819 3047 2000 3105 affert
2030 3046 2206 3107 Salas
2233 3064 2408 3106 num.

882 3138 978 3197 11.
1013 3136 1132 3197 Alii
1162 3135 1378 3198 dicunt
1399 3154 1537 3197 eam
1559 3137 1899 3198 clausulam
1922 3155 2044 3199 non
2066 3138 2408 3217 prohiberi,

866 3229 930 3288 ‘si
964 3247 1087 3288 non
1116 3230 1478 3291 intendatur
1506 3230 1799 3292 constitui
1829 3249 2051 3292 census
2068 3250 2258 3311 super
2276 3232 2412 3293 aliis

880 3322 1081 3399 bonis,
1116 3323 1225 3383 sed
1254 3324 1455 3383 solum
1484 3342 1672 3402 super
1700 3323 1885 3384 rebus
1916 3325 2100 3386 certis
2133 3325 2412 3388 nomina-

881 3415 960 3477 tis
993 3434 1007 3475 :
1042 3419 1266 3475 caetera
1293 3433 1442 3476 vero
1491 3416 1656 3477 bona
1699 3417 1901 3477 solum
1948 3418 2304 3497 obligentur
2332 3419 2411 3479 ad

882 3508 1282 3569 securitatem
1328 3509 1693 3586 solutionis,
1749 3510 1835 3570 ita
1858 3514 1927 3571 ut
1953 3529 2079 3571 non
2108 3517 2411 3589 pereunte

879 3618 949 3661 re
980 3600 1320 3677 nominata,
1351 3601 1452 3661 vel
1479 3601 1615 3679 ipsa
1644 3602 1843 3663 evicta
1863 3649 1878 3678 ,
1911 3603 2110 3681 possit
2139 3604 2413 3666 creditor

881 3694 961 3754 ab
990 3693 1123 3753 aliis
1153 3693 1341 3754 etiam
1370 3694 1551 3754 bonis
1593 3695 1842 3772 exigere
1891 3714 2073 3755 suum
2102 3697 2407 3773 debitum,

879 3787 1027 3866 quia
1072 3786 1494 3864 hypothecata
1542 3786 1795 3848 fuerunt
1838 3787 1919 3848 ad
1956 3790 2358 3850 securitatem
2394 3810 2406 3851 ε

876 3884 1180 3957 pereunte
1207 3882 1418 3939 tamen
1448 3898 1517 3939 re
1548 3880 1900 3957 nominata,
1935 3898 2061 3941 non
2107 3882 2305 3960 possit
2331 3882 2411 3943 ab

878 3971 1014 4031 aliis
1057 3971 1238 4032 bonis
1286 3972 1526 4051 aliquid
1576 3973 1828 4051 exigere
1864 3992 1877 4034 :
1914 3973 2032 4034 hoc
2079 3974 2248 4034 enim
2286 3993 2413 4036 non

880 4066 973 4123 est
999 4063 1375 4125 constituere
1404 4083 1660 4125 censum
1708 4066 1773 4125 in
1823 4066 1957 4126 aliis
1986 4066 2168 4127 bonis
2190 4113 2206 4143 ,
2241 4068 2411 4147 quod

879 4155 1080 4215 solum
1106 4155 1429 4234 prohibuit
1472 4158 1619 4217 Pius
1650 4160 1723 4218 V.
1759 4157 1868 4217 sed
1915 4158 2067 4218 dare
2109 4160 2411 4220 securita-

878 4253 1006 4308 tem
1035 4247 1338 4326 majorem
1356 4249 1437 4308 ad
1464 4248 1840 4309 solutionem
1864 4250 2080 4327 debiti,
2107 4252 2408 4330 quamdiu

877 4358 979 4400 res
1008 4340 1419 4401 determinate
1451 4341 1773 4402 nominata
1801 4359 1925 4402 non
1954 4343 2140 4422 perit,
2176 4345 2265 4404 ita
2295 4348 2411 4406 Fe-

877 4432 1141 4493 licianus
1166 4479 1181 4510 ,
1217 4434 1491 4510 salazar,
1528 4434 1837 4495 Matieuzo
1863 4482 1879 4512 ‚
1924 4440 1984 4497 et
2023 4436 2129 4496 alii
2173 4438 2404 4515 11111105,

878 4542 1036 4608 quos
1066 4526 1291 4599 refert,
1328 4530 1390 4587 et
1434 4528 1717 4605 sequitur
1771 4528 1947 4590 Salas
1999 4529 2136 4589 1000
2193 4530 2404 4606 citato,

877 4617 1103 4700 quibus
1133 4618 1293 4679 adde
1325 4620 1585 4681 Guttier.
1621 4637 1689 4681 11.
1724 4620 1794 4681 de
1813 4630 2008 4701 praet.
2034 4641 2133 4702 qu.
2170 4641 2231 4701 q.
2268 4625 2405 4686 177.

876 4729 1066 4791 quem
1093 4712 1376 4790 sequitur
1421 4713 1649 4774 Molina
1695 4714 1804 4774 ubi
1846 4733 2037 4793 supra
2067 4734 2173 4775 nu.
2207 4719 2266 4776 5.
2301 4716 2410 4794 qui

873 4807 1084 4864 tamen
1141 4804 1336 4880 addit,
1396 4807 1776 4885 superfluam
1835 4811 1897 4868 et
1943 4808 2224 4869 inutilem
2273 4808 2405 4868 fore

874 4897 1216 4957 clausulam
1254 4897 1421 4957 illam
1448 4945 1462 4972 ,
1516 4903 1577 4959 et
1622 4899 2045 4976 hypothecam
2083 4901 2148 4959 in
2186 4901 2405 4960 ordine

873 4989 953 5048 ad
985 4990 1315 5067 pensiones
1344 4990 1675 5050 solvendas
1710 5008 1725 5054 :
1759 4992 1906 5070 quia
1932 4993 2031 5052 vel
2060 5011 2159 5053 res
2191 4994 2402 5053 censui

850 5081 1153 5161 ‘subjecta
1181 5083 1386 5161 periit,
1420 5087 1482 5144 et
1510 5086 1659 5144 tunc
1686 5086 1904 5163 pensio
1923 5105 2047 5146 non
2072 5086 2406 5147 debebitur

873 5192 949 5233 ex
979 5175 1115 5234 aliis
1146 5175 1357 5252 bonis,
1390 5176 1490 5235 vel
1522 5194 1644 5236 non
1673 5177 1897 5256 periit,
1932 5181 1994 5240 et
2021 5182 2171 5239 tunc
2201 5198 2275 5239 ex
2299 5178 2405 5238 illa

873 5271 1167 5346 poterunt
1194 5269 1526 5346 pensiones
1557 5269 1823 5329 obtineri
1866 5271 2104 5350 absque
2131 5272 2255 5332 alia
2282 5272 2401 5350 hy-

871 5359 1161 5438 potheca,
1195 5362 1313 5421 nisi
1341 5362 1498 5422 forte
1527 5380 1627 5421 res
1656 5362 1760 5421 illa
1791 5363 1991 5424 evicta
2012 5363 2228 5438 fuerit;
2254 5367 2404 5425 tunc

852 5452 1042 5511 'enim
1066 5452 1377 5515 deserviet
1404 5454 1763 5532 hypotheca
1791 5456 1871 5516 ad
1899 5457 2403 5535 recuperandum

873 5543 1169 5605 interesse
1200 5564 1237 5605 a
1264 5546 1613 5612 venditore.

2507 906 2602 965 sui
2632 905 2934 984 subjecta,
2967 905 3282 966 deservire
3312 910 3520 984 potest
3545 905 3916 985 hypotheca
3939 907 4022 966 illa

2506 999 2589 1059 ad
2617 998 3016 1060 securitatem
3043 998 3360 1077 pensionis
3379 999 3735 1060 solvendae:
3762 999 4020 1078 quando,

2506 1112 2567 1154 v.
2601 1111 2663 1171 g.
2696 1110 2796 1153 res
2842 1092 2946 1151 illa
2991 1092 3205 1153 censui
3258 1092 3544 1171 subjecta
3597 1110 3729 1152 non
3786 1092 4026 1153 haberet

2508 1185 2745 1246 fructus
2800 1203 2874 1246 eo
2930 1202 3115 1261 ann0,
3177 1203 3299 1264 quo
3342 1204 3490 1246 casu
3530 1185 3745 1246 adhuc
3783 1185 4027 1246 debetur

2507 1278 2723 1357 pensio
2769 1296 2844 1338 ex
2889 1296 3118 1353 censu;
3165 1282 3227 1339 et
3264 1277 3538 1339 creditor
3579 1296 3712 1339 non
3745 1279 3886 1339 vult
3910 1297 4022 1338 rem

2510 1370 2678 1430 illam
2708 1370 2994 1448 distrahi,
3019 1390 3096 1431 ne
3121 1389 3343 1432 census
3374 1371 3787 1450 extinguatur
3819 1374 3922 1431 aut
3941 1371 4025 1430 110-

2507 1463 2861 1541 terioretur,
2895 1464 3005 1525 sed
3033 1464 3234 1525 solum
3255 1464 3503 1543 exigere
3524 1465 3906 1543 pensionem
3931 1463 4027 1523 1111·

2502 1555 2606 1635 jus
2634 1556 2820 1633 anni,
2869 1556 2948 1616 ad
2978 1556 3147 1636 quod
3177 1559 3385 1635 potest
3426 1575 3614 1635 agere
3655 1562 3888 1617 contra
3926 1556 4024 1616 0111

2505 1649 2672 1710 110110
2701 1649 3141 1727 hypothecata.
3176 1650 3333 1710 Item
3353 1650 3602 1729 quando
3622 1650 3882 1711 facilius
3906 1668 4026 1728 pos·

2509 1745 2648 1803 seut
2676 1742 2940 1803 distrahi
2965 1743 3133 1804 bona
3162 1742 3284 1801 alia
3312 1760 3502 1821 quam
3530 1743 3671 1821 ipsa
3701 1760 3810 1803 res
3841 1742 4024 1803 censui

2509 1833 2825 1913 subjecta,
2878 1834 3058 1914 cujus
3105 1836 3348 1895 nonita
3387 1834 3568 1895 facile
3613 1835 4028 1897 invenirentur

2509 1931 2825 2006 emptores
2849 1973 2864 2004 ,
2900 1931 2961 1989 et
2990 1926 3051 1987 in
3079 1927 3215 1988 aliis
3246 1927 3492 1987 casibus
3538 1928 3857 1988 similibus
3889 1945 3904 1990 ε
3933 1945 4024 2005 pro

2510 2022 2736 2099 quibus
2766 2020 2932 2083 utilis
2961 2024 3054 2082 est
3079 2020 3186 2081 illa
3232 2020 3512 2080 clausula
3556 2024 3620 2081 et
3645 2021 3861 2097 licita,
3900 2020 4026 2080 1111111

2507 2117 2716 2174 tamen
2747 2113 3018 2192 pretium
3045 2131 3270 2173 census
3291 2112 3532 2192 justum
3561 2113 3662 2190 sit,
3701 2114 3877 2192 quod
3911 2114 4028 2192 qui-

2508 2204 2651 2265 dem
2682 2210 2919 2267 attenta
2947 2205 3052 2266 illa
3070 2207 3294 2285 maJ‘ori
3312 2207 3673 2281 securitate,
3696 2205 4026 2267 debetcum

2504 2300 2908 2378 proportione
2938 2316 3240 2375 crescere,
3278 2301 3343 2360 nt
3364 2298 3606 2378 justum
3632 2298 3741 2359 sit.

2590 2394 2820 2463 Quarto
2848 2391 3273 2470 principaliter
3315 2392 3482 2451 circa
3523 2390 3693 2451 hanc
3739 2391 4024 2451 conditio-

2506 2503 2651 2545 nem
2703 2484 2890 2545 bullae
2944 2483 3266 2545 dubitatur
3285 2530 3301 2561 ,
3354 2502 3434 2544 an
3465 2483 3635 2564 quod
3681 2502 3790 2543 res
3833 2484 4026 2544 censui

2507 2577 2792 2656 subjecta
2819 2578 3141 2639 fructifera
3183 2577 3265 2638 sit
3293 2595 3369 2636 ex
3392 2583 3621 2637 natura
3648 2594 3772 2636 sua
3794 2623 3811 2652 ,
3843 2577 4030 2656 requi-

2505 2676 2679 2732 ratur
2707 2669 2896 2731 etiam
2925 2669 3002 2729 de
3025 2668 3168 2748 jure
3198 2669 3483 2731 naturae?
3509 2670 3773 2730 Certum
3809 2674 3921 2743 est,
3949 2688 4028 2728 rc-

2510 2764 2674 2843 quiri
2702 2782 2777 2823 ex
2804 2762 2864 2823 vi
2910 2762 3097 2823 bullae
3119 2809 3135 2835 ‚
3189 2766 3377 2841 atque
3425 2761 3566 2822 ideo
3603 2779 3736 2821 non
3763 2762 4026 2821 sufficere

2511 2855 2678 2936 quod
2708 2855 2788 2918 sit
2813 2874 2925 2935 per
2953 2855 3243 2915 accidens
3271 2854 3625 2930 fructifera,
3657 2859 3732 2916 ut
3760 2854 3811 2914 si
3838 2855 3916 2916 sit
3942 2874 4028 2933 110·

2511 2949 2697 3009 0111110
2722 2948 3129 3027 negotiationi
3159 2948 3474 3026 exposita;
3507 2946 3620 3007 sed
3646 2947 3883 3008 debere
3910 2965 4026 3007 0050

2511 3060 2586 3102 ex
2615 3044 2840 3103 natura
2867 3059 2979 3101 sua
3007 3040 3351 3117 fructifera,
3385 3045 3456 3102 ut
3483 3058 3628 3100 cum
3648 3040 3793 3100 aliis
3819 3040 4027 3101 fatetur

2512 3135 2689 3196 Salas
2720 3133 2885 3196 dicto
2935 3133 3083 3195 dub.
3119 3149 3229 3195 v11.
3266 3152 3375 3196 nu.
3408 3136 3468 3195 8.
3505 3133 3624 3207 Qui
3659 3138 3875 3194 tamen
3903 3150 4026 3193 cum

2512 3228 2647 3288 aliis
2676 3228 2886 3289 multis
2912 3272 2927 3303 ,
2976 3246 3132 3306 quos
3158 3226 3343 3288 affert
3385 3245 3559 3288 num.
3591 3231 3651 3288 6.
3688 3233 3754 3289 et
3777 3233 3836 3287 Ἴ.
3869 3227 4023 3300 dicit,

2510 3322 2675 3382 hanc
2702 3321 3127 3382 conditionem
3154 3339 3281 3381 non
3308 3320 3544 3400 requiri
3576 3320 3655 3380 de
3696 3320 3838 3400 jure
3867 3326 4029 3380 natu-

2510 3433 2635 3488 rae3
2670 3414 2819 3494 quia
2847 3417 3205 3493 supponunt
3231 3412 3474 3475 licitum
3505 3431 3642 3473 esse
3669 3412 3754 3472 de
3773 3413 3914 3493 jure
3933 3431 4027 3471 na-

2507 3512 2665 3570 turae
2695 3524 2951 3568 censum
2979 3506 3396 3584 personalem,
3429 3510 3495 3566 et
3519 3524 3635 3583 per
3657 3523 4027 3584 consequens

2507 3620 2690 3681 posse
2725 3617 2857 3660 rem
2904 3599 3076 3660 illam
3114 3599 3573 3660 infructiferam
3637 3598 3903 3676 obligari
3959 3598 4026 3658 ad

2509 3694 2884 3755 solutionem
2928 3691 3246 3771 pensionis
3276 3691 3508 3753 debitae
3536 3709 3576 3753 0
3606 3709 3870 3770 persona
3897 3709 4029 3751 ven-

2511 3787 2749 3848 ditoriS.

2589 3877 2916 3941 Contraria
2941 3882 3153 3940 tamen
3207 3878 3521 3940 sententia
3563 3879 3744 3940 nobis
3794 3878 4024 3958 ample·

2510 3972 2738 4034 ctenda
2764 3974 2859 4032 est
2878 3970 3058 4050 juxta
3085 3975 3299 4033 nostra
3326 3971 3675 4051 principia;
3708 3990 3896 4052 quam
3924 3971 4025 4030 do·

2509 4069 2655 4127 cent
2697 4066 2983 4125 Emman.
3034 4063 3106 4128 de
3150 4063 3441 4139 censibus,
3492 4064 3844 4126 conditione
3875 4081 3943 4126 11.
3971 4063 4027 4122 in

2508 4157 2774 4238 princip.
2806 4157 2987 4218 Joan.
3020 4156 3293 4233 Medina,
3330 4159 3515 4236 Greg.
3548 4159 3782 4235 Lopez,
3813 4156 4029 4219 Valen-

2508 4251 2616 4326 tia,
2651 4253 2985 4323 NavarruS,
3020 4254 3082 4312 et
3111 4249 3479 4324 Philiarcus,
3506 4268 3664 4329 quos
3678 4252 3855 4310 affert
3873 4249 4027 4309 idem

2511 4343 2686 4404 Salas
2715 4361 2822 4403 nu.
2856 4346 2914 4403 5.
2947 4342 3178 4403 Molina
3207 4342 3367 4420 disp.
3399 4344 3544 4404 389.
3592 4362 3696 4404 nu.
3727 4347 3788 4403 4.
3817 4341 4022 4402 etalii.

2509 4436 2688 4496 Ratio
2719 4439 2928 4497 autem
2960 4439 3090 4511 est,
3125 4435 3271 4514 quia
3300 4436 3351 4495 si
3389 4454 3491 4496 res
3521 4436 3735 4497 censui
3761 4435 4028 4514 subjecta

2510 4547 2634 4588 non
2665 4532 2830 4590 esset
2856 4528 3214 4603 fructifera,
3250 4528 3530 4589 venditio
3562 4528 3796 4590 directa
3820 4533 3883 4588 et
3909 4528 4028 4606 pri-

2508 4621 2704 4680 maria
2734 4624 2897 4681 esset
2924 4620 3091 4697 ficta,
3125 4638 3267 4681 cum
3300 4626 3619 4682 emeretur
3646 4621 4024 4682 ususfructus

2508 4714 2598 4774 rei
2627 4714 2863 4774 nullum
2893 4713 3180 4775 habentis
3208 4714 3502 4789 fructum,
3529 4719 3714 4792 atque
3737 4713 3872 4773 ideo
3895 4730 4027 4771 0011-

2508 4826 2612 4866 5115
2642 4810 2926 4869 maneret
2951 4806 3318 4885 personalis,
3355 4825 3544 4885 quem
3575 4807 3653 4866 110
3690 4808 3827 4884 jure
3859 4813 4026 4865 natu·

2509 4918 2592 4958 1·ae
2648 4899 2930 4960 illicitum
2978 4917 3112 4958 esse
3163 4917 3354 4978 supra
3398 4899 3800 4960 ostendimus.
3831 4899 4025 4968 Quare

2507 5009 2630 5049 non
2661 4991 2861 5051 solum
2909 5010 3007 5051 res
3055 4991 3242 5051 debet
3288 5010 3423 5050 esse
3452 4991 3800 5065 fructifera,
3829 4990 3943 5049 sed
3967 4991 4024 5049 in

2507 5102 2581 5142 ea
2612 5083 2957 5162 quantitate
2989 5084 3226 5144 fructus
3256 5082 3490 5142 habere
3521 5083 3738 5155 debet,
3771 5088 3832 5143 ut
3863 5082 4026 5141 adae-

2507 5194 2699 5254 quare
2749 5177 2991 5255 possint
3035 5177 3400 5254 pensionem
3446 5175 3806 5235 solvendam
3832 5174 4024 5233 dedu-

2506 5269 2619 5329 ctis
2650 5269 2937 5347 expensis
2972 5288 2985 5329 :
3019 5268 3293 5347 alioquin
3328 5268 3535 5346 quoad
3565 5268 3866 5328 defectum
3897 5284 4017 5326 0111·

2493 5362 2632 5440 Δ11110
2665 5366 2828 5422 esset
2855 5361 3022 5437 ficta,
3056 5365 3117 5421 et
3144 5379 3367 5420 census
3394 5361 3732 5440 personalis
3754 5406 3770 5434 ‚
3807 5364 3878 5419 ut
3903 5377 4012 5418 no-

2502 5454 2658 5516 tavit
2685 5454 2854 5514 idem
2880 5454 3266 5518 Molinaloco
3298 5454 3511 5515 citato.

2584 5548 2742 5609 Hinc
2766 5552 2978 5611 tamen
3016 5546 3335 5610 dubitatur
3378 5547 3636 5626 quinto,
3681 5564 3755 5606 au
3794 5543 4006 5623 pensio
