4263 6376
1240 372 1707 433 DISPUTATIO
1752 373 1967 451 xxw,
2017 375 2290 435 SECTIO
2337 374 2493 435 vul.

276 545 669 607 incarcerato
698 546 867 607 filius
892 546 1204 608 masculus
1232 546 1312 608 ab
1342 565 1414 607 eo
1437 550 1716 624 rogatuS,
1750 550 1813 608 et

276 638 544 699 idoneus
576 639 778 700 noluit
805 658 918 719 pro
945 657 1019 700 eo
1048 639 1394 719 fidejubere
1424 643 1495 700 ut
1518 638 1814 699 liberare-

276 733 396 790 tur.
447 729 511 790 si
545 737 846 809 parentes
885 731 1097 793 testari
1128 731 1539 811 prohibuerIt.
1591 732 1656 793 Si
1699 750 1810 810 pa-

277 823 469 882 rentis
526 829 740 883 mente
795 823 961 901 capti
1017 841 1233 883 curam
1291 841 1416 884 non
1462 823 1817 884 habuerunt

276 914 455 974 liberi
487 919 635 993 post
664 914 983 976 decimum
1013 920 1305 976 octavum
1332 934 1568 976 annum
1588 962 1603 992 ,
1636 916 1734 976 vel
1764 915 1817 975 si

278 1024 417 1067 eum
448 1007 775 1085 captivum
798 1025 920 1067 non
946 1012 1246 1069 curarunt
1274 1008 1604 1083 redimere,
1638 1011 1816 1086 pote-

276 1103 421 1159 runt
449 1116 488 1157 a
518 1106 783 1176 parente
812 1099 909 1160 sui
944 1105 1232 1180 compote
1263 1100 1426 1184 facto
1451 1146 1467 1176 ,
1520 1100 1617 1159 vel
1646 1117 1685 1160 a
1712 1116 1817 1159 ca-

276 1190 566 1269 ptivitate
599 1191 906 1252 redeunte
936 1192 1345 1252 exhaeredari.
1381 1192 1443 1253 Si
1477 1197 1694 1253 contra
1712 1209 1818 1268 pa-

277 1288 527 1344 rentum
586 1283 981 1345 voluntatem
1036 1285 1200 1345 filius
1253 1284 1416 1345 inter
1472 1284 1812 1358 arenarios,

276 1375 374 1435 vel
398 1375 636 1435 mimos
664 1376 866 1455 pret10
912 1395 1049 1436 sese
1078 1377 1450 1453 sociaverit,
1503 1381 1565 1437 et
1604 1377 1668 1435 in
1698 1375 1815 1435 hac

278 1467 671 1546 professione
704 1469 1137 1547 permanserit,
1171 1469 1288 1529 nisi
1318 1469 1572 1548 quando
1593 1486 1819 1546 paren-

277 1563 369 1620 tes
399 1565 619 1620 essent
651 1559 933 1639 ejusdem
961 1561 1380 1639 professionis·
1429 1562 1494 1623 Si
1524 1560 1683 1636 filia,
1718 1559 1819 1619 vel

281 1652 504 1729 neptis,
539 1651 646 1712 cui
678 1657 971 1731 parentes
1000 1653 1294 1714 maritum
1325 1657 1390 1714 et
1416 1652 1627 1714 dotem
1656 1670 1822 1713 com·

279 1747 603 1822 petentem
646 1744 799 1805 dare
827 1744 1164 1821 volebant,
1201 1745 1461 1823 elegerit
1488 1744 1694 1823 potius
1722 1744 1821 1804 lu-

277 1836 603 1896 xuriosam
632 1836 861 1915 degere
890 1837 1119 1913 vitam,
1171 1836 1289 1896 nisi
1332 1836 1395 1896 id
1435 1836 1689 1913 fecerit,
1743 1853 1815 1896 eo

281 1928 448 2007 quod
493 1947 702 2008 usque
750 1929 827 1989 ad
878 1929 1247 1989 vicesimum
1291 1928 1578 2008 quintum
1621 1927 1819 1989 aetatis

282 2038 513 2080 annum
537 2026 836 2098 parentes
856 2021 915 2080 ei
939 2019 1295 2081 distulerint
1321 2020 1589 2099 nuptia-⁶3.
1622 2021 1821 2081 Mater

278 2116 489 2174 tamen
522 2132 654 2173 non
686 2114 916 2191 poterit
944 2113 1061 2172 bac
1091 2113 1169 2173 de
1193 2131 1383 2174 causa
1414 2112 1819 2173 exhaeredare

282 2205 473 2266 filiam
493 2252 508 2282 ,
564 2206 822 2286 quando
852 2210 1056 2266 mater
1090 2206 1277 2267 etiam
1308 2205 1622 2265 luxuriose
1650 2205 1821 2265 vive-

282 2297 390 2358 bat
420 2316 434 2362 :
467 2303 657 2376 pater
685 2316 834 2359 vero
865 2298 1126 2376 poterit,
1175 2298 1320 2359 licet
1347 2297 1478 2375 ipse
1506 2296 1819 2357 luxuriose

283 2391 542 2451 viveret.
576 2392 754 2463 vItem
783 2390 833 2450 si
870 2390 1081 2451 invitis
1110 2390 1475 2468 parentibus
1502 2388 1819 2467 mancipio

283 2483 515 2560 nupsit,
581 2499 723 2561 quae
782 2482 989 2543 omnia
1037 2486 1323 2544 constant
1370 2501 1442 2541 ex
1491 2481 1662 2543 dicto
1695 2485 1816 2542 Au-

282 2576 562 2637 thentico
584 2622 601 2651 ,
648 2578 716 2636 ut
744 2592 887 2636 cum
926 2574 1004 2635 de
1034 2574 1456 2654 appellatione
1489 2574 1823 2652 cognosci-

285 2673 403 2730 tur.

365 2761 427 2823 Si
458 2779 695 2839 parens
742 2761 842 2822 vel
887 2759 1038 2840 quia
1082 2760 1395 2839 ignoravit
1421 2778 1679 2835 causa5‚
1724 2758 1824 2820 vel

288 2855 434 2934 quia
462 2859 717 2934 tempus
742 2872 867 2914 non
895 2852 1122 2914 habuit
1149 2852 1462 2913 condendi
1490 2857 1824 2913 testamen-

287 2951 417 3008 tum
443 2993 460 3023 ,
511 2947 751 3008 liberos
791 2964 913 3006 non
946 2945 1403 3021 exhaeredavit,
1453 2945 1651 3006 haeres
1700 2964 1825 3006 non

288 3044 492 3119 potest
516 3058 840 3119 opponere
863 3057 1118 3099 causam
1138 3039 1329 3113 illam,
1355 3042 1424 3099 ut
1444 3037 1825 3099 exhaeredati

291 3136 704 3209 censeantur,
737 3132 837 3193 vel
868 3134 938 3192 ut
965 3131 1046 3191 ab
1075 3130 1196 3207 eis,
1231 3134 1533 3210 tanquam
1561 3130 1641 3191 ab
1668 3130 1825 3192 indi-

291 3228 428 3306 gnis
457 3226 799 3287 haereditas
827 3224 1177 3301 auferatur,
1212 3229 1280 3285 ut
1305 3242 1449 3284 cum
1478 3224 1615 3285 aliis
1643 3225 1829 3287 docet

290 3319 521 3381 Molina
565 3319 728 3397 disp.
776 3334 1015 3379 cuxvl.
1078 3318 1133 3395 ἓ.
1167 3316 1423 3377 Dubium
1449 3326 1551 3389 est,
1610 3322 1828 3378 contra

292 3412 466 3488 alioS,
502 3429 664 3491 quos
692 3410 886 3470 refert
912 3412 1196 3489 Vasquez
1224 3428 1360 3488 cap.
1398 3426 1481 3470 xv,
1516 3428 1686 3470 num.
1722 3413 1820 3471 58.

293 3507 387 3566 An
414 3522 571 3564 vero
601 3503 739 3564 aliae
770 3521 974 3563 causae
1004 3519 1181 3580 aeque
1210 3518 1437 3579 graves
1466 3502 1565 3562 vel
1583 3502 1828 3580 gravio-

293 3616 426 3673 res,
487 3595 604 3657 sed
647 3596 713 3655 in
741 3595 847 3655 illo
890 3593 1266 3655 Anthentico
1316 3612 1440 3654 non
1488 3599 1822 3669 contentae,

294 3690 610 3751 sufficiant
637 3687 718 3747 ad
748 3685 1280 3747 exhaeredandum
1322 3686 1520 3745 filium
1543 3733 1558 3763 ,
1605 3691 1830 3749 tractat

294 3781 415 3842 late
461 3782 574 3842 ibi.
631 3782 710 3841 Et
763 3779 1114 3841 communis
1166 3778 1475 3840 sententia
1530 3779 1824 3856 affirmat,

296 3892 484 3953 quam
513 3872 800 3952 sequitur
817 3873 1102 3950 vasquez
1131 3889 1269 3948 cap.
1298 3872 1403 3932 vl.
1437 3871 1492 3948 ἓ.
1521 3887 1614 3933 111.
1651 3890 1824 3933 num.

296 3970 393 4028 6⁴.
426 3966 541 4027 sed
571 3964 805 4025 Molina
832 3981 975 4023 cum
1007 3961 1341 4038 Hostiensi,
1374 3963 1728 4024 Alexandro
1767 3968 1832 4026 et

299 4060 399 4119 alii
426 4061 685 4135 negant,
721 4056 873 4135 quia
900 4054 964 4115 in
994 4072 1069 4113 ea
1096 4054 1235 4133 lege
1268 4072 1484 4115 omnes
1515 4056 1653 4117 aliae
1684 4076 1829 4117 cau-

299 4170 381 4213 sae
410 4149 832 4211 excluduntur
866 4167 879 4207 :
917 4164 1109 4226 quare
1139 4146 1290 4206 mihi
1323 4147 1511 4208 etiam
1535 4148 1669 4210 haec
1684 4169 1831 4229 pars

300 4243 505 4304 verior
532 4240 803 4315 videtur,
837 4256 1028 4318 quam
1048 4238 1260 4299 multis
1291 4241 1677 4317 argumentis
1706 4243 1829 4304 late

301 4336 384 4397 ibi
413 4334 662 4415 probat.

379 4427 712 4488 Dubitatur
738 4422 976 4503 primo,
1026 4441 1106 4483 an
1147 4422 1199 4482 si
1235 4427 1377 4501 post
1413 4424 1662 4502 culpam
1691 4427 1823 4504 filii,

303 4525 482 4599 pater
509 4536 655 4578 eum
697 4517 813 4577 sibi
855 4516 1315 4592 reconciliavit,
1367 4517 1575 4591 valeat
1622 4518 1828 4581 adhuc

303 4609 760 4672 exhaeredatio!
794 4608 1311 4686 Distinguendum
1337 4614 1451 4685 est,
1486 4610 1534 4668 si
1556 4612 1826 4671 reconci-

299 4704 468 4765 liatio
501 4701 819 4781 proecessit
865 4699 1433 4760 exhaeredationem
1458 4747 1473 4777 ,
1525 4701 1659 4763 haec
1701 4722 1826 4764 non

302 4796 498 4870 valet,
546 4794 692 4874 quia
734 4792 868 4871 jam
904 4810 1197 4871 expresse
1238 4793 1335 4852 vel
1377 4793 1563 4853 tacite
1598 4795 1828 4875 injuria

302 4888 560 4947 remissa
589 4890 683 4946 est
732 4905 745 4946 ε
796 4885 849 4945 si
889 4902 1038 4945 vero
1081 4884 1499 4946 reconciliatio
1542 4888 1826 4966 sequitur

302 4979 903 5052 exhaeredationem,
936 4975 1073 5037 hoec
1102 4977 1289 5037 etiam
1318 4977 1489 5039 irrita
1514 4980 1817 5057 redditur,

304 5072 353 5131 si
383 5075 559 5148 pater
589 5086 880 5147 expresse
912 5067 1204 5148 injuriam
1250 5069 1507 5131 remisit.
1560 5072 1625 5132 Si
1670 5092 1820 5135 vcro

301 5164 500 5224 solum
529 5162 741 5237 tacite,
775 5164 1083 5240 quatenus
1109 5161 1303 5221 filium
1325 5161 1441 5221 sibi
1461 5165 1821 5226 reconcilia-

301 5256 388 5317 vit
418 5276 431 5315 ε
466 5254 659 5335 aliqui
689 5258 923 5333 negant
958 5253 1527 5315 exhaeredationem
1557 5256 1817 5319 aboleri.

299 5348 417 5408 Alii
444 5348 782 5422 affirmant,
814 5365 954 5424 quae
977 5364 1122 5425 pars
1150 5347 1357 5407 verior
1375 5347 1642 5421 videtur,
1677 5350 1824 5428 quia

301 5441 471 5502 taciti
515 5444 579 5501 et
622 5438 898 5517 expressi
942 5438 1149 5517 quoad
1180 5438 1298 5499 hoc
1327 5440 1547 5500 eadem
1577 5440 1824 5503 videtur

304 5550 435 5593 esse
461 5532 620 5594 ratio
645 5577 662 5609 ,
707 5548 897 5610 quam
926 5531 1298 5593 sententiam
1327 5532 1609 5610 sequitur
1634 5534 1822 5596 etiam

3332 364 3446 424 107

1912 549 2104 628 Vasq.
2140 549 2306 611 dicto
2341 551 2397 628 ἓ.
2432 551 2536 613 111.
2581 547 2710 608 dub
2741 563 2802 607 ν.
2848 548 2910 606 et
2935 541 3082 604 Mol.
3119 539 3288 601 dicta
3315 535 3442 597 dis-

1912 640 2071 720 disp.
2108 657 2348 703 chxv1.
2381 644 2437 721 ς.
2476 642 2623 703 Tota
2651 635 3040 700 controversia
3065 642 3170 695 est.

1991 732 2325 794 Dubitatur
2353 732 2648 804 secunde,
2683 749 2762 792 an
2785 725 3150 809 poenitentia
3170 722 3278 784 filii
3300 724 3443 801 post

1913 824 2162 903 culpam
2192 830 2404 886 secuta
2451 829 2596 886 ante
2641 829 2908 884 mortem
2953 818 3147 900 patris
3174 814 3443 877 sufficiat

1914 916 1991 976 ad
2023 917 2403 978 abolendam
2447 934 2700 978 causam
2750 909 3305 984 exhaeredationiS,
3356 907 3443 967 ita

1916 1014 1986 1070 ut
2015 1015 2235 1088 postea
2264 1015 2479 1071 contra
2506 1008 2640 1088 ejus
2675 1008 2953 1068 valorem
2979 1020 3166 1083 agere
3195 998 3445 1080 possit?

1916 1102 2255 1163 Affirmant
2283 1102 2469 1182 aliqui
2502 1101 2665 1180 apud
2697 1103 2981 1179 Vasquez
3006 1143 3021 1172 ,
3056 1099 3118 1155 et
3147 1091 3442 1155 Molinam

1915 1192 2073 1254 locis
2103 1194 2307 1254 citatis
2341 1214 2354 1254 ε
2398 1193 2511 1271 ipsi
2540 1199 2751 1255 tamen
2782 1209 2925 1251 cum
2960 1187 3170 1249 multis
3214 1184 3351 1246 aliis
3381 1182 3444 1243 id

1915 1286 2141 1347 merito
2173 1291 2444 1363 negant,
2495 1285 2643 1364 quia
2669 1285 2816 1346 licet
2841 1280 3207 1363 poenitentia
3236 1274 3445 1357 quoad

1912 1380 2117 1439 Deum
2147 1378 2355 1438 deleat
2380 1378 2628 1455 culpam
2664 1397 2676 1437 :
2729 1373 2939 1455 quoad
2986 1373 3190 1433 forum
3230 1375 3445 1431 tamen

1916 1469 2262 1531 humanum
2293 1488 2417 1531 non
2472 1470 2681 1530 reddit
2706 1468 3174 1546 delinquentem
3222 1461 3447 1521 immu-

1916 1580 2059 1622 nem
2092 1581 2131 1622 a
2160 1581 2350 1641 poena
2378 1561 2589 1622 debita
2613 1608 2628 1638 ,
2687 1560 2797 1621 sed
2829 1560 3035 1638 potest
3061 1556 3197 1616 haec
3225 1552 3445 1614 merito

1917 1654 1996 1714 ab
2027 1673 2100 1714 eo
2153 1654 2315 1733 exigi
2359 1655 2438 1715 ob
2483 1654 2780 1715 delictum
2809 1649 3219 1731 praeteritum.
3273 1646 3450 1707 Sicut

1917 1765 2066 1825 ergo
2090 1746 2317 1825 judex,
2364 1747 2450 1807 ita
2496 1751 2558 1808 et
2615 1751 2791 1824 pater
2830 1746 3088 1823 propter
3141 1739 3444 1800 delictum

1917 1839 2303 1918 praeteritum
2333 1842 2540 1917 potest
2584 1836 3086 1899 exhaeredatione
3125 1831 3296 1911 juste
3325 1848 3442 1909 pu·

1917 1932 2050 1991 nire
2076 1932 2274 1992 filium
2298 1979 2313 2009 ,
2349 1950 2472 1992 non
2503 1931 2789 1992 obstante
2818 1925 3185 2009 poenitentia
3231 1920 3448 1982 subse·

1916 2027 2061 2084 cuia
2092 2044 2105 2083 :
2141 2042 2266 2084 non
2294 2024 2669 2102 enim-punit
2693 2025 2950 2102 propter
2969 2015 3448 2080 obstinationem

1915 2120 2312 2194 praesentem,
2349 2116 2454 2176 sed
2483 2119 2741 2195 propter
2767 2114 3014 2192 culpam
3034 2107 3442 2190 praeteritam,

1917 2226 2106 2287 quam
2135 2227 2248 2287 pro
2280 2227 2470 2269 causa
2499 2207 2776 2269 adducit.

1997 2300 2333 2362 Dubitatur
2361 2300 2574 2376 tertio,
2629 2318 2711 2360 an
2752 2297 2803 2359 si
2830 2297 2995 2358 filius
3024 2296 3168 2374 post
3193 2291 3445 2369 culpam

1915 2390 2086 2452 illam
2114 2391 2483 2470 religionem
2513 2392 2899 2469 profiteatur,
2932 2389 3262 2450 censeatur
3292 2382 3448 2442 abo-
3529 2416 3570 2459 ,ᾗ

1914 2481 2026 2544 lita
2055 2502 2243 2544 causa
2273 2482 2792 2544 exhaeredationis
2809 2482 2839 2542 ⁴?
2866 2483 2953 2541 De
2967 2479 3110 2559 jure
3130 2472 3448 2539 communi

1918 2578 2175 2655 antiquo
2205 2576 2268 2635 id
2289 2580 2456 2636 certe
2479 2593 2602 2635 non
2623 2574 2959 2648 sufficeret,
2989 2574 3244 2651 propter
3263 2566 3450 2628 ratio·
3572 2589 3595 2619 c

1920 2687 2063 2729 nem
2093 2666 2374 2746 proxime
2401 2666 2740 2727 adductam
2761 2711 2776 2742 ,
2811 2671 2873 2726 et
2897 2664 3038 2724 ideo
3067 2663 3132 2723 id
3162 2660 3448 2722 sulficere

1922 2766 2157 2840 negant
2183 2760 2491 2834 Alciatus,
2538 2757 2767 2834 etalii,
2818 2775 2975 2836 quos
3019 2755 3302 2834 sequitur
3332 2754 3447 2814 Go-

1919 2852 2246 2915 varruvias
2293 2850 2461 2928 apud
2507 2852 2793 2929 vasquez
2835 2849 2920 2910 ibi
2968 2847 3167 2909 dubit.
3203 2861 3290 2906 vl.
3342 2841 3450 2922 qui

1922 2945 2211 3006 eamdem
2241 2943 2616 3004 sententiam
2646 2941 2998 3021 approbare
3025 2939 3296 3001 videtur.
3329 2933 3451 2997 Alii

1920 3043 2134 3102 tamen
2164 3036 2548 3097 contrarium
2578 3034 2819 3110 dicunt,
2852 3039 3111 3113 propter
3139 3028 3450 3091 novellam

1923 3129 2266 3212 quamdam
2295 3126 2844 3203 constitutionem,
2894 3143 3035 3205 quae
3082 3143 3156 3184 ex
3204 3119 3455 3183 novella

1924 3240 2114 3287 cxx111
2143 3224 2405 3283 affertur
2437 3240 2478 3281 a
2525 3220 2818 3282 Gratiano
2865 3220 2928 3279 in
2964 3219 3257 3289 Decreto,
3307 3231 3447 3292 cap.

1923 3319 2033 3380 ult.
2070 3319 2230 3378 XIX.
2266 3334 2371 3394 qu.
2407 3331 2501 3374 111.
2535 3313 2631 3373 his
2659 3311 2888 3372 verbiS.
2923 3333 2951 3368 «
2981 3314 3116 3372 Non
3143 3309 3328 3370 liceat
3348 3323 3455 3384 pa·
3541 3310 3548 3313 *

1922 3410 2206 3471 rentibus
2235 3408 2484 3483 liberos,
2516 3406 2616 3467 vel
2643 3405 2856 3467 liberis
2885 3406 3180 3483 parentes
3206 3400 3287 3462 ab
3318 3400 3451 3459 hae-

1922 3502 2186 3564 reditate
2216 3500 2516 3579 repellere
2545 3488 2889 3558 monachos
2914 3497 3135 3572 factoS,
3169 3491 3455 3573 quamvis

1924 3595 2075 3656 dum
2103 3593 2243 3653 laici
2277 3593 2523 3654 fuerant
2543 3636 2559 3667 ,
2609 3591 2672 3650 in
2704 3608 2960 3651 causam
2986 3584 3454 3666 ingratitudinis

1923 3686 2278 3749 inciderint.
2311 3707 2340 3743 ι)
2398 3684 2575 3758 Quod
2605 3683 2854 3745 videtur
2897 3682 2958 3742 in
3001 3681 3281 3743 favorem
3308 3676 3453 3738 reli·

1924 3781 2083 3859 giosi
2113 3783 2310 3840 status
2339 3795 2725 3838 concessum.
2757 3778 2836 3836 Et
2861 3775 3001 3835 ideo
3029 3772 3259 3834 Molina
3288 3769 3456 3831 dicta

1926 3874 2085 3950 disp.
2120 3887 2361 3933 cmxv.
2395 3871 2450 3948 ς.
2484 3870 2594 3929 ult.
2629 3868 2797 3929 idem
2826 3864 3244 3944 amplectitur,
3276 3865 3339 3923 et
3366 3860 3456 3921 di-

1927 3966 2011 4028 cit
2040 3962 2428 4024 exhaeredari
2477 3980 2601 4022 non
2632 3978 2814 4039 posse
2842 3958 3035 4019 filiam
3058 4002 3074 4032 ,
3125 3973 3267 4034 quae
3313 3958 3457 4032 post

1926 4056 2398 4118 matrimonium
2443 4057 2627 4131 turpe
2674 4056 2819 4112 ante
2866 4049 3153 4129 copulam
3205 4046 3456 4125 religio-

1927 4169 2071 4210 nem
2105 4148 2386 4227 professa
2413 4150 2527 4207 est.
2581 4145 2738 4217 Quia
2784 4144 2929 4204 licet
2964 4140 3321 4203 constitutio
3350 4138 3458 4199 illa

1926 4244 1991 4304 in
2020 4259 2282 4319 corpore
2311 4239 2464 4319 juris
2511 4238 2710 4299 civilis
2739 4255 2864 4298 non
2893 4235 3242 4316 reperiatur
3263 4279 3280 4309 ,
3330 4250 3456 4293 non

1924 4340 2139 4398 tamen
2170 4333 2466 4413 praesumi
2495 4337 2700 4410 potest
2742 4330 3011 4391 conficta
3053 4347 3093 4388 a
3136 4326 3451 4400 Gratiana,

1926 4430 2060 4489 viro
2109 4425 2468 4488 doctissimo
2520 4425 2766 4486 Decreti
2811 4422 3217 4502 compilatore
3252 4439 3266 4481 ε
3328 4418 3453 4477 imo

1918 4523 2052 4601 jam
2083 4519 2168 4580 ibi
2197 4519 2446 4579 videtur
2474 4518 2706 4578 inserta
2734 4516 2797 4575 in
2818 4533 3079 4593 corpore
3091 4513 3251 4593 juris
3270 4529 3454 4573 cano-

1925 4615 2070 4674 nici.
2124 4612 2250 4674 Sed
2292 4614 2360 4670 ut
2388 4627 2606 4669 verum
2647 4609 2886 4683 fatear,
2937 4606 3143 4666 adhuc
3189 4605 3455 4665 multum

1926 4706 2144 4766 dubito
2178 4703 2254 4763 de
2285 4703 2451 4762 illius
2482 4700 2743 4763 novellae
2767 4699 3156 4761 auctoritate.

2005 4797 2341 4859 Dubitatur
2369 4798 2592 4874 quarto
2613 4840 2630 4867 ,
2691 4798 2899 4853 utrum
2947 4810 3093 4871 pars
3119 4791 3260 4865 illa,
3311 4807 3452 4867 quae

1924 4890 2135 4952 danda
2165 4889 2383 4950 fuisset
2430 4888 2557 4947 filio
2607 4886 3041 4956 exhaeredatO,
3093 4899 3451 4943 accrescere

1922 4983 2150 5044 debeat
2177 4981 2312 5041 aliis
2340 4979 2503 5055 filiis,
2538 4999 2595 5040 v.
2616 4998 2711 5057 gr.
2745 4982 2923 5056 pater
2952 4975 3226 5036 habebat
3254 4994 3356 5034 sex
3383 4974 3448 5034 fi-

1920 5076 2059 5151 lios,
2091 5074 2316 5154 quibus
2337 5072 2516 5151 juxta
2566 5071 2914 5131 doctrinam
2945 5087 3135 5148 supra
3158 5067 3452 5128 traditam

1922 5170 2000 5229 de
2022 5167 2165 5247 jure
2185 5166 2502 5227 communi
2531 5163 2876 5225 debebatur
2897 5161 3155 5221 dimidia
3175 5178 3318 5238 pars
3344 5160 3452 5219 bo-

1922 5278 2169 5336 norum,
2226 5264 2404 5337 pater
2452 5258 2730 5336 legitime
2784 5253 3206 5315 exhaeredavit
3240 5253 3400 5314 duos
3434 5272 3448 5315 ε

1926 5354 2227 5432 quaeritur
2273 5371 2350 5412 an
2398 5350 2535 5412 aliis
2568 5353 2838 5429 quatuor
2865 5347 3075 5407 danda
3101 5347 3183 5408 sit
3207 5346 3453 5424 integra

1925 5446 2210 5521 dimidia,
2243 5463 2323 5505 an
2353 5444 2557 5505 solum
2588 5442 2772 5504 tertia
2798 5459 2982 5520 pars,
3015 5439 3163 5518 quia
3191 5437 3450 5500 extanti·

1921 5536 2041 5599 bus
2066 5538 2215 5599 solis
2244 5544 2514 5617 quatuor
2539 5535 2682 5597 filiis
2720 5552 2844 5596 non
2872 5533 3136 5596 debetur
3163 5531 3444 5619 dim'dia,

3592 729 3706 788 108

3491 853 3610 906 Quid,
3626 853 3662 896 oi
3680 853 3789 896 miu-

3491 907 3773 963 poenilenliam
3837 943 3841 950 .

3560 960 3716 1003 hahuit.

3604 4801 3719 4859 ΠΟ

3527 4926 3668 4971 Pon-tio
3696 4925 3768 4967 lilii

3526 4979 3771 5024 exheredati

3541 5049 3589 5077 an
3609 5035 3756 5076 debeat

3553 5090 3644 5130 aliis
3662 5086 3757 5128 liliis

3525 5151 3775 5186 accrescere.
