4263 6376
610 4079 731 4140 330

512 4207 668 4259 Quibus
687 4219 810 4248 eom-

512 4265 639 4315 petat,
674 4261 709 4302 si
742 4265 812 4302 te-

513 4320 643 4356 stator
653 4314 809 4356 nullum

541 4368 779 4412 nominavit.

863 278 980 336 «160

864 469 1008 512 care
1030 450 1375 511 mortaliter
1396 451 1808 522 executorem,
1838 446 1888 505 si
1908 447 2041 506 sine
2064 464 2251 505 eausa
2276 463 2397 503 non

864 548 1167 623 acceptet.
1204 543 1381 617 Quod
1411 542 1634 602 falsum
1656 560 1790 600 esse
1812 540 2038 618 probat
2059 539 2223 598 idem
2249 539 2401 599 San-

865 640 1038 713 clmz,
1089 637 1339 716 quando
1371 635 1448 694 ad
1480 634 1543 694 id
1595 652 1716 694 non
1749 636 1959 712 posset
1987 650 2098 710 per
2119 630 2399 708 judicem

865 731 1150 810 compelli
1209 749 1222 789 ε
1298 728 1408 788 sed
1465 732 1674 788 tamen
1737 744 1956 785 verum
2013 724 2201 785 etiam
2256 722 2393 799 erit,

865 824 1115 905 quando
1163 842 1236 880 ex
1285 821 1589 881 charitate
1644 822 1997 894 teneretur,
2065 817 2212 895 quia
2266 816 2398 875 sine

862 918 1034 994 gravi
1067 915 1439 975 detrimento
1488 932 1597 972 sno
1642 915 1853 990 posset
1897 910 2160 988 proximi
2212 909 2398 968 rebus

862 998 1206 1069 consulere,
1243 996 1303 1053 in
1336 995 1561 1072 quibus
1591 994 1744 1052 alias
1773 992 2049 1070 graviter
2080 990 2398 1068 proximus

863 1096 1200 1170 pateretur.

943 1185 1005 1246 Si
1036 1189 1247 1244 tamen
1277 1178 1551 1241 officium
1581 1198 1703 1240 non
1735 1183 2038 1258 acceptet,
2067 1178 2296 1238 amittit
2322 1195 2395 1237 eo

861 1279 995 1356 ipso
1052 1275 1382 1355 praemium
1413 1292 1449 1332 a
1496 1276 1790 1333 testatore
1833 1272 1918 1331 illi
1975 1272 2260 1332 relietum
2316 1271 2396 1331 ob

860 1372 983 1433 tale
1017 1368 1292 1431 officium
1328 1387 1341 1427 :
1380 1367 1501 1426 imo
1534 1370 1593 1426 et
1634 1366 1910 1442 legatum
1955 1365 2396 1445 quodcumque

858 1464 1148 1525 relictum
1178 1461 1237 1521 ei
1267 1460 1345 1520 ab
1377 1459 1599 1520 eodem
1629 1458 1957 1529 defunet0;
1995 1458 2396 1537 quod-tamen

861 1555 1073 1636 quoad
1117 1554 1239 1614 alia
1294 1553 1502 1631 legata
1547 1569 1671 1610 non
1719 1550 1935 1611 relicta
1963 1551 2026 1611 in
2065 1551 2395 1630 praemium

862 1669 987 1711 non
1019 1646 1322 1726 procedit,
1357 1644 1607 1724 quando
1638 1648 1881 1704 constat·
1898 1647 2256 1704 testatorem
2279 1643 2397 1703 hoe

861 1744 915 1804 ei
945 1742 1306 1802 relicturum
1334 1738 1545 1813 tuisse,
1581 1737 1824 1799 etiamsi
1856 1737 2237 1816 sciret,quod
2272 1737 2395 1796 tale

863 1835 1138 1897 officium
1169 1851 1294 1893 non
1336 1835 1714 1911 acceptaret,
1770 1837 1837 1891 ut
1885 1831 2068 1890 docet
2113 1829 2395 1891 Sanchez

863 1946 1034 1989 num.
1072 1931 1167 1988 12.
1228 1925 1518 1987 Advertit
1568 1929 1775 1984 tamen
1807 1924 1967 1983 bene
1995 1923 2226 1983 Melina
2252 1941 2395 1983 eum

859 2023 998 2084 aliis
1025 2022 1081 2100 ξ.
1115 2019 1442 2094 Executor,
1490 2016 1697 2094 legata
1750 2016 1871 2077 alia
1901 2035 2040 2094 quae
2086 2034 2208 2076 non
2254 2021 2399 2077 sunt

860 2117 922 2176 in
955 2113 1283 2193 praemium
1311 2110 1551 2185 relicta,
1605 2128 1725 2170 non
1756 2109 2101 2170 amittenda
2131 2112 2275 2169 ante
2305 2108 2397 2167 la-

861 2214 991 2270 tam
1021 2204 1417 2280 sententiam,
1469 2203 1615 2281 quia
1643 2203 1813 2280 leges
1843 2221 1996 2281 quas
2040 2203 2241 2276 affert,
2279 2203 2395 2262 hoc

863 2303 1192 2380 imponunt
1217 2298 1278 2356 in
1308 2314 1558 2375 poenam
1606 2294 1821 2374 rejecti
1849 2295 2163 2367 muneris;
2208 2314 2395 2373 poena

862 2398 1072 2455 autem
1102 2396 1244 2452 ante
1273 2388 1648 2450 sententiam
1677 2406 1800 2447 non
1831 2387 2114 2448 debetur.
2169 2388 2396 2448 Obser-

859 2493 966 2549 vat
992 2486 1202 2562 etiam,
1235 2484 1290 2562 §.
1326 2480 1568 2557 Quando
1597 2500 1753 2556 vere,
1790 2481 1875 2556 id,
1901 2481 2067 2559 quod
2108 2481 2393 2541 relictum

860 2585 954 2642 est
982 2581 1043 2639 in
1075 2577 1423 2656 proemium,
1455 2575 1502 2634 si
1535 2592 1697 2634 unus
1718 2593 1793 2633 ex
1814 2573 2250 2633 executoribus
2266 2593 2397 2634 mu·

860 2692 977 2734 nus
1008 2691 1129 2733 non
1172 2672 1476 2747 acceptet,
1510 2666 1733 2727 cedere
1771 2666 1906 2726 aliis
1959 2666 2394 2726 executoribus

860 2786 896 2827 a
937 2769 1234 2827 testatore
1278 2760 1612 2822 nominatis
1658 2759 2159 2837 acceptantibuS,
2212 2777 2394 2837 argu-

858 2866 1068 2920 mento
1112 2857 1271 2935 legis
1330 2853 1538 2930 Vz'neoe,
1588 2854 1643 2931 ξ.
1686 2851 1804 2913 Ubi
1841 2861 2054 2928 autem,
2088 2853 2155 2913 C.
2194 2851 2262 2912 de
2302 2871 2396 2912 ca-

858 2951 1020 3012 ducis
1049 2947 1337 3022 tollendis,
1390 2950 1452 3007 et
1482 2945 1631 3025 quia
1678 2944 1838 3006 sieut
1865 2944 2173 3005 diminuto
2205 2963 2394 3005 onere

862 3044 1231 3107 diminuitur
1260 3039 1484 3119 portio,
1519 3039 1605 3099 ita
1626 3043 2018 3099 accrescente
2050 3056 2238 3098 onere
2262 3038 2395 3097 aliis

861 3138 1067 3215 soeiiS,
1102 3136 1290 3196 debet
1318 3133 1407 3194 eis
1436 3150 1792 3193 accrescere
1836 3132 2062 3211 portic.
2116 3131 2394 3210 Denique

860 3233 1117 3293 adverte
1147 3228 1509 3306 religiosum
1535 3226 1674 3304 cogi
1714 3244 1894 3303 posse
1926 3244 1964 3285 a
1992 3244 2102 3285 suo
2137 3225 2393 3302 praelato

859 3325 939 3387 ad
970 3322 1423 3401 acceptandum
1445 3319 1597 3379 illud
1627 3337 1874 3394 munuS‚
1910 3337 2052 3378 cum
2082 3317 2310 3379 debeat
2339 3317 2392 3377 ei

859 3417 1115 3480 obedire
1146 3416 1206 3475 in
1253 3414 1543 3475 omnihus
1587 3412 1769 3472 licitis
1800 3416 1862 3472 et
1916 3411 2215 3472 honestis,
2276 3413 2391 3473 Ju-

860 3513 978 3572 dex
1006 3511 1193 3570 etiam
1236 3511 1441 3588 potest
1469 3505 1789 3567 subditum
1837 3504 2174 3584 aliquando
2214 3524 2395 3584 eoge-

860 3623 951 3681 re,
983 3622 1106 3664 non
1138 3601 1286 3681 quia
1326 3600 1390 3660 in
1432 3602 1804 3660 testamento
1854 3598 2211 3659 nominatus
2254 3598 2390 3671 fuit,

858 3697 969 3758 sed
1014 3702 1315 3775 tanquam
1372 3710 1566 3753 unum
1597 3692 1674 3751 de
1720 3691 1986 3770 populo,
2041 3691 2292 3770 quando
2332 3692 2395 3751 id

860 3789 1282 3851 necessarium
1311 3785 1721 3860 existimatur,
1755 3785 1902 3863 quia
1950 3784 2030 3844 ad
2061 3784 2396 3845 utilitatem

859 3883 1175 3964 publicam
1221 3880 1511 3960 pertinet,
1572 3877 1741 3957 quod
1784 3877 1978 3956 aliqui
2025 3897 2242 3937 curam
2289 3878 2395 3939 ha·

858 3978 1050 4037 beant
1078 3976 1155 4036 de
1183 3976 1704 4037 testamentorum
1736 3970 2123 4031 executione.

942 4068 1253 4143 Quaeritur
1300 4070 1558 4145 quarto,
1625 4062 1851 4142 quibus
1903 4067 2222 4142 competat
2277 4063 2396 4123 hoe

860 4180 1086 4222 munus
1117 4159 1368 4239 quando
1401 4175 1582 4217 nemo
1632 4175 1668 4215 a
1702 4160 1996 4217 testatore
2036 4156 2397 4217 nominatus

858 4254 994 4330 fuit,
1028 4253 1127 4315 vel
1186 4250 1487 4313 nominati
1542 4249 1882 4309 recusant?
1938 4249 2392 4327 Respondetur,

859 4349 911 4409 si
941 4350 1201 4409 testator
1242 4344 1479 4404 nullum
1511 4342 1888 4417 nominavit,
1926 4342 2226 4419 competit
2254 4361 2398 4402 exe-

859 4440 1028 4503 cutio
1060 4438 1318 4512 haeredi,
1354 4454 1539 4515 quem
1570 4438 1832 4497 testator
1874 4453 1985 4495 suo
2034 4435 2170 4495 loeo
2215 4435 2397 4494 relin-

858 4534 1013 4613 quit,
1051 4538 1112 4593 et
1141 4531 1260 4591 hoc
1289 4529 1477 4590 etiam
1510 4528 1717 4607 quoad
1748 4528 1953 4605 legata
1983 4527 2108 4606 pia,
2145 4546 2218 4588 ex
2252 4546 2390 4606 cap.

856 4645 949 4689 111.
983 4614 1061 4687 de
1080 4623 1449 4698 testamentis,
1483 4624 1554 4682 ut
1606 4638 1748 4681 cum
1805 4620 2122 4680 communi
2171 4620 2398 4681 docent

857 4720 1140 4784 Sanchez
1170 4718 1319 4778 dub.
1354 4733 1526 4777 xun.
1558 4715 1793 4777 Melina
1830 4715 1990 4793 disp.
2025 4719 2163 4774 247.
2200 4717 2389 4793 Vasq.

855 4814 1023 4876 dicto
1056 4830 1198 4890 cap.
1232 4812 1337 4871 IX.
1372 4809 1521 4870 dub.
1555 4825 1658 4869 xv.
1714 4808 2034 4885 Excipitur
2063 4813 2275 4869 tamen
2305 4808 2392 4867 le-

854 4913 1073 4988 gatum
1104 4906 1166 4965 in
1198 4902 1695 4981 redemptionem
1744 4901 2163 4980 captivorum,
2214 4901 2394 4980 cujus

854 5000 1138 5062 executio
1177 4997 1346 5058 nullo
1395 5000 1727 5057 executore
1759 4995 2103 5072 nominate,
2157 4998 2398 5073 spectat

854 5095 934 5157 ad
978 5094 1341 5172 episcopum
1386 5090 1761 5152 Anthentico
1810 5088 1879 5149 de
1905 5088 2251 5149 Ecclesiast.
2297 5089 2389 5150 tit.

852 5190 909 5269 ἓ.
944 5186 1175 5267 Siquis
1198 5182 1661 5264 aedificationem,
1688 5189 1743 5241 et
1761 5182 1816 5259 ἓ.
1840 5179 1966 5240 Pro
1981 5180 2389 5261 redemptione.

855 5280 1034 5353 Quod
1063 5279 1209 5341 Mol.
1241 5279 1298 5356 ἓ.
1340 5276 1556 5338 Utrum
1583 5285 1793 5347 autem,
1838 5274 2117 5341 extendit
2143 5274 2224 5334 ad
2257 5292 2392 5335 om·-

853 5374 958 5435 nia
983 5373 1199 5435 relicta
1226 5372 1308 5432 ad
1337 5370 1634 5431 alimenta
1673 5372 1734 5429 et
1781 5367 2212 5445 eleemosynas
2244 5385 2391 5445 pau-

853 5484 1097 5547 perum,
1131 5483 1257 5528 non
1285 5481 1435 5527 vero
1457 5462 1536 5524 ad
1561 5462 1716 5523 alias
1733 5460 1867 5539 pias
1897 5478 2140 5521 causae.
2168 5460 2388 5521 Nescio

2019 267 2121 330 DE
2164 268 2512 330 JUSTI'rlA
2564 269 2662 327 m*
2707 266 2905 330 JURE

2504 450 2733 521 tamen,
2769 462 2893 524 quo
2946 443 3375 518 fundamento,
3418 461 3565 502 nam
3613 441 3674 501 in
3714 441 4001 502 dictoAu-

2499 537 2775 598 thentieo
2808 537 2904 596 vel
2936 555 3141 596 sermo
3190 540 3284 597 est
3311 536 3389 595 de
3419 536 3552 596 solo
3590 533 3798 612 legato
3825 533 3898 593 ad
3924 553 3998 592 re·

2501 630 2948 708 demptionem,
2983 630 3081 689 vel
3112 629 3189 689 de
3219 629 3510 689 omnibus
3540 628 3763 705 legatis
3794 626 3921 705 piis,
3949 633 4000 685 ut

2500 724 2809 784 constabit
2850 723 2983 802 ejus
3027 722 3218 782 verba
3264 721 3708 782 consideranti.
3767 719 3992 781 Addita:

2499 822 2708 876 autem
2727 816 2788 875 in
2819 816 3041 876 eodem
3060 815 3456 889 Authentic0‚
3482 815 3598 874 hoc
3626 813 3997 882 serrandum,

2500 909 2737 969 etiamsi
2769 913 3026 970 testator
3073 927 3359 986 expresse
3403 908 3732 984 probibeat
3764 926 3840 964 ne
3868 907 4002 983 epis-

2499 1021 2690 1081 eopus
2720 1023 2784 1060 se
2814 1003 3078 1080 ingerat.
3117 1003 3264 1076 Quis
3289 1021 3434 1061 vero
3466 1001 3544 1060 sit
3575 1002 3917 1079 episcopus,
3938 999 3998 1056 :ul

2499 1098 2685 1174 quem
2731 1100 2990 1173 spectat,
3048 1097 3277 1155 tractat
3318 1094 3486 1153 idem
3518 1091 3743 1153 Melina
3781 1092 3907 1151 leco
3935 1090 4002 1150 ci·

2497 1191 2649 1249 tato.

2578 1283 2838 1353 Quando
2861 1301 3007 1343 vero
3051 1285 3311 1342 testator
3357 1283 3720 1340 executores
3749 1279 4002 1338 nomina-

2498 1375 2606 1450 vit,
2643 1375 2703 1434 hi
2727 1373 3095 1453 praeferendi
3127 1377 3272 1433 sunt
3306 1394 3319 1433 :
3353 1373 3403 1433 si
3427 1376 3638 1431 autem
3670 1372 3903 1430 nullum
3923 1390 4002 1430 eo·

2497 1487 2636 1527 rum
2685 1471 3012 1545 acceptare
3040 1466 3209 1542 velit,
3245 1465 3601 1526 devolvitur
3640 1465 3914 1525 executio
3940 1464 3998 1523 ad

2497 1560 2858 1639 episcopum
2888 1579 2902 1630 ;
2940 1559 3108 1638 quod
3137 1558 3306 1618 idem
3327 1563 3423 1619 est
3450 1558 3705 1637 quando
3736 1558 3831 1617 vel
3863 1557 3998 1635 jure,

2496 1653 2593 1712 vel
2624 1652 2905 1712 absentia
2934 1651 3380 1731 impediuntur,
3418 1657 3486 1712 ut
3512 1669 3658 1710 eum
3685 1650 3822 1711 aliis
3850 1650 4002 1710 docet

2496 1746 2779 1807 Sanchez
2812 1764 2983 1808 num.
3011 1750 3070 1804 7.
3099 1744 3205 1823 qui
3234 1744 3386 1805 dub.
3408 1760 3552 1804 xm.
3589 1762 3766 1803 num.
3799 1747 3892 1802 26.
3916 1762 4004 1802 no-

2494 1842 2605 1914 tat,
2641 1857 2820 1916 posse
2844 1838 3204 1917 episcopum
3236 1837 3354 1896 hoc
3405 1855 3634 1896 munus
3688 1835 3825 1896 aliis
3865 1835 4004 1895 ‹lele-

2494 1949 2666 2008 garc,
2702 1931 2847 2009 qnia
2878 1930 3149 2008 pertinet
3166 1929 3247 1988 ad
3276 1929 3478 2007 ipsum
3509 1934 3813 2008 tanquam
3836 1927 3904 1987 ad
3927 1929 4000 2006 ju·

2496 2023 2700 2082 dicem
2729 2023 3134 2083 ordinarium.
3188 2022 3470 2100 Denique
3515 2021 3800 2097 adverte,
3851 2029 4002 2099 rupto

2496 2120 2871 2176 testamento
2924 2135 2999 2175 ex
3046 2135 3235 2175 causa
3291 2114 3882 2188 exhaereditationiS,
3927 2115 4004 2173 rel

2497 2207 2957 2286 praeteritioniS,
2994 2208 3347 2269 conservari
3383 2213 3792 2268 executorem
3823 2207 4002 2267 veltu-

2494 2307 2701 2362 torum
2733 2301 3242 2371 nemInationem,
3279 2303 3348 2360 ut
3375 2304 3552 2360 notat
3592 2319 3739 2360 cum
3771 2302 3927 2360 Bart.
3955 2304 4002 2360 et

2496 2395 2630 2454 aliis
2660 2394 2824 2453 idem
2857 2393 3135 2455 Sanchez
3165 2393 3314 2453 dub.
3346 2409 3519 2453 xun.
3557 2413 3732 2453 num.
3766 2396 3826 2453 6.

2576 2487 2884 2559 Quaeritur
2912 2486 3148 2565 quinte,
3169 2504 3248 2545 an
3276 2485 3503 2563 singuli
3536 2492 3897 2546 executores
3915 2505 4000 2545 no·

2495 2581 2714 2640 minati
2760 2579 3001 2659 possint
3046 2580 3306 2658 quilibet
3351 2579 3485 2638 sine
3523 2579 3712 2638 sociis
3772 2579 4001 2657 exequi?

2498 2672 2951 2751 Respondetur,
2983 2672 3032 2731 si
3056 2690 3091 2731 a
3111 2676 3406 2732 testatore
3437 2672 3701 2732 instituti
3735 2679 3877 2732 sunt
3892 2673 4001 2750 plu·
4055 2655 4079 2718 {a

2495 2784 2593 2825 res
2643 2768 3027 2840 executoreS,
3088 2765 3174 2825 ita
3228 2768 3296 2824 ut
3325 2764 3588 2842 quilibet
3639 2765 3704 2823 in
3762 2764 4000 2823 solidum

2495 2858 2707 2936 possit,
2743 2857 2970 2935 singuli
2997 2861 3291 2935 poterunt
3317 2858 3449 2916 sine
3483 2857 3618 2916 aliis
3647 2858 3997 2934 procedere;

2495 2955 2557 3011 et
2585 2950 2861 3029 quidem,
2897 2950 3147 3029 quando
3178 2969 3276 3009 res
3300 2950 3668 3028 exequenda
3701 2956 3872 3010 certa
3906 2956 3998 3022 est,

2496 3064 2553 3104 v.
2606 3062 2668 3121 g.
2731 3043 2940 3121 aliqua
2985 3061 3229 3102 summa
3286 3042 3568 3120 pecunia:
3598 3042 4001 3103 distribuenda

2495 3154 2777 3216 personoe
2834 3139 3041 3212 certae,
3089 3134 3318 3213 singuli
3366 3135 3428 3195 id
3477 3140 3738 3214 possunt
3784 3135 3999 3214 exequi,

2492 3230 2638 3291 licet
2664 3229 2765 3289 alii
2813 3229 3245 3290 contradicant
3278 3250 3290 3289 ε
3348 3229 3412 3288 in
3444 3230 3580 3287 aliis
3610 3249 3761 3290 vero
3795 3230 4000 3289 nonita

2494 3323 2678 3384 certis
2712 3326 2773 3382 et
2828 3322 3256 3382 determinatis
3307 3340 3430 3381 non
3472 3328 3759 3400 possunt,
3796 3323 3843 3381 si
3876 3340 4002 3381 con·

2495 3415 2805 3477 tradicant
2837 3415 2963 3491 alii,
2999 3414 3108 3474 sed
3137 3414 3433 3475 standum
3463 3417 3559 3474 est
3584 3414 4000 3493 1najoriparti;

2497 3509 2548 3568 si
2578 3513 2786 3569 autem
2824 3508 2944 3568 sint
2994 3508 3286 3587 aequales,
3322 3512 3384 3567 et
3434 3508 3824 3581 discordent,
3876 3526 4002 3585 pras·

2496 3602 2692 3662 fertur
2721 3602 2915 3661 altera
2945 3620 3091 3679 pars
3120 3601 3182 3660 in
3212 3600 3401 3660 rebus
3431 3601 3549 3677 piis
3579 3600 3838 3660 arbitrio
3868 3599 4004 3678 epis-

2496 3694 2659 3773 copi,
2695 3694 2754 3752 in
2786 3693 3062 3771 profanis
3109 3693 3365 3752 arbitrio
3401 3691 3634 3770 judicis
3663 3692 4001 3753 saecularis:

2497 3787 2664 3867 quod
2695 3785 3080 3863 intelligitur,
3101 3786 3249 3846 data
3279 3785 3468 3846 etiam
3497 3785 3766 3864 paritate
3795 3787 3854 3845 in
3881 3803 4004 3863 qua-

2497 3882 2666 3941 litate
2693 3900 2707 3952 ;
2741 3879 2792 3940 si
2821 3880 2985 3939 enim
3017 3896 3176 3938 unus
3203 3878 3285 3938 sit
3310 3880 3633 3938 masculus
3653 3926 3668 3947 ‚
3704 3879 4006 3957 praefertur

2496 3973 2764 4049 feminae,
2819 3971 2979 4032 sieut
3031 3976 3092 4031 et
3146 3971 3650 4048 consanguineus
3703 3971 4006 4049 praesertur

2498 4071 2816 4140 extranee,
2868 4064 2946 4124 de
2990 4064 3216 4143 quibus
3266 4064 3548 4125 Sanchez
3594 4064 3760 4124 dieto
3808 4082 3934 4141 cap.
3965 4079 3998 4121 ι.

2497 4159 2646 4219 dub.
2681 4174 2842 4219 xmv.
2881 4176 3050 4218 num.
3078 4160 3173 4218 13.
3210 4160 3273 4218 et
3300 4156 3491 4216 dubio
3512 4173 3651 4217 xm‘.

2579 4250 2837 4327 Quando
2868 4254 3077 4312 autem
3107 4251 3315 4328 plures
3333 4255 3695 4310 executores
3727 4249 4002 4309 nominati

2498 4349 2643 4405 sunt
2671 4364 2708 4403 a
2735 4347 3050 4419 testatore,
3108 4361 3231 4402 non
3271 4343 3418 4403 data
3446 4343 3741 4403 facultate
3771 4340 4003 4419 singulis

2497 4437 2558 4496 in
2589 4437 2887 4512 solidum,
2919 4455 3042 4496 non
3089 4440 3349 4513 possunt
3389 4436 3616 4513 singuli
3666 4455 3851 4513 agere
3890 4434 4002 4493 sine

2499 4530 2636 4590 aliis
2661 4576 2676 4605 ,
2761 4533 2832 4589 ut
2919 4529 3233 4607 colligitur
3312 4547 3385 4588 ex
3473 4529 3672 4606 capite
3773 4527 4004 4605 [selime-

2495 4642 2610 4697 sus,
2663 4624 2719 4700 ἓ.
2777 4622 2964 4698 Sane,
3014 4620 3084 4681 de
3128 4622 3478 4681 testamentis
3528 4621 3680 4681 libro
3763 4639 3842 4681 w.
3907 4618 4001 4679 nisi

2496 4715 2846 4778 distributio
2878 4715 2958 4775 sit
2985 4719 3192 4775 certa:
3220 4718 3287 4774 ut
3315 4715 3366 4774 si
3396 4719 3656 4776 testator
3676 4713 3996 4791 jassitdari

2496 4811 2715 4869 decem
2769 4808 2876 4869 tali
2923 4809 3203 4887 pauperi,
3258 4812 3327 4868 ut
3379 4827 3524 4868 eum
3563 4809 3755 4868 Baldo
3787 4813 3847 4868 ct
3887 4807 4001 4865 aliis

2497 4903 2682 4962 docet
2708 4902 2875 4960 idem
2925 4902 3205 4961 Sanchez
3235 4901 3401 4961 dicto
3432 4902 3560 4962 dub
3612 4918 3774 4962 κων.
3821 4921 3919 4961 nu.
3949 4903 3996 4959 Ξ.

2496 4995 2547 5057 si
2577 4999 2785 5055 autem
2815 4994 2920 5053 alii
2948 4994 3202 5069 nollent,
3241 4993 3339 5054 vel
3370 5012 3494 5053 non
3523 4999 3775 5073 possent
3799 5011 3999 5052 munus

2493 5106 2677 5149 suum
2706 5087 2901 5163 obire,
2928 5092 3187 5165 possunt
3213 5086 3341 5162 alii,
3374 5087 3471 5147 vel
3503 5107 3658 5148 unus
3675 5087 3865 5148 etiam
3882 5104 3998 5146 exe-

2496 5181 2600 5260 qui
2633 5199 2708 5241 ex
2737 5180 2901 5240 dicto
2932 5198 3069 5258 cap.
3115 5179 3462 5259 Reliqz'osus,
3499 5182 3555 5259 ς.
3592 5179 3778 5253 Sane;
3837 5181 3884 5239 si
3925 5186 3996 5239 ta·

2495 5292 2641 5334 men
2671 5292 2795 5334 non
2824 5274 3008 5352 longe
3039 5273 3371 5349 distarent,
3425 5278 3627 5333 essent
3663 5272 3921 5334 vocandi
3948 5274 3998 5331 et

2496 5365 2866 5444 expectandi
2895 5385 3007 5445 per
3034 5365 3291 5445 aliquod
3345 5364 3714 5425 rationabile
3747 5372 3990 5444 tempus

2498 5460 2675 5533 Quod
2707 5464 2906 5522 totum
2935 5458 3324 5537 intelligitur,
3375 5459 3496 5519 nisi
3526 5463 3784 5520 testator
3807 5455 3998 5538 prohi-
