4263 6376
1128 310 1600 373 DISPUTA'PIO
1642 311 1890 388 XXXV,
1939 312 2213 376 SECTIO
2258 316 2359 376 111.

596 843 1024 928 suerio
1117 847 1235 927 ΙΙΙ.

184 1173 241 1233 In
266 1171 452 1253 quibus
478 1172 701 1233 casibus
732 1172 901 1235 liceat
937 1173 1147 1256 eliqere
1189 1174 1380 1236 minus
1419 1174 1677 1255 dz‘qnmn,

662 1279 869 1340 omisso
899 1279 1176 1361 diqm‘orae'.

246 1577 326 1635 Ex
360 1574 718 1652 supradicta
752 1573 1038 1636 doctrina
1065 1575 1294 1654 aliquae
1320 1576 1457 1637 fieri
1486 1577 1688 1661 solent

181 1666 565 1745 exceptiones,
598 1666 801 1745 prima
838 1671 953 1744 est,
988 1668 1239 1747 quando
1268 1669 1542 1748 parvitas
1593 1674 1689 1730 est

178 1758 446 1835 materiae,
480 1778 557 1818 ex
592 1758 823 1838 duplici
854 1759 1056 1838 capite
1094 1760 1421 1837 provenire
1457 1766 1681 1841 potest.

181 1852 381 1928 Primo,
410 1851 458 1912 si
487 1851 867 1912 beneficium
894 1852 977 1913 sit
992 1853 1166 1931 parvi
1199 1856 1529 1931 momenti,
1583 1854 1684 1916 vel

176 1963 373 2022 parum
400 1945 739 2005 excedatur
767 1945 846 2005 ab
875 1945 996 2006 alio
1027 1946 1333 2008 beneficio
1364 1946 1533 2026 quod
1577 1947 1685 2007 da-

175 2043 261 2097 tur
301 2037 584 2116 digniori.
629 2037 941 2114 SecundO,
978 2039 1231 2118 quando
1273 2058 1564 2101 excessus
1593 2039 1683 2101 di-

172 2130 398 2209 gnitatis
424 2130 487 2190 in
519 2149 593 2191 eo
624 2130 727 2209 qui
759 2131 1087 2208 omittitur,
1122 2151 1353 2211 parvus
1383 2138 1476 2195 est
1494 2152 1685 2212 supra

175 2241 299 2282 eum
323 2223 423 2301 qui
454 2223 746 2302 eligitur;
791 2223 877 2284 ita
918 2225 1125 2300 SotuS,
1173 2227 1474 2302 Navarra,
1526 2229 1685 2287 Ara-

170 2315 388 2394 goninS,
437 2315 750 2392 Salonius»,
788 2318 1125 2394 NavarruS,
1171 2318 1500 2395 Silvester,
1538 2322 1684 2380 Ger-

169 2426 286 2484 son,
316 2427 467 2487 quos
504 2409 702 2469 refert
730 2413 792 2469 et
819 2408 1099 2487 sequitur
1128 2411 1408 2472 Sanchez
1450 2412 1512 2473 d.
1556 2413 1683 2473 dub

169 2518 280 2561 un.
311 2504 380 2561 17
412 2501 520 2580 qui
554 2520 660 2562 nu.
696 2504 770 2563 18
799 2520 945 2562 cum
985 2503 1238 2565 Salonio
1273 2509 1468 2580 notat,
1501 2524 1682 2583 posse

168 2613 285 2654 esse
311 2613 637 2655 excessum
665 2594 953 2656 beneficii
983 2615 1270 2674 parvum,
1304 2599 1402 2658 vel
1445 2599 1683 2660 nullum

166 2689 222 2748 in
254 2688 574 2763 fructibuS,
608 2692 670 2749 et
696 2707 998 2768 magnum
1027 2691 1090 2750 in
1119 2690 1380 2769 honore,
1414 2699 1477 2754 et
1517 2694 1683 2754 hunc

167 2800 465 2843 excessum
496 2781 742 2842 attendi
769 2782 1022 2844 debere.
1056 2786 1135 2845 Et
1175 2804 1350 2850 num.
1394 2789 1489 2848 19.
1541 2805 1684 2848 cum

164 2876 447 2952 Navarra,
481 2874 696 2950 infert,
738 2893 865 2936 non
894 2894 1156 2954 peccare
1183 2879 1533 2940 mortaliter
1579 2880 1685 2939 eli-

163 2972 395 3045 gentem
422 2968 637 3028 minus
674 2967 960 3047 dignum,
992 2988 1181 3048 quem
1219 2990 1444 3051 parum
1482 2971 1547 3031 in
1596 2972 1684 3033 di-

162 3060 382 3138 gnitate
405 3062 568 3121 alius
581 3061 846 3137 excedit,
862 3062 1103 3123 etiamsi
1127 3062 1437 3142 juraverit
1455 3064 1685 3143 eligere

162 3153 522 3232 digniorem,
569 3153 719 3233 quia
770 3154 1003 3235 frangit
1033 3157 1467 3235 juramentum
1505 3157 1568 3218 in
1615 3177 1684 3220 re

160 3245 267 3306 levi
301 3264 316 3310 ε
353 3248 528 3327 quod
556 3252 770 3310 tamen
798 3253 893 3310 cst
920 3254 1137 3311 contre
1181 3253 1429 3312 Bannes
1474 3257 1592 3314 art.
1636 3269 1684 3313 11

160 3339 294 3400 dub.
327 3344 386 3402 3.

254 3434 407 3495 Huic
462 3435 770 3496 doctrinae
837 3453 975 3495 sese
1031 3437 1292 3514 opponit
1342 3439 1686 3500 Turrianus

158 3525 372 3605 disput.
406 3530 602 3590 XXII.
636 3529 787 3589 dub.
821 3544 865 3589 1.
900 3548 1005 3589 nu.
1038 3533 1098 3590 6.
1141 3529 1391 3606 dicem,
1442 3531 1683 3592 etiamsi

156 3638 303 3681 unus
332 3639 563 3700 parum
591 3622 843 3700 dignior
868 3622 949 3683 sit
976 3622 1168 3684 altero
1189 3669 1204 3698 ,
1252 3624 1499 3700 peccari
1537 3642 1684 3703 gra-

153 3714 300 3775 viter
326 3734 474 3776 eum
506 3715 874 3791 omittendO,
909 3714 1056 3795 quia
1096 3716 1360 3777 materia
1387 3718 1685 3797 praecepti

151 3805 250 3868 hic
277 3826 402 3869 non
431 3811 534 3869 est
561 3826 872 3883 excessuS,
906 3808 1015 3868 sed
1045 3808 1275 3887 eligere
1304 3809 1678 3888 digniorem.

149 3900 374 3963 Electio
407 3905 625 3962 autem
653 3919 902 3979 semper
930 3905 1022 3961 est
1050 3902 1318 3962 materia
1344 3902 1576 3981 graviS,
1601 3904 1686 3964 si-

148 3997 245 4054 cut
271 3994 562 4072 accipere
610 3992 1056 4055 eucharistiam
1101 3999 1243 4072 post
1287 4013 1511 4073 parum
1561 3996 1686 4057 cibi

147 4092 236 4146 est
276 4105 532 4165 semper
573 4090 904 4165 peccatum
949 4105 1142 4164 grave
1174 4134 1191 4163 ,
1243 4088 1389 4167 quia
1418 4088 1680 4149 materia

144 4179 582 4256 prohibitionis
612 4197 736 4239 non
768 4182 863 4239 est
890 4179 1087 4253 cibus»,
1121 4178 1233 4240 sed
1264 4179 1539 4259 sumptio
1570 4199 1681 4240 eu-

144 4270 453 4333 charistiae
484 4274 630 4350 post
679 4271 916 4348 cibum,
969 4290 1109 4351 quae
1139 4272 1411 4351 sumptio
1438 4290 1688 4351 semper

143 4367 232 4425 est
257 4365 529 4426 materia
544 4365 778 4443 gravis,
812 4366 1086 4444 Itaquod
1104 4365 1472 4444 prohibetur
1499 4366 1563 4425 in
1584 4384 1687 4425 ca-

141 4475 208 4516 su
237 4464 481 4533 nostro,
515 4462 611 4519 est
637 4458 889 4519 omissio
919 4458 1221 4538 dignioris
1242 4476 1381 4538 quae
1410 4462 1505 4520 est
1530 4476 1689 4519 sem-

140 4568 248 4627 per
270 4551 488 4627 gravis
510 4595 526 4625 ,
560 4550 707 4611 licet
734 4569 1023 4612 excessus
1053 4551 1373 4629 dignitatis
1402 4552 1480 4612 sit
1508 4552 1685 4627 leviS,

141 4647 408 4721 negatur
462 4642 635 4703 enim
677 4643 735 4703 ei
762 4643 1140 4704 beneficium
1182 4663 1304 4704 non
1333 4645 1473 4704 leve
1499 4689 1515 4720 ,
1578 4644 1690 4704 sed

138 4736 589 4813 gravissimum
613 4782 630 4811 ,
678 4740 740 4797 et
765 4754 1029 4815 magnos
1057 4738 1322 4797 afferens
1351 4743 1691 4815 proventus

138 4833 198 4888 et
225 4828 530 4890 honores.

217 4924 357 4982 Non
412 4927 511 4983 est
556 4926 767 4982 tamen
813 4922 1240 4982 recedendum
1284 4941 1324 4983 a
1371 4923 1692 4983 communi

137 5015 458 5076 sententia
488 5018 744 5093 propter
764 5014 883 5074 hoc
899 5020 1365 5094 argumentum,
1392 5016 1560 5095 quod
1581 5016 1691 5077 du-

138 5106 390 5184 pliciter
421 5107 581 5168 solvi
615 5112 838 5185 potest.

219 5200 441 5260 Primo
474 5198 766 5276 dicendo,
800 5199 1005 5277 ipsum
1035 5219 1321 5262 exessum
1350 5202 1577 5262 debere
1606 5202 1696 5262 in-

3206 329 3321 386 57⁸1

1788 489 1912 550 hoc
1942 495 2010 550 ut
2036 491 2408 569 praeferatur
2451 514 2465 556 ε
2513 496 2764 574 quando
2795 501 3005 558 autem
3034 516 3322 563 excessus

1781 582 2104 661 dignitatis
2134 603 2363 662 parvus
2392 591 2513 661 est3
2540 589 2666 668 jus,
2693 590 2861 669 quod
2893 591 2958 650 in
2977 591 3083 653 illo
3117 610 3323 654 exces-

1782 694 1853 734 su
1886 674 2218 753 fundatur,
2253 696 2375 739 non
2407 686 2614 758 potest
2639 700 2776 743 esse
2806 701 3130 762 magnum,
3164 687 3325 749 sicut

1780 771 1844 828 et
1873 767 2146 846 dignitas
2193 771 2254 830 in
2301 790 2425 850 qua
2452 773 2753 836 fundatur
2812 793 2825 834 ε
2887 777 3141 839 violatio
3173 798 3320 859 ergo

1777 859 1932 939 juris
1949 861 2155 941 exigui
2176 881 2299 923 non
2317 868 2412 925 est
2424 865 2677 927 violatio
2699 870 2930 946 gravis..
2966 872 3015 929 N
3022 889 3093 931 ec
3117 890 3320 933 exem-

1780 952 1954 1031 plum
2007 956 2380 1033 sumptionis
2425 959 2819 1023 eucharistiae
2869 966 2963 1022 est
3005 964 3085 1023 ad
3134 982 3268 1038 rem
3303 985 3317 1026 ε

1782 1046 1929 1123 quia
1972 1046 2059 1106 ibi
2086 1048 2360 1110 violatur
2385 1051 2596 1129 gravis
2639 1052 2737 1113 lex
2781 1056 3154 1135 praecipiens
3184 1075 3324 1119 cor-

1781 1156 1899 1215 pus
1928 1138 2153 1201 Christi
2198 1159 2334 1201 esse
2377 1143 2652 1221 primum
2698 1145 2909 1206 cibum
2955 1153 3212 1227 propter
3239 1150 3325 1209 si-

1781 1230 2252 1308 gnificationem
2275 1279 2290 1309 ,
2325 1236 2492 1313 quod
2525 1236 2807 1299 Christus
2837 1244 2932 1302 est
2961 1241 3321 1321 principalis

1783 1322 1960 1385 cibus
1990 1329 2203 1387 noster
2234 1346 2247 1386 :
2282 1345 2422 1406 quae
2450 1328 2823 1407 significatio
2850 1350 3028 1411 aeque
3057 1333 3323 1414 impedi-

1783 1420 1887 1478 tur
1909 1462 1925 1492 ,
1959 1435 2035 1477 ex
2063 1436 2138 1479 eo
2168 1419 2337 1498 quod
2367 1423 2759 1499 praecesserit
2786 1424 2962 1485 cibus
2990 1427 3149 1487 alius
3177 1446 3324 1506 pro-

1782 1509 1964 1570 fanus
1993 1515 2183 1572 etiam
2212 1512 2274 1571 in
2304 1513 2554 1574 modica
2583 1517 2931 1594 quantitate
2965 1538 2979 1580 :
3015 1537 3210 1599 quare
3240 1521 3325 1580 si-

1782 1605 1889 1663 cut
1915 1603 2170 1663 omissio
2200 1609 2393 1683 guttae
2425 1624 2603 1686 aeque
2633 1607 2696 1668 in
2726 1609 2918 1670 calice
2948 1629 3325 1673 consecran-

1782 1694 1862 1754 do
1894 1700 1989 1756 est
2016 1701 2343 1773 peccatum
2372 1716 2586 1776 grave,
2614 1701 2762 1779 quia
2789 1705 2969 1780 gutta
2995 1704 3102 1763 illa
3132 1705 3326 1769 habet

1781 1804 2041 1864 gravem
2068 1789 2592 1867 significationem
2615 1838 2630 1868 ,
2685 1794 2774 1855 sic
2805 1795 2994 1856 etiam
3024 1814 3163 1858 esus
3192 1816 3324 1859 mo-

1782 1879 1904 1940 dici
1936 1880 2060 1941 cibi
2086 1881 2351 1960 impedit
2376 1884 2492 1944 sub
2522 1891 2780 1962 peccato
2822 1888 2998 1966 gravi
3046 1908 3324 1951 commu-

1782 1972 2072 2050 nionem,
2118 1975 2282 2056 xquia
2327 1975 2589 2054 impedit
2627 1984 2887 2056 gravem
2914 1980 3320 2059 significatio-

1781 2083 1948 2141 nem,
1984 2071 2051 2128 ut
2079 2068 2210 2127 dixi
2234 2067 2394 2148 disp.
2419 2071 2551 2131 XV.
2578 2069 3042 2134 deEuclzarzlstia
3072 2080 3223 2137 sect.
3247 2093 3317 2138 11.

1781 2176 1844 2220 n.
1876 2161 1977 2219 22.

1862 2250 2176 2327 Secundo,
2210 2256 2273 2313 et
2299 2253 2528 2315 clarius
2548 2255 2609 2314 in
2633 2257 2859 2318 nostris
2880 2259 3200 2341 principiis
3228 2281 3324 2323 re-

1782 2343 2080 2421 sponderi
2119 2349 2364 2422 potest,
2422 2348 2799 2425 gravitatem
2847 2351 3036 2431 hujus
3082 2356 3323 2433 peccati

1782 2454 1905 2496 non
1935 2437 2120 2512 sumi,
2156 2442 2225 2499 ut
2253 2438 2521 2500 diximus
2543 2486 2560 2517 ,
2612 2458 2686 2500 ex
2717 2442 2946 2505 damno
2979 2449 3318 2526 communi,

1782 2528 1948 2607 quod
1978 2528 2245 2590 infertur
2270 2532 2561 2593 Ecclesiae
2582 2535 2927 2597 omittendo
2941 2537 3317 2616 digniorem:

1782 2625 2024 2681 certum
2064 2626 2158 2682 est
2200 2628 2449 2700 autem,
2510 2626 2679 2704 quod
2727 2629 2979 2705 quando
3027 2632 3322 2694 Ecclesiae

1782 2714 1969 2773 datur
1992 2714 2152 2775 alius
2179 2733 2357 2795 aeque
2384 2717 2516 2776 fere
2554 2718 2782 2796 dignus
2805 2766 2820 2796 ,
2880 2721 3184 2784 damnum
3213 2726 3324 2786 Ec—

1782 2806 1987 2866 clesiae
2015 2825 2141 2868 non
2171 2812 2535 2886 potestesse
2565 2809 2770 2890 majus
2806 2832 2997 2892 quam
3018 2817 3098 2877 sit
3112 2835 3326 2878 exces-

1782 2917 1887 2959 sus
1915 2899 2016 2958 ille
2047 2901 2154 2978 qui
2182 2919 2326 2961 cum
2353 2902 2433 2963 sit
2461 2903 2723 2981 exiguus
2748 2950 2764 2980 ,
2800 2905 3104 2969 damnum
3133 2910 3325 2971 etiam

1783 2992 2075 3052 Ecclesiae
2104 2993 2346 3055 illatum
2376 2996 2672 3074 exiguum
2702 2998 2841 3075 erit,
2876 3004 2939 3061 et
2966 3020 3080 3080 per
3110 3020 3327 3064 conse-

1782 3102 1979 3163 quens
2007 3091 2336 3163 peccatum
2363 3087 2566 3148 solum
2587 3090 2868 3163 veniale;
2906 3094 3075 3154 unde
3104 3112 3326 3155 conse-

1783 3181 2049 3256 quenter
2067 3177 2497 3257 juramentum
2527 3182 2715 3243 etiam
2739 3186 3107 3264 praecedens
3135 3187 3326 3251 viola-

1781 3275 1884 3332 tur
1912 3271 2113 3331 solum
2142 3271 2384 3350 leviter,
2422 3291 2564 3334 cum
2594 3277 2798 3337 solum
2820 3278 3129 3342 inferatur
3154 3282 3327 3343 dam·
3405 3288 3412 3294 ’

1782 3382 1935 3422 num
1978 3364 2116 3424 leve
2159 3369 2379 3425 contra
2426 3366 2576 3427 illud
2617 3369 3052 3447 juramentum
3113 3394 3127 3435 ε
3200 3394 3327 3436 non

1783 3456 1949 3516 enim
2003 3457 2349 3519 attenditur
2401 3459 2706 3521 damnum
2737 3508 2753 3539 ,
2828 3466 2996 3543 quod
3053 3466 3321 3529 infertur

1783 3549 2012 3610 omisso
2038 3594 2054 3624 ,
2114 3549 2234 3611 hoc
2279 3552 2510 3631 quippe
2557 3571 2752 3632 grave
2809 3561 2942 3633 est,
2989 3558 3098 3619 sed
3156 3561 3327 3639 quod
3368 3594 3382 3605 ·

1776 3641 2042 3702 infertur
2096 3643 2391 3704 Ecclesiae
2447 3645 2510 3704 in
2575 3646 2756 3725 cujus
2811 3650 3082 3727 gratiam
3149 3651 3323 3731 jura-

1780 3737 1904 3796 tur.

1862 3829 2084 3903 PeteS‚
2145 3827 2296 3906 quid
2344 3828 2394 3889 si
2434 3829 2866 3908 juramentum
2894 3839 3230 3913 praestetur
3256 3838 3321 3899 in

1781 3919 2047 3999 gratiam
2095 3920 2286 3980 etiam
2343 3921 2623 3999 ipsorum
2670 3925 3103 4003 eligendorum
3128 3974 3143 4004 ,
3212 3929 3322 4008 qui

1781 4011 1983 4072 vocati
2015 4015 2160 4072 sunt
2188 4030 2299 4090 per
2326 4012 2551 4090 edicta,
2585 4020 2646 4077 et
2674 4035 2942 4095 quorum
2972 4037 3161 4080 causa
3190 4021 3319 4099 agi·
3366 4040 3667 4096 iun-antonem-

1782 4103 1926 4165 tnr?
1982 4105 2349 4182 Respondeo
2374 4150 2389 4180 ,
2442 4105 2491 4166 si
2522 4125 2741 4168 sensus
2763 4108 3107 4188 juramenti
3131 4118 3297 4174 esset

1784 4196 2053 4275 eligendi
2078 4196 2394 4276 digniores
2424 4218 2820 4280 quocumque
2842 4221 3099 4265 excessu
3121 4206 3321 4285 digni·
3410 4202 3555 4244 ‘'⁰¹⁰¹''
3574 4203 3626 4246 ‘¹⁰

1782 4289 1950 4365 tatis,
1983 4290 2170 4352 credo
2200 4292 2368 4370 quod
2398 4292 2707 4372 obligaret
2744 4297 3023 4375 graviter
3050 4298 3126 4359 ad
3164 4318 3320 4379 prae-

1784 4381 2112 4457 ferendum
2142 4382 2317 4444 illum
2349 4384 2456 4463 qui
2482 4384 2703 4473 leviter
2731 4390 3012 4467 excedit,
3047 4392 3195 4472 quia
3222 4411 3323 4453 res

1787 4475 1875 4535 illi
1896 4476 2256 4554 juramento
2285 4478 2592 4555 promissa
2621 4480 2891 4543 multum
2938 4484 3057 4562 ipsi
3084 4486 3325 4546 condu-

1788 4568 1893 4643 cit,
1927 4571 1989 4628 et
2021 4568 2165 4628 ideo
2209 4574 2416 4647 potest
2457 4589 2590 4632 esse
2633 4575 2894 4635 materia
2931 4578 3143 4654 gravis
3173 4578 3326 4639 obli-

1788 4659 2077 4739 gationiS.
2113 4661 2311 4722 Credo
2342 4667 2551 4723 tamen
2584 4683 2835 4725 sensum
2859 4666 3201 4745 juramenti
3233 4689 3329 4731 so-

1788 4755 1919 4813 lum
1948 4771 2105 4831 esse,
2139 4756 2434 4816 servandi
2462 4756 2581 4816 illis
2604 4757 2750 4835 jura
2777 4757 2929 4836 sua,
2965 4762 3050 4822 ita
3077 4767 3147 4824 ut
3176 4764 3326 4824 obli-

1788 4851 1895 4925 get
1930 4847 2211 4924 graviter
2256 4849 2337 4908 ad
2396 4850 2778 4910 servandum
2827 4851 2930 4929 jus
2981 4872 3210 4931 grave,
3268 4861 3332 4917 et

1788 4926 2010 4987 leviter
2062 4927 2144 4987 ad
2199 4929 2580 4988 servandum
2627 4928 2732 5008 jus
2788 4931 2946 4992 leve.
3019 4934 3191 4996 Sicut
3227 4936 3331 5013 ju·-

1792 5020 1913 5079 dex
1964 5039 2036 5079 ex
2073 5020 2278 5080 officio
2307 5040 2420 5080 suo
2449 5021 2771 5100 obligatur
2798 5024 2874 5083 ud
2909 5026 3218 5088 servanda
3264 5028 3332 5087 il-

1791 5111 1940 5172 laesa
2006 5110 2154 5190 jura
2215 5112 2631 5192 litigantium3
2709 5120 2771 5176 et
2830 5119 3039 5177 tamen
3114 5119 3164 5179 si
3229 5120 3334 5199 jus

1795 5204 2117 5282 utriusque
2158 5206 2459 5283 litigantis
2505 5206 2585 5266 sit
2615 5225 2795 5287 aeque
2825 5209 2953 5270 fere
2985 5212 3331 5289 probabile,

141 5296 310 5352 trare
342 5292 409 5351 in
443 5292 776 5353 materiam
805 5292 1283 5371 prohibitionis;
1330 5294 1699 5373 prohibetur
1795 5296 1941 5357 licet
1985 5298 2120 5358 haec
2168 5317 2311 5375 pars
2356 5316 2580 5376 parum
2630 5301 2892 5362 excedat
2937 5304 3336 5381 probabilita-

140 5384 313 5444 enim
370 5384 633 5445 violatio
672 5385 832 5464 Juris
877 5386 1047 5465 quod
1096 5386 1348 5465 dignior
1393 5386 1587 5449 habet
1614 5387 1694 5448 ud
1795 5394 1923 5451 tem
1978 5390 2234 5451 alterius
2278 5390 2514 5470 partie,
2589 5392 2871 5455 dicemus
2924 5395 3089 5456 infra
3143 5416 3337 5475 agen-

475 5479 633 5541 Tou.
673 5478 801 5540 Vll.

2982 5491 3056 5549 37

3490 3864 3568 3923 23

3422 3987 3547 4041 Quid,
3577 3989 3611 4032 si

3299 4159 3314 4191 2
3370 4107 3469 4190 iffi
3481 4096 3666 4205 {gig-2⁸12-

3423 4255 3615 4310 eligendo

3423 4308 3618 4363 digniori.
