4263 6376
1198 320 1669 440 DISPUTIXTIO
1711 379 1928 455 XXIX,
1976 381 2251 444 SECTIO
2294 383 2397 444 111.

197 546 382 628 prime,
407 547 558 626 quia
587 547 776 608 etiam
824 548 1076 627 quando
1125 549 1309 627 pauci
1352 550 1589 610 fructus
1618 551 1698 612 ob

197 639 308 699 anni
332 639 726 700 sterilitatem
755 640 1202 719 percipiuntur,
1223 645 1538 703 tructuum
1558 662 1701 721 pre-

195 733 313 792 tium
352 748 638 792 crescere
684 733 876 805 solet;
939 752 1086 811 ergo
1136 735 1358 795 eadem
1402 735 1697 814 obligatio

196 823 416 883 deberet
446 843 585 884 esse
624 825 690 884 in
735 825 1153 901 conductore,
1217 831 1280 888 et
1317 828 1381 887 in
1425 828 1698 887 locatore

197 916 365 995 quoad
397 916 553 976 illud
584 917 774 978 etiam
804 922 1232 996 augmentum,
1260 925 1322 980 et
1340 920 1700 981 diminutio-

198 1027 306 1068 nem
347 1009 671 1069 fructuum
718 1010 955 1088 absque
1001 1011 1129 1071 ulla
1157 1012 1508 1072 differentia
1538 1013 1701 1072 inter

199 1107 495 1180 utrumque
525 1102 1026 1163 contrahentem.
1079 1103 1369 1164 Secundo
1391 1150 1406 1178 ,
1442 1104 1588 1183 quia
1618 1104 1702 1162 si·-

198 1200 272 1254 cut
294 1193 586 1255 sterilitas
615 1198 819 1271 potest
847 1212 982 1255 esse
1012 1195 1266 1273 propria
1283 1196 1469 1274 hujus
1496 1196 1695 1270 fundi,

197 1287 274 1365 qui
296 1287 603 1364 grandine
632 1288 749 1348 fuit
777 1287 962 1346 laesus
985 1334 1000 1363 ,
1036 1287 1172 1348 aliis
1201 1288 1410 1348 illaesis
1441 1306 1701 1348 manen-

197 1380 325 1440 tibus
345 1425 359 1452 ,
392 1378 484 1438 sic
517 1379 873 1439 fecunditas
901 1379 1104 1457 potuit
1131 1398 1265 1439 esse
1297 1379 1481 1462 hujus
1509 1380 1701 1440 solius

197 1471 296 1549 agri
325 1471 430 1549 qui
461 1471 763 1531 immunis
792 1470 1114 1533 remansit.
1174 1472 1419 1548 TertiO,
1473 1471 1619 1550 quia
1646 1472 1700 1532 si

196 1563 373 1643 pensio
406 1582 530 1623 non
561 1563 866 1623 solvenda
895 1563 974 1624 sit
1017 1563 1080 1622 in
1128 1564 1393 1642 pecunia
1424 1612 1440 1640 ,
1496 1564 1607 1624 sed
1637 1564 1701 1624 in

196 1656 488 1732 fructibus,
522 1675 581 1716 r.
614 1675 679 1734 g.
717 1662 971 1717 centum
997 1657 1192 1716 modii
1223 1657 1443 1733 tritici,
1477 1676 1701 1735 parum

195 1750 352 1809 refert
395 1748 567 1828 quod
595 1748 786 1810 tritici
832 1747 1103 1827 pretium
1134 1749 1316 1809 vilius
1363 1750 1443 1810 sit
1501 1769 1515 1810 :
1573 1750 1699 1810 imo

195 1842 302 1901 ideo
331 1841 595 1902 deberet
623 1840 974 1901 conductor
1000 1842 1313 1919 perceptis
1348 1842 1537 1920 duplo
1569 1843 1701 1920 plu-

194 1935 332 1995 ribus
361 1933 664 1994 fructibus
693 1933 897 2008 solit0,
931 1933 1081 1993 dare
1104 1934 1407 1994 ducentos
1429 1933 1696 2010 modios,

196 2027 306 2105 quia
338 2031 590 2087 centum
606 2024 796 2086 modii
826 2027 1082 2104 propter
1108 2025 1561 2087 abundantiam
1590 2026 1700 2086 mi-

194 2138 284 2178 nus
304 2117 565 2180 locatori
593 2117 895 2178 valerent.

254 2214 372 2289 Ego
404 2211 613 2289 itaque
639 2209 947 2289 imprimis
967 2211 1276 2286 existimO,
1304 2210 1700 2272 consuetudi-

193 2323 307 2364 nem
336 2322 477 2363 eam
507 2303 567 2362 in
597 2303 958 2363 universum
988 2321 1111 2364 non
1143 2322 1277 2364 esse
1297 2349 1312 2380 ,
1363 2309 1432 2365 ut
1460 2303 1698 2364 ratione

192 2396 562 2456 abundantiae
593 2395 692 2454 vel
719 2394 1168 2474 majorislucri,
1194 2396 1485 2474 augendo
1510 2396 1590 2455 sit
1615 2396 1701 2456 lo·
1738 2392 1741 2395 ’

187 2488 419 2549 cationis
446 2486 687 2565 pensio,
724 2505 864 2565 quae
897 2488 976 2547 ab
1008 2488 1184 2548 initio
1216 2492 1577 2549 contractus
1601 2486 1699 2566 ju·

188 2587 263 2640 sta
285 2580 537 2640 decreta
564 2579 681 2640 fuit
731 2599 744 2639 :
801 2578 924 2639 imo
958 2597 1140 2639 usum
1173 2584 1237 2641 et
1261 2580 1503 2658 praxim
1533 2598 1700 2640 com-

187 2692 412 2733 munem
441 2671 756 2745 resistere,
791 2675 858 2732 ut
880 2671 1155 2732 fatentur
1184 2672 1518 2733 Pincianus
1543 2718 1558 2748 ‚
1594 2673 1697 2732 Pi-

189 2766 357 2826 nellus
377 2811 394 2841 ,
464 2766 684 2824 Eman.
740 2764 971 2825 Suarez
991 2811 1009 2836 ,
1071 2765 1316 2826 Valasc.
1363 2762 1695 2840 Salicetus,

189 2877 320 2936 quos
345 2859 532 2917 affert
576 2860 638 2916 et
672 2855 955 2934 sequitur
984 2856 1275 2918 Rebellus
1303 2875 1439 2935 par.
1478 2858 1552 2917 ΙΙ.
1585 2856 1694 2918 lib.

187 2968 296 3011 ω’.
329 2953 551 3028 quaest.
587 2965 671 3008 lx.
727 2965 899 3009 num.
939 2951 994 3009 l.
1048 2949 1273 3028 quibus
1316 2948 1465 3008 addi
1495 2952 1701 3027 potest

186 3045 377 3103 Eman.
413 3044 497 3102 Sa
523 3087 540 3116 ,
594 3040 790 3101 verbo
816 3086 831 3115 ,
883 3039 1184 3101 conductio
1208 3086 1223 3115 ,
1275 3060 1449 3102 num.
1489 3044 1583 3102 12.
1637 3045 1700 3101 et

185 3136 475 3196 Pilliucius
500 3134 638 3195 loco
670 3152 862 3212 supra
889 3133 1079 3195 citato
1099 3180 1116 3210 ,
1169 3133 1446 3195 dicentes
1466 3179 1483 3210 ,
1516 3150 1697 3194 usum

185 3248 288 3289 non
332 3248 466 3288 esse
514 3226 787 3305 augendi
839 3227 1205 3304 pensionem
1261 3246 1337 3287 ex
1385 3226 1502 3287 hac
1549 3244 1699 3286 cau-

183 3342 258 3381 sa.

248 3414 476 3475 Deinde
500 3412 693 3487 add0,
727 3429 843 3473 nec
874 3429 949 3471 ex
969 3410 1136 3490 jure,
1170 3411 1413 3472 seclusa
1442 3428 1698 3472 consuc-

179 3508 394 3583 tudine,
427 3504 645 3584 augeri
679 3503 990 3580 debuisse,
1024 3508 1093 3565 ut
1122 3508 1366 3565 constat
1387 3524 1461 3565 ex
1490 3503 1700 3564 verbis

180 3600 314 3678 legis
342 3618 532 3678 supra
567 3598 810 3672 relatiS,
845 3595 1188 3657 conductori
1213 3596 1583 3657 immodicum
1610 3596 1701 3656 lu-

179 3713 324 3751 crum
353 3712 466 3753 non
493 3692 784 3771 aufertur.
845 3690 913 3750 In
959 3689 1187 3768 quibus
1217 3689 1570 3750 differentia
1598 3708 1700 3748 ex-

181 3804 372 3862 presse
400 3782 798 3846 constituitur
825 3783 988 3843 inter
1017 3782 1259 3842 lucrum
1282 3787 1343 3844 et
1371 3781 1696 3858 damnum,

179 3884 236 3937 ut
261 3878 561 3937 damnum
581 3875 737 3935 adeo
761 3874 1035 3935 notabile
1057 3874 1420 3935 conductori
1440 3874 1701 3953 patienti

180 3969 605 4042 subveniatur,
658 3967 734 4027 de
783 3968 955 4027 lucro
987 3986 1134 4028 vero
1167 3971 1700 4046 qantumcumque

177 4061 232 4120 id
258 4062 355 4135 sit,
388 4061 709 4122 auferatur
737 4059 911 4120 nihil.
948 4062 1082 4121 Non
1106 4078 1254 4139 ergo
1274 4060 1420 4121 licet
1439 4078 1701 4139 arguere

179 4173 212 4213 a
235 4155 495 4234 paritate
523 4154 803 4224 rationis,
831 4152 938 4214 ubi
964 4154 1064 4213 lex
1095 4152 1230 4231 ipsa
1251 4154 1449 4231 magis
1465 4152 1703 4232 prospi-

178 4267 307 4307 cere
337 4248 535 4308 voluit
562 4246 924 4307 conductori
958 4265 1145 4326 quam
1175 4246 1457 4307 locatori.
1524 4245 1701 4306 Ratio

179 4341 358 4401 eliam
386 4340 465 4401 ad
496 4340 660 4400 hanc
689 4339 1114 4400 diversitatem
1142 4358 1267 4400 non
1290 4339 1524 4400 defuit:
1558 4338 1704 4418 quia

178 4433 461 4494 nimirum
491 4433 782 4494 sterilitas
811 4432 1125 4493 fructuum
1153 4432 1455 4492 damnum
1484 4431 1707 4492 intole-

177 4525 365 4586 rabile
392 4526 618 4585 misero
650 4524 1015 4585 conductori
1064 4524 1400 4595 afferebam
1460 4524 1706 4584 lucrum

177 4638 318 4680 vero
352 4619 570 4698 ingens
598 4617 881 4698 ejusdem
925 4617 1076 4676 nulli
1119 4635 1372 4695 prorsus
1403 4617 1701 4688 nocebat;

178 4731 316 4771 cum
367 4731 486 4773 non
539 4711 681 4772 ideo
729 4712 968 4771 locator
1016 4708 1353 4789 quicquam
1414 4710 1708 4788 perderet

177 4804 487 4883 pensionis
514 4804 973 4882 sibipromissae
1035 4822 1048 4863 :
1113 4802 1308 4863 voluit
1352 4803 1562 4881 itaque
1608 4802 1710 4861 lex

178 4898 406 4957 misero
435 4898 770 4957 subvenire
789 4944 807 4972 ,
859 4914 934 4955 ne
957 4895 1273 4975 jacturam
1303 4895 1535 4956 faceret
1563 4914 1709 4955 suo-

177 5009 313 5050 rum
342 4990 654 5050 bonorum
702 4989 834 5048 sine
864 4988 991 5048 ulla
1021 5007 1276 5066 prorsus
1306 4988 1711 5048 commisera-

178 5084 347 5143 tione
380 5088 482 5144 aut
505 5081 785 5143 subsidio
820 5101 832 5142 :
885 5100 1010 5142 non
1053 5085 1264 5141 tamen
1295 5099 1547 5141 necesse
1577 5084 1712 5141 erat

175 5175 439 5236 locatori
467 5175 802 5235 subvenire
849 5179 918 5235 ut
966 5174 1107 5253 plus
1145 5173 1335 5235 etiam
1362 5174 1712 5234 lucraretur

175 5288 372 5348 quam
413 5269 674 5347 ipsemet
719 5286 836 5328 sua
881 5272 1213 5328 contentus
1258 5271 1425 5327 sorte
1482 5267 1712 5327 lucrari

174 5362 483 5422 voluerat.
542 5366 749 5434 Quare
797 5380 1001 5440 neque
1049 5361 1110 5420 in
1165 5378 1313 5420 casu
1372 5360 1714 5420 molendini

175 5455 396 5532 plures
419 5455 645 5515 reditus
676 5453 993 5513 afferentis
1023 5453 1102 5513 ob
1121 5453 1380 5513 aliorum
1411 5453 1714 5513 molendi-

175 5566 410 5607 norum
437 5548 676 5608 ruinam
704 5593 719 5623 ,
772 5566 974 5626 neque
1024 5546 1086 5605 in
1117 5546 1241 5607 ullo
1273 5546 1392 5606 alio
1424 5546 1716 5624 augenda

3215 388 3333 448 453

1798 551 2048 614 videtur
2076 554 2314 631 pensio,
2336 554 2385 614 si
2416 573 2561 617 rere
2592 557 2766 620 initio
2788 563 3142 621 contractus
3163 560 3334 640 justa

1801 661 1878 704 ox
1907 645 2231 725 utriusque
2261 664 2566 709 consensu
2598 655 2827 713 statuta
2856 652 2993 715 fuit.

1880 737 2110 798 Ultimo
2142 738 2262 799 hac
2290 741 2617 802 occasione
2648 744 2919 805 dubitari
2952 749 3199 823 posset,
3251 765 3330 807 an

1798 829 1959 891 sicut
1988 831 2066 891 ob
2096 832 2484 893 sterilitatem
2532 840 2595 896 et
2638 834 2950 897 defectum
2988 838 3326 915 fructuum,

1800 921 2014 1000 pensio
2046 923 2412 985 conductori
2453 928 2830 989 remittenda
2858 933 2949 990 cst
2993 931 3092 990 vcl
3121 931 3330 992 mode-

1799 1015 2028 1086 randa;
2062 1016 2152 1076 sic
2182 1017 2369 1077 etiam
2408 1020 2624 1098 pensio
2657 1021 3076 1083 ecclesiastica
3102 1024 3331 1084 benefi-

1800 1107 1895 1167 cio
1926 1106 2215 1186 imposita
2260 1111 2636 1173 remittenda
2670 1114 2765 1173 vel
2813 1115 3202 1175 moderanda
3229 1117 3329 1193 sit,

1801 1199 2052 1277 quando
2095 1201 2533 1264 beneficiarius
2580 1205 2816 1284 absque
2860 1226 2974 1266 sua
3003 1208 3187 1286 culpa
3214 1209 3337 1268 fru-

1801 1296 1936 1352 ctus
1964 1291 2250 1352 beneficii
2304 1313 2425 1353 non
2456 1297 2719 1374 percipit
2750 1297 2828 1358 ob
2858 1298 3087 1358 bellum
3114 1345 3129 1376 ‚
3162 1299 3335 1360 steri-

1799 1382 2060 1457 litatem,
2096 1384 2193 1443 vel
2225 1386 2377 1446 alias
2407 1387 2639 1448 similes
2670 1408 2913 1466 causaS,
2947 1394 3010 1452 et
3037 1410 3116 1451 an
3159 1391 3220 1451 id
3251 1392 3336 1452 lo-

1800 1493 1942 1536 cum
1994 1476 2256 1554 habeat,
2317 1479 2562 1540 etiamsi
2616 1483 2831 1559 pensio
2887 1483 3177 1562 imposita
3222 1483 3338 1544 fuit

1801 1586 1944 1629 cum
1973 1569 2273 1647 clausula,
2309 1577 2376 1632 ut
2405 1572 2710 1635 fructibus
2740 1575 2927 1636 ctiam
2960 1594 3082 1635 non
3115 1593 3336 1653 perce-

1799 1661 1920 1741 ptis
1950 1661 2248 1725 solvatur.
2306 1666 2452 1724 Haec
2500 1669 2708 1726 tamen
2740 1667 3053 1745 pertinent
3082 1667 3334 1746 proprie

1799 1753 1879 1813 ad
1911 1757 2247 1815 tractatum
2279 1755 2356 1815 de
2396 1757 2715 1818 beneflciis
2739 1804 2753 1833 ,
2813 1763 2876 1819 et
2903 1760 2979 1818 de
3012 1759 3107 1819 his
3136 1759 3335 1820 videri

1801 1850 2060 1924 possunt
2089 1846 2405 1908 Filliucius
2436 1849 2495 1908 in
2527 1849 2866 1930 Appendices
2894 1857 2956 1913 et
2980 1856 3060 1913 tr.
3094 1869 3238 1913 xm.
3272 1871 3327 1914 c.

1798 1942 1857 1999 6.
1893 1944 1956 1999 et
1984 1940 2199 2000 Castro
2230 1941 2418 2001 Palao
2450 1945 2600 2003 tom.
2636 1944 2709 2003 ll.
2745 1947 2927 2004 tract.
2962 1961 3099 2006 xm.
3141 1944 3211 2005 de
3244 1945 3333 2005 be-

1799 2031 2040 2111 neficiis,
2075 2032 2234 2112 disp.
2271 2035 2315 2094 1.
2352 2040 2583 2112 puncto
2615 2053 2700 2097 x1.
2731 2038 2787 2116 ἓ.
2823 2040 2880 2098 6.
2918 2057 3023 2099 nu.
3056 2041 3116 2099 5.
3150 2042 3212 2099 et
3240 2057 3332 2099 se·

1801 2124 2157 2203 quentibus.

2247 2547 2674 2631 suerio
2764 2550 2884 2630 ΙΙΙ.

1799 2856 1888 2918 De
1913 2857 2195 2917 locatione
2209 2875 2520 2936 operarum
2538 2854 2957 2936 personalium,
2982 2864 3037 2916 et
3060 2853 3130 2917 de
3139 2857 3331 2936 samu-

2308 2960 2496 3020 Iorum
2523 2958 2826 3042 stipendio,

1879 3228 2181 3303 DiximuS,
2213 3227 2602 3306 locariposse
2625 3229 2688 3287 et
2715 3244 2848 3287 rem
2879 3230 2940 3288 et
2967 3244 3322 3306 personam,

1798 3327 1859 3383 et
1887 3320 2173 3400 quamvis
2222 3337 2360 3398 quae
2413 3319 2580 3380 dicta
2626 3321 2773 3378 sunt
2813 3319 2891 3379 de
2929 3319 3238 3379 locatione
3269 3321 3331 3378 et

1796 3413 2096 3493 pensione
2127 3412 2190 3470 in
2221 3412 2539 3472 communi
2563 3458 2578 3487 ,
2632 3411 2763 3471 iere
2823 3428 2947 3471 non
2984 3412 3190 3472 minus
3219 3430 3330 3490 ap-

1798 3506 2014 3586 plicari
2045 3506 2287 3584 possint
2331 3506 2412 3565 ad
2456 3504 2827 3565 locationem
2857 3523 3171 3583 personae;
3219 3504 3333 3564 ali-

1799 3618 1925 3679 qua
1954 3603 2165 3660 tamen
2212 3598 2274 3656 in
2309 3597 2666 3675 particulari
2699 3598 3055 3658 examinare
3086 3599 3332 3675 oportet

1800 3693 1877 3753 de
1911 3692 2030 3752 hoc
2057 3694 2380 3752 contractu
2408 3735 2422 3765 ,
2472 3695 2657 3768 prout
2684 3691 3054 3751 terminatur
3078 3691 3160 3750 ad
3192 3708 3335 3768 per-

1800 3802 2005 3844 sonas,
2040 3785 2117 3843 Et
2145 3782 2487 3861 imprimis,
2539 3782 2697 3842 sicut
2736 3782 3006 3841 diximus
3051 3800 3194 3842 eum
3226 3780 3329 3859 qui

1801 3875 2093 3938 conducit
2111 3876 2369 3935 domum
2400 3875 2459 3934 in
2493 3892 2760 3946 annum,
2812 3874 3041 3934 debere
3090 3874 3332 3934 solvere

1800 3970 2166 4049 pensionem
2196 3968 2504 4045 integram
2531 3966 2791 4027 locatori
2817 4011 2831 4041 ,
2882 3966 2933 4025 si
2962 3985 3076 4043 per
3102 3965 3334 4026 condu-

1802 4068 2038 4124 ctorem
2061 4064 2205 4136 stat,
2239 4078 2314 4118 ne
2346 4063 2558 4120 utatur
2587 4058 2796 4134 domo,
2825 4057 2942 4118 nisi
2970 4059 3127 4119 forte
3156 4057 3336 4119 alteri

1801 4156 2006 4215 locata
2034 4155 2133 4228 sit,
2169 4172 2292 4232 quo
2322 4170 2469 4212 casu
2500 4153 2716 4231 pensio
2753 4151 3046 4211 secundae
3074 4151 3337 4212 locatio-

1803 4248 1900 4311 nis
1928 4246 2171 4308 detrahi
2198 4244 2385 4306 debet
2413 4244 2491 4303 de
2521 4244 2820 4323 pensione
2838 4244 3105 4305 debitaa
3133 4245 3337 4323 primo

1805 4340 2185 4400 conductore
2230 4358 2243 4399 ε
2296 4338 2384 4398 sic
2426 4337 2762 4398 dicendum
2804 4342 2899 4397 est
2943 4335 3021 4397 de
3052 4337 3338 4415 operario

1805 4432 2115 4493 conducto
2149 4432 2227 4491 ad
2244 4431 2692 4503 laborandum;
2726 4431 2778 4490 si
2808 4430 2970 4490 enim
2995 4450 3107 4509 per
3135 4432 3338 4510 ipsum

1806 4545 1930 4587 non
1953 4529 2106 4601 stet,
2154 4525 2266 4584 sed
2315 4543 2428 4603 per
2470 4524 2810 4584 locatorem
2855 4523 2963 4602 qui
2993 4542 3184 4602 opera
3214 4542 3338 4583 non

1806 4619 2065 4696 indiget,
2100 4616 2309 4678 adhuc
2339 4616 2601 4676 debetur
2631 4615 2685 4675 ei
2728 4634 2968 4676 merces
2993 4662 3008 4691 ,
3064 4612 3181 4675 nisi
3207 4616 3341 4694 ipse

1807 4715 2025 4790 postea
2053 4710 2230 4770 alteri
2262 4728 2330 4772 so
2359 4710 2558 4785 locet,
2610 4727 2732 4787 quo
2764 4727 2911 4769 casu
2960 4708 3202 4769 detrahi
3234 4708 3344 4767 de-

1806 4805 1914 4866 bet
1942 4803 2077 4863 haec
2105 4820 2346 4863 merces
2394 4820 2468 4860 ex
2516 4820 2589 4862 eo
2635 4801 2803 4880 quod
2836 4804 3075 4879 pirmus
3107 4800 3344 4861 condu-

1810 4901 1946 4957 ctor
1994 4895 2305 4970 debebat,
2371 4898 2438 4955 ut
2483 4912 2624 4955 cum
2676 4892 2812 4953 aliis
2861 4893 3043 4955 docet
3094 4893 3342 4954 Lessius

1810 4989 1976 5050 dicto
2007 5007 2103 5051 ca.
2139 4990 2355 5049 xxiv.
2393 4987 2542 5047 dub.
2581 5003 2648 5047 11.
2685 5006 2747 5047 n.
2781 4989 2879 5047 ll.
2915 4987 3138 5047 eadem
3178 4987 3343 5045 enim

1811 5086 1906 5144 est
1932 5080 2089 5142 ratio
2122 5080 2331 5160 quoad
2361 5080 2482 5140 hoc
2531 5079 2608 5139 de
2639 5079 2826 5139 domo
2878 5082 2940 5139 et
2967 5078 3045 5138 de
3076 5096 3345 5158 persona

1809 5176 2037 5237 locata.

1891 5266 2289 5329 Contrarium
2317 5270 2523 5327 tamen
2571 5265 2783 5326 docuit
2828 5265 3028 5326 Diana
3072 5266 3146 5326 11.
3188 5267 3340 5326 tom.

1810 5365 1990 5424 tract.
2028 5377 2113 5420 vl.
2151 5358 2388 5419 miscell.
2424 5358 2606 5419 resol.
2650 5361 2745 5419 M.
2781 5357 2884 5418 ubi
2916 5358 3025 5434 ait,
3059 5356 3344 5418 excusari

1813 5453 2261 5514 conductorem
2293 5470 2329 5511 a
2354 5451 2644 5511 mercede
2675 5450 3007 5526 solvenda,
3045 5451 3096 5509 si
3127 5469 3344 5530 opera·

1815 5545 1945 5607 rius
1974 5545 2055 5604 ab
2097 5563 2171 5605 eo
2210 5544 2577 5623 tempestive
2622 5543 3029 5621 praemonitus
3057 5543 3259 5623 potuit
3285 5562 3350 5604 se

3477 762 3557 822 53

3436 885 3540 949 Quid
3572 885 3625 928 de

3428 952 3623 993 pensione

3382 993 3679 1036 ecclesiastica.

3476 3238 3554 3296 54

3397 3362 3567 3425 Quando
3586 3375 3659 3417 per

3406 3428 3632 3468 operarium

3402 3469 3647 3511 conductum

3380 3534 3460 3564 non
3494 3527 3589 3569 stat,
3623 3534 3676 3563 au

3397 3575 3593 3616 debeatur
3610 3575 3650 3616 ei

3380 3640 3539 3670 merces
3565 3628 3678 3670 inte-

3487 3692 3575 3735 gra.

3493 5276 3570 5334 55

3440 5398 3651 5461 Contraria

3444 5458 3644 5496 scamma

3417 5507 3694 5563 impugnatur.
