4263 6376
1191 387 1659 454 DISPUTATIO
1703 382 1919 456 XXXI,
1969 374 2243 440 SECTIO
2286 372 2361 432 11.

171 573 448 634 diximus
477 574 670 635 etiam
699 573 859 651 disp.
896 588 990 632 111.
1025 573 1178 631 sect.
1203 574 1262 630 7.
1316 584 1432 628 nec
1470 564 1718 643 oportet

173 666 272 727 hic
334 672 644 745 repetere.
724 665 937 727 Videri
994 664 1183 726 etiam
1238 665 1443 742 potest
1485 656 1717 719 Molina

3227 352 3344 413 507

1897 552 2188 618 Secunda
2215 545 2523 610 sententia
2552 546 2831 603 extrema
2854 538 3060 610 docet,
3094 527 3344 611 quando

1813 647 2036 712 tractio
2069 648 2165 706 est
2191 660 2334 704 cum
2361 636 2679 711 violentia,
2711 635 2822 695 aut
2848 633 3018 690 metu
3047 623 3225 705 gravi
3253 621 3347 681 in-

173 749 338 839 dis'p.
374 763 513 822 520.
549 764 611 821 et
640 760 816 821 Salas
846 759 996 820 dub.
1039 775 1139 819 ΧΥ.
1175 756 1282 836 qui
1310 751 1564 816 deludo
1592 767 1718 810 ser-
1809 741 2012 822 just-0,
2060 755 2184 798 non
2235 734 2433 795 solum
2483 730 2712 791 debere
2748 723 3076 786 restituere
3101 718 3348 777 lucrum

172 871 405 913 vorum
435 857 649 931 agunt.
709 855 797 914 De
826 870 1019 913 uxore
1050 851 1237 912 etiam
1263 896 1278 926 ,
1314 868 1391 908 an
1423 850 1485 906 et
1522 861 1722 924 quan-

172 951 310 1008 tum
344 947 541 1024 possit
578 945 757 1026 juxta
795 945 891 1005 sui
936 950 1133 1006 status
1171 941 1592 1004 conditionem
1621 954 1720 995 ex-

174 1040 461 1118 pendere
489 1044 551 1100 et
569 1039 829 1115 donare,
863 1039 1133 1098 diximus
1163 1037 1324 1114 disp.
1358 1051 1459 1094 xx.
1484 1035 1635 1092 sect.
1654 1033 1715 1090 4.

173 1132 387 1192 videri
441 1136 643 1210 potest
694 1131 928 1194 Molina
957 1131 1018 1192 d.
1053 1130 1213 1210 disp.
1247 1131 1385 1191 520.
1439 1131 1501 1188 61
1546 1124 1722 1186 Salas

175 1225 334 1287 dub.
371 1242 549 1288 xvm.
1482 1267 1491 1276 .

866 1599 923 1678 ς.
958 1601 1020 1662 2.

177 1867 268 1928 De
294 1864 553 1928 secunda
578 1862 937 1940 conditione,
988 1862 1147 1944 quod
1179 1862 1378 1923 ludens
1416 1860 1497 1923 ad
1522 1859 1723 1922 ludum

776 1990 891 2031 non
918 1979 1185 2052 cogatur.

264 2223 569 2286 Secunda
624 2220 896 2283 conditio
945 2221 1025 2282 ad
1072 2220 1204 2281 ludi
1243 2219 1549 2301 justitiam
1594 2222 1728 2280 erat

179 2320 489 2393 libertaS,
539 2321 724 2395 prout
751 2314 1277 2393 condistinguitur
1324 2332 1361 2372 a
1406 2312 1726 2374 coactione

184 2417 247 2473 et
301 2410 475 2472 dulc.
527 2410 704 2471 Circa
750 2427 939 2487 quam
986 2406 1408 2468 conditionem
1456 2406 1729 2466 videnda

181 2509 344 2565 sunt
367 2550 382 2580 ,
418 2520 557 2582 quae
586 2501 855 2561 diximus
895 2501 956 2562 d.
991 2500 1221 2579 disput.
1259 2499 1328 2560 de
1353 2508 1634 2560 contract.
1669 2498 1730 2558 in

180 2596 508 2673 communi,
560 2599 709 2656 sect.
744 2598 803 2656 6.
852 2598 914 2656 et
942 2600 1001 2656 7.
1053 2593 1157 2654 ubi
1206 2594 1327 2654 late
1378 2592 1619 2671 egimus
1649 2593 1727 2653 de

179 2692 340 2753 dolo
373 2695 439 2751 et
465 2693 657 2765 metu,
693 2706 773 2747 an
803 2687 1049 2748 irritent
1075 2690 1431 2748 contractus
1453 2735 1466 2761 ,
1499 2686 1598 2746 vel
1627 2705 1729 2746 so—

178 2788 321 2847 lum
385 2783 538 2843 dent
587 2781 693 2860 jus
748 2781 958 2841 dolum
992 2780 1089 2840 vel
1141 2783 1380 2840 metum
1421 2798 1604 2858 passo
1647 2780 1728 2840 ad

179 2880 374 2939 illum
404 2874 889 2936 rescindendum
924 2894 936 2933 :
981 2873 1151 2953 quod
1179 2872 1345 2933 enim
1377 2873 1461 2932 ibi
1488 2873 1565 2933 de
1593 2873 1729 2933 aliis

181 2968 624 3034 contractibus
652 2968 890 3028 dictum
921 2972 1044 3042 est,
1078 2966 1140 3024 id
1174 2969 1373 3026 totum
1404 2966 1481 3025 ad
1511 2966 1730 3026 ludum

183 3061 504 3145 applicari
533 3065 758 3140 potest.
803 3062 881 3120 Et
908 3064 976 3119 ut
1006 3077 1042 3118 a
1070 3058 1451 3119 facilioribus
1480 3059 1736 3138 incipia-

181 3178 343 3220 mus
368 3205 383 3229 ,
447 3174 520 3217 ex
564 3155 649 3215 ibi
705 3153 888 3215 dictis
919 3156 1163 3214 constat
1190 3156 1579 3213 contractum
1610 3172 1733 3215 non

184 3271 339 3313 esse
370 3249 614 3310 irritum
643 3246 883 3309 ratione
912 3250 1117 3306 metus
1145 3245 1240 3305 vel
1272 3245 1508 3306 fraudis
1531 3292 1547 3322 ,
1595 3264 1734 3325 quae

185 3364 330 3407 non
362 3345 646 3403 versetur
674 3340 839 3400 circa
869 3337 1317 3411 substantiam;
1363 3357 1497 3398 esse
1526 3343 1737 3401 tamen

186 3439 513 3519 injustum
556 3453 629 3494 ex
661 3438 837 3512 parte
866 3431 1001 3512 ejus
1038 3431 1141 3510 qui
1171 3435 1443 3508 metum,
1491 3432 1589 3492 vel
1620 3431 1736 3492 do-

183 3534 333 3594 lum
367 3530 595 3607 injuste
633 3526 886 3588 intulit:
942 3524 1048 3587 ubi
1092 3524 1281 3585 etiam
1312 3524 1610 3600 vidimuS,
1659 3544 1739 3586 an

189 3630 261 3687 et
317 3621 570 3702 quando
629 3620 1001 3699 importunae
1052 3637 1272 3698 preces
1327 3619 1745 3698 aequivaleant

187 3716 428 3779 metui.
474 3713 797 3792 Praecipua
844 3713 1057 3791 itaque
1102 3712 1436 3772 difficultas
1467 3716 1598 3788 est,
1661 3729 1740 3771 an

187 3813 458 3872 lucrum
504 3826 579 3867 ex
632 3806 780 3866 ludo
827 3805 907 3865 ob
952 3809 1192 3865 metum
1237 3810 1525 3885 suscepto
1567 3804 1745 3867 resti-

188 3902 519 3967 tuendum
548 3899 664 3961 sit?

287 3994 504 4058 Prima
544 3991 855 4052 sententia
884 3990 1107 4068 docet,
1159 3991 1513 4052 trahentem
1557 3991 1746 4052 alium

194 4091 288 4152 ad
322 4087 573 4162 ludum,
607 4083 1199 4163 quomodocumque
1229 4084 1483 4157 trahat,
1518 4084 1746 4145 dehere

195 4186 264 4246 ei
296 4180 629 4243 restituere
659 4182 862 4240 totum
888 4177 1156 4238 lucrum.
1192 4179 1343 4238 Haec
1374 4177 1565 4239 tribui
1594 4178 1752 4240 solet

196 4282 271 4341 S.
313 4275 436 4336 Th.
468 4278 533 4336 2.
565 4276 623 4334 2.
659 4274 883 4352 quaest.
916 4286 1110 4332 xxxn.
1145 4275 1264 4332 art.
1298 4275 1355 4331 7.
1392 4270 1473 4331 ad
1502 4275 1560 4331 2.
1598 4272 1747 4331 etin

194 4374 317 4435 IV.
356 4369 498 4430 dist.
536 4384 638 4428 xv.
694 4384 799 4445 qu.
834 4381 904 4425 11.
956 4382 1046 4425 ar.
1080 4368 1141 4424 4.
1176 4368 1396 4444 quaest.
1429 4367 1488 4424 3.
1541 4364 1619 4424 ad
1653 4382 1750 4423 se-

198 4463 516 4527 cundum.
565 4460 688 4521 Alii
738 4462 949 4520 tamen
997 4458 1214 4519 dicunt
1254 4457 1576 4518 doctorem
1604 4474 1750 4517 sau-

199 4565 387 4622 ctum
436 4573 561 4615 non
589 4552 765 4633 loqui
810 4551 888 4611 de
920 4550 1201 4631 qualibet
1235 4550 1540 4612 tractione
1564 4596 1579 4625 ,
1637 4549 1747 4610 sed

199 4656 289 4715 de
322 4650 619 4724 violenta,
654 4664 801 4706 nam
832 4644 1114 4706 volentes
1144 4663 1270 4706 non
1303 4644 1609 4706 trahimus
1639 4642 1750 4704 sed

200 4745 506 4807 ducimus
530 4787 545 4817 ,
598 4741 879 4801 nolentes
909 4741 1118 4798 autem
1146 4738 1473 4799 trahimus,
1526 4740 1645 4798 Pro
1677 4755 1751 4796 ea

204 4855 365 4901 vero
416 4833 725 4896 sententia
770 4831 1061 4892 videntur
1106 4849 1241 4892 esse
1283 4833 1493 4892 Innoc.
1528 4830 1746 4892 Palud.

200 4937 608 4996 Turrecrem.
657 4930 719 4987 et
744 4925 1056 4999 Tabiena,
1108 4925 1360 5004 quando
1402 4924 1629 5003 aliquis
1677 4943 1750 4983 ex

204 5022 563 5104 cupiditate
616 5019 774 5080 lucri
832 5017 1023 5077 alium
1069 5017 1298 5096 trahit,
1359 5036 1515 5098 quos
1562 5016 1754 5078 refert

208 5116 454 5181 Sanch.
503 5113 652 5174 dub.
687 5128 772 5172 lx.
808 5128 979 5171 num.
1018 5113 1072 5171 1.
1126 5115 1189 5172 61
1229 5110 1333 5170 alii
1376 5128 1532 5189 quos
1575 5112 1756 5170 affert

206 5207 452 5271 Molina
481 5205 642 5283 disp.
676 5206 814 5265 516.
851 5202 915 5261 in
944 5203 1054 5263 fin.
1088 5205 1234 5264 Haec
1261 5206 1471 5263 tamen
1501 5205 1755 5263 senten-

206 5304 303 5365 tia
332 5297 754 5362 communiter
795 5295 1077 5375 rejicitur
1103 5343 1119 5373 ,
1180 5301 1243 5357 et
1282 5295 1505 5356 merito
1530 5341 1546 5371 ‚
1607 5294 1755 5374 quia

206 5410 441 5476 preces
468 5390 566 5451 vel
586 5388 869 5450 invitatio
891 5388 1153 5467 simplex
1178 5388 1411 5449 nullam
1435 5387 1757 5448 continent

210 5485 520 5568 injuriam
543 5531 558 5560 ,
601 5501 718 5543 nec
748 5481 945 5542 ullum
974 5486 1236 5544 causant
1263 5470 1753 5543 involuntarium

210 5580 415 5645 etiam
442 5577 724 5640 mixtum.

1818 851 1961 895 eum
1992 830 2097 911 qui
2129 827 2336 902 traxit,
2371 823 2480 885 sed
2510 823 2698 883 etiam
2729 817 2833 899 qui
2864 819 3097 877 tractus
3125 808 3259 881 fuit,
3297 805 3346 866 si

1816 928 1949 1005 ipse
1978 926 2281 986 lucratur.
2321 922 2413 980 Ita
2441 915 2739 989 Victoria,
2771 909 2930 972 Lud.
2964 909 3168 983 Lopez
3189 949 3204 979 ‚
3238 900 3344 962 Al-

1819 1039 1950 1081 coz.
1982 1015 2298 1079 Francisc.
2334 1014 2513 1073 Garz.
2562 1013 2624 1069 et
2652 1006 2752 1068 alii
2786 1021 2941 1084 quos
2967 999 3160 1062 refert
3187 996 3348 1057 San-

1820 1113 1971 1174 chez
2001 1110 2151 1172 dub.
2186 1124 2272 1168 xl.
2307 1126 2369 1167 n.
2406 1107 2463 1166 1.
2497 1102 2731 1175 dicenS,
2766 1098 2936 1158 illam
2966 1109 3100 1154 esse
3129 1087 3351 1170 proba-

1819 1206 2010 1266 bilem
2036 1250 2051 1279 ,
2104 1201 2254 1281 quia
2284 1215 2427 1259 cum
2470 1195 2657 1256 ludus
2703 1192 2875 1271 petat
2902 1183 3344 1266 aequalitatem,

1820 1314 2074 1359 necesse
2105 1298 2218 1366 est,
2255 1296 2324 1352 ut
2352 1290 2450 1349 vel
2482 1292 2744 1366 uterque
2772 1282 2873 1343 vel
2903 1282 3123 1341 neuter
3156 1272 3351 1355 possit

1815 1388 2046 1451 lucrari
2081 1408 2094 1448 :
2133 1403 2327 1466 quare
2358 1400 2501 1443 cum
2531 1378 2784 1441 trahens
2812 1371 3043 1436 lucrari
3073 1387 3194 1430 non
3214 1384 3352 1447 pos-

1819 1484 1937 1559 sit,
1990 1497 2244 1541 necesse
2291 1480 2387 1538 est
2432 1471 2600 1553 quod
2652 1487 2855 1549 neque
2899 1464 3088 1526 etiam
3115 1463 3352 1522 tractus

1819 1574 2017 1656 possit
2043 1593 2058 1646 ;
2093 1569 2374 1649 alioquin
2404 1571 2614 1648 possset
2641 1563 2844 1623 solum
2873 1555 3103 1621 lucrari
3134 1557 3198 1614 et
3226 1569 3350 1612 non

1819 1668 2107 1748 perdere.

1898 1758 2108 1822 Tertia
2138 1753 2445 1817 sententia
2475 1751 2679 1826 docet,
2713 1749 3007 1809 neutrum
3032 1738 3230 1805 teneri
3257 1755 3351 1800 re-

1821 1853 2078 1914 stituere
2104 1850 2350 1909 lucrum
2371 1891 2387 1923 ,
2430 1845 2578 1905 licet
2604 1841 2859 1903 trahens
2884 1855 3027 1899 cum
3058 1830 3355 1895 violentia

1821 1947 2049 2025 injusta
2078 1942 2298 2023 peccet
2325 1942 2544 1999 contra
2565 1933 2894 2014 justitiam.
2940 1932 3116 1991 Hanc
3139 1927 3355 1987 tenent

1822 2038 2053 2100 Molina
2100 2034 2162 2094 d.
2214 2033 2375 2109 disp.
2409 2033 2548 2092 516.
2602 2033 2664 2090 et
2691 2023 3003 2087 Francisc.
3039 2018 3259 2082 Garzia
3286 2015 3356 2076 de

1822 2137 2103 2191 contract.
2138 2146 2273 2205 par.
2309 2141 2377 2185 11.
2431 2142 2486 2184 c.
2524 2123 2619 2183 19.
2655 2124 2718 2181 61
2744 2115 3133 2199 probabilem
3164 2109 3353 2172 etiam

1824 2223 1975 2285 dicit
2002 2221 2202 2283 Diana
2233 2220 2280 2281 1.
2315 2221 2467 2280 tom.
2517 2231 2586 2275 11.
2639 2232 2700 2293 p.
2736 2218 2813 2273 tr.
2849 2226 2946 2271 111.
2977 2204 3224 2270 Mtscell.
3257 2221 3353 2262 re-

1824 2317 1937 2379 sol.
1962 2318 2060 2376 27.
2094 2310 2242 2392 quia
2259 2311 2405 2369 licet
2423 2303 2840 2368 intercesserit
2868 2296 3356 2366 involuntarium

1825 2409 2089 2470 mixtum
2116 2423 2192 2464 ex
2222 2407 2400 2482 parte
2433 2400 2649 2475 tracti,
2682 2397 2799 2458 fuit
2825 2401 3038 2458 tamen
3067 2392 3355 2453 volunta-

1826 2503 1989 2563 rium
2017 2496 2403 2577 simpliciter,
2438 2492 2604 2573 quod
2627 2490 2855 2552 sufficit
2883 2488 2962 2548 ad
2983 2485 3356 2552 transferen-

1828 2597 1979 2657 dum
2009 2589 2356 2652 dominium
2384 2586 2574 2658 lucri;
2626 2589 2690 2646 et
2734 2586 2989 2663 propter
3018 2578 3141 2639 alia
3169 2594 3358 2654 argu-

1826 2691 2038 2751 menta
2085 2703 2226 2765 quae
2273 2684 2493 2761 postea
2543 2678 2889 2738 referemus
2945 2676 3008 2734 et
3052 2669 3357 2734 dissolve—

1827 2801 1987 2842 muS.

1910 2874 2144 2947 Quarta
2171 2865 2521 2930 communis
2567 2868 2629 2925 et
2657 2860 2862 2923 verior
2903 2856 3212 2921 sententia
3241 2854 3355 2917 do-

1830 2973 1931 3030 cet
1953 3013 1968 3042 ,
2018 2965 2166 3025 licet
2192 2962 2295 3022 illo
2343 2959 2451 3039 qui
2479 2956 2705 3037 injuste
2732 2954 2999 3016 trahitur
3026 2954 3089 3014 et
3114 2948 3358 3028 cogitur
3405 2978 3513 3022 Vera
3532 2977 3705 3016 senten-

1832 3058 2029 3139 possit
2053 3053 2285 3116 lucrari
2315 3056 2378 3112 et
2403 3051 2648 3110 lucrum
2677 3046 2969 3121 retinere,
3003 3042 3357 3108 trahentem
3407 3031 3468 3074 ¹¹⁸
3496 3028 3706 3087 rfflbtfflr·

1832 3160 2043 3215 tamen
2072 3148 2123 3209 si
2151 3147 2446 3219 lucretur,
2481 3142 2710 3203 debere
2737 3140 2981 3201 lucrum
3008 3139 3207 3200 tracto
3235 3151 3361 3197 res-

1833 3246 2082 3307 tituere.
2108 3243 2283 3301 Hanc
2307 3237 2532 3315 probat
2560 3236 2681 3295 late
2702 3232 2949 3294 Lessius
2970 3248 3109 3310 cap.
3141 3228 3358 3291 XXVI.

1837 3339 1986 3399 dub.
2039 3352 2108 3395 11.
2170 3349 2345 3391 num.
2377 3332 2435 3390 9.
2496 3328 2644 3389 licet
2685 3326 2935 3388 Molinae
2991 3320 3367 3384 sententiam

1838 3426 2231 3511 probabilem
2262 3423 2449 3485 etiam
2480 3422 2648 3482 dicat
2667 3466 2682 3496 ,
2717 3417 2998 3480 Sanchez
3025 3433 3175 3476 vero
3205 3413 3369 3473 hanc

1839 3527 2131 3604 quartam
2188 3523 2258 3579 ut
2312 3520 2548 3577 certam
2605 3517 2668 3574 et
2728 3527 3128 3573 communem
3180 3505 3372 3569 tradit

1840 3634 2012 3677 num.
2045 3616 2104 3674 3.
2141 3615 2204 3672 et
2230 3609 2334 3671 alii
2365 3626 2582 3669 omnes
2613 3623 2769 3686 quos
2794 3605 2974 3665 affert
3001 3605 3064 3663 et
3089 3599 3372 3683 sequitur

1843 3709 2018 3772 Salas
2046 3704 2196 3765 dub.
2233 3720 2319 3764 vi.
2357 3721 2395 3761 n
2450 3705 2509 3762 2.

1922 3804 2041 3863 Pro
2072 3795 2251 3875 cujus
2279 3793 2649 3874 probatione
2696 3791 2956 3852 adverto
2983 3834 2999 3864 ‚
3049 3805 3173 3847 non
3213 3785 3371 3845 bene

1843 3895 2007 3955 hanc
2033 3888 2482 3968 obligationem
2511 3884 2764 3965 probari
2806 3902 2882 3942 ex
2923 3899 2997 3943 eo
3028 3878 3196 3960 quod
3226 3895 3375 3939 con-

1843 3990 2079 4050 tractus
2108 3986 2281 4043 metu
2310 3980 2499 4041 initus
2527 3978 2607 4039 sit
2632 3977 2842 4038 irritus
2861 4022 2877 4054 ,
2921 3975 3100 4053 cujus
3129 3973 3377 4034 contra-

1845 4081 2009 4141 rium
2037 4078 2174 4138 loco
2214 4074 2317 4136 cit.
2353 4072 2624 4133 diximus
2657 4092 2670 4133 :
2723 4088 2927 4150 neque
2957 4067 3146 4133 etiam
3195 4083 3270 4126 ex
3300 4080 3375 4124 eo

1848 4173 2017 4254 quod
2047 4172 2286 4230 metum
2313 4165 2616 4246 injustum
2660 4182 2882 4244 passus
2929 4161 3122 4222 habet
3141 4158 3246 4241 jus
3275 4175 3378 4217 re—

1847 4263 2175 4327 scindendi
2204 4263 2600 4323 contractum
2629 4257 2804 4317 illum
2826 4303 2840 4332 ,
2874 4259 2945 4317 ut
2972 4253 3124 4315 ibid.
3160 4248 3378 4313 docui-

1847 4379 2008 4421 mus,
2050 4360 2182 4417 Hoc
2212 4354 2402 4428 enim,
2438 4356 2506 4412 ut
2532 4351 2693 4411 hene
2727 4349 2953 4429 probat
2975 4347 3121 4411 Mol.
3153 4360 3377 4424 parum

1847 4451 2173 4532 prodesset
2202 4448 2266 4508 iu
2295 4464 2443 4506 casu
2473 4449 2684 4505 nostro
2720 4463 2733 4503 :
2768 4443 2917 4521 quia
2944 4441 3146 4502 solum
3175 4438 3381 4517 potest

1849 4544 2163 4607 deservire
2192 4540 2274 4601 ad
2299 4535 2783 4599 rescindendum
2813 4537 3202 4596 contractum
3222 4577 3238 4607 ,
3273 4526 3376 4608 qui

1847 4636 2116 4700 rescindi
2150 4636 2394 4713 potest,
2455 4649 2579 4692 non
2616 4647 2766 4691 vcro
2814 4627 3066 4707 quando
3108 4622 3378 4686 rescindi

1842 4734 1977 4813 Jam
1998 4748 2118 4791 non
2143 4730 2368 4808 potest.
2405 4723 2777 4786 Rescindere
2799 4722 2966 4781 enim
2991 4722 3380 4781 contractum

1851 4826 2126 4905 aliquem
2159 4826 2252 4882 est
2272 4818 2570 4880 reducere
2601 4837 2700 4878 res
2730 4816 2808 4877 ad
2831 4816 3103 4894 priorem
3123 4816 3376 4891 statum,

1852 4920 1914 4979 in
1944 4935 2066 4999 quo
2097 4917 2279 4976 crant
2307 4917 2450 4973 ante
2481 4914 2895 4980 contractum,
2927 4928 2986 4969 v.
3019 4927 3082 4987 g.
3114 4905 3380 4967 reddere

1853 5014 2110 5073 domum
2145 5007 2464 5068 venditam
2494 5001 2800 5065 venditori
2844 5006 2908 5063 et
2951 5000 3222 5080 pretium
3252 5016 3382 5058 em-

1851 5110 1985 5185 ptor
1998 5104 2037 5164 i.
2063 5101 2270 5181 Aliqui
2294 5106 2503 5162 tamen
2524 5100 2670 5158 sunt
2687 5099 3042 5157 contractus
3059 5098 3381 5155 transeun-

1850 5203 1968 5274 teS,
2003 5196 2111 5276 qui
2140 5199 2358 5273 postca
2386 5190 2661 5253 rescindi
2689 5207 2812 5249 non
2842 5191 3134 5266 possunt,
3186 5205 3247 5247 v.
3280 5204 3376 5264 gr.

1853 5290 1902 5351 si
1933 5289 2158 5369 aliquis
2186 5287 2249 5347 in
2280 5284 2549 5364 hospitio
2580 5281 2899 5345 communi
2918 5285 3145 5355 coenet,
3178 5284 3242 5340 et
3268 5279 3385 5339 sol-

1852 5387 1960 5444 vat
1988 5381 2258 5462 pretium
2278 5380 2521 5458 justum
2550 5393 2662 5455 pro
2694 5393 2904 5450 coena,
2940 5372 3181 5435 etiamsi
3209 5376 3381 5433 metu

1853 5477 1953 5537 vel
2004 5475 2147 5536 dolo
2203 5473 2494 5533 inductus
2547 5470 2611 5530 id
2669 5468 2886 5529 fecerit
2909 5514 2924 5545 ,
2983 5485 3106 5528 non
3138 5466 3386 5527 videtur

1855 5588 2034 5650 posse
2064 5571 2283 5647 postea
2335 5569 2726 5627 contractum
2769 5562 2943 5623 illum
2986 5560 3378 5636 rescindere;

3504 2846 3586 2907 28
