4263 6376
421 421 499 480 86

438 2661 513 2719 87

396 2781 587 2836 οιιι,ιιι

359 2838 507 2882 ecclesi
512 2848 586 2879 xcv
563 2835 629 2879 vel

395 2892 509 2987 13ΐο
523 2889 598 2985 pip-

673 246 748 303 10

747 420 843 481 An
872 439 1022 483 vero
1053 421 1305 484 donatio
1336 423 1397 483 in
1430 441 1576 485 casu
1609 423 1928 503 proposito
1958 425 2199 485 irrevo-

670 510 886 573 cabilis
927 515 1009 575 sit
1046 515 1235 576 etiam
1281 517 1449 595 quod
1492 522 1757 594 partem,
1805 534 1945 595 quae
1976 516 2055 576 ad
2088 516 2200 576 ab·

553 611 598 690 ⁰·
669 610 873 665 sentes
901 609 964 665 et
1004 624 1127 667 non
1171 612 1571 687 acceptantes
1618 612 1881 687 spectat,
1942 610 2198 689 quando

669 697 889 758 saltem
914 697 1272 776 juramento
1304 702 1710 763 confirmatur
1732 702 2200 763 :affirmatSan-

669 789 821 849 chez
849 790 932 849 ibi
965 810 1068 852 nu.
1105 796 1164 852 7.
1190 792 1300 852 sed
1327 795 1708 856 contrarium
1752 793 2052 871 docuerat
2076 796 2199 854 late

669 881 733 941 id
781 887 1057 945 tractans
1085 884 1151 945 in
1171 885 1531 947 universum
1562 886 1639 948 de
1685 886 1964 966 qualibet
2006 887 2202 948 dona-

669 974 837 1035 tione
868 994 990 1036 non
1020 982 1367 1056 acceptata,
1402 978 1567 1040 dicto
1597 979 1703 1040 lib.
1738 997 1783 1040 1.
1814 978 1884 1039 de
1901 979 2204 1040 matrimo-

669 1066 767 1127 nio
796 1067 957 1145 disp.
993 1086 1103 1133 vn.
1148 1089 1255 1135 nu.
1288 1074 1386 1131 24.
1422 1090 1613 1150 quam
1656 1076 1806 1151 puto
1839 1071 2028 1131 fuisse
2059 1089 2202 1131 vere

672 1158 806 1239 ejus
851 1161 1245 1239 sententiam,
1305 1167 1369 1225 et
1411 1164 1607 1225 multo
1663 1165 1971 1225 veriorem
1991 1211 2007 1239 ,
2058 1163 2206 1244 quia

672 1270 815 1312 cum
845 1253 1189 1332 acceptatio
1218 1255 1570 1334 requiratur
1598 1255 1674 1316 de
1696 1255 1839 1335 jure
1869 1260 2107 1318 naturae
2123 1255 2204 1316 ad

674 1344 956 1406 dandum
988 1348 1094 1426 jus
1139 1349 1539 1426 promissario
1585 1350 1685 1409 vel
1729 1349 2078 1425 donatari0,
2103 1347 2206 1429 ju-

675 1442 1032 1500 ramentum
1061 1441 1227 1519 quod
1259 1460 1383 1503 non
1404 1443 1476 1503 fit
1502 1442 1566 1502 in
1595 1443 1708 1503 Dei
1735 1442 2061 1518 honorem,
2094 1440 2206 1501 sed

674 1531 877 1592 solum
905 1531 968 1590 in
1000 1531 1269 1593 hominis
1298 1534 1664 1611 utilitatem,
1700 1554 1825 1595 non
1854 1539 2058 1613 potest
2081 1534 2208 1595 tale

668 1622 772 1701 jus
801 1623 1041 1684 homini
1071 1630 1215 1686 ante
1245 1628 1742 1705 acceptationem
1771 1628 1946 1700 dare,
1979 1627 2089 1687 sed
2105 1626 2211 1687 de-

675 1716 782 1777 bet
809 1716 1164 1796 relinquere
1195 1722 1586 1780 contractum
1615 1718 1788 1795 iuxta
1817 1738 1999 1781 suam
2028 1723 2207 1780 natu·

676 1825 836 1869 ram.
872 1810 1076 1880 Quare
1107 1828 1249 1871 cum
1279 1810 1341 1870 in
1371 1830 1521 1872 casu
1564 1812 1881 1893 proposito
1925 1812 2204 1887 donatio,

679 1904 990 1980 quatenus
1017 1902 1306 1963 absentes
1332 1903 1554 1982 tangit,
1589 1904 1756 1965 nullo
1786 1904 1976 1966 modo
2005 1905 2085 1965 sit
2111 1921 2210 1964 ac-

679 1998 947 2074 ceptata,
965 1999 1421 2074 consequenter
1436 1996 1556 2057 dici
1579 1996 1814 2073 debuit,
1836 1996 2004 2076 quod
2021 1996 2211 2057 etiam

672 2085 1036 2163 juramento
1110 2086 1560 2148 interveniente
1586 2133 1602 2164 ‚
1669 2089 1953 2149 revocari
2018 2088 2214 2167 possit

683 2182 828 2239 ante
875 2180 1406 2257 acceptationem,
1456 2180 1508 2241 si
1531 2180 1960 2260 juramentum
1990 2200 2113 2243 non
2143 2180 2216 2241 fit

682 2271 801 2349 ipsi
855 2274 985 2333 Deo
1033 2273 1113 2333 ob
1156 2272 1453 2350 pietatem
1492 2274 1578 2334 rei
1610 2292 1751 2353 quoe
1782 2275 2208 2354 promittitur3

683 2366 834 2425 tunc
877 2365 1045 2424 enim
1089 2366 1328 2427 valeret
1366 2385 1480 2444 per
1503 2366 1761 2428 modum
1789 2368 1939 2443 voti,
1973 2367 2212 2427 nullum

684 2460 898 2518 tamen
937 2458 1044 2536 jus
1084 2457 1409 2519 donatas-io
1456 2458 1700 2521 absenti
1728 2460 2042 2521 conferret
2068 2463 2214 2520 ante

686 2551 1205 2628 acceptationem.

767 2642 941 2703 Idem
970 2642 1308 2703 dicendum
1336 2647 1450 2720 est,
1482 2644 1629 2706 licet
1673 2646 1897 2707 modus
1939 2646 2066 2723 ille,
2115 2645 2217 2707 vel

690 2734 967 2795 conditio
997 2734 1330 2815 adjiciatur
1357 2736 1418 2796 in
1450 2737 1732 2799 favorem
1770 2739 2046 2800 ecclesiae
2071 2786 2086 2813 ‚
2118 2739 2219 2799 vel

691 2827 814 2889 loci
855 2827 943 2906 pii
972 2828 1246 2890 absentis
1280 2848 1294 2889 ε
1330 2830 1559 2907 poterit
1584 2832 1749 2891 enim
1798 2832 2006 2910 quoad
2048 2832 2218 2892 illam

693 2926 937 3000 partem
993 2922 1273 2983 revocari
1322 2927 1465 2983 ante
1521 2924 1799 2985 ecclesias
1844 2925 2223 3005 acceptatio-

694 3032 840 3074 nem
862 3060 878 3090 ,
911 3014 1074 3075 sicut
1112 3014 1162 3074 si
1192 3014 1280 3074 illi
1307 3015 1423 3076 soli
1452 3015 1618 3076 facta
1646 3016 1864 3078 fuisset
1891 3017 2221 3095 promissio

693 3105 869 3186 juxta
915 3125 988 3166 ea
1033 3124 1173 3186 quae
1212 3107 1498 3186 superius
1538 3108 1810 3170 diximus
1851 3114 2005 3172 sect.
2042 3128 2128 3171 lv.
2163 3113 2225 3171 et

691 3200 939 3262 notavit
982 3200 1150 3260 idem
1191 3202 1474 3262 Sanchez
1522 3220 1665 3262 cum
1709 3203 1846 3264 aliis
1876 3203 2042 3265 dicto
2081 3222 2218 3283 cap.

696 3295 800 3356 VI.
835 3293 985 3354 dub.
1020 3310 1063 3354 1.
1095 3312 1202 3354 nu.
1236 3297 1296 3355 4.
1332 3294 1440 3374 qui
1466 3294 1618 3357 dub.
1661 3312 1730 3359 11.
1782 3296 2084 3357 latissime
2131 3296 2226 3356 di-

698 3390 909 3466 sputat
948 3386 1026 3446 de
1055 3386 1393 3448 donatione
1416 3434 1434 3464 ‚
1467 3407 1590 3467 qua
1620 3389 1939 3450 Generalis
1968 3390 2227 3469 quidam

698 3478 1016 3540 societatis
1055 3479 1301 3541 duabus
1346 3481 1595 3541 feminis
1649 3481 2030 3560 pauperibus
2086 3501 2228 3543 cen-

699 3575 834 3633 tum
881 3590 1106 3632 aureos
1151 3572 1411 3650 singulis
1456 3572 1636 3633 annis
1667 3573 1799 3634 dari
1823 3573 2012 3652 jussit
2043 3594 2076 3635 a
2107 3575 2228 3635 col-

697 3664 886 3743 legi0,
912 3663 974 3723 in
999 3663 1177 3743 cujus
1203 3665 1480 3726 favorem
1513 3684 1728 3725 earum
1748 3666 1941 3728 frater
1959 3667 2234 3746 resigna-

700 3761 884 3819 verat
910 3757 1288 3819 beneficium
1317 3758 1804 3820 ecclesiasticum
1835 3760 2066 3839 pingue
2091 3781 2106 3832 ;
2168 3766 2233 3821 et

704 3849 1057 3911 dubitatum
1088 3851 1225 3926 fuit,
1254 3868 1335 3910 an
1367 3855 1614 3912 mortuo
1646 3851 1751 3913 illo
1780 3853 2082 3930 generali,
2129 3872 2231 3913 ex·
2299 3914 2301 3918 ,

651 3961 654 3962 ’
705 3943 972 4021 pirasset
1013 3943 1267 4004 donatio
1312 3943 1415 4003 illa
1458 3948 1591 4004 tum
1619 3950 1879 4024 propter
1906 3946 2230 4008 decretum

706 4035 1035 4098 Clementis
1065 4037 1221 4097 Vlll.
1259 4053 1381 4116 quo
1397 4037 1779 4115 prohibitum
1802 4037 1915 4099 fuit
1931 4039 2234 4117 religiosis

1826 249 1929 309 DE
1969 248 2326 310 JUS'I'ITIA
2369 249 2470 310 ET
2511 248 2712 310 mnu·

2299 427 2394 485 est
2437 441 2629 503 penes
2673 422 3014 504 capitulum
3059 423 3462 502 provinciale,
3508 422 3609 484 vel
3636 440 3843 503 gene-

2300 517 2459 594 rale,
2516 517 2736 595 religio
2767 520 2975 578 autem
3002 517 3308 596 potuisset
3353 535 3494 577 eam
3538 514 3839 577 donatio-

2300 628 2444 670 nem
2473 610 2700 685 facere,
2727 626 2865 688 quae
2887 609 3140 688 quidem
3184 627 3309 670 non
3338 613 3473 670 erat
3518 626 3691 669 mera
3718 607 3836 668 do-

2300 703 2468 764 natio
2523 701 2818 777 liberalis,
2877 702 2987 762 sed
3034 701 3548 778 remuneratoria,
3582 705 3644 761 et
3671 700 3836 760 elee-

2300 813 2564 873 mosyna
2608 794 2955 874 justissima
3009 795 3173 855 facta
3202 795 3517 855 sororibus
3545 792 3838 873 pauperi-

2301 888 2418 948 bus
2443 887 2607 947 illius
2637 887 2897 967 insignis
2925 887 3358 949 benefactoris,
3397 889 3599 959 Quare
3627 904 3835 964 neque

2303 980 2590 1041 obstabat
2619 980 2939 1041 decretum
2970 981 3302 1042 Clementis
3329 981 3487 1043 Vlll.
3519 984 3655 1041 tum
3684 977 3839 1058 quia

2303 1072 2364 1132 in
2411 1072 2515 1131 illa
2556 1072 2877 1151 provincia
2919 1072 3131 1133 debita
3159 1072 3612 1151 supplicatione
3640 1071 3839 1129 inter-

2304 1165 2526 1242 posita,
2582 1168 2904 1242 receptum
2953 1181 3079 1224 non
3132 1163 3373 1235 suerat3
3432 1167 3565 1224 tum
3615 1161 3829 1233 etiam,

2306 1256 2453 1336 quia
2481 1256 2585 1317 illo
2610 1257 2862 1317 decreto
2885 1275 3011 1317 non
3032 1256 3445 1334 prohibentur
3467 1254 3837 1315 donationes

2304 1349 2814 1410 remuneratoriae
2857 1367 2982 1409 non
3031 1348 3386 1424 excessivae,
3440 1365 3643 1427 neque
3672 1346 3837 1406 elee-

2303 1458 2606 1519 mosynae‚
2640 1440 2839 1521 qualis
2869 1440 3003 1501 haec
3024 1445 3177 1501 erat.
3213 1440 3524 1515 Secundo,
3558 1439 3704 1519 quia
3724 1437 3840 1498 do-

2306 1533 2473 1594 natio
2519 1533 2624 1593 illa
2653 1538 2932 1612 tempore
2982 1532 3170 1593 habili
3217 1532 3383 1593 facta
3409 1532 3654 1607 fuerat,
3712 1549 3838 1591 non

2307 1626 2474 1687 enim
2503 1630 2683 1687 erant
2709 1626 2918 1705 plures
2956 1625 3325 1687 donationes
3369 1624 3720 1686 successive
3748 1623 3840 1683 fa-

2307 1718 2566 1795 ciendae,
2598 1718 2709 1778 sed
2733 1718 2916 1779 unica
2944 1719 3198 1779 donatio
3228 1737 3340 1797 per
3368 1722 3576 1796 partes
3597 1717 3842 1777 solven-

2307 1811 2409 1886 da,
2461 1814 2525 1873 et
2570 1811 2648 1871 ab
2689 1812 2864 1873 initio
2895 1814 3241 1892 acceptata,
3289 1811 3540 1872 vivente
3567 1810 3701 1889 ipso
3730 1828 3843 1889 ge-

2309 1903 2527 1979 nerali,
2553 1923 2699 1963 nam
2727 1904 2875 1965 licet
2901 1904 3177 1983 legatum
3206 1921 3484 1963 annuum
3524 1902 3845 1964 contineat

2309 1997 2488 2075 plura
2527 1997 2736 2075 legata
2758 2042 2774 2072 ,
2823 2000 2886 2056 et
2921 1996 2982 2055 in
3030 1996 3290 2075 singulis
3317 1996 3575 2057 seorsim
3602 1996 3841 2056 attendi

2309 2090 2535 2151 debeat
2562 2089 2853 2151 habilitas
2879 2089 3192 2150 testatoris
3223 2093 3285 2150 et
3309 2088 3618 2168 legatarii,
3651 2088 3715 2147 in
3738 2088 3845 2148 de-

2311 2183 2438 2245 bito
2459 2187 2668 2244 tamen
2698 2200 2907 2243 annuo
2936 2201 3011 2241 ex
3039 2182 3434 2258 stipulatione
3464 2183 3564 2242 vel
3592 2186 3847 2242 contra-

2312 2280 2437 2351 ctn,
2488 2276 2687 2335 solum
2731 2275 3072 2336 attenditur
3115 2274 3360 2336 initium
3388 2279 3451 2335 et
3475 2279 3722 2353 tempus
3749 2274 3848 2351 ip-

2312 2369 2438 2430 sius
2469 2372 2846 2444 contractuS,
2883 2368 2985 2447 qui
3018 2386 3144 2427 non
3170 2367 3399 2445 plures,
3447 2367 3557 2428 sed
3589 2366 3846 2428 unicum

2310 2464 2556 2522 tantum
2584 2465 2993 2536 contractum,
3020 2464 3083 2521 et
3109 2461 3364 2520 unicum
3394 2459 3674 2521 debitum
3703 2478 3849 2520 con-

2313 2554 2510 2615 tinere
2541 2556 2849 2629 censetur,
2882 2571 2957 2612 ex
2984 2553 3108 2631 leg.
3143 2552 3219 2613 Si
3244 2552 3532 2630 Stichum,
3564 2554 3621 2632 §.
3647 2552 3842 2627 finali,

2314 2665 2478 2708 vers,
2526 2644 2849 2726 stipulam,
2910 2647 2973 2705 ff.
3031 2644 3101 2705 de
3153 2643 3458 2707 verborum
3512 2643 3689 2725 obliq.
3737 2644 3843 2704 ubi

2316 2738 2625 2814 Bartolu8‚
2660 2742 2724 2799 et
2764 2739 2958 2798 Jason
2987 2757 3052 2798 n.
3088 2742 3144 2798 l.
3180 2738 3359 2800 Unde
3388 2756 3592 2817 neque
3635 2738 3848 2798 decre-

2315 2835 2450 2892 tum
2479 2830 2926 2911 superveniens
2955 2830 3288 2892 Clementis
3316 2831 3475 2891 vm.
3508 2831 3655 2892 licet
3683 2830 3850 2891 hanc

2319 2924 2506 2984 etiam
2535 2923 2937 2983 donationem
2964 2923 3346 3002 prohiberet,
3380 2922 3686 3000 potuisset
3713 2921 3850 3001 ejus

2321 3017 2610 3077 effectum
2651 3016 2991 3094 impedire,
3025 3034 3168 3076 cum
3190 3015 3324 3096 jam
3353 3016 3581 3077 factam
3610 3014 3853 3075 inveni-

2323 3114 2437 3186 ret,
2472 3112 2535 3171 et
2561 3109 2925 3190 perfectam.

2804 3534 3225 3617 Ssscho
3292 3535 3401 3619 Vl.

2391 3836 2609 3914 Qualis,
2643 3846 2699 3898 et
2733 3845 2952 3919 quanta
2977 3836 3053 3897 sit
3077 3835 3482 3918 promissionis
3505 3834 3803 3916 obliqatio.

707 4128 943 4190 donare
968 4128 1408 4201 saecularibus;
1442 4133 1576 4190 tum
1593 4130 1739 4208 quia
1759 4130 2129 4193 donationes
2152 4131 2232 4191 ad
2382 4120 2728 4198 Loqmmur
2737 4118 2815 4179 (10
2827 4135 3236 4197 promissione
3250 4119 3593 4194 aoessptfltfl
3610 4114 3862 4194 (111θῦἆο
4045 4127 4127 4186 88

708 4239 904 4282 annos
932 4221 1386 4300 subsequentes
1413 4225 1561 4282 tunc·
1577 4222 1831 4299 fiebant,
1858 4224 2107 4302 quando
2129 4224 2236 4283 do·
2334 4215 2415 4275 ad
2446 4213 2580 4293 ejus
2617 4211 3207 4272 irrevocabilitatem
3249 4209 3595 4287 acceptatio
3625 4207 3864 4268 deside-
3919 4250 4065 4293 ΡΜ.
4069 4263 4152 4293 m
4174 4250 4207 4291 ·-

708 4319 891 4377 nator
929 4316 1065 4393 jam
1108 4332 1231 4375 non
1276 4319 1410 4376 erat
1454 4314 1680 4376 habilis
1723 4316 1802 4376 ad
1847 4316 2233 4392 donandum,
2336 4311 2548 4377 ratum
2583 4310 2645 4367 et
2672 4305 2838 4366 idem
2859 4304 2978 4365 erit
3003 4304 3081 4364 de
3099 4321 3221 4363 non
3245 4305 3588 4382 acceptata,
3614 4300 3867 4381 quando
3920 4305 4192 4418 ”2⁸³3ss

708 4426 852 4470 cum
872 4410 1007 4487 jam
1037 4411 1340 4468 cessasset
1354 4406 1490 4486 ejus
1505 4412 1800 4487 potestas,
1825 4427 2030 4487 neque
2051 4409 2240 4470 etiam
2340 4399 2684 4480 acceptatio
2712 4397 2888 4475 iuxta
2915 4416 3107 4475 supra
3135 4395 3324 4472 dicta,
3359 4414 3482 4455 non
3512 4395 3783 4473 exigitur
3802 4398 3871 4454 ut
3922 4416 3995 4466 30²
4024 4423 4142 4466 ‘rm
4130 4410 4207 4451 ια.

710 4501 845 4581 ejus
871 4501 1168 4562 mandato
1200 4500 1466 4579 obligari
1493 4505 1740 4579 poterat
1754 4502 2020 4580 amplius
2038 4506 2243 4562 rector
2337 4495 2547 4557 valida
2574 4498 2637 4554 et
2661 4493 2841 4553 firma
2869 4491 2966 4552 sit.
2991 4493 3079 4550 De
3111 4507 3234 4569 qua
3264 4488 3585 4549 dubitatur
3614 4506 3694 4547 an
3725 4504 3874 4565 pro-

711 4593 953 4673 collegii
997 4593 1078 4654 ad
1108 4593 1440 4655 solvendos
1485 4594 1625 4654 illos
1672 4598 1922 4655 centum
1977 4596 2245 4655 aureos?
2340 4588 2553 4649 missio
2584 4586 2846 4665 simplex
2876 4583 3148 4662 gratuita
3176 4585 3501 4660 acceptata
3528 4581 3590 4640 in
3611 4598 3680 4640 re
3696 4579 3876 4658 gravi

713 4690 1019 4750 Caeterum
1049 4686 1147 4746 his
1177 4691 1239 4748 et
1265 4686 1401 4747 aliis
1431 4705 1569 4766 quae
1598 4688 1798 4763 alim-,t
1833 4705 1957 4747 non
1989 4687 2242 4748 obstan·
2345 4681 2578 4760 obliget
2603 4679 2721 4739 sub
2748 4677 3045 4738 mortali?
3069 4675 3387 4754 loquimur
3411 4678 3623 4735 autem
3652 4691 3763 4751 per
3782 4690 3872 4747 se,

710 4781 899 4856 tibus,
936 4779 1190 4840 donatio
1222 4779 1325 4839 illa
1353 4780 1562 4839 valida
1591 4780 1726 4856 tuit,
1774 4783 1838 4840 et
1889 4784 2030 4858 post
2058 4793 2246 4859 gene-
2346 4780 2409 4837 et
2444 4773 2685 4835 secluso
2724 4771 2847 4832 alio
2890 4769 3269 4830 detrimento
3319 4766 3663 4829 extrinseco
3706 4717 3876 4846 quod

714 4873 862 4935 ralis
906 4876 1173 4933 mortem
1212 4872 1499 4932 durabat.
1535 4873 1741 4932 Primo
1763 4918 1778 4948 ,
1813 4872 1960 4951 quia
1988 4890 2248 4949 genera·
2347 4888 2424 4930 ex
2449 4865 2860 4948 promissione
2891 4881 3013 4925 non
3045 4865 3293 4923 servata
3320 4859 3721 4939 promissario
3737 4875 3879 4937 pro·

713 4967 812 5043 lis,
842 4966 986 5027 licet
1024 4982 1151 5025 non
1178 4965 1259 5026 sit
1286 4965 1608 5040 dominus,
1644 4965 1755 5025 sed
1785 4965 2252 5027 administrator
2345 4961 2538 5023 venit.
2573 4958 2637 5021 Si
2668 4957 2833 5019 enim
2861 4956 3141 5016 medicus
3171 4959 3406 5033 aegroto
3422 4970 3599 5014 suam
3621 4968 3879 5029 operam

715 5057 993 5139 prudens
1020 5059 1332 5119 bonorum
1361 5059 1719 5138 religionis;
1781 5062 1987 5137 potest
2036 5063 2249 5119 tamen
2350 5054 2704 5135 promittat,
2751 5056 2814 5112 et
2851 5068 2927 5110 ea
2967 5049 3046 5111 de
3090 5066 3279 5109 causa
3325 5047 3518 5106 alium
3561 5043 3878 5105 medicum

721 5170 796 5212 ea
825 5151 1084 5226 donare,
1137 5169 1276 5231 quae
1325 5151 1542 5230 religio
1586 5152 1721 5230 ipsa
1752 5151 1812 5211 in
1843 5151 2115 5230 capitulo
2144 5169 2255 5230 ge·-
2353 5167 2476 5209 non
2506 5145 2773 5221 vocavit,
2825 5161 2940 5203 nec
2968 5159 3194 5202 vocare
3218 5139 3353 5220 jam
3379 5142 3606 5219 potest,
3638 5136 3883 5198 tenebi-

722 5245 918 5306 nerali
947 5245 1181 5306 donare
1210 5245 1554 5323 prudenter
1580 5250 1811 5324 posset,
1862 5262 2006 5304 cum
2042 5244 2123 5305 sit
2150 5262 2253 5324 pe·
2351 5248 2455 5305 tur
2483 5258 2559 5301 ex
2585 5236 2995 5319 promissione
3010 5233 3291 5294 medicus
3310 5230 3618 5311 promissa
3630 5246 3881 5289 servare

722 5356 834 5400 nes
861 5339 1219 5418 generalem
1249 5338 1451 5400 solum
1479 5344 1611 5401 tota
1639 5339 2096 5400 administratio
2140 5337 2253 5399 bo·
2351 5334 2468 5395 sub
2496 5337 2754 5413 peccato
2783 5329 2991 5409 gravi,
3037 5345 3114 5386 ne
3143 5327 3223 5387 sit
3250 5342 3446 5386 causa
3475 5322 3689 5384 damni
3717 5321 3883 5381 illius

725 5450 949 5496 norum
979 5430 1042 5490 in
1068 5431 1386 5509 societate,
1420 5434 1655 5512 quanta
1684 5432 1746 5491 in
1773 5432 1911 5492 aliis
1927 5429 2252 5491 ordinibus
2352 5426 2519 5510 quod
2576 5424 2712 5507 ejus
2755 5440 2945 5484 causa
2999 5424 3272 5500 aegrotus
3316 5417 3607 5498 patietur.
3660 5415 3882 5477 Sermo
