4263 6376
1138 356 1608 419 DlSPUTATIO
1652 353 1897 429 XXVII,
1946 351 2220 413 SECTIO
2263 351 2340 411 11.

166 553 220 593 n.
249 534 340 593 42.
372 536 434 592 et
458 534 559 592 43.
588 536 651 593 et
677 531 803 606 alii,
844 551 919 592 ex
967 533 1192 612 quibus
1247 536 1562 595 Navarrus
1602 535 1668 592 et

167 624 339 703 aliqui
365 623 489 700 alii,
514 624 658 686 licet
674 625 859 685 licere
890 632 1121 704 negent
1165 645 1422 688 censum
1455 643 1665 704 perso-

165 718 350 778 nalem
375 720 765 795 perpetuum,
798 719 1153 780 concedunt
1176 723 1388 781 tamen
1415 719 1495 779 de
1524 735 1667 797 per-

166 809 341 870 sonali
370 810 717 889 temporali.

235 902 511 964 Secunda
538 903 845 963 sententia
875 906 1083 981 negat,
1117 922 1229 981 per
1258 923 1323 964 se
1350 902 1666 983 loquendo

165 995 220 1054 id
244 995 442 1070 licere,
493 995 608 1054 nisi
656 994 863 1073 aliquo
911 995 1089 1056 titulo
1133 1014 1206 1055 ex
1236 1015 1425 1074 supra
1452 994 1669 1073 positis

158 1086 527 1167 justificetur.
580 1088 670 1147 Ita
698 1088 844 1147 Mol.
882 1087 1041 1166 disp.
1073 1090 1212 1149 386.
1266 1091 1453 1150 Sotus
1476 1134 1492 1164 ,
1551 1089 1665 1147 Ga-

162 1179 320 1255 briel,
351 1179 640 1255 'l'oletus²
690 1182 980 1240 Panorm.
1034 1184 1096 1241 et
1124 1180 1258 1256 alii,
1306 1199 1460 1260 quos
1490 1182 1671 1240 affert

164 1272 320 1334 Salas
350 1272 450 1332 ubi
479 1290 668 1350 supra
699 1290 872 1333 num.
907 1276 963 1333 1.
997 1277 1058 1334 et
1089 1273 1378 1333 Rebellus
1399 1290 1467 1334 11.
1501 1275 1664 1351 part.

161 1363 222 1425 de
244 1364 470 1444 obliqat.
489 1364 782 1444 justitioe,
830 1364 938 1425 lib.
973 1366 1048 1426 X.
1084 1383 1189 1444 qu.
1223 1382 1310 1427 ιν.
1362 1369 1424 1427 et
1453 1383 1671 1426 conse-

162 1464 404 1538 quenter
456 1458 536 1517 ad
592 1457 759 1518 dicta
806 1462 1037 1536 puncto
1079 1458 1457 1536 praecedenti
1490 1457 1668 1520 nobis

163 1551 330 1611 etiam
350 1550 786 1628 amplectenda
807 1554 920 1611 est.
955 1550 1263 1611 Probatur
1282 1550 1518 1610 eisdem
1538 1550 1668 1610 fere

163 1642 546 1719 argumentis»,
584 1642 790 1720 primo
818 1689 833 1717 ,
876 1643 1024 1721 quia
1050 1642 1101 1702 si
1133 1643 1234 1703 hic
1264 1661 1487 1703 census
1516 1648 1668 1704 tem-

163 1734 374 1812 poralis
426 1734 777 1812 personalis
828 1734 1084 1810 liceret,
1146 1735 1347 1795 omnis
1414 1753 1671 1813 prorsus

163 1846 330 1887 usura
356 1827 637 1887 excusari
668 1832 913 1907 posset,
974 1827 1247 1905 scilicet,
1298 1847 1421 1889 non
1460 1828 1667 1888 dando

164 1927 356 1980 mutuo
384 1921 718 1999 pecuniam
740 1966 757 1996 ,
809 1920 919 1981 sed
966 1921 1044 1980 ad
1074 1939 1332 1981 censum
1372 1939 1671 2001 persona-

162 2012 271 2072 lem
297 2031 402 2090 pro
432 2012 748 2092 aliquibus
779 2004 979 2090 anniS,
1013 2014 1240 2093 quibus
1261 2015 1502 2075 lucrum
1532 2014 1669 2074 red-

166 2104 416 2165 dendum
463 2110 667 2181 esset,
719 2105 926 2185 majus
970 2109 1102 2167 toto
1150 2105 1396 2185 capitali
1443 2106 1664 2186 pretii;

166 2198 413 2258 secundo
434 2245 449 2271 ,
506 2198 652 2278 quia
684 2216 811 2258 non
847 2198 994 2259 licet
1022 2197 1172 2258 dare
1202 2202 1451 2260 centum
1479 2216 1665 2274 nunc,

167 2297 226 2351 ut
247 2296 377 2369 post
402 2295 501 2353 20.
537 2309 737 2352 annos
767 2291 878 2352 des
906 2292 1060 2351 mihi
1091 2294 1229 2354 200.
1265 2291 1431 2354 idem
1462 2296 1673 2353 autem

165 2383 226 2443 fit
248 2384 306 2442 in
335 2384 633 2460 praedicto
664 2402 877 2455 censu,
913 2402 1056 2444 cum
1086 2403 1199 2463 pro
1236 2387 1368 2447 100.
1403 2403 1672 2463 praesen-

167 2476 311 2536 tibus
337 2494 472 2538 emo
505 2495 542 2536 a
570 2481 631 2538 te
663 2479 757 2538 10.
795 2495 1005 2537 annua
1032 2476 1330 2537 solvenda
1345 2496 1458 2556 per
1475 2495 1674 2538 annos

167 2572 251 2629 20.
281 2570 440 2647 quod
471 2570 639 2629 enim
661 2570 1001 2631 solutiones
1020 2571 1229 2649 plures
1256 2571 1398 2646 sint,
1430 2571 1531 2631 vel
1549 2588 1675 2631 una

170 2660 284 2720 sola
310 2662 370 2721 in
397 2663 522 2722 fine
551 2662 852 2740 temporis
879 2662 1118 2740 praefixi
1141 2709 1156 2739 ,
1196 2681 1419 2741 parum
1460 2664 1669 2741 refert,

169 2753 277 2812 imo
318 2754 519 2814 minus
547 2759 851 2833 gravatur
879 2754 1127 2817 debitor
1149 2800 1165 2831 ,
1214 2755 1266 2815 si
1293 2755 1482 2815 totius
1511 2773 1676 2815 sum-

171 2863 274 2905 moe
310 2846 530 2908 solutio
562 2846 889 2909 differatur
929 2865 1042 2926 per
1066 2849 1167 2908 20.
1199 2866 1418 2909 annos
1468 2848 1675 2910 Tertio

171 2956 201 2997 a
226 2938 402 3016 priori
429 2944 806 3018 argumento
824 2939 1202 3017 supratacto,
1234 2941 1380 3018 quia
1407 2941 1467 3000 in
1486 2959 1678 3001 censu

172 3029 260 3091 illo
287 3032 593 3108 personali
625 3031 777 3091 nihil
808 3030 977 3093 aliud
1010 3031 1237 3092 emitur
1256 3078 1271 3108 ,
1325 3032 1440 3092 nisi
1465 3032 1569 3111 jus
1597 3032 1680 3093 ad

171 3124 500 3202 pensiones,
537 3124 709 3204 quod
730 3122 918 3184 vendi
948 3141 1072 3184 non
1100 3123 1675 3202 potestadebitore,

173 3217 303 3296 quin
355 3218 541 3278 simul
569 3217 806 3279 vendat
858 3217 1157 3296 ipsasmet
1193 3217 1525 3295 pensiones
1547 3264 1562 3294 ,
1612 3222 1681 3278 ut

172 3328 339 3387 supra
384 3310 725 3389 probatum
754 3313 885 3370 est:
936 3327 1129 3388 quare
1178 3309 1405 3371 emitur
1430 3314 1680 3372 centum

174 3402 356 3463 aureis
407 3403 471 3462 id
533 3402 705 3482 quod
760 3406 1043 3480 tempore
1090 3403 1414 3463 solutionis
1450 3403 1685 3463 valebit

172 3498 291 3555 200.
339 3496 509 3574 quod
565 3500 661 3557 est
717 3500 935 3557 contra
969 3494 1277 3575 justitiam
1325 3496 1676 3576 emptioniS.

174 3588 381 3658 Quarto
420 3589 696 3667 denique
721 3635 736 3665 ,
788 3588 937 3668 quia
977 3588 1028 3648 si
1066 3588 1167 3648 hic
1197 3606 1417 3649 census
1444 3594 1682 3668 tempo-

172 3680 302 3740 ralis
318 3681 573 3742 liceret:
607 3686 818 3760 posset
846 3680 1034 3741 etiam
1063 3681 1187 3740 emi
1214 3681 1293 3740 ad
1316 3700 1548 3760 paucos
1578 3701 1683 3742 an-

174 3790 291 3847 nos,
321 3792 379 3834 v.
399 3793 462 3852 g.
499 3774 581 3834 ad
611 3779 760 3850 tres,
794 3773 892 3833 vel
916 3777 1207 3852 quatuor,
1240 3778 1302 3834 et
1323 3792 1394 3834 eo
1415 3774 1677 3852 facilius,

174 3884 282 3943 quo
325 3866 533 3926 minus
573 3870 949 3944 gravaretur
993 3865 1284 3925 venditor
1324 3885 1398 3927 ex
1447 3867 1684 3946 obliga-

174 3956 321 4018 tione
365 3959 439 4018 ad
493 3958 825 4038 pauciores
873 3958 1226 4036 pensiones
1282 3961 1684 4038 Consequens

174 4056 362 4111 autem
403 4069 532 4111 non
574 4051 918 4112 admittunt
956 4054 1244 4111 auctores
1287 4051 1504 4129 primae
1550 4071 1685 4113 sen-

174 4144 396 4220 tentiis,
448 4143 600 4223 quia
629 4144 749 4205 hoc
777 4148 960 4223 pacto
992 4142 1193 4205 omnis
1235 4162 1426 4204 usura
1469 4144 1686 4222 pallia-

174 4241 346 4312 retur,
378 4237 530 4298 dum
562 4240 858 4298 mutuans
888 4239 1123 4295 emeret
1145 4253 1398 4295 censum
1432 4237 1512 4296 ad
1533 4241 1680 4313 treS,

174 4330 256 4389 vel
285 4335 556 4409 quatuor
595 4329 930 4408 pensiones
959 4345 1200 4388 annuas
1225 4374 1239 4403 ,
1300 4347 1439 4407 quae
1485 4333 1687 4391 totum

174 4423 425 4499 pretium
450 4423 553 4484 vel
580 4428 816 4484 sortem
846 4424 1251 4499 superarent,
1302 4420 1390 4481 ita
1431 4425 1501 4483 ut
1545 4425 1689 4499 post

174 4518 285 4575 tres
303 4534 502 4577 annos
525 4520 758 4577 sortem
779 4532 921 4574 cum
940 4514 1114 4574 lucro
1135 4513 1490 4591 recepisset,
1523 4513 1686 4574 unde

176 4608 350 4686 aliqui
392 4609 613 4670 dicunt
657 4612 905 4685 tempus
934 4606 1277 4685 legitimum
1328 4605 1515 4685 hujus
1544 4625 1690 4666 cen-

175 4720 268 4760 sus
293 4701 521 4762 debere
550 4719 685 4761 esse
714 4699 797 4759 ad
820 4698 1026 4758 minus
1047 4703 1185 4760 octo
1207 4717 1550 4773 annorum;
1586 4699 1691 4759 alii

177 4795 416 4871 exigunt
441 4813 551 4855 sex
581 4811 816 4864 annos;
851 4791 954 4852 alii
986 4795 1261 4869 septem,
1309 4791 1415 4850 alii
1442 4792 1684 4868 decem,

178 4905 318 4963 quos
345 4889 526 4949 affert
555 4887 733 4948 Salas
763 4885 929 4946 dicto
961 4885 1109 4944 dub.
1144 4900 1231 4945 lv.
1266 4902 1437 4944 num.
1486 4888 1545 4945 4.
1582 4886 1691 4964 qui

177 4978 466 5040 rationem
493 4978 864 5040 differentiae
890 4976 1172 5038 redditu.
1205 4980 1264 5037 5.
1292 4995 1367 5035 ex
1395 4995 1491 5053 eo,
1519 4978 1688 5056 quod

179 5073 412 5148 quando
442 5079 538 5135 est
564 5073 645 5134 ad
663 5072 857 5132 breve
873 5076 1142 5148 tempus,
1178 5070 1509 5148 pensiones
1535 5070 1688 5131 reci-

178 5165 406 5240 piendae
436 5185 560 5227 non
604 5168 981 5225 censeantur
1007 5164 1213 5223 minus
1239 5163 1483 5238 valere,
1531 5162 1692 5224 sicut

176 5259 411 5332 quando
441 5263 537 5319 est
556 5258 637 5319 ad
667 5257 926 5333 longum
955 5261 1232 5334 tempuS,
1282 5255 1344 5314 in
1375 5274 1497 5334 quo
1527 5255 1692 5334 peri-

176 5348 303 5408 cula
327 5349 566 5429 majora
594 5355 741 5411 sunt
785 5354 847 5410 et
886 5350 1189 5408 damnum
1236 5366 1561 5426 emergens
1592 5348 1688 5407 vel

176 5438 401 5501 lucrum
431 5461 683 5503 cessans
706 5489 722 5518 ,
774 5447 837 5503 et
866 5442 1008 5502 ideo
1032 5440 1137 5520 jus
1165 5440 1242 5500 ad
1273 5440 1410 5501 illas
1438 5440 1686 5520 pensio-

176 5550 275 5593 nes
300 5553 421 5596 non
450 5536 606 5597 tanti
648 5536 805 5597 solet
831 5534 1249 5596 communiter
1282 5534 1450 5612 apud
1490 5534 1686 5594 homi-

3175 340 3290 399 3⁴7

1762 548 1872 589 nes
1902 526 2218 589 aestimari.
2246 528 2312 587 In
2334 525 2454 586 hoc
2468 528 2681 585 tamen
2691 519 2825 599 jam
2838 513 3181 579 recurritur
3209 513 3292 574 ad

1764 623 1884 682 alia
1913 620 2121 698 capita
2141 637 2331 698 supra
2356 616 2628 677 adducta
2643 611 2801 673 lucri
2830 607 3154 681 cessantiS,
3188 605 3293 666 da-

1763 714 1915 790 mni,
1948 713 2049 773 vel
2078 709 2360 791 periculi,
2394 712 2515 770 etc.
2552 711 2621 768 ut
2639 704 3017 786 justificetur
3045 703 3295 759 contra-

1764 811 1900 869 ctus
1935 826 1947 866 :
1983 823 2176 885 quare
2206 806 2336 864 tota
2366 801 2625 882 quaestio
2668 796 2918 857 videtur
2953 791 3170 854 reduci
3211 789 3291 850 ad

1764 900 2022 972 factum,
2083 915 2163 956 an
2196 914 2264 955 ea
2299 893 2506 972 capita
2536 888 2993 961 interveniant,
3045 901 3242 944 necne
3277 900 3292 940 ε

1766 1010 1880 1053 nos
1924 994 2137 1050 autem
2187 1005 2310 1047 non
2358 1001 2697 1063 negamus,
2745 999 2818 1041 ex
2863 978 2938 1038 iis
2985 974 3294 1054 capitibus

1758 1082 2088 1166 justificari
2133 1098 2348 1160 posse,
2400 1076 2649 1157 quando
2694 1069 2999 1153 ejusmodi
3029 1068 3296 1129 circum-

1767 1177 2009 1240 stantiae
2038 1192 2187 1235 vere
2235 1170 2678 1244 interveniunt,
2728 1170 2793 1227 et
2835 1165 3000 1245 juste
3044 1165 3296 1222 taxatur

1767 1267 2096 1331 diminutio
2141 1265 2320 1345 pretii
2345 1263 2524 1342 juxta
2563 1278 2778 1322 earum
2821 1254 3296 1318 aestimationem

1769 1362 2041 1424 debitam
2068 1377 2084 1433 ;
2118 1360 2444 1436 solumque
2474 1354 2760 1428 dicimus,
2792 1350 2869 1410 iis
2888 1348 3298 1410 circumstan-

1767 1456 1868 1516 tiis
1897 1453 2174 1527 seclusis,
2208 1468 2348 1530 quae
2373 1452 2583 1509 tamen
2599 1438 3316 1522 t’requenterinveniun·'

1767 1552 1890 1624 tur,
1924 1566 1998 1606 ex
2030 1549 2255 1605 natura
2306 1541 2398 1602 rei
2442 1539 2508 1600 id
2538 1557 2664 1600 non
2693 1537 2915 1610 licere,
2966 1532 3115 1612 quia
3141 1529 3296 1590 nihil

1768 1644 1862 1702 est
1889 1638 2058 1719 quod
2087 1636 2418 1710 vendatur,
2453 1632 2570 1692 nisi
2599 1629 2930 1709 pensiones
2955 1623 3293 1699 solvendae,

1769 1749 2035 1812 quarum
2062 1734 2277 1791 tamen
2307 1726 2483 1788 valor
2513 1721 2764 1804 quando
2794 1719 3150 1793 solventur,
3196 1733 3297 1774 ex-

1768 1825 1952 1887 cedat
2004 1820 2278 1903 pretium
2309 1866 2325 1896 ,
2387 1817 2556 1898 quod
2609 1832 2721 1894 pro
2778 1812 2898 1874 illis
2965 1811 3298 1887 acceptum

1767 1917 1905 1979 fuit.

1848 2010 2233 2089 Argumenta
2252 2002 2580 2067 contraria».
2599 1997 2924 2062 sententiae
2942 1994 3099 2057 solvi
3117 1992 3297 2054 tacile

1768 2107 2029 2183 possunt
2050 2120 2123 2161 ex
2145 2099 2325 2160 dictis
2345 2099 2576 2176 puncto
2594 2089 2972 2173 praecedenti
2999 2089 3078 2149 de
3106 2104 3297 2147 censu

1767 2192 2081 2275 personali
2139 2194 2467 2271 perpetuO.
2525 2189 2816 2265 Arguunt
2859 2181 3028 2243 enim
3068 2179 3295 2260 primu,

1771 2288 1919 2368 quia
1947 2304 2171 2347 census
2215 2281 2564 2363 personalis
2608 2281 2946 2357 perpetuus
2973 2273 3180 2335 licitus
3207 2275 3303 2332 est

1772 2399 1847 2442 ex
1875 2383 2099 2441 natura
2126 2377 2256 2449 rei;
2308 2391 2457 2453 ergo
2505 2377 2569 2433 et
2594 2368 2976 2447 temporaIiS.
3029 2368 3160 2427 Hoc
3205 2368 3303 2425 ta-

1771 2492 1917 2534 men
1947 2490 2069 2532 non
2102 2473 2197 2530 est
2222 2471 2440 2529 contra
2469 2483 2584 2525 nos
2604 2509 2619 2540 ,
2651 2462 2759 2543 qui
2787 2458 3170 2522 antecedens
3198 2475 3305 2517 su-

1772 2585 1884 2647 pra
1917 2564 2308 2642 negavimus.
2359 2556 2647 2621 Secundo
2697 2555 3005 2633 arguunt,
3058 2549 3207 2629 quia
3239 2549 3302 2609 in

1773 2678 1962 2722 censu
1994 2656 2146 2718 reali
2176 2653 2547 2733 pensionum
2578 2647 2863 2709 cumulus
2889 2646 3143 2724 superat
3168 2660 3304 2720 pre-

1772 2754 1962 2827 tium,
2011 2753 2081 2811 ut
2108 2750 2376 2810 constat.
2434 2743 2644 2806 Tertio
2667 2787 2682 2818 ,
2737 2739 2886 2821 quia
2913 2736 3305 2799 ususfructus

1775 2844 1997 2924 praedii
2022 2842 2248 2903 emitur
2275 2839 2355 2900 ad
2385 2841 2623 2899 certum
2643 2839 2891 2911 tempus
2910 2829 3138 2891 minori
3167 2845 3305 2906 pre-

1777 2940 1897 3012 tio,
1930 2952 2118 3016 quam
2150 2933 2230 2994 sit
2259 2930 2546 2992 cumulus
2574 2926 2983 3006 pensionum,
3033 2921 3133 2982 vel
3177 2920 3306 2980 tru-

1778 3036 1990 3093 ctuum
2022 3024 2590 3107 percipiendorum.
2640 3019 2737 3081 Ad
2785 3018 2920 3078 haec
2948 3019 3194 3089 tamen,
3247 3015 3311 3072 et

1778 3123 2004 3186 similia
2033 3123 2277 3182 constat
2319 3136 2394 3177 ex
2423 3115 2605 3176 dictis
2633 3111 2859 3174 solutio
2893 3127 2908 3173 z
2955 3125 3098 3169 cum
3140 3106 3203 3167 in
3232 3105 3308 3166 iis

1778 3221 2025 3278 ematur
2075 3214 2153 3274 de
2210 3210 2507 3292 prfflsenti
2563 3205 2799 3286 aliquid
2854 3203 3219 3265 distinctum
3272 3217 3311 3259 a

1779 3308 2205 3391 pensionibus,
2229 3305 2329 3365 vel
2345 3301 2648 3364 fructibus
2668 3296 3107 3379 percipiendis,
3140 3292 3309 3372 quod

1780 3421 1946 3464 nunc
1975 3419 2101 3462 non
2127 3398 2298 3459 valet
2322 3397 2656 3476 plusquam
2676 3391 2967 3472 pretium,
3007 3387 3176 3468 quod
3196 3385 3312 3447 sol-

1779 3497 1946 3557 vitur
1980 3514 1992 3555 :
2027 3493 2089 3553 in
2120 3510 2313 3553 censu
2340 3492 2550 3550 autem
2577 3483 2889 3566 personali
2918 3481 3048 3542 sive
3077 3484 3315 3557 tempo-

1780 3588 1893 3650 rali
1917 3633 1932 3664 ,
1984 3588 2113 3645 sive
2144 3587 2447 3664 perpetuo
2479 3583 2772 3640 emuntur
2798 3576 2951 3656 ipsae
2979 3571 3313 3653 pensiones

1782 3679 2097 3742 solvendae
2129 3723 2145 3754 ,
2205 3692 2473 3755 quarum
2518 3672 2695 3732 valor
2740 3666 3145 3730 aestimandus
3193 3666 3308 3740 est,

1781 3776 1969 3853 prout
2021 3771 2139 3831 erit
2184 3766 2433 3848 quando
2464 3765 2829 3838 solventur,
2892 3760 3055 3821 sicut
3082 3757 3144 3817 in
3176 3754 3314 3815 aliis

1781 3864 2128 3938 mercibuS,
2195 3879 2336 3940 quae
2372 3857 2730 3917 venduntur
2775 3858 2845 3915 ut
2878 3856 3160 3930 tempore
3221 3865 3311 3909 se-

1782 3957 1998 4040 quenti
2027 3954 2379 4018 tradantur.

1861 4054 2002 4114 Jam
2033 4046 2200 4128 quod
2248 4045 2472 4106 attinet
2513 4041 2595 4103 ad
2624 4056 2881 4101 censum
2911 4034 3178 4109 realem,
3229 4051 3312 4094 an

1782 4144 1980 4225 possit
2007 4140 2128 4202 emi
2160 4139 2239 4199 ad
2268 4141 2506 4199 certum
2533 4139 2782 4211 tempus
2802 4129 3307 4202 determinatum,

1785 4239 2018 4316 negant
2044 4234 2253 4315 plures
2286 4251 2359 4291 ex
2390 4230 2463 4290 iis
2493 4246 2651 4308 quos
2681 4225 2951 4286 diximus
2980 4222 3045 4282 id
3076 4238 3313 4300 negare

1785 4330 1863 4390 de
1948 4346 2138 4388 censu
2221 4321 2572 4404 personali;
2657 4337 2803 4380 nam
2883 4314 3316 4377 universaliter

1783 4422 2126 4501 loquuntur
2168 4421 2246 4478 de
2294 4434 2484 4476 censu
2526 4410 2893 4492 temporali,
2949 4407 3031 4469 ad
3073 4410 3316 4468 certum

1789 4532 2091 4574 annorum
2112 4527 2466 4570 numerum.
2502 4507 2998 4568 Affirmantvero
3029 4501 3069 4560 ii
3100 4517 3318 4560 omnes

1788 4606 2001 4687 quide
2035 4623 2225 4665 censu
2255 4600 2571 4681 personali
2611 4595 2942 4677 temporali
2987 4594 3051 4654 id
3096 4610 3320 4653 conce-

1788 4700 1964 4759 dunt.
2025 4698 2148 4758 Alii
2181 4701 2393 4757 tamen
2440 4693 2588 4753 licet
2633 4691 2695 4751 id
2745 4692 2976 4767 negent
3020 4687 3098 4747 de
3129 4703 3321 4746 censu

1788 4789 2122 4870 personali,
2158 4786 2511 4849 concedunt
2535 4789 2746 4845 tamen
2777 4782 2854 4841 de
2884 4780 3058 4855 reali,
3093 4778 3321 4858 quibus

1790 4883 2126 4945 assentitur
2166 4881 2400 4943 Molina
2442 4878 2608 4939 dicta
2651 4876 2811 4953 disp.
2860 4877 2999 4936 386.
3049 4890 3221 4932 num.
3255 4874 3315 4930 3.

1790 4995 1979 5057 quam
2027 4973 2401 5035 sententiam
2442 4969 2757 5048 loquendo
2807 4967 2885 5027 de
2907 4966 3049 5046 jure
3078 4968 3322 5024 naturai

1788 5067 2288 5147 amplectendam
2310 5068 2463 5143 puto
2490 5083 2504 5124 :
2537 5062 2683 5142 quia
2713 5062 2773 5120 in
2796 5077 2987 5120 censu
3010 5056 3167 5118 reali
3196 5075 3321 5116 non

1787 5161 2072 5242 procedit
2097 5159 2258 5220 ratio
2294 5159 2460 5219 sacta
2494 5159 2712 5217 contra
2741 5169 2996 5214 censum
3027 5167 3324 5228 persona-

1787 5256 1913 5315 lem
1938 5300 1953 5330 ,
2006 5272 2148 5313 cum
2179 5252 2241 5312 in
2272 5270 2345 5312 eo
2377 5268 2500 5311 non
2531 5251 2820 5308 emantur
2849 5243 3178 5323 pensiones
3206 5241 3324 5301 sol-

1790 5345 2043 5420 vendae,
2106 5362 2221 5404 nec
2262 5341 2560 5421 obligatio
2602 5339 2682 5399 ad
2712 5338 2886 5412 illas,
2945 5334 3056 5395 sed
3087 5332 3323 5412 aliquid

1788 5457 2091 5518 praesenS,
2125 5455 2353 5514 nempe
2381 5433 2730 5496 dominium
2760 5430 2941 5505 utile,
2988 5446 3099 5487 seu
3142 5445 3325 5486 usus—

1787 5533 2027 5594 fructus
2055 5529 2256 5605 fundi‚
2293 5527 2396 5608 qui
2432 5526 2595 5588 sicut
2623 5523 2746 5585 emi
2776 5525 2981 5601 potest
3007 5520 3072 5580 in
3101 5537 3320 5598 perpe-

3440 1998 3519 2058 35

3387 2126 3610 2170 Solvuntur

3374 2184 3612 2234 argumema

3384 2232 3604 2277 contraria.

3459 4040 3538 4100 36

3362 4165 3518 4210 Consus
3537 4167 3659 4208 mli·

3389 4220 3439 4261 ad
3475 4225 3633 4273 tmpus

3389 4273 3640 4314 determina·

3365 4331 3449 4369 tum
3470 4338 3520 4367 an
3540 4325 3661 4368 lie-eat
