4263 6376
1212 334 1682 395 DISPUTATIO
1726 334 1913 408 XXV,
1963 334 2238 396 SECTIO
2282 334 2361 397 V.

693 845 1101 929 SBGTlo
1175 847 1250 928 V.

209 1156 289 1212 De
301 1147 507 1232 pactis
532 1154 762 1212 mut-uo
793 1147 1052 1224 addicis,
1101 1163 1243 1231 quae
1272 1145 1553 1211 reddunt
1582 1165 1735 1209 con-

624 1262 904 1318 tractum
929 1251 1330 1317 usurarium.

282 1516 511 1594 Regula
540 1515 858 1594 generalis
885 1515 1452 1595 est,quodcumque
1482 1521 1735 1595 pactum

208 1627 322 1689 quo
378 1627 732 1688 gravamen
788 1614 898 1670 aut
943 1628 1099 1669 onus
1146 1608 1312 1668 aliud
1362 1614 1590 1688 praeter
1644 1608 1730 1684 id,

117 1728 122 1752 ι
205 1702 360 1781 quod
415 1707 642 1762 mutuo
700 1702 1103 1762 intrinsecum
1149 1706 1212 1762 et
1239 1701 1559 1780 proprium
1617 1705 1730 1777 est,

118 1799 119 1806 ’
202 1793 505 1874 adjicitur,
568 1793 838 1854 reddere
894 1798 1283 1855 contractum
1332 1793 1728 1854 usurarium:

117 2879 161 3068 estas

201 1887 360 1967 quod
389 1906 463 1946 ex
493 1906 692 1967 supra
715 1887 897 1947 dictis
916 1891 1179 1964 constat,
1205 1888 1353 1966 quia
1381 1905 1522 1947 cum
1553 1886 1616 1946 id
1645 1891 1733 1947 to-

200 1985 324 2040 tum
378 1980 552 2059 quod
610 1985 908 2041 mutuans
962 1980 1101 2056 dat,
1160 1984 1600 2058 compensetur
1653 1980 1732 2039 ad

201 2073 652 2153 aequalitatem,
704 2073 955 2152 quando
987 2091 1017 2131 a
1051 2073 1429 2133 mutuatario
1459 2077 1729 2133 tantum-

200 2167 332 2226 dem
360 2166 658 2226 redditur
679 2213 696 2241 ,
731 2183 1117 2245 consequens
1147 2169 1278 2242 est,
1330 2169 1400 2225 ut
1428 2163 1732 2243 quidquid

199 2258 454 2337 amplius
483 2258 762 2337 exigitur
787 2257 884 2316 vel
912 2257 1254 2337 imponitur
1277 2303 1292 2333 ,
1343 2256 1571 2335 injuste
1601 2256 1729 2316 exi-

198 2357 372 2430 gatur
417 2355 480 2412 et
507 2352 896 2430 imponatur.
957 2352 1047 2410 Ex
1094 2350 1212 2411 hac
1256 2355 1467 2411 autam
1513 2349 1732 2428 regula

201 2462 379 2525 quam
426 2444 648 2523 plures
685 2462 850 2504 nunc
878 2443 1253 2522 quaestiones
1279 2442 1552 2504 breviter
1576 2442 1733 2502 defi-

200 2537 434 2598 niendae
463 2541 642 2610 sunt,
666 2555 807 2615 quae
834 2535 999 2596 circa
1028 2536 1275 2595 diversa
1302 2540 1485 2613 pacta
1512 2539 1730 2597 mutuo

203 2629 339 2690 addi
366 2629 553 2690 solita
581 2628 828 2688 moveri
852 2629 1073 2689 solent.

274 2724 542 2783 Infertur
574 2722 802 2800 primo,
837 2721 988 2800 quid
1018 2721 1353 2781 dicendum
1381 2722 1463 2782 sit
1489 2722 1566 2782 de
1594 2740 1733 2781 mu-

202 2820 404 2877 tuante
433 2814 659 2875 addito
691 2819 872 2892 pacto
898 2859 913 2890 ,
966 2818 1034 2874 ut
1079 2814 1494 2875 mutuatarius
1542 2814 1595 2873 ei
1642 2834 1734 2874 re·

202 2909 397 2969 mittat
422 2906 731 2987 injuriam
759 2906 822 2965 in
852 2906 1111 2982 honore,
1138 2907 1441 2981 fama‚vel
1470 2925 1731 2985 corpore

202 2999 442 3062 tactam.
504 3001 765 3061 Certum
814 3003 907 3059 est
930 3046 945 3075 ,
1002 3000 1053 3058 si
1081 2998 1309 3077 injuria
1336 2999 1539 3059 fuerat
1567 3001 1733 3059 circa

200 3093 356 3153 bona
399 3094 714 3167 fortunae,
766 3093 1031 3152 afferens
1065 3091 1509 3171 obligationem
1553 3092 1734 3153 resti-

200 3185 443 3263 tuendi,
513 3183 831 3265 ejusmodi
873 3191 1127 3264 pactum
1172 3203 1307 3246 esse
1352 3185 1727 3262 usurarium,

202 3279 813 3340 cumvelitmutuans
832 3278 995 3338 ultra
1007 3282 1240 3339 sortem
1261 3278 1569 3338 lucrariea
1592 3296 1730 3357 quae

200 3374 515 3433 restituere
572 3370 895 3431 debuisset
932 3390 945 3430 ε
1007 3370 1258 3450 quando
1307 3389 1456 3432 vero
1504 3370 1734 3448 injuria

201 3465 392 3525 fuerat
418 3464 478 3524 in
511 3464 645 3524 alio
675 3481 926 3541 genere,
963 3464 1148 3524 Sotus
1176 3463 1396 3524 lib.V1.
1431 3462 1500 3524 de
1523 3462 1727 3523 lus-tit.

202 3576 297 3637 qu.
329 3574 372 3618 1.
405 3562 525 3617 art.
562 3559 628 3617 2.
664 3560 853 3635 negat
896 3574 1031 3616 esse
1062 3560 1313 3633 pactum
1343 3555 1726 3626 usurarium;

201 3650 337 3728 quia
363 3647 684 3729 ejusmodi
705 3646 952 3728 jactura
980 3647 1233 3708 honoris
1253 3652 1316 3707 et
1332 3647 1514 3708 famae
1535 3648 1736 3708 solent

201 3761 306 3822 per
346 3742 702 3804 amicitiam
749 3739 1132 3814 condonari,
1192 3739 1312 3799 hoc
1342 3745 1549 3800 tamen
1583 3741 1734 3801 nihil

200 3836 412 3914 probat
430 3881 449 3905 ,
504 3834 663 3913 quia
691 3832 879 3893 etiam
908 3832 1118 3893 debita
1145 3831 1505 3909 pecuniaria
1534 3833 1737 3893 solent

201 3927 528 4007 aliquando
584 3944 700 4005 per
726 3924 1064 3985 amicitiam
1107 3924 1486 4001 condonari,
1539 3930 1601 3986 et
1648 3930 1734 3986 ta·

203 4039 335 4081 men
364 4021 413 4080 si
445 4018 832 4081 condonatio
871 4017 1011 4078 talis
1039 4017 1231 4078 debiti
1261 4018 1546 4096 exigatur
1574 4019 1734 4079 ultra

204 4120 423 4173 sortem
453 4112 518 4173 in
550 4116 774 4171 mutuo
796 4156 811 4186 ,
864 4110 942 4170 sit
969 4128 1178 4169 usura.
1241 4110 1443 4181 Quare
1473 4110 1735 4172 fortasse

207 4207 380 4267 Sotus
419 4206 632 4266 solum
681 4204 988 4282 loquitur,
1049 4203 1300 4282 quando
1356 4203 1734 4264 mutuatario

206 4316 317 4358 non
344 4299 695 4378 imponitur
720 4295 1013 4374 obligatio
1044 4294 1440 4355 condonandi
1471 4295 1737 4375 ejusmo—

206 4390 263 4450 di
290 4392 520 4465 debita,
541 4390 660 4451 sed
690 4389 891 4450 solum
920 4387 999 4447 ab
1022 4406 1094 4448 eo
1125 4388 1357 4466 petitur
1383 4392 1452 4449 ut
1478 4407 1554 4448 ex
1583 4389 1739 4448 ami-

206 4481 340 4543 citia
368 4483 714 4543 condonet.

278 4576 477 4636 Minus
508 4574 810 4653 explicari
840 4578 1048 4653 potest
1072 4576 1387 4634 Navarrus
1411 4621 1426 4651 ,
1460 4574 1566 4654 qui
1596 4592 1734 4653 cap.

208 4683 349 4727 xrn.
384 4687 444 4728 n.
478 4670 626 4728 238.
661 4666 839 4742 dicit,
893 4687 1014 4728 non
1046 4686 1181 4728 esse
1209 4686 1465 4728 usuram
1491 4668 1738 4746 exigere

210 4761 365 4838 quod
392 4760 719 4821 condonet
756 4759 1098 4821 vindictam
1138 4765 1202 4820 et
1242 4778 1495 4837 poenam
1549 4778 1739 4839 quam

210 4852 283 4911 ob
326 4852 627 4932 injuriam
671 4857 887 4930 posset
932 4851 1099 4930 apud
1140 4850 1419 4931 judicem
1464 4853 1735 4931 exigere,

211 4944 347 5023 quia
386 4964 585 5024 poena
634 4950 780 5005 ante
824 4944 1020 5006 latam
1064 4944 1439 5005 sententiam
1486 4964 1611 5005 non
1649 4949 1744 5005 est

213 5035 446 5111 debita3
508 5056 693 5099 secus
741 5056 889 5098 vero
910 5084 925 5113 ,
976 5037 1025 5098 si
1072 5042 1323 5116 petatur
1367 5037 1740 5098 condonatio

212 5129 733 5208 compensationis
751 5148 865 5209 pro
887 5130 1117 5190 damno
1148 5129 1374 5208 injuste
1403 5130 1571 5205 date,
1598 5129 1744 5207 quia

214 5219 339 5281 haec
379 5230 525 5284 ante
572 5239 825 5284 omnem
866 5222 1242 5284 sententiam
1271 5222 1555 5283 debetur.
1614 5224 1744 5282 Hoc

216 5316 410 5375 tamen
441 5316 632 5377 etiam
663 5315 944 5395 rejicitur
962 5315 1378 5376 communiter
1405 5320 1468 5376 et
1493 5315 1738 5387 merit03

215 5407 353 5483 quia
376 5408 525 5469 licet
553 5427 745 5487 poena
769 5408 977 5468 adhuc
1006 5426 1131 5468 non
1162 5407 1495 5484 debeatur,
1521 5407 1625 5485 jus
1649 5411 1742 5468 ta·

216 5516 349 5560 men
392 5500 546 5562 illud
574 5501 656 5561 ad
689 5500 1062 5582 exigendam
1104 5518 1316 5562 coram
1355 5499 1568 5582 judice
1614 5519 1742 5581 pa»,-

3256 334 3362 392 181

1834 528 1980 571 nam
2011 514 2104 572 est
2131 510 2370 591 aliquid
2399 511 2756 572 mutuatarii
2775 531 2790 578 2
2843 509 3013 589 quod
3057 509 3136 568 ab
3166 525 3239 569 eo
3282 508 3372 568 in-

1824 601 1992 682 juste
2022 603 2322 665 aufertur.
2383 606 2500 664 Pro
2533 621 2654 681 quo
2687 607 2750 663 et
2777 620 2890 680 pro
2924 601 3060 661 aliis
3091 599 3372 660 dicendis

1835 694 2118 773 adverte,
2156 714 2290 757 esse
2319 696 2736 757 differentiam
2765 695 2927 755 inter
2955 694 3284 755 simoniam
3311 696 3375 753 et

1834 806 2125 862 usuram,
2174 789 2382 867 quoad
2428 789 2547 848 hoc
2594 788 2762 867 quod
2806 788 2881 846 ad
2915 786 3245 846 simoniam
3273 800 3373 845 re-

1836 880 2123 959 quiritur,
2173 882 2344 961 quod
2374 880 2695 959 spirituale
2723 899 2834 957 pro
2868 877 3196 957 temporali
3225 896 3373 936 ven-

1835 971 2022 1033 datur
2047 972 2147 1032 vel
2177 977 2636 1044 commutetur3
2688 976 2818 1032 tota
2866 972 3096 1050 quippe
3134 969 3372 1030 malitia

1833 1063 2115 1124 simoniae
2146 1064 2427 1126 consistit
2465 1065 2529 1124 in
2578 1082 2651 1124 eo
2701 1063 2866 1143 quod
2917 1081 3016 1122 res
3046 1079 3240 1122 sacrae
3269 1061 3371 1122 vel

1833 1155 2187 1234 spirituales
2215 1157 2631 1236 adaequantur
2659 1157 2756 1215 rel
2786 1157 3375 1216 commensurantur

1835 1265 1977 1308 curn
2005 1249 2477 1326 temporalibus,
2512 1267 2652 1327 quae
2682 1252 2775 1308 est
2802 1247 3209 1308 irreverentia
3236 1263 3374 1325 gra-

1832 1338 1927 1399 vis
1973 1336 2193 1400 contra
2238 1360 2348 1401 res¹
2384 1359 2613 1401 sacraS.
2680 1344 2895 1401 Usurae
2938 1358 3085 1399 vero
3132 1338 3373 1399 malitia

1834 1432 2116 1493 consistit
2143 1432 2201 1491 in
2237 1451 2310 1493 eo
2361 1433 2527 1511 quod
2559 1432 2690 1492 sine
2719 1433 2897 1492 titulo
2939 1432 3250 1509 obligetur
3276 1430 3370 1489 in-

1825 1525 1993 1603 juste
2049 1525 2469 1585 mutuatarius
2523 1525 2605 1583 ad
2659 1525 2927 1603 aliquid;
2992 1542 3185 1603 quare
3243 1523 3373 1581 sive

1833 1616 2146 1696 obligetur
2173 1617 2254 1676 ad
2283 1616 2520 1696 aliquid
2548 1617 2889 1695 spirituale,
2916 1616 3045 1676 sive
3077 1616 3155 1675 ad
3186 1633 3375 1693 pecu-

1834 1710 2025 1784 niam,
2059 1709 2190 1770 sive
2221 1709 2300 1769 ad
2332 1708 2634 1769 honorem
2662 1754 2677 1784 ,
2711 1709 2841 1769 sive
2872 1709 2949 1767 ad
2983 1709 3257 1768 actiones
3284 1707 3373 1766 in-

1832 1803 2042 1861 ternas
2069 1801 2201 1862 sive
2231 1805 2540 1876 externaS,
2575 1801 2703 1859 sive
2734 1800 2813 1859 ad
2844 1800 3145 1879 quidquid
3178 1798 3369 1874 aliud,

1834 1893 2019 1954 datur
2048 1911 2274 1968 usura,
2327 1893 2475 1973 quia
2522 1892 2656 1953 haec
2701 1893 2910 1953 omnia
2952 1896 3213 1970 possunt
3239 1909 3372 1952 esse

1832 1985 2096 2046 materia
2124 1985 2464 2066 injustitiae.
2518 1986 2653 2058 Quo
2685 1985 3008 2064 supposito
3030 2032 3045 2061 ,
3099 2002 3243 2044 cum
3266 1982 3372 2064 jus

1831 2078 1983 2138 illud
2014 2077 2090 2137 ad
2123 2096 2376 2156 poenam
2397 2124 2412 2152 ,
2461 2078 2591 2137 sive
2640 2077 2720 2136 ad
2761 2076 3153 2155 punitionem
3182 2076 3372 2137 etiam

1831 2170 2227 2249 personalem
2283 2169 2657 2246 exigendam
2701 2172 3017 2246 competat
3067 2172 3375 2228 mutuata-

1831 2262 1947 2338 rio,
1981 2281 2104 2323 non
2134 2266 2341 2341 potest
2368 2263 2500 2321 sine
2530 2261 2832 2340 injustitia
2862 2260 3125 2339 obligari
3155 2260 3235 2320 ad
3267 2259 3372 2339 jus

1830 2354 1984 2415 illud
2013 2373 2050 2413 a
2077 2373 2144 2414 se
2173 2354 2619 2415 abdicandum.

1931 2447 2292 2509 Communis
2339 2466 2489 2526 ergo
2533 2452 2597 2507 et
2635 2465 2785 2506 vera
2832 2447 3142 2508 sententia
3188 2446 3372 2507 docet

1831 2546 2085 2621 pactum
2114 2540 2263 2599 illud
2297 2558 2546 2617 semper
2565 2558 2701 2601 esse
2721 2540 3098 2599 usurarium.
3134 2541 3224 2599 lta
3243 2540 3371 2599 Mo-

1829 2633 1957 2694 lina
2001 2652 2144 2694 cum
2176 2633 2310 2691 aliis
2349 2632 2508 2711 disp.
2542 2635 2682 2692 307.
2715 2632 2771 2709 ἓ.
2805 2630 3126 2692 Dicendum
3154 2640 3366 2706 tamen,

1829 2729 2001 2787 Lesa
2037 2725 2188 2785 dub.
2222 2742 2334 2786 vn.
2388 2730 2450 2785 et
2476 2725 2577 2785 alii
2611 2743 2766 2804 quos
2797 2727 2977 2785 affert
3005 2729 3066 2785 et
3090 2725 3373 2803 sequitur

3517 2455 3664 2514 38‘

1834 2819 2010 2880 Salas
2066 2819 2216 2878 dub.
2275 2835 2386 2878 xa.
2457 2817 2576 2877 hoc
2629 2824 2840 2877 tamen
2899 2835 3023 2877 non
3083 2817 3372 2895 procedit

1833 2911 2084 2992 quando
2114 2910 2529 2972 mutuatarius
2576 2908 2803 2988 injuste
2835 2909 3084 2970 volebat
3113 2908 3372 2988 propria

1833 3003 2203 3064 auctoritate
2232 3002 2573 3062 vindictam
2600 3020 2848 3061 sumere
2882 3020 2894 3060 :
2931 3001 3078 3079 quia
3106 3006 3285 3076 tunc,
3320 3000 3371 3060 si

1830 3099 2125 3156 mutuans
2155 3095 2218 3154 in
2247 3099 2499 3174 pactum
2532 3093 2804 3153 deducat
2848 3093 3012 3173 quod
3047 3093 3307 3154 desistat
3334 3111 3373 3153 a
3423 3134 3427 3138 -

1830 3188 1936 3251 tali
1968 3188 2267 3263 vindicta,
2302 3206 2426 3248 non
2458 3192 2551 3248 est
2580 3206 2793 3262 usura,
2830 3206 2972 3248 cum
3005 3186 3156 3245 nihil
3187 3186 3266 3246 ab
3295 3205 3368 3246 eo

1833 3281 2106 3357 auferat,
2158 3280 2467 3359 siquidem
2512 3279 2752 3340 nullum
2774 3279 2876 3359 jus
2907 3280 2987 3339 ad
3015 3280 3206 3340 talem
3233 3279 3371 3338 vin—

1831 3374 2063 3434 dictam
2096 3372 2388 3432 habebat.
2423 3373 2626 3444 Quare
2656 3391 2858 3451 neque
2898 3372 3014 3431 erit
3044 3390 3234 3431 usura
3264 3370 3370 3431 de-

1832 3466 2063 3526 ducere
2092 3466 2152 3525 in
2184 3470 2437 3544 pactum
2456 3512 2470 3540 ,
2523 3469 2592 3525 ut
2619 3483 2659 3525 a
2684 3465 2792 3525 lite
2821 3466 2984 3526 clare
3015 3464 3246 3544 injusta
3272 3482 3372 3524 re-

1831 3557 2034 3634 cedat,
2067 3576 2192 3637 qua
2223 3563 2280 3618 te
2310 3557 2599 3632 vexabat,
2631 3557 2730 3616 vel
2763 3564 2831 3616 ut
2858 3556 3140 3617 debitum
3171 3555 3366 3632 aliud,

1833 3652 2001 3730 quod
2031 3650 2273 3711 solvere
2305 3650 2415 3710 tibi
2444 3649 2736 3725 debebat,
2762 3649 3150 3727 solvat,'quia
3179 3648 3243 3707 in
3274 3647 3372 3707 his

1833 3749 1897 3803 et
1922 3742 2228 3803 similibus
2258 3741 2412 3800 nihil
2440 3742 2519 3801 ab
2549 3760 2622 3801 eo
2655 3741 2886 3818 accipis
2917 3742 3080 3800 ultra
3110 3745 3368 3814 sortem,

1833 3854 1976 3895 cum
2007 3834 2085 3893 ad
2116 3834 2251 3894 haec
2282 3834 2490 3894 omnia
2511 3835 2646 3912 jam
2676 3832 2924 3892 aliunde
2948 3833 3052 3912 jus
3082 3832 3365 3891 haberes„

1834 3928 2138 3989 Videatur
2163 3925 2393 3987 Molina
2423 3927 2584 4004 disp.
2618 3928 2758 3987 309.
2796 3926 2860 3984 in
2894 3925 3222 4004 principio.

1916 4021 2115 4095 DiceS,
2151 4019 2352 4079 honor
2381 4023 2441 4079 et
2469 4019 2635 4078 sama
2665 4037 2790 4077 non
2821 4023 2966 4078 sunt
2992 4016 3191 4095 pretio
3216 4015 3376 4077 aesti-

1834 4112 2118 4186 mabiles,
2143 4129 2291 4188 ergo
2315 4110 2419 4169 tali
2453 4111 2912 4171 condonatione
2944 4126 3065 4169 non
3097 4109 3376 4169 lucratur

1834 4209 2128 4267 mutuans
2186 4204 2420 4281 aliquid
2477 4203 2677 4282 pretio
2734 4202 3123 4262 aestimabile.
3185 4202 3369 4279 Resp.

1836 4297 2142 4379 quidquid
2172 4296 2254 4357 sit
2294 4296 2372 4355 de
2418 4296 2818 4358 antecedenti
2849 4299 2911 4356 et
2938 4294 3371 4374 consequenti,

1838 4390 2044 4449 adhuc
2091 4394 2343 4467 pactum
2374 4407 2508 4448 esse
2538 4388 2893 4448 usurarium
2918 4434 2934 4464 ‚
2981 4393 3043 4448 et
3072 4405 3144 4448 eo
3175 4385 3378 4465 magis

1836 4500 1960 4561 quo
1991 4482 2053 4541 id
2084 4481 2254 4560 quod
2287 4500 2322 4539 a
2350 4480 2729 4541 mutuatario
2763 4480 3077 4556 aufertur,
3129 4482 3223 4540 est
3265 4478 3378 4538 bo·

1836 4593 1987 4635 num
2015 4573 2344 4634 sublimius
2404 4593 2417 4634 :
2479 4573 2648 4652 quod
2696 4572 2842 4634 licet
2887 4590 3011 4632 non
3053 4571 3134 4632 sit
3178 4570 3377 4650 pretio

1837 4664 2225 4740 aestimabile,
2257 4665 2488 4744 injuste
2519 4671 2730 4726 tamen
2762 4666 3043 4726 aufertur
3072 4664 3150 4725 α’)
3181 4682 3254 4724 eo
3278 4710 3294 4740 ,
3343 4682 3381 4723 a

1838 4778 1961 4838 quo
1992 4757 2125 4818 sine
2155 4758 2333 4820 titulo
2363 4763 2426 4819 et
2453 4758 2876 4819 involuntarie
2906 4760 3207 4819 aufertur.

1918 4852 2250 4930 Excipiunt
2306 4851 2529 4930 aliqui,
2588 4855 2657 4911 ut
2714 4868 2835 4911 non
2892 4851 3192 4930 procedat
3244 4850 3380 4910 haec

1839 4944 2155 5006 conclusio
2176 4989 2193 5019 ‚
2245 4943 2497 5022 quando
2543 4948 2796 5020 pactum
2825 4946 2928 5020 fit,
2964 4949 3031 5005 ut
3061 4943 3314 5004 recedat
3342 4961 3380 5002 a

3526 4868 3604 4926 39

1839 5036 2276 5116 persecutione
2317 5037 2486 5115 justa
2517 5035 2771 5116 quidem
2798 5082 2813 5111 ,
2865 5036 2974 5095 sed
3006 5054 3079 5095 ex
3111 5053 3235 5115 qua
3265 5052 3379 5095 nec
3428 4993 3683 5088 Αᾞοῖιὲιῖἷὶ

1838 5131 1972 5208 ipse
2001 5147 2116 5189 nec
2145 5128 2364 5204 amici,
2398 5129 2495 5188 vel
2527 5129 2815 5205 cognati,
2853 5146 2968 5187 nec
2997 5128 3132 5205 ipsa
3161 5145 3382 5205 respu-
3414 5103 3729 5214 ῑῗιξῖζῗῗᾷῗέζ

1840 5222 2005 5283 blica
2036 5221 2435 5281 commodum
2466 5221 2652 5299 capit.
2687 5222 2780 5281 Ita
2807 5220 3057 5281 Medina
3087 5220 3249 5298 apud
3270 5221 3385 5280 Sa·
3487 5206 3562 5248 ²³¹*
3582 5204 3688 5247 ''¹¹¹‘’

1840 5316 1956 5391 las,
1991 5334 2052 5375 n.
2088 5318 2147 5375 3.
2181 5315 2292 5374 sed
2322 5313 2658 5388 immerite,
2685 5319 2754 5373 ut
2781 5316 2954 5373 notat
2983 5313 3148 5373 idem
3180 5313 3380 5389 Salas,

1842 5427 1986 5468 cum
2005 5425 2254 5485 semper
2271 5407 2510 5485 punitio
2526 5405 2697 5483 justa
2722 5405 3033 5466 redundet
3058 5404 3120 5464 in
3150 5405 3386 5465 bonum
3451 5424 3461 5435 ·

1844 5500 2129 5580 alicuiuS,
2166 5503 2228 5562 et
2254 5504 2320 5561 tu
2352 5498 2579 5581 injuste
2610 5516 2797 5577 cogas
2827 5498 3277 5560 mutuatarium
3308 5519 3384 5560 ne
