4263 6376
1117 281 1590 343 DISPUTATIO
1635 280 1908 355 XXVIII,
1956 280 2231 342 SECTIO
2274 280 2378 341 111.

181 456 376 517 denti:
419 459 681 535 propter
721 456 1026 536 majorem
1070 456 1237 517 enim
1281 455 1562 536 pecuniae
1591 474 1691 517 co-

179 549 328 629 piam
355 549 555 609 carius
603 549 840 611 factum
887 555 983 611 est
1025 549 1298 611 triticum
1324 596 1340 625 ‚
1392 554 1454 611 et
1498 549 1694 609 crevit

180 641 299 722 ejus
324 641 514 703 valor.
551 643 735 719 Quod
765 662 804 703 a
826 643 1158 722 posteriori
1180 642 1432 722 probari
1453 646 1684 720 potest;

180 736 307 813 quia
334 735 382 794 si
420 737 708 813 tempore
736 735 1116 814 praecedenti
1160 735 1440 795 dedisses
1468 738 1689 795 mutuo

179 831 264 889 20.
308 826 547 888 modios
592 827 822 904 tritici,
876 829 985 908 qui
1030 833 1181 889 tunc
1223 826 1518 888 valebant
1548 830 1682 888 100.

180 938 399 993 aureOS,
432 921 636 980 sciens
657 966 673 996 ,
709 925 927 999 postea
958 967 972 996 ‚
1007 920 1378 980 adveniente
1409 919 1688 997 pecunias

179 1012 535 1074 abundantia
556 1059 572 1089 ,
635 1013 894 1073 eosdem
940 1016 1039 1074 20.
1098 1012 1344 1073 modios
1391 1011 1689 1072 valituros

182 1109 299 1167 150.
332 1123 570 1181 aureos,
602 1123 729 1166 non
759 1110 941 1184 potes
969 1105 1243 1184 exigere,
1277 1108 1348 1165 ut
1373 1104 1554 1164 reddi
1583 1104 1687 1163 de-

178 1198 346 1259 beant
371 1202 587 1275 postea
616 1202 718 1259 20.
747 1198 967 1275 Πιοᾶίἰ,
1001 1198 1112 1259 sed
1141 1197 1469 1277 pauciores
1492 1243 1507 1272 ,
1541 1195 1689 1275 quia

180 1294 469 1351 crescente
498 1308 722 1350 eorum
742 1290 968 1369 pretio,
1003 1290 1332 1370 pauciores
1359 1288 1687 1368 aequivale-

178 1382 313 1443 hunt
323 1382 379 1441 in
391 1381 600 1441 valore
613 1382 929 1459 prioribus
946 1386 1046 1444 20.
1056 1400 1205 1462 ergo
1221 1382 1548 1462 pauciores
1559 1399 1687 1441 mo-

180 1475 251 1534 dii
278 1472 735 1553 aequivalebunt
753 1478 851 1537 ΞΟ.
876 1475 1211 1554 prioribuS,
1246 1479 1309 1536 et
1328 1492 1443 1554 per
1464 1491 1685 1534 conse-

179 1585 351 1647 quens
377 1566 638 1627 totidem
662 1570 800 1629 100.
835 1569 1008 1628 aurei
1029 1568 1335 1628 reddendi
1355 1568 1684 1647 aequivale-

179 1660 312 1719 bant
336 1661 466 1720 100.
501 1661 781 1740 acceptis
802 1661 863 1720 in
885 1662 1121 1738 valore,
1155 1661 1303 1741 quia
1322 1660 1466 1721 licet
1495 1660 1684 1739 aequi-

182 1751 399 1812 valeant
425 1752 831 1829 paucioribus
872 1754 1099 1814 modiis
1129 1754 1345 1830 tritici,
1380 1753 1445 1813 hi
1472 1757 1681 1814 tamen

182 1844 474 1922 pauciores
527 1845 727 1905 modii
784 1847 1167 1925 aequivalent
1215 1846 1279 1906 in
1336 1846 1551 1906 valore
1607 1864 1680 1906 eo

178 1942 426 2014 tempore
453 1939 551 2001 20.
598 1938 831 1999 modiis
875 1940 1100 2017 emptis
1129 1943 1413 2019 tempore
1443 1956 1683 2017 praece-

180 2028 345 2089 denti.
377 2030 437 2090 Si
466 2048 618 2109 ergo
653 2030 1053 2091 reddendum
1082 2035 1178 2093 est
1204 2032 1447 2110 aequale
1475 2031 1539 2090 in
1570 2049 1680 2092 va-

178 2121 306 2194 lore,
322 2140 435 2182 non
456 2122 692 2184 debent
713 2123 894 2183 reddi
915 2124 1129 2202 plures
1147 2124 1428 2202 pecuniae
1458 2125 1681 2185 eodem

179 2213 314 2289 1000,
330 2214 468 2292 quia
481 2213 579 2274 hae
595 2233 849 2294 semper
862 2216 1499 2294 habebuntmajorem
1512 2216 1684 2277 valo-

179 2324 293 2365 rem
314 2352 328 2379 ,
383 2324 521 2366 cum
552 2306 629 2367 iis
661 2308 788 2368 emi
818 2308 1016 2387 possit
1042 2309 1436 2370 tantumdem
1465 2308 1675 2385 tritici,

182 2398 321 2478 quod
348 2403 549 2460 tamen
591 2419 762 2461 nunc
804 2402 944 2480 plus
971 2401 1138 2463 valet
1180 2419 1367 2480 quam
1397 2407 1679 2479 tempore

179 2491 541 2568 praecedenti.
578 2493 764 2554 Ratio
795 2497 1005 2554 autem
1036 2498 1150 2569 est,
1184 2494 1353 2572 quod
1382 2512 1513 2554 rem
1544 2513 1677 2554 esse

180 2583 400 2661 majoris
425 2584 680 2660 valoris,
718 2585 815 2645 vel
846 2585 1108 2645 minoris
1135 2632 1150 2661 ,
1204 2589 1297 2645 est
1324 2587 1550 2664 majori
1580 2587 1677 2646 vel

179 2675 374 2735 minori
400 2677 597 2754 pretio
628 2677 754 2738 emi
786 2696 969 2755 posse
1004 2699 1017 2739 :
1061 2696 1202 2738 cum
1233 2697 1381 2757 ergo
1412 2679 1678 2757 pecunia

181 2767 290 2826 sola
313 2768 387 2827 sit
411 2769 681 2847 pretium
713 2769 978 2830 aliarum
1008 2789 1217 2830 rerum
1238 2817 1253 2847 ,
1288 2789 1387 2830 res
1416 2771 1552 2831 aliae
1583 2772 1678 2831 di-

142 2888 151 2895 ·
180 2864 374 2919 cuntur
398 2880 679 2923 crescere
710 2862 772 2921 in
803 2864 1037 2939 valore,
1072 2868 1133 2924 et
1162 2864 1226 2923 in
1254 2863 1454 2942 pretio
1484 2864 1676 2923 adve-

181 2951 359 3013 niente
397 2954 575 3033 copia
603 2955 928 3033 pecuniam
976 2973 1101 3015 non
1132 2974 1281 3016 vero
1313 2955 1539 3016 dicitur
1565 2975 1675 3035 pe-

182 3044 338 3104 cunia
363 3045 722 3108 decrescere
752 3047 816 3106 in
845 3048 1058 3108 valore
1089 3052 1151 3108 et
1177 3048 1239 3106 in
1271 3048 1493 3126 preti0‚
1527 3049 1675 3127 quia

180 3154 393 3217 semper
418 3138 605 3201 habet
634 3139 932 3200 eumdem
961 3141 1239 3201 valorem
1270 3145 1331 3202 et
1358 3140 1627 3219 pretium
1655 3161 1667 3203 ε

180 3229 416 3308 alioquin
445 3233 821 3293 adveniente
869 3234 1051 3312 copia
1094 3234 1412 3312 pecuniae‚
1464 3234 1671 3295 dicere

180 3339 469 3399 possumus
494 3371 509 3401 ,
555 3325 749 3386 tritici
778 3325 1046 3403 pretium
1076 3344 1200 3386 non
1230 3344 1364 3386 esse
1394 3332 1665 3401 auctum,

180 3413 269 3472 sed
310 3416 499 3494 potius
546 3417 906 3478 decrevisse
962 3419 1244 3496 pecunias
1291 3419 1568 3479 valorem
1610 3424 1674 3482 et

182 3507 445 3584 pretium,
492 3514 939 3587 perseverante
973 3511 1198 3571 eodem
1243 3511 1431 3572 tritici
1472 3511 1669 3589 pretio

181 3603 232 3657 et
256 3600 476 3674 valore;
527 3602 700 3681 quod
756 3606 964 3663 tamen
995 3603 1118 3664 dici
1163 3622 1287 3664 non
1318 3608 1553 3683 potest,
1603 3611 1674 3665 ut

181 3690 559 3766 probavimus.

247 3783 404 3845 Dices
432 3832 447 3860 ,
520 3787 776 3866 quando
832 3787 1148 3848 cambium
1199 3788 1272 3850 fit
1322 3790 1402 3849 ad
1461 3790 1670 3851 locum

182 3872 361 3951 alium,
392 3877 451 3937 in
481 3898 603 3958 quo
631 3879 916 3958 pecunia».
944 3881 1122 3940 valor
1147 3881 1355 3942 minor
1383 3886 1505 3959 est,
1538 3882 1672 3944 lici-

182 3968 291 4025 tum
317 3974 403 4030 est
427 3971 559 4048 plus
605 3973 861 4051 exigere
884 4019 899 4042 ,
955 3973 1102 4052 quia
1133 3972 1266 4053 jam
1314 3976 1577 4053 pecunia
1606 3977 1666 4036 in

184 4057 281 4118 alio
304 4059 427 4123 loco
453 4065 588 4141 plus
606 4066 825 4126 valens
843 4084 952 4144 rep
962 4070 1171 4127 utatur
1197 4071 1267 4128 ut
1284 4086 1459 4128 merx
1479 4069 1671 4149 digna

183 4151 326 4213 tanto
377 4157 616 4233 pretio-z
670 4177 823 4236 ergo
872 4159 1093 4219 eadem
1147 4161 1413 4239 pecunia
1465 4167 1670 4241 potest

182 4242 295 4319 plus
318 4248 512 4310 valere
543 4251 735 4311 etiam
782 4251 843 4310 in
894 4251 1013 4312 alio
1043 4256 1327 4331 tempore
1346 4300 1361 4329 ,
1404 4255 1508 4333 qui
1538 4274 1667 4315 ma-

179 4333 263 4411 jor
284 4339 437 4400 valor
480 4343 675 4420 possit
719 4345 1115 4423 compensari
1159 4344 1440 4424 pluribus
1477 4366 1666 4426 pecu-

183 4428 295 4489 niis.
328 4432 749 4511 Respondetur
794 4455 869 4496 ex
921 4437 1102 4499 dictis
1130 4439 1418 4516 negando
1450 4458 1669 4501 conse-

186 4523 459 4597 quentiam
508 4547 521 4587 ε
581 4528 950 4590 differentiae
998 4529 1157 4591 ratio
1216 4534 1338 4606 est,
1401 4532 1550 4611 quia
1602 4533 1665 4593 in

185 4614 389 4674 cambio
417 4617 592 4680 locali
621 4620 961 4683 intervenit
986 4623 1267 4683 virtualis
1294 4625 1575 4703 trajectio
1606 4631 1670 4688 et

186 4711 517 4772 assecuratio
546 4713 830 4792 pecuniae
853 4761 868 4789 ,
922 4733 1062 4794 quae
1096 4721 1241 4777 sunt
1269 4717 1546 4778 actiones
1574 4718 1669 4777 di-

186 4796 387 4861 stinctae
414 4822 447 4862 a
476 4807 741 4884 pecunia
763 4854 779 4882 ,
840 4811 905 4867 et
931 4807 1138 4886 digna}
1169 4809 1367 4887 pretio
1393 4857 1407 4886 ,
1468 4815 1530 4871 et
1570 4811 1666 4872 hae

189 4890 421 4954 actiones
445 4905 702 4976 possunt
748 4899 982 4960 habere
1028 4902 1334 4980 majorem
1378 4908 1441 4965 et
1468 4904 1669 4965 mino-

186 4998 297 5041 rem
324 4987 579 5050 valorem
600 5038 616 5066 ‚
666 4992 813 5072 quia
844 4998 1105 5070 possunt
1134 4994 1508 5074 aequivalere
1537 4998 1669 5077 plu-

189 5071 330 5135 ribus
353 5080 442 5140 vel
484 5084 883 5161 paucioribus
925 5087 1207 5165 pecuniis
1230 5134 1245 5164 ,
1296 5092 1552 5168 propter
1576 5090 1670 5150 di-

190 5181 366 5230 versas
440 5174 933 5238 circumstantias
1014 5197 1154 5258 quas
1237 5187 1620 5244 concurrunt
1649 5203 1663 5243 :

192 5262 401 5334 quando
432 5273 633 5329 autem
663 5270 932 5349 pecunia
971 5272 1297 5334 reddenda
1325 5279 1419 5336 est
1446 5276 1669 5337 eodem

190 5347 302 5452 laco
328 5353 551 5421 diverso
574 5367 879 5442 tempore,
920 5363 1072 5424 nihil
1103 5366 1275 5426 aliud
1306 5367 1663 5447 intervenit,

194 5443 289 5502 uisi
311 5452 586 5531 pecunia,
638 5475 777 5535 quac
826 5475 953 5519 non
999 5462 1203 5537 potest
1251 5458 1483 5523 habere
1521 5480 1666 5524 vere

3209 277 3325 336 405

1794 455 2113 517 diversum
2141 455 2440 532 valorem,
2475 473 2616 516 cum
2648 472 2773 515 non
2804 452 3177 532 aequivaleat
3195 451 3327 530 plu-

1791 548 1966 609 ribus
1994 548 2094 608 vel
2123 547 2525 626 paucioribus
2551 547 2740 608 rebus
2768 546 3051 626 ejusdem
3072 544 3323 621 valoriS,

1791 646 1861 702 ut
1908 640 2321 719 explicuimus
2377 659 2390 699 ε
2452 644 2710 719 propter
2756 638 3125 699 dilationem
3180 655 3325 697 vero

1792 734 2092 813 temporis
2121 733 2274 793 nihil
2295 737 2501 812 potest
2518 733 2649 794 sine
2672 749 2862 792 usura
2882 730 3103 809 accipi,
3136 733 3326 809 atque

1793 825 1933 887 ideo
1966 844 2089 886 non
2123 830 2320 888 restat
2353 844 2538 887 verus
2567 826 2781 886 titulus
2817 824 2899 884 ad
2940 823 3151 902 plures
3188 822 3326 882 illas

1790 918 2086 999 pecunias
2109 923 2325 997 postea
2345 918 2682 996 exigendas
2709 938 2721 978 :
2758 921 2820 977 et
2839 916 3114 996 quidem,
3149 915 3200 975 si
3221 914 3323 975 ille

1788 1011 2005 1073 titulus
2033 1012 2228 1071 semel
2250 1011 2725 1090 approbaretur,
2759 1009 3107 1087 aperiretur
3123 1008 3325 1068 latens

1788 1106 1971 1182 porta
1997 1104 2348 1183 accipiendi
2375 1104 2620 1163 lucrum
2652 1121 2728 1162 ex
2754 1105 2973 1162 mutuo
2999 1146 3014 1176 ,
3066 1100 3320 1179 quando

1788 1201 2069 1267 tempore
2125 1197 2449 1258 solutionis
2501 1195 2706 1275 majus
2772 1198 3057 1274 speratur
3111 1193 3318 1254 futura

1787 1289 2071 1368 pecunias
2101 1289 2304 1369 copia.
2343 1290 2522 1351 Circa
2551 1289 2686 1348 haec
2713 1291 2924 1349 tamen

1865 1382 2149 1443 Dubitari
2168 1386 2373 1460 potest
2393 1382 2620 1460 primO,
2655 1399 2734 1440 an
2755 1379 3140 1458 campsarius
3159 1378 3315 1439 dans

1784 1474 1957 1553 prius
1987 1473 2350 1552 pecuniam,
2384 1473 2582 1553 possit
2608 1472 2773 1534 licite
2804 1473 3053 1550 exigere
3082 1490 3122 1532 a
3150 1490 3314 1532 cam-

1783 1584 1968 1646 psore
1997 1567 2389 1628 tantumdem
2418 1566 2701 1645 pecuniae
2745 1566 2809 1625 in
2839 1565 2963 1626 alio
2991 1565 3159 1641 locu,
3207 1563 3313 1625 ubi

1781 1660 2064 1739 pecuniae
2095 1660 2274 1718 valor
2298 1658 2501 1738 major
2530 1662 2643 1720 est.
2670 1660 2872 1737 Negat
2885 1658 3118 1719 Molina
3147 1657 3308 1735 disp.

1781 1756 1919 1814 403.
1955 1771 2126 1812 num.
2160 1755 2218 1813 8.
2268 1752 2372 1812 ubi
2417 1770 2610 1830 agens
2650 1752 2727 1811 de
2758 1751 3106 1829 campsario
3137 1750 3307 1827 dicit,

1778 1845 1986 1924 ipsum
2014 1862 2199 1924 posse
2237 1844 2574 1924 aliquando
2610 1844 3001 1905 committere
3030 1862 3308 1920 usuram,

1781 1943 1844 1999 et
1869 1938 2046 1998 addit
2074 1937 2211 1998 baec
2240 1937 2434 1997 verba
2469 1958 2482 1998 ε
2545 1959 2573 1993 α
2603 1942 2673 1998 ut
2697 1936 2747 1996 si
2778 1954 3041 1997 cernens
3061 1983 3080 2010 ,
3142 1955 3314 1996 cam-

1780 2048 2028 2109 psorem
2059 2030 2341 2108 indigere
2385 2029 2487 2090 hic
2526 2029 2824 2107 pecunia,
2885 2029 2992 2090 det
3035 2029 3124 2089 illi
3169 2047 3311 2089 cum

1779 2141 2007 2199 onere,
2063 2127 2131 2183 ut
2180 2123 2574 2183 tantumdem
2613 2122 2899 2183 restituat
2942 2121 3006 2180 in
3051 2121 3188 2182 loco
3218 2122 3312 2182 di-

1776 2216 2011 2277 stanti:
2061 2221 2210 2277 tunc
2257 2216 2423 2275 enim
2466 2216 2622 2293 petit
2665 2215 2829 2275 ultra
2874 2218 3108 2274 sortem
3155 2234 3313 2278 onus

1774 2308 2237 2387 transportandi
2269 2308 2598 2387 pecuniam
2627 2307 2689 2366 in
2720 2307 2928 2367 locum
2949 2307 3308 2385 distantem,

1777 2401 1946 2479 quod
1976 2418 2131 2460 onus
2159 2401 2428 2478 pecunia
2456 2403 2552 2460 est
2577 2400 2966 2475 aestimabile,
3001 2418 3075 2460 ac
3104 2402 3310 2478 proin-

1775 2493 1854 2553 de
1887 2510 2138 2552 usuram
2170 2492 2503 2553 committit
2531 2509 2673 2552 cum
2697 2509 2884 2552 onere
2913 2492 3306 2570 restituendi,

1775 2589 2078 2665 quantum
2109 2584 2172 2644 id
2195 2603 2351 2645 onus
2372 2584 2802 2645 aestimabitur.
2834 2585 2931 2645 Ad
2952 2586 3137 2663 longe
3157 2604 3307 2647 vero

1772 2679 2077 2755 majorem
2106 2676 2567 2738 restitutionem
2594 2680 2946 2753 teneretur,
2996 2677 3047 2737 si
3076 2696 3307 2739 conve-

1773 2770 1935 2831 niret
1975 2770 2281 2848 aequalem
2328 2770 2612 2848 pecunioe
2655 2769 3069 2847 quantitatem
3117 2770 3181 2829 in
3227 2789 3303 2832 eo

1770 2864 1907 2923 lo'co
1939 2862 2113 2937 dari,
2174 2863 2238 2922 in
2284 2880 2408 2942 quo
2450 2862 2590 2940 plus
2617 2862 2859 2923 valere-t
2881 2881 2956 2922 ex
2993 2862 3304 2940 capitibus

1770 2955 2174 3036 sequentibus
2204 2954 2589 3033 explicandis
2622 2974 2635 3015 :
2683 2954 2830 3034 quia
2871 2954 3100 3015 virtute
3138 2956 3304 3016 acci-

1768 3052 1948 3128 peret
1971 3047 2158 3125 longe
2185 3047 2389 3125 majus
2426 3048 2885 3107 incrementum
2923 3065 3037 3125 pro
3083 3048 3305 3108 antici-

1769 3145 1915 3222 pata
1944 3140 2048 3201 illa
2078 3140 2361 3220 pecunias
2391 3140 2799 3202 traditione.»

1847 3237 1994 3295 Haec
2022 3238 2232 3308 tamen
2263 3233 2548 3294 doctrina
2577 3234 3014 3295 universaliter
3042 3239 3304 3313 accepta

1769 3326 2038 3387 difficilis
2070 3330 2184 3403 est,
2245 3330 2313 3388 ut
2357 3345 2548 3405 supra
2591 3326 2882 3403 diximuS,
2942 3328 3088 3407 quia
3130 3328 3301 3407 quod

1769 3418 2155 3497 campsarius
2186 3437 2260 3478 ea
2287 3420 2552 3496 pecunia
2582 3419 2862 3498 indigeat
2888 3420 2952 3479 in
2981 3420 3104 3481 alio
3133 3421 3296 3497 loen,

1769 3512 1876 3573 ubi
1903 3513 2042 3590 plus
2074 3511 2256 3588 valet,
2291 3531 2415 3573 non
2444 3512 2604 3572 tollit
2632 3512 2798 3592 quod
2831 3512 2982 3573 dum
3013 3531 3302 3591 campsor

1769 3623 1844 3665 ea
1870 3604 2137 3683 pecunia
2165 3623 2312 3664 vere
2358 3604 2597 3682 indiget
2624 3605 2688 3664 in
2720 3604 2840 3665 hoc
2886 3605 3023 3666 loco
3054 3606 3160 3666 ubi
3189 3606 3301 3665 mi-

1767 3718 1884 3758 nus
1914 3698 2099 3774 valet,
2138 3698 2333 3776 possit
2357 3697 2742 3775 campsarius
2771 3698 3159 3760 dissimulata
3186 3717 3301 3759 sua

1764 3792 2131 3870 indigentia,
2182 3791 2281 3851 vel
2310 3791 2525 3850 nolens
2554 3790 2689 3867 ejus
2729 3792 3036 3852 rationem
3065 3791 3299 3852 babere

1765 3885 1831 3946 in
1857 3903 1929 3944 eo
1970 3887 2313 3958 contractu,
2373 3901 2692 3943 assumere
2742 3883 2918 3962 quasi
2966 3902 3299 3962 personam

1766 3977 2108 4056 campsoris
2162 3979 2224 4036 et
2245 3975 2487 4055 justum
2542 3975 2812 4054 pretium
2869 3976 3154 4054 accipere
3184 3994 3296 4054 pro

1766 4070 1870 4130 illa
1888 4068 2294 4131 translatione
2328 4069 2569 4130 virtuali
2594 4069 2876 4148 pecuniae
2905 4070 2987 4130 ad
3016 4069 3182 4130 hunc
3211 4070 3299 4130 lo·

1766 4181 1931 4238 cum,
1978 4162 2087 4222 ubi
2115 4161 2217 4222 ille
2246 4161 2405 4222 alius
2438 4181 2512 4221 ea
2560 4161 2818 4240 indiget,
2873 4167 2936 4223 et
2966 4163 3085 4224 hoc
3114 4163 3295 4224 titulo

1765 4257 2047 4335 accipere
2076 4254 2251 4315 illum
2281 4273 2603 4315 excessum
2632 4255 2860 4316 valoris
2888 4274 3078 4335 quem
3104 4274 3295 4335 pecu-

1766 4350 1870 4411 nia
1897 4350 1957 4409 in
1987 4349 2091 4409 illo
2122 4349 2242 4409 alio
2273 4349 2409 4409 loco
2442 4348 2652 4425 habet,
2686 4347 2735 4407 si
2765 4352 2930 4409 totus
2960 4348 3062 4408 ille
3092 4367 3301 4409 exces-

1765 4461 1870 4504 sus
1900 4442 2191 4522 adaequet
2237 4441 2436 4503 solum
2486 4444 2548 4502 et
2595 4458 2720 4500 non
2769 4444 3022 4520 superet
3058 4440 3298 4519 justum

1765 4535 2035 4615 pretium
2065 4534 2508 4609 translationis,
2560 4552 2750 4613 quam
2780 4534 2840 4593 in
2889 4534 3299 4595 commodita-

1765 4634 1890 4691 tem
1921 4628 2265 4706 campsoris
2289 4626 2457 4703 facit,
2491 4629 2554 4687 et
2574 4627 2725 4686 nihil
2755 4626 3022 4705 accipiat
3048 4645 3161 4706 pro
3191 4646 3302 4687 an-

1766 4721 2122 4800 ticipatione
2151 4719 2486 4799 temporis,
2538 4738 2674 4779 esse
2704 4720 2869 4779 enim
2907 4738 3298 4798 campsorem

1767 4814 1922 4875 nihil
1951 4819 2044 4873 est
2071 4813 2263 4887 aliud,
2297 4830 2488 4892 quam
2510 4812 2867 4886 transferre,
2901 4813 2999 4873 vel
3021 4811 3297 4872 cambire

1766 4908 1830 4986 in
1861 4905 2372 4968 commoditatem
2400 4905 2675 4977 alteriuS,
2727 4906 2828 4966 vel
2875 4924 2949 4966 eo
2995 4908 3243 4984 petente
3280 4924 3293 4964 :

1770 5018 1963 5079 quare
2008 4999 2114 5078 qui
2164 4998 2422 5059 deberet
2465 5017 2600 5057 esse
2655 4998 3040 5076 campsarius
3096 5001 3302 5075 potest

1771 5093 1986 5171 agnita
2016 5092 2383 5153 necessitate
2431 5091 2795 5170 campsoriS,
2845 5091 2979 5150 fieri
3027 5109 3099 5151 ex
3130 5107 3302 5149 cam-

1769 5185 1976 5264 psario
2007 5203 2316 5264 campsor,
2370 5189 2433 5246 et
2460 5204 2584 5246 non
2614 5185 2766 5244 dare
2810 5185 2922 5244 sed
2968 5187 3177 5261 petere
3205 5183 3301 5242 lu-

1770 5296 1948 5338 crum
1978 5281 2042 5338 et
2063 5278 2333 5357 pretium
2363 5297 2438 5337 ex
2467 5277 2732 5338 cambio.
2767 5279 2896 5337 Imo
2920 5277 3084 5356 quod
3115 5294 3299 5355 pecu-

1771 5371 1875 5431 nia
1905 5370 2226 5430 reddenda
2258 5371 2339 5432 sit
2365 5371 2423 5431 ei
2453 5371 2514 5429 in
2552 5370 2689 5430 loco
2720 5370 2826 5430 ubi
2855 5372 3162 5449 maiorem
3190 5388 3301 5430 va-

1767 5463 1966 5524 lorem
1996 5462 2413 5524 extrinsecum
2444 5463 2652 5539 habet,
2698 5480 2823 5524 non
2851 5463 3012 5525 tollit
3040 5463 3300 5542 dignum

3461 1388 3541 1448 49

3381 1512 3638 1567 Campatius

3364 1577 3415 1608 an
3440 1569 3664 1663 possizfe-

3364 1624 3551 1673 tereaequ
3594 1633 3660 1663 em

3360 1674 3661 1727 pectini-‘sunum

3396 1728 3488 1780 plus
3507 1728 3632 1771 valet.
