4263 6376
1211 354 1680 416 DISPUTATIO
1727 354 1943 429 xxm,
1993 355 2268 415 SEc'rlo
2315 356 2415 414 xl.

227 531 494 595 trahitur
512 531 732 594 mortis
760 536 1048 612 tempore
1078 550 1222 593 cum
1261 537 1461 593 matre
1486 530 1598 592 filii
1626 529 1759 590 illc-

224 625 456 705 gitimi:
522 644 713 705 quare
743 624 916 686 idem
947 643 983 685 a
1012 624 1253 685 fortiori
1283 623 1622 686 dicendum
1667 623 1759 683 vi·

226 719 485 778 deturin
516 737 666 778 casu
695 720 1252 780 nostr0.Caeterum
1273 716 1424 776 mibi
1443 715 1763 794 veriusssvi-

226 811 406 870 detur
430 829 578 871 cum
596 811 757 882 aliis,
775 829 934 889 quos
964 811 1164 885 aflert,
1200 814 1262 871 et
1288 810 1569 888 sequitur
1596 808 1762 868 idem

229 902 513 964 Sanchez
543 902 628 962 ibi
661 922 722 962 u.
761 906 858 964 10.
893 903 1082 963 etiam
1125 903 1187 962 in
1236 920 1308 962 eo
1339 921 1488 962 casu
1519 900 1763 962 excludi

229 995 634 1056 substitutum
664 1012 702 1054 a
731 994 876 1055 filiis
909 994 1270 1074 legitimatis
1306 1013 1417 1074 per
1444 994 1759 1054 matrimo-

230 1088 398 1146 nium
457 1087 523 1146 in
575 1086 799 1147 mortis
856 1087 1120 1147 articulo
1150 1091 1579 1158 contractum,
1616 1085 1763 1165 quia

230 1185 403 1260 pater
422 1181 570 1257 jure
601 1197 714 1239 suo
745 1179 942 1240 utitur
996 1179 1468 1240 matrimonium
1523 1184 1766 1240 contra-

232 1273 456 1348 hendo,
498 1276 561 1332 et
589 1271 751 1332 filios
796 1272 1227 1350 legitimando.
1289 1275 1492 1347 Quare
1549 1289 1767 1332 conse-

232 1371 493 1444 quenter
522 1364 690 1424 idem
724 1363 1063 1425 dicendum
1089 1370 1237 1443 puto
1267 1365 1329 1425 in
1360 1383 1507 1425 casu
1526 1367 1762 1439 nostr0,

235 1457 396 1536 quod
446 1460 665 1535 posset
709 1456 980 1518 donator
1009 1474 1305 1518 revocare
1363 1456 1768 1518 donationem

234 1549 715 1627 praecedentem‚
752 1549 1000 1609 etiamsi
1028 1567 1099 1609 eo
1131 1549 1340 1610 animo
1372 1549 1533 1611 filios
1562 1547 1769 1626 legiti-

233 1647 481 1703 masset.

310 1735 492 1796 Dices
522 1734 571 1794 si
602 1735 770 1795 filius
798 1734 1156 1812 illegitimus
1213 1737 1395 1795 natus
1442 1732 1576 1812 jam
1635 1737 1772 1794 erat

232 1833 515 1906 tempore
544 1826 925 1902 donationi5‚
952 1827 1270 1887 videretur
1296 1826 1557 1887 subdole
1579 1825 1768 1886 dona-

232 1920 317 1980 tio
346 1919 508 1994 fieri,
542 1937 689 1978 cum
746 1919 1008 1980 haberet
1036 1918 1169 1999 jam
1204 1919 1471 1979 donator
1525 1919 1587 1978 in
1657 1937 1771 1978 sua

234 2015 541 2092 potestate
569 2011 831 2072 modum
879 2010 1216 2072 revocandi
1273 2029 1435 2088 eam,
1488 2011 1773 2089 quando-

235 2123 505 2183 cumque
562 2104 771 2181 vellet,
825 2122 1049 2182 nempe
1122 2103 1528 2181 legitimando
1574 2104 1772 2163 filium

235 2216 346 2278 per
399 2197 795 2275 subsequens
831 2196 1321 2257 matrimonium.
1360 2195 1483 2258 Sed
1527 2200 1766 2271 contra,

236 2291 383 2371 quia
410 2289 658 2350 etiamsi
675 2288 803 2351 nati
834 2308 960 2349 non
990 2293 1195 2349 essent
1223 2295 1370 2350 tunc
1399 2289 1531 2364 filii,
1564 2293 1775 2368 posset

236 2383 477 2444 donans
506 2381 794 2442 invenire
830 2381 1093 2442 modum
1126 2381 1461 2442 revocandi
1491 2381 1773 2442 donatIO-

238 2495 399 2551 nem,
431 2474 484 2535 si
516 2474 995 2535 matrimonium
1045 2475 1249 2535 denuo
1304 2474 1655 2548 contrahat,
1705 2478 1775 2535 ut

236 2570 389 2630 filios
412 2567 760 2646 suscipiat3
807 2570 872 2627 et
926 2572 1133 2628 tamen
1163 2567 1307 2627 licet
1350 2586 1422 2627 eo
1453 2567 1661 2627 animo
1710 2566 1772 2625 id

234 2663 441 2738 faciat,
477 2661 691 2720 adbuc
711 2660 818 2739 jus
841 2659 1101 2719 habebit
1126 2660 1466 2720 revocandi
1495 2659 1773 2720 donatio-

238 2774 377 2815 nem
406 2752 879 2834 praecedentem
911 2753 1072 2814 natis
1104 2751 1309 2812 denuo
1337 2752 1509 2812 filiis:
1569 2757 1772 2830 potes-

235 2853 326 2909 tas
353 2865 510 2925 ergo
558 2846 669 2906 illa
719 2863 845 2905 non
878 2845 1104 2920 obstat,
1139 2845 1288 2922 quia
1342 2845 1551 2905 adhuc
1592 2844 1771 2904 multi

237 2939 656 3015 invenientur,
720 2937 825 3018 qui
871 2938 1275 2999 donationem
1329 2936 1671 3015 gratuitam
1703 2937 1771 2995 li·

237 3033 456 3093 benter
484 3030 912 3110 acceptabunt
956 3049 1100 3091 cum
1139 3048 1212 3090 eo
1267 3030 1569 3107 pericuIO,
1604 3027 1773 3108 quod

240 3127 528 3201 donator,
560 3124 613 3185 si
645 3123 1117 3184 matrimonium
1173 3122 1523 3200 contrahat,
1598 3127 1660 3182 et
1704 3122 1774 3180 fi-

235 3220 351 3281 lios
368 3218 702 3297 legitimet,
737 3216 1139 3278 donationem
1168 3234 1467 3276 revocare
1491 3215 1708 3295 possit.

314 3312 498 3375 Unde
527 3310 721 3386 addo,
756 3310 925 3370 idem
955 3309 1292 3370 dicendum
1326 3308 1547 3385 videri,
1577 3327 1777 3388 quan-

240 3406 317 3467 do
344 3406 515 3465 filius
541 3404 864 3483 legitimus
894 3407 1078 3464 natus
1098 3401 1234 3481 jam
1262 3406 1397 3462 erat
1425 3401 1780 3462 donationis

240 3504 547 3577 tempore,
580 3496 693 3556 sed
713 3499 893 3574 pater
920 3494 984 3553 id
1017 3494 1370 3573 ignorabat,
1417 3493 1563 3572 quia
1592 3495 1653 3553 in
1681 3511 1780 3554 or-

242 3592 381 3651 dine
408 3590 495 3651 ad
525 3595 774 3669 patrem
804 3587 1065 3668 perinde
1114 3592 1226 3664 est,
1261 3606 1334 3649 ac
1364 3588 1411 3647 si
1446 3591 1627 3648 natus
1656 3605 1779 3647 non

168 3748 191 3767 ⁸
242 3685 478 3745 suisset.
517 3682 694 3744 Idem
740 3686 953 3741 autem
1010 3680 1257 3741 videtur
1310 3680 1669 3756 dicendum,
1730 3679 1778 3739 si

40 4906 41 4955 l
58 4890 143 4947 {93

82 5016 213 5068 nepe.

128 5126 215 5166 nm

243 3782 417 3855 pater
444 3780 670 3835 natum
703 3773 960 3852 quidem
993 3772 1231 3833 sciebat
1274 3773 1493 3847 filium,
1516 3772 1625 3832 sed
1647 3790 1782 3832 nes-

243 3870 447 3929 ciebat
471 3885 611 3928 esse
641 3866 1019 3944 legitimum,
1073 3864 1197 3926 imo
1245 3865 1505 3943 putabat
1542 3863 1782 3942 illegiti-

244 3980 436 4036 mum,
457 3978 607 4020 cum
639 3964 852 4019 tamen
876 3976 1097 4017 revera
1131 3963 1296 4017 esset
1322 3957 1662 4035 legitimus,
1685 3956 1783 4016 vel

246 4055 391 4134 quia
418 4053 590 4113 bona
617 4051 838 4111 matris
867 4050 989 4109 fide
1011 4054 1195 4111 natus
1222 4050 1443 4124 fuerat,
1480 4049 1648 4129 quod
1679 4068 1785 4128 pa-

246 4153 337 4207 ter
347 4145 674 4206 nesciebat
695 4143 980 4204 sufficere
997 4142 1077 4202 ad
1100 4142 1211 4201 filii
1239 4142 1780 4220 legitimationem:

247 4240 343 4299 vel
391 4237 541 4318 quia
574 4237 827 4297 interim
854 4254 894 4295 a
922 4235 1205 4314 principe
1236 4234 1621 4313 legitimatus
1651 4230 1797 4294 fue:

246 4338 364 4406 rat,
396 4330 534 4409 ipso
566 4334 745 4408 patre
788 4346 913 4387 non
955 4327 1211 4403 sciente,
1245 4345 1358 4387 nec
1387 4331 1783 4405 procurante,

248 4423 493 4483 sienim
524 4427 707 4501 pater
727 4419 861 4499 jam
893 4420 1142 4499 agebat,
1194 4424 1302 4481 aut
1341 4420 1658 4498 cogitabat
1711 4419 1789 4479 de

246 4514 660 4593 legitimaudo
688 4514 843 4589 filio,
880 4513 1185 4573 debuerat
1224 4512 1287 4570 id
1334 4511 1397 4571 in
1452 4512 1789 4573 donatione

252 4608 625 4687 exprimere,
662 4625 740 4665 ne
795 4605 1116 4665 videretur
1171 4603 1573 4665 donationem
1603 4605 1792 4664 etiam

252 4719 362 4777 pro
393 4719 470 4760 eo
507 4718 660 4759 casu
687 4700 939 4758 firmam
986 4697 1146 4757 velle
1176 4716 1249 4756 ex
1300 4702 1476 4775 parte
1505 4716 1618 4757 sua
1648 4715 1794 4757 con-

252 4794 459 4854 ficere.

334 4887 513 4946 Sicut
550 4883 661 4943 filii
700 4881 1007 4962 illegitimi
1048 4882 1337 4943 nativitas
1380 4900 1501 4942 non
1546 4882 1655 4943 dat
1693 4881 1797 4961 jus

256 4976 596 5038 revocandi
630 4975 1032 5036 donationem
1052 5020 1067 5050 ,
1113 4975 1199 5035 ita
1226 4992 1342 5035 nec
1371 4973 1621 5051 adoptio
1653 4974 1800 5049 subss

256 5087 536 5149 sequens
580 5066 847 5146 alicujus
890 5068 949 5126 in
994 5066 1191 5127 filium
1231 5065 1631 5145 adoptivum,
1693 5064 1801 5145 qui

188 5210 200 5218 .
264 5181 431 5237 vere,
468 5168 534 5222 et
551 5160 802 5240 proprie
832 5160 993 5220 filius
1023 5160 1385 5239 simpliciter
1411 5176 1534 5219 non
1554 5164 1667 5235 est,
1692 5158 1801 5219 sed

263 5255 616 5314 secundum
647 5253 796 5332 quid
819 5299 834 5329 ,
869 5253 988 5313 hoc
1017 5257 1138 5328 est,
1172 5271 1284 5331 per
1312 5251 1711 5330 adoptionem
1745 5255 1807 5312 et
1905 5268 2046 5310 rum
2077 5267 2328 5325 nomen,
2355 5267 2432 5308 ne
2451 5249 2610 5310 forte
2640 5249 2811 5309 avari
2845 5255 2905 5310 et
2926 5249 3095 5309 avidi
3126 5250 3308 5310 nimis
3334 5251 3443 5312 bo-

260 5350 587 5423 afl'ectum,
621 5365 745 5407 non
776 5365 887 5425 per
928 5349 1238 5406 naturam.
1290 5344 1468 5407 Unde
1498 5343 1809 5423 colligitur
1908 5361 2130 5403 norum
2163 5342 2598 5420 temporalium
2630 5342 3051 5418 oestimentur,
3104 5361 3245 5403 cum
3275 5345 3445 5421 prin-

259 5440 423 5500 ratio
464 5439 672 5514 clara,
724 5438 873 5517 quia
903 5438 1075 5518 quod
1103 5438 1324 5500 attinet
1370 5436 1450 5498 ad
1480 5436 1803 5513 affectum,

589 5533 748 5591 Tou.
784 5532 915 5591 vu.

3320 359 3397 418 49

1855 529 1987 611 jam
2016 530 2284 592 donator
2311 531 2516 611 reipsa
2537 535 2915 610 protestatus
2944 537 3058 610 est,
3098 551 3164 594 se
3191 533 3399 613 quoad

1861 642 1960 684 res
1992 642 2147 703 quas
2177 623 2455 701 donavit,
2488 625 2784 704 praeferre
2813 627 3040 687 affectu
3069 643 3181 687 suo
3211 626 3402 687 dona-

1861 717 2090 776 tarium
2112 716 2404 777 omnibus
2424 717 2581 778 aliis.
2618 720 2772 779 Cum
2803 736 2953 796 ergo
2989 719 3152 780 filius
3182 723 3401 798 postea

1861 809 2197 886 adoptatus
2229 828 2353 869 non
2387 809 2618 872 babeat
2645 811 2837 871 alium
2865 811 3137 886 titulum,
3173 811 3290 872 nisi
3330 831 3403 872 ex

1861 919 2036 961 mero
2077 901 2434 979 adoptantis
2479 904 2745 978 affectu,
2799 904 2860 963 in
2907 922 3029 982 quo
3087 905 3218 965 solo
3274 908 3406 964 tota

1863 992 2117 1070 adoptio
2148 993 2480 1070 fundatur,
2516 1014 2640 1055 non
2670 996 2858 1058 debet
2886 996 3215 1058 donatario
3244 1013 3405 1076 prae-

1864 1084 2034 1161 ferri,
2070 1084 2175 1164 qui
2225 1085 2431 1164 quoad
2479 1106 2612 1147 rem
2659 1087 2774 1147 sibi
2819 1088 3115 1149 donatam
3164 1087 3405 1149 caeteris

1869 1178 2160 1238 omnibus
2188 1178 2249 1237 iu
2272 1178 2562 1241 donantis
2592 1181 2818 1241 affectu
2850 1181 3143 1259 praelatus
3171 1181 3306 1241 fuit.

1949 1270 2281 1332 Dubitatur
2325 1271 2576 1349 quint0,
2615 1277 2822 1334 utrum
2851 1273 2900 1334 si
2934 1273 3190 1334 donatio
3239 1273 3406 1334 facta
3554 1290 3666 1350 194

1868 1361 1986 1424 suit
2014 1363 2328 1438 ecclesiae,
2363 1364 2459 1424 vel
2492 1383 2696 1425 causa}
2745 1365 2863 1444 piae
2891 1385 2928 1426 a
2958 1384 3083 1427 non
3133 1366 3404 1427 habente
3451 1417 3483 1463 Q
3516 1415 3554 1457 ,d
3620 1416 3630 1426 .
3668 1416 3694 1458 d

1866 1455 2062 1531 filios,
2114 1456 2308 1534 poss1t
2348 1457 2426 1516 ob
2470 1457 2812 1518 adventum
2864 1458 3052 1536 prolis
3080 1458 3405 1519 revocari?
3474 1429 3749 1511 ιῗῖιιιὶὃωῑεοζ

1870 1548 2296 1608 Communiter
2364 1547 2590 1610 docent
2659 1567 2876 1609 omnes
2933 1569 3114 1630 posse
3200 1551 3403 1612 solum
3457 1522 3690 1621 sum-‘13:³⁰
3692 1523 3752 1565 ω’

1869 1639 2078 1719 quoad
2123 1639 2219 1715 id,
2271 1640 2333 1699 in
2372 1658 2496 1719 quo
2542 1640 2889 1702 inofficiosa
2932 1649 3027 1704 est
3066 1642 3245 1719 filiis,
3295 1662 3407 1703 seu

1870 1732 2077 1811 quoad
2108 1750 2326 1793 eorum
2374 1733 2707 1811 legitimas,
2762 1753 2888 1795 non
2936 1737 3147 1815 quoad
3177 1740 3402 1797 totum.

1870 1825 2048 1884 Ratio
2078 1829 2193 1900 est,
2229 1825 2376 1903 quia
2403 1826 2610 1903 quoad
2658 1826 3009 1905 portionem
3047 1828 3189 1889 filiis
3236 1828 3408 1889 debi-

1870 1922 1998 1977 tam
2029 1935 2153 1976 non
2190 1917 2587 1994 praesumitur
2616 1920 2857 1980 donans
2878 1921 3207 1981 ecclesiam
3249 1938 3408 2000 proe-

1871 2009 2125 2085 tulisse,
2176 2009 2286 2069 sed
2330 2010 2535 2088 potius
2566 2011 2835 2072 voluisse
2873 2013 3075 2092 primo
3106 2014 3246 2074 loco
3292 2031 3407 2074 suo

1872 2102 2119 2180 pietatis
2149 2101 2358 2163 debito
2389 2103 3020 2177 satisfacere.‚Quoad
3049 2105 3290 2184 reliqua
3307 2124 3407 2165 ve-

1870 2213 1939 2255 ro
1971 2194 2234 2255 ecclesia
2262 2200 2551 2257 censetur
2580 2196 2813 2274 magiS,
2863 2198 2960 2257 vel
3009 2217 3187 2277 aeque
3235 2198 3409 2275 diligi

1872 2305 2015 2347 cum
2043 2286 2208 2363 filiis,
2256 2306 2449 2365 quare
2478 2286 2638 2349 sicut
2667 2288 2919 2350 donatio
2952 2291 3059 2350 uni
3086 2291 3214 2351 filio
3245 2291 3410 2351 sacta

1871 2397 1994 2440 non
2060 2385 2388 2440 revocatur
2431 2381 2590 2442 natis
2632 2381 2769 2442 aliis
2810 2382 2984 2459 filiis,
3039 2383 3153 2444 nisi
3199 2382 3407 2463 quoad

1873 2491 2090 2533 eorum
2119 2472 2462 2550 legitimas,
2514 2479 2582 2534 ut
2625 2479 2841 2552 postea
2880 2475 3265 2547 videbimus;
3319 2475 3403 2535 ita

1873 2565 2209 2625 dicendum
2240 2570 2333 2625 est
2361 2564 2439 2624 de
2461 2564 2794 2627 donatione
2823 2567 2989 2628 tacta
3017 2568 3409 2648 ecclesiaegvel

1874 2676 2078 2719 causae
2111 2657 2248 2735 piae.

1953 2750 2214 2810 Obstare
2249 2748 2493 2810 videtur
2521 2750 2694 2811 locus
2722 2752 3051 2830 Augustini
3080 2772 3266 2814 serm.
3299 2770 3403 2814 ul.

1874 2842 1952 2902 de
1984 2842 2107 2903 vita
2140 2842 2506 2903 clericorum
2550 2842 2631 2902 ad
2659 2843 2882 2905 fratres
2916 2845 2981 2904 in
3011 2864 3220 2907 eremo
3252 2850 3402 2908 tom.

1874 2952 1932 2995 x.
1967 2934 2149 2995 relati
2178 2934 2241 2993 in
2287 2954 2425 3014 cap.
2459 2936 2569 2997 ult.
2603 2953 2756 2998 xvu.
2792 2942 3010 3016 quaest.
3042 2943 3103 3000 4.
3140 2940 3246 3001 ubi
3275 2940 3411 3000 lau-

1873 3026 2058 3089 datur
2118 3027 2405 3088 Aurelius
2477 3028 2806 3108 episcopus
2875 3032 3407 3111 CarthaginensiS,

1880 3120 2045 3201 quod
2064 3139 2164 3180 res
2182 3139 2396 3181 omnes
2416 3122 2760 3184 reddiderit
2781 3123 3053 3201 cuidam,
3080 3125 3188 3205 qui
3204 3126 3414 3188 liberis

1878 3231 2097 3275 carens
2127 3214 2338 3274 omnia
2365 3233 2509 3290 sua,
2554 3220 2872 3277 reservato
2904 3217 3022 3278 sibi
3052 3219 3409 3296 usufructu,

1880 3306 2159 3367 ecclesiae
2188 3306 2553 3383 donaverat,
2575 3326 2717 3367 cum
2749 3313 2965 3386 postea
2993 3316 3224 3390 praeter
3238 3330 3415 3391 spem

1880 3399 2040 3459 filios
2067 3399 2408 3476 genuisset.
2459 3399 2653 3462 Addit
2680 3419 2828 3461 vero
2858 3404 3245 3480 Augustinus
3296 3425 3324 3459 «
3352 3405 3414 3464 in

1880 3494 2187 3569 potestate
2248 3490 2521 3552 habebat
2574 3494 2902 3571 episcopus
2946 3513 3070 3555 non
3124 3496 3412 3572 reddere,

1879 3581 1990 3642 sed
2011 3583 2153 3660 jure
2174 3581 2311 3658 fori,
2345 3601 2467 3643 non
2492 3585 2635 3661 jure
2659 3586 2857 3664 poli.»
2911 3586 3031 3648 Ubi
3056 3587 3302 3650 videtur
3320 3607 3420 3648 re-

1880 3674 2345 3736 vocabilitatem
2402 3676 2755 3739 donationis
2808 3679 2997 3740 totius
3062 3698 3418 3759 supponere

1883 3767 2102 3828 saltem
2137 3768 2198 3826 in
2230 3768 2363 3829 foro
2399 3769 2816 3831 conscientiae.
2871 3773 3017 3832 Haec
3045 3776 3256 3833 tamen
3285 3792 3419 3833 ver-

1882 3859 1999 3935 ba,
2034 3860 2198 3921 sicut
2242 3860 2448 3939 quoad
2487 3860 2592 3940 jus
2621 3862 2734 3923 fori
2768 3863 3092 3924 limitanda
3138 3869 3304 3940 sunt,
3355 3868 3423 3925 ut

1885 3970 2006 4012 non
2038 3952 2463 4030 intelligantur
2496 3953 2574 4014 de
2604 3953 2896 4032 legitimis
2937 3956 3243 4033 filiorum,
3289 3955 3424 4016 haec

1886 4044 2053 4104 enim
2074 4045 2263 4105 etiam
2291 4044 2368 4103 de
2399 4043 2533 4123 jure
2563 4045 2682 4106 sori
2712 4046 3048 4107 reddendae
3087 4052 3267 4109 erant
3289 4094 3304 4125 ,
3338 4048 3424 4108 ita

1887 4137 1965 4197 de
1987 4136 2129 4217 jure
2159 4137 2283 4216 poli
2323 4137 2556 4198 debent
2593 4138 2852 4218 intelligi
2896 4140 3106 4218 quoad
3155 4141 3420 4220 reliqua,

1888 4248 2012 4290 non
2042 4229 2120 4290 de
2152 4228 2529 4307 obligatione
2585 4230 2797 4292 stricta
2839 4229 3133 4311 justitiae,
3194 4233 3303 4293 sed
3349 4234 3426 4293 de

1889 4322 2204 4401 aequitate,
2239 4326 2302 4382 et
2326 4322 2556 4400 pietate
2585 4323 2794 4403 aliquo
2826 4324 3015 4385 modo
3048 4324 3281 4388 debita.
3316 4327 3429 4386 Hic

1891 4420 2097 4476 tamen
2128 4414 2342 4475 titulus
2373 4433 2538 4475 nunc
2568 4416 2645 4475 de
2664 4416 2828 4477 facto
2846 4436 2969 4478 non
2992 4418 3329 4493 sufficeret,
3365 4423 3435 4480 ut

1890 4509 2182 4587 praelatus
2211 4507 2513 4586 regularis
2535 4508 2724 4568 etiam
2755 4528 2900 4569 cum
2932 4528 3239 4571 consensu
3261 4510 3434 4589 capi-

1892 4601 2000 4663 tuli
2025 4600 2255 4660 donata
2285 4600 2597 4677 redderet,
2619 4602 2714 4661 vel
2747 4600 2998 4664 cederet
3008 4604 3151 4682 jure
3165 4603 3299 4684 jam
3328 4622 3435 4665 ac-

1894 4698 2139 4772 ceptato
2184 4693 2316 4752 sine
2359 4693 2609 4753 licentia
2637 4695 2864 4755 summi
2894 4696 3210 4757 Pontificis
3233 4742 3248 4773 ,
3300 4696 3434 4757 sine

1896 4805 2021 4866 qua
2063 4785 2325 4845 alienari
2373 4805 2494 4846 non
2544 4793 2806 4864 possunt
2844 4788 3006 4848 bona
3059 4789 3430 4865 immobilia,

1896 4880 1995 4939 vel
2023 4897 2123 4938 res
2153 4878 2414 4938 mobiles
2444 4880 2766 4957 pretiosae,
2816 4886 2980 4941 esset
3016 4886 3238 4941 tamen*
3263 4881 3436 4942 sussi-

1900 4972 2070 5032 ciens
2097 4970 2255 5032 ratio
2287 4969 2410 5043 illa,
2454 4976 2522 5031 ut
2549 4972 2828 5034 Pontifex
2869 4972 3183 5033 licentiam
3215 4990 3440 5033 conce-

1902 5065 2097 5139 deret,
2139 5063 2260 5123 imo
2302 5081 2445 5123 cum
2474 5065 2698 5125 minori
2729 5082 2918 5125 causa
2946 5068 3200 5143 propter
3247 5065 3439 5126 aedifi-

1902 5157 2282 5232 ficationem,
2318 5162 2379 5218 et
2407 5157 2485 5216 ad
2527 5157 2831 5217 tuendum
2861 5157 3093 5218 bonum
3124 5158 3441 5237 religioso-

3557 2781 3670 2840 195

3579 2906 3727 2949 licetur

3572 2971 3673 3002 ocu·

3494 3012 3735 3069 Augustini.

1908 5454 2055 5515 ceps
2082 5435 2305 5513 aliquis
2331 5435 2528 5495 multa
2560 5434 2725 5495 bona
2755 5434 3036 5495 societati
3071 5440 3302 5497 nostrae
3334 5436 3415 5495 do

3090 5533 3127 5588 ⁴
