4263 6376
791 345 908 406 362

792 541 1119 586 versorum
1152 543 1167 587 t
1201 528 1265 588 et
1308 525 1564 606 quidem
1588 529 1834 595 tantum
1863 526 2040 590 abest
2067 527 2239 610 quod
2266 528 2330 590 id

796 619 876 679 sit
903 618 1208 695 illicitum,
1242 622 1312 681 ut
1336 620 1544 699 potius
1571 619 1634 680 in
1664 621 1978 701 aliquibus
2004 622 2159 684 locis
2185 640 2333 702 pro-

793 712 973 773 hibiti
999 713 1124 775 sint
1156 730 1378 774 census
1406 712 1809 790 redimibiles,
1835 714 1898 774 in
1928 715 2155 795 quibus
2184 734 2332 794 pen-

793 806 883 866 sio
915 824 1035 866 non
1061 806 1140 867 sit
1166 805 1426 868 reducta
1453 807 1533 867 ad
1555 810 1791 868 certam
1818 807 2172 887 pecuniam,
2200 809 2330 870 sive

797 897 1027 959 fundus
1056 898 1331 960 censitus
1360 899 1536 959 ferax
1564 900 1644 960 sit
1670 901 1954 979 pecuniae
1974 947 1989 978 ,
2043 901 2175 963 sive
2204 919 2330 963 non

797 991 1085 1053 similiter
1145 1011 1159 1051 :
1215 1009 1364 1070 ergo
1419 996 1631 1072 posset
1684 991 1899 1055 reduci
1955 994 2036 1054 ad
2091 997 2329 1056 certam

796 1084 1211 1163 quantitatem
1238 1085 1467 1161 tritici,
1520 1085 1620 1146 vel
1651 1086 1811 1163 olei,
1854 1091 1963 1148 aut
1989 1087 2156 1164 vini,
2204 1092 2323 1149 etc.

792 1177 1118 1237 servandae
1174 1181 1387 1238 tamen
1455 1182 1601 1240 sunt
1668 1179 1841 1258 leges
1892 1180 2326 1259 municipale5‚

794 1288 934 1348 quas
961 1269 1190 1331 alicubi
1221 1271 1553 1349 pensiones
1581 1272 1646 1333 in
1675 1272 1811 1334 aliis
1838 1274 2173 1352 generibus
2201 1274 2331 1336 fru-

793 1368 1007 1423 ctuum
1038 1363 1397 1441 prohibent.

871 1458 1217 1536 Loquendo
1265 1475 1414 1519 vero
1464 1457 1541 1517 de
1587 1458 1762 1521 bulla
1793 1459 1881 1520 Pii
1915 1461 1986 1521 V.
2021 1460 2217 1540 aliqui
2242 1461 2331 1523 ita

793 1550 1151 1628 intelligunt
1193 1550 1356 1611 hanc
1395 1551 1817 1613 conditionem
1873 1553 1952 1613 de
2006 1572 2073 1614 re
2116 1553 2333 1615 fructi-

796 1642 948 1715 fera,
982 1646 1052 1704 ut
1078 1662 1179 1704 res
1212 1643 1440 1705 debeat
1481 1662 1588 1706 eos
1619 1646 1856 1708 fructus
1884 1646 2047 1706 ferre
2078 1647 2187 1727 qui
2216 1666 2330 1727 pro

793 1736 1091 1816 pensione
1119 1737 1403 1798 solvendi
1430 1742 1575 1800 sunt
1597 1785 1613 1814 ,
1673 1757 1830 1819 quos
1884 1741 2075 1803 tacito
2136 1741 2330 1805 etiam

793 1831 1045 1891 nomine
1074 1831 1268 1892 refert
1295 1831 1529 1894 Molina
1560 1831 1720 1910 disp.
1753 1835 1891 1895 389.
1929 1852 2034 1894 nu.
2068 1838 2144 1896 4.·
2184 1853 2334 1895 con-

792 1923 987 1985 traria
1041 1926 1255 1983 tamen
1310 1925 1622 1984 sententia
1671 1928 2020 1987 communis
2062 1931 2158 1989 est
2202 1927 2332 1989 fere

794 2015 1074 2076 omnium
1104 2019 1167 2077 et
1193 2015 1519 2077 verissima
1539 2062 1555 2093 ,
1605 2037 1798 2097 quam
1826 2022 2041 2082 tenent
2065 2023 2238 2083 Less.
2271 2040 2326 2083 c.

796 2110 985 2170 XXII.
1019 2108 1169 2171 dub.
1206 2126 1265 2169 v.
1296 2108 1590 2171 Rebellus
1619 2114 1682 2172 et
1710 2113 1795 2173 Sa
1815 2161 1829 2183 ,
1868 2132 2025 2192 quos
2053 2114 2245 2176 refert
2273 2118 2334 2177 et

792 2202 1078 2282 sequitur
1107 2201 1282 2262 Salas
1311 2201 1461 2263 dub.
1482 2205 1579 2264 34.
1615 2207 1678 2265 et
1704 2205 1929 2284 probat
1942 2207 2175 2269 Molina
2194 2207 2331 2269 loco

793 2296 1075 2375 proxime
1106 2294 1295 2357 citato
1326 2314 1388 2356 n.
1419 2298 1480 2357 5.
1533 2296 1682 2375 quia
1725 2315 1868 2358 cum
1897 2299 1994 2359 lex
2022 2298 2127 2361 illa
2154 2318 2335 2361 exor-

792 2389 1001 2450 bitans
1029 2387 1141 2462 sit,
1191 2406 1318 2449 non
1347 2389 1536 2450 debet
1564 2391 1859 2470 explicari
1890 2393 2092 2470 magis
2122 2392 2333 2455 stricte

794 2499 985 2561 quam
1012 2481 1208 2541 verba
1239 2481 1373 2559 ipsa
1402 2487 1654 2556 sonent;
1700 2502 1817 2545 nec
1858 2484 1979 2546 hoc
2021 2486 2102 2546 ad
2128 2487 2334 2569 intexi-⁸,

792 2578 924 2636 tum
957 2573 1112 2651 legis
1143 2573 1564 2634 necessarium
1595 2579 1762 2652 erat,
1815 2595 1957 2655 quae
1996 2579 2197 2639 solum
2230 2598 2337 2639 ex·-

794 2667 1047 2728 cludere
1075 2666 1330 2728 volebat
1356 2685 1580 2728 census
1610 2670 1971 2747 personales
1995 2716 2010 2747 ,
2042 2671 2142 2731 vel
2170 2671 2337 2750 peri-

792 2760 1003 2822 culum
1040 2777 1247 2821 usurae
1276 2760 1583 2822 habentes
1618 2782 1630 2822 :
1673 2763 1757 2823 ad
1787 2763 1956 2842 quod
1983 2779 2210 2843 parum
2236 2782 2338 2827 re-

796 2855 919 2915 fert
947 2852 1117 2932 quod
1147 2852 1366 2930 pensio
1410 2853 1472 2913 in
1503 2853 1659 2931 hoc,
1716 2855 1816 2915 vel
1867 2856 1971 2916 illo
2019 2856 2336 2917 fructuum

792 2965 1023 3026 genere
1055 2946 1315 3025 aequalis
1346 2946 1574 3007 valoris
1605 2947 1908 3008 solvenda
1935 2948 2056 3025 sit,
2102 2953 2166 3013 et
2210 2950 2339 3009 for-

794 3043 957 3101 tasse
985 3038 1187 3116 magis
1217 3038 1617 3100 commodum
1646 3040 1765 3102 erit
1782 3041 2095 3102 venditori
2121 3040 2186 3103 in
2216 3041 2336 3103 alio

796 3150 1029 3212 genere
1057 3131 1300 3192 solvere
1324 3178 1339 3208 ,
1376 3140 1564 3212 quam
1595 3132 1657 3193 in
1689 3150 1761 3194 eo
1793 3132 1963 3214 quod
1993 3151 2070 3195 ex
2096 3152 2166 3196 re
2195 3152 2337 3196 cen-

798 3225 891 3287 sui
923 3225 1206 3304 subjecta
1233 3226 1533 3304 colligere
1561 3229 1788 3305 potest.

875 3318 1209 3379 Dubitatur
1236 3319 1502 3396 septimo
1527 3367 1542 3393 ,
1577 3337 1657 3378 an
1687 3338 1787 3380 res
1815 3320 1923 3381 illa
1952 3338 2093 3400 quae
2123 3322 2338 3385 censui

674 3460 685 3473 .
795 3411 1145 3490 subjicitur,
1178 3412 1374 3489 possit
1403 3429 1538 3472 esse
1567 3412 1791 3488 aliena,
1810 3413 1930 3474 boc
1960 3419 2053 3475 est
2082 3415 2338 3477 alterius

796 3524 833 3566 a
859 3503 1227 3566 venditore?
1256 3505 1694 3584 Respondetur
1723 3505 2116 3584 affirmative,
2150 3508 2202 3568 si
2232 3507 2337 3569 do-

792 3598 1001 3658 minus
1027 3596 1396 3659 consentiat.
1429 3599 1523 3659 Ita
1549 3600 1599 3658 N
1605 3617 1885 3676 avarrus,
1912 3615 2099 3678 quem
2128 3600 2333 3677 affert,

793 3694 858 3752 et
885 3690 1171 3769 sequitur
1213 3690 1426 3751 Molin.
1480 3690 1640 3769 disp.
1674 3694 1814 3753 384.
1847 3692 1910 3751 in
1938 3694 2061 3755 fine
2085 3738 2100 3769 ,
2163 3694 2338 3756 Salas

796 3784 947 3845 dub.
980 3798 1107 3844 xxi.
1141 3785 1205 3844 et
1231 3782 1374 3856 alii,
1429 3782 1578 3863 quia
1621 3783 1756 3862 jam
1785 3803 1860 3844 ex
1890 3803 2201 3847 consensu
2233 3786 2340 3846 do-

791 3876 949 3937 mini
976 3895 1076 3936 res
1105 3875 1400 3936 devincta
1427 3881 1642 3937 manet
1667 3877 1911 3954 censui,
1945 3878 2092 3942 lieet
2116 3879 2339 3940 vendi-

791 3974 893 4032 tor
920 3968 1230 4047 obligatus
1273 3973 1527 4031 maneat
1567 3969 1647 4029 ad
1694 3970 2062 4032 solvendam
2089 3972 2337 4051 pensio-

793 4080 960 4138 nem,
996 4060 1297 4139 quamdiu
1329 4080 1427 4122 res
1458 4061 1561 4121 illa
1589 4062 1763 4122 salva
1791 4070 2186 4142 permaneat.
2222 4068 2338 4126 Ra-

790 4155 880 4216 tio
900 4157 1111 4215 autem
1142 4171 1179 4212 a
1207 4153 1404 4231 priori
1433 4158 1529 4214 est
1550 4200 1565 4230 ,
1628 4156 1774 4234 quia
1827 4156 1975 4217 licet
2028 4158 2090 4217 in
2146 4175 2338 4217 censu

792 4247 944 4308 reali
994 4264 1093 4306 res
1138 4246 1350 4305 censui
1382 4246 1667 4325 subjecta
1693 4248 2008 4309 vendatur
2032 4248 2336 4328 primario

794 4339 1004 4419 quoad
1046 4337 1393 4398 dominium
1440 4339 1592 4400 utile
1623 4344 1684 4401 et
1712 4341 2170 4402 usumfructum
2199 4360 2338 4420 par-

792 4432 1006 4495 tialem
1028 4476 1043 4507 ,
1087 4430 1265 4510 juxta
1298 4432 1692 4509 supradicta3
1745 4433 1807 4491 id
1838 4437 2038 4493 totum
2066 4432 2205 4493 fieri
2231 4451 2339 4512 po-

791 4525 915 4586 tuit
941 4543 1017 4584 ex
1046 4541 1359 4585 consensu
1377 4523 1638 4599 domini,
1659 4524 1765 4603 qui
1787 4529 2119 4587 contentus
2149 4525 2339 4588 etiam

791 4619 1000 4695 potest
1044 4634 1218 4692 esse,
1270 4619 1340 4677 ut
1381 4617 1653 4695 pretium
1701 4636 1828 4679 non
1854 4617 1973 4678 sibi
2016 4617 2129 4679 sed
2159 4617 2338 4680 alteri

792 4709 998 4785 detur,
1032 4708 1096 4768 in
1126 4709 1305 4787 cujus
1335 4709 1737 4770 commodum
1769 4728 1992 4771 census
2013 4709 2330 4772 venditur.

794 4805 1008 4883 Neque
1038 4820 1114 4862 ex
1143 4802 1265 4862 hoc
1309 4801 1593 4880 sequitur
1637 4820 1896 4864 censum
1944 4822 2080 4864 esse
2122 4821 2342 4883 perso.-

793 4896 1024 4971 nalem,
1086 4912 1160 4955 eo
1193 4893 1363 4974 quod
1407 4911 1678 4971 persona
1727 4895 2029 4957 debitoris
2084 4899 2340 4958 maneat

791 4989 1068 5067 obligata
1095 4987 1178 5047 ad
1207 4986 1575 5065 pensionem
1602 4988 2004 5049 solvendam:
2030 4989 2152 5050 hoc
2172 4989 2340 5050 enim

793 5099 918 5141 non
946 5080 1179 5141 sufficit
1206 5080 1288 5140 ad
1318 5097 1576 5140 censum
1601 5080 1999 5158 personalem
2024 5127 2040 5157 ,
2093 5081 2205 5142 sed
2234 5082 2341 5142 ad-

793 5174 917 5234 huc
945 5173 1168 5234 censiis
1190 5175 1406 5234 manet
1430 5173 1639 5249 realis,
1665 5191 1810 5233 cum
1838 5177 2085 5252 emptor
2102 5174 2338 5236 directe

791 5266 1017 5327 emerit
1042 5265 1506 5327 usumfructum
1532 5266 1757 5344 praedii
1804 5266 2024 5342 realiS,
2079 5284 2341 5327 consen·

791 5359 986 5421 tiente
1015 5357 1150 5437 ejus
1182 5358 1459 5435 domino,
1493 5359 1596 5419 cui
1623 5360 1925 5437 emptioni
1954 5359 2220 5421 accessit
2248 5377 2341 5419 se-

789 5449 1097 5512 cundaria
1128 5450 1450 5528 obligatiO,
1472 5451 1620 5530 quia
1648 5451 1894 5514 debitor
1923 5470 1988 5512 se
2009 5451 2335 5530 obligavit,

790 5542 871 5605 ad
899 5541 1240 5628 pensiones
1265 5543 1665 5622 pecuniarias
1692 5544 2026 5606 solvendas
2063 5561 2178 5627 pro
2211 5544 2336 5606 fru-

1953 346 2057 412 ΒΕ
2097 348 2454 415 JUS'rl'rlA
2497 351 2600 415 ΕΤ
2639 350 2840 414 JURE

2432 530 2655 606 ctibus,
2690 529 2771 589 ad
2800 545 2956 608 quos
2986 531 3234 607 emptor
3259 527 3535 591 habehat
3567 527 3672 607 jus
3724 544 3805 587 ex
3846 544 3968 587 em·

2428 623 2642 703 ptione
2673 622 2927 699 directe,
2963 640 3102 701 quae
3132 620 3428 699 obligatio
3458 620 3858 699 subsequens
3883 620 3966 680 in-

2428 715 2700 777 tervenit
2739 715 2934 776 etiam
2983 714 3047 779 in
3078 714 3213 774 aliis
3243 713 3533 775 censibus
3561 713 3962 791 pecuniariis,

2430 813 2492 871 et
2519 812 2729 869 tamen
2758 826 2883 868 non
2911 807 3070 870 fiunt
3113 806 3473 886 personales
3496 852 3512 882 ,
3563 805 3676 866 sed
3717 808 3971 866 manent

2428 902 2629 962 reales
2655 905 2913 980 propter
2938 900 3307 980 primariam
3325 945 3340 976 ,
3392 903 3456 962 et
3501 899 3818 961 directam
3847 918 3970 960 em-

2428 995 2708 1073 ptionem
2734 994 2796 1054 in
2826 1012 2949 1074 qua
2977 993 3342 1055 fundantur.

2509 1087 2573 1148 Si
2601 1105 2749 1149 vero
2792 1106 2892 1147 res
2940 1086 3144 1148 aliena
3197 1086 3330 1146 sine
3378 1085 3619 1148 domini
3659 1103 3969 1147 consensu

2429 1181 2642 1242 censui
2671 1180 3076 1260 subjiciatur,
3109 1181 3209 1241 vel
3237 1198 3338 1240 res
3368 1198 3508 1259 quae
3537 1179 3819 1259 incapax
3847 1182 3970 1240 em

2427 1274 2569 1336 talis
2622 1273 3021 1351 obligationis
3074 1277 3332 1352 propter
3380 1272 3966 1348 fideicommissum,

2427 1367 2526 1428 vel
2556 1365 2726 1427 aliud
2754 1384 3097 1444 gravamen
3125 1366 3347 1442 simile,
3383 1365 3808 1427 observandae
3838 1370 3972 1425 sunt

2428 1460 2663 1538 regulae
2707 1459 2954 1521 traditae
3000 1458 3162 1538 disp.
3196 1459 3469 1537 praeced.
3505 1463 3657 1521 sect.
3691 1474 3761 1521 x.
3813 1458 3972 1518 circa

2430 1552 2874 1629 obligationem
2902 1551 3268 1627 venditoris,
3303 1569 3430 1631 qua
3457 1554 3712 1612 tenetur
3742 1551 3828 1611 de
3859 1550 3973 1611 evi·

2431 1646 2636 1707 ctione
2673 1664 2686 1706 :
2732 1644 2912 1723 juxta
2957 1662 3150 1723 quas,
3212 1644 3264 1703 si
3293 1646 3541 1722 emptor
3569 1643 3824 1705 sciebat
3848 1660 3974 1703 rem

2432 1757 2565 1800 esse
2621 1736 2891 1799 alienam
2945 1737 3043 1797 vel
3117 1737 3485 1815 incapacem
3540 1736 3970 1815 obligationis,

2431 1831 2722 1894 venditor
2763 1847 2886 1890 non
2916 1833 3166 1891 tenetur
3191 1829 3269 1890 de
3295 1829 3638 1905 evictione,
3691 1847 3819 1890 nec
3859 1847 3975 1888 em·

2429 1929 2573 2005 ptor
2600 1927 2805 2002 potest
2830 1923 3110 2002 recipere
3141 1921 3473 2000 pensiones
3520 1940 3592 1981 ex
3623 1922 3735 1983 illo
3763 1940 3973 1996 censu,

2432 2036 2574 2078 cum
2604 2016 2837 2094 emptio
2885 2015 3073 2077 fuerit
3111 2014 3292 2088 fiota3
3344 2015 3574 2076 sivero
3604 2018 3865 2094 emptor
3888 2014 3974 2076 vi·

2431 2110 2587 2172 tium
2642 2109 2976 2187 ignoravit,
3035 2107 3204 2188 quod
3247 2125 3285 2167 a
3325 2106 3653 2168 venditore
3703 2108 3973 2168 celatum

2432 2204 2569 2280 fuit,
2590 2203 2880 2264 venditor
2905 2205 3156 2264 tenetur
3181 2202 3263 2261 ad
3291 2204 3494 2262 totum
3516 2201 3848 2276 interesse,
3865 2201 3974 2261 boc

2434 2301 2529 2358 est
2556 2296 2772 2375 quanti
2803 2295 3102 2374 emptoris
3153 2294 3416 2357 interest
3467 2313 3602 2355 rem
3660 2313 3796 2357 non
3847 2311 3974 2354 esse

2434 2391 2733 2463 evictam,
2786 2392 2849 2450 et
2891 2406 3005 2465 per
3043 2405 3435 2466 consequens
3482 2392 3734 2467 emptor
3775 2391 3973 2466 potest

2433 2484 2713 2562 recipere
2740 2482 3096 2561 pensiones,
3155 2484 3223 2544 In
3255 2480 3482 2559 quibus
3507 2481 3810 2541 omnibus
3836 2499 3976 2540 con-

2434 2576 2697 2637 veniunt
2726 2577 2987 2636 Navarr.
3022 2577 3085 2634 et
3114 2572 3215 2633 alii
3241 2618 3257 2649 ,
3309 2592 3466 2652 quos
3496 2574 3779 2635 afferunt
3805 2578 3868 2633 et
3893 2590 3978 2632 se·

2437 2670 2715 2749 quantur
2742 2667 2955 2729 Molin.
3007 2666 3168 2745 disp.
3203 2669 3341 2727 394.
3398 2666 3549 2728 dub.
3582 2669 3642 2728 3.
3702 2672 3772 2727 et
3803 2666 3977 2726 Salas

2437 2761 2587 2822 dub.
2620 2776 2776 2823 xvn.
2827 2758 3020 2821 Addit
3047 2764 3261 2820 autem
3289 2760 3541 2820 Lessius
3576 2759 3729 2820 dub.
3766 2776 3882 2819 κη.
3916 2777 3973 2819 n.

2435 2858 2537 2916 79.
2599 2857 2934 2933 postquam
2992 2858 3241 2930 emptor
3293 2852 3548 2914 sciverit
3602 2870 3734 2914 rem
3789 2852 3980 2913 fuisse

2437 2946 2709 3006 alienam
2762 2944 2862 3005 vel
2917 2943 3284 3022 incapacem
3341 2943 3739 3021 obligationis
3764 2991 3782 3021 ,
3853 2963 3977 3006 non

2436 3057 2620 3119 posse
2649 3037 2923 3116 amplius
2955 3037 3206 3115 exigere
3250 3040 3361 3098 aut
3405 3037 3685 3116 recipere
3733 3037 3978 3116 pensio·

2437 3151 2549 3195 nes
2580 3132 2643 3194 in
2673 3133 3017 3210 posterum,
3054 3130 3203 3210 quia
3229 3148 3454 3193 census
3485 3131 3550 3191 in
3579 3150 3645 3191 re
3674 3149 3802 3193 non
3832 3130 3978 3192 sub-

2438 3226 2617 3303 sistit,
2651 3224 2764 3286 sed
2792 3225 2992 3286 solum
3018 3242 3200 3303 posse
3236 3242 3466 3302 cogere
3492 3225 3888 3287 venditorem
3915 3229 3982 3287 ut

2443 3322 2704 3380 censum
2756 3317 2820 3377 in
2866 3335 2936 3378 re
2984 3316 3109 3378 alia
3155 3322 3334 3397 aeque
3376 3317 3547 3378 bona
3605 3319 3973 3394 constituat,

2437 3412 2537 3474 vel
2567 3410 2840 3490 pretium
2876 3410 3184 3472 restituat.
3245 3412 3446 3482 Quam
3493 3410 3845 3473 doctrinam
3887 3415 3980 3472 ta-

2437 3505 2559 3568 cite
2588 3504 2837 3566 videtur
2862 3504 3213 3582 approbare
3245 3504 3423 3566 Salas
3453 3505 3513 3565 d.
3553 3504 3704 3566 dub.
3725 3521 3881 3565 xvn.
3915 3504 3975 3565 in

2437 3598 2585 3659 fine.
2635 3596 2916 3659 Difficilis
2945 3601 3157 3659 tamen
3182 3601 3276 3658 est
3308 3617 3321 3659 ε
3357 3597 3506 3677 quia
3527 3642 3545 3673 ,
3595 3616 3738 3658 cum
3767 3597 3976 3658 vendi-

2436 3696 2536 3755 tor
2562 3693 2852 3753 teneatur
2898 3689 2976 3750 de
3023 3690 3371 3766 evictione,
3420 3695 3484 3751 et
3529 3690 3612 3750 ad
3653 3690 3973 3766 interesse,

2440 3801 2829 3862 consequens
2877 3787 2972 3844 est
3024 3787 3095 3843 ut
3138 3783 3290 3842 dum
3337 3783 3612 3862 pretium
3654 3787 3976 3862 acceptum

2438 3895 2563 3937 non
2592 3874 2830 3951 reddit,
2882 3874 3109 3937 debeat
3133 3874 3374 3937 reditus
3408 3876 3657 3936 solvere
3686 3877 3972 3953 emptori,

2439 3970 2543 4049 qui
2575 3969 2721 4029 licet
2750 3985 2873 4028 non
2905 3967 3171 4046 accipiat
3200 3985 3306 4028 eos
3334 3967 3514 4028 titulo
3546 3968 3679 4029 veri
3711 3986 3971 4039 census;

2435 4062 2669 4140 poterit
2698 4060 2817 4121 alio
2849 4059 3030 4121 titulo
3060 4061 3377 4140 accipere,
3427 4065 3738 4140 quatenus
3766 4061 3978 4122 vendi-

2437 4158 2537 4216 tor
2566 4158 2816 4215 tenetur
2856 4153 2912 4213 ei
2952 4153 3034 4213 ad
3063 4154 3400 4230 interesse,
3456 4153 3680 4215 saltem
3729 4154 3975 4233 quando

2437 4248 2639 4309 sciens
2666 4245 2891 4308 vitium
2922 4246 3279 4322 occultavit,
3306 4245 3487 4325 juxta
3517 4265 3615 4323 ea,
3648 4264 3788 4326 quae
3815 4248 3976 4308 dicta

2437 4344 2584 4402 sunt
2610 4340 2716 4401 illa
2744 4343 2896 4401 sect.
2929 4356 2989 4400 x.
3051 4342 3149 4400 An
3179 4357 3328 4401 vcro
3360 4342 3611 4417 emptor
3652 4340 3739 4400 rei
3789 4359 3973 4400 censu

2439 4433 2648 4512 aliquo
2695 4436 2975 4510 gravatae
2997 4478 3012 4508 ‚
3066 4432 3166 4493 cui
3197 4450 3236 4492 a
3262 4431 3595 4496 venditore
3642 4451 3975 4510 gravamen

2437 4524 2592 4587 illud
2622 4543 2747 4585 non
2776 4525 3240 4600 manifestatur,
3287 4524 3488 4602 possit
3522 4529 3740 4604 postea
3769 4524 3974 4585 vendi·

2437 4617 2675 4680 tionem
2711 4616 3104 4693 rescindere,
3164 4635 3243 4680 an
3299 4634 3449 4678 vero
3502 4617 3707 4677 solum
3755 4634 3974 4694 cogere

2436 4709 2832 4771 venditorem
2859 4714 2930 4770 ut
2957 4728 3213 4771 censum
3241 4710 3532 4786 redimat,
3552 4709 3975 4774 videaturne.»-

2437 4804 2566 4870 lina
2595 4804 2753 4882 disp.
2789 4806 2928 4865 394.
2963 4803 3112 4864 dub.
3146 4808 3208 4866 4.

2520 4895 2750 4958 Ultimo
2809 4896 2979 4957 circa
3027 4895 3147 4957 hoc
3195 4896 3396 4975 ipsum
3448 4896 3723 4958 dubitari
3751 4901 3968 4974 potest,

2440 4991 2648 5050 utrum
2680 4989 2787 5067 qui
2815 5007 3072 5050 censum
3100 4989 3386 5050 vendidit
3411 4990 3549 5067 tibi,
3582 4993 3643 5052 et
3664 4989 3973 5051 constituit

2441 5100 2631 5160 super
2658 5081 2854 5143 fundo
2885 5100 3021 5158 suo,
3074 5083 3272 5161 possit
3298 5082 3631 5144 dimidium
3660 5082 3845 5161 pretii
3871 5098 3972 5142 ao-

2440 5174 2608 5252 cepti
2636 5174 2787 5234 dare
2823 5177 3002 5237 Petro
3033 5193 3109 5235 ea
3137 5175 3298 5253 lege,
3330 5179 3399 5236 ut
3418 5176 3552 5254 ipse
3571 5175 3770 5235 solvat
3800 5173 3967 5234 dimi·

2443 5268 2618 5328 dium
2645 5267 2964 5346 pensionis
2991 5286 3239 5342 annuae,
3296 5287 3434 5346 quae
3467 5287 3542 5328 ex
3577 5287 3762 5329 censu
3792 5268 3966 5327 debe-

2441 5364 2563 5422 tur.
2598 5362 2800 5438 Negat
2826 5361 3165 5436 Navarrus,
3198 5362 3549 5423 Commeat.
3583 5359 3653 5420 de
3669 5360 3871 5436 mura,
3899 5378 3957 5420 n.

2443 5455 2579 5514 113.
2617 5456 2680 5514 et
2720 5455 2853 5514 122.
2909 5470 3099 5532 quem
3145 5453 3427 5532 sequitur
3456 5455 3694 5533 Gaspar
3719 5450 3960 5515 Roderi-

2445 5563 2552 5607 cus
2581 5545 2750 5623 apud
2770 5545 2947 5609 Salas
2976 5545 3126 5610 dub.
3158 5561 3263 5614 xv·
3298 5565 3361 5609 n.
3386 5551 3446 5610 2.
3482 5548 3661 5610 Ratio
3683 5550 3791 5622 est,
3821 5543 3953 5624 quifl

4073 1099 4122 1153 75

4008 1338 4070 1366 ἓξ

4029 1391 4064 1421 ἢ

4088 4919 4141 4979 76

4036 5044 4183 5089 &affl

4009 5103 4183 5146 cenwlf*

4009 5157 4140 5197 &sem-

4037 5219 4120 5248 m

4083 5261 4148 5300 dt
