4263 6376
587 4800 705 4878 108

525 4925 748 4970 Solvuntur

503 4979 773 5036 objectiones.

833 344 953 406 298

835 520 968 582 lore
997 536 1120 601 quo
1161 537 1403 582 merces
1432 521 1848 584 communiter
1884 521 2275 584 aestimantur
2300 524 2366 584 et

836 613 1215 691 venduntur,
1250 632 1389 694 quae
1431 614 1757 678 aestimatio
1814 634 1979 697 saepe
2037 616 2237 679 oritur
2289 633 2365 676 ex

837 706 1236 769 multitudine
1265 710 1617 787 emptorum
1647 708 2363 783 concurrentium.Quod

840 802 1050 860 autem
1077 798 1214 860 haec
1241 800 1590 880 frequentia
1619 805 1827 863 ortum
1853 802 2083 864 habeat
2112 821 2188 863 ex
2215 802 2366 863 libe-

839 891 1018 953 relite
1038 892 1459 971 venditorum,
1493 895 1600 973 qui
1629 895 1994 956 dilationem
2042 894 2368 957 solutionis

839 984 1212 1061 concedunt,
1245 1004 1360 1065 per
1387 986 1677 1048 accidens
1712 992 1843 1062 est3
1870 987 2006 1068 jam
2023 987 2191 1049 enim
2218 1005 2367 1049 vere

839 1079 934 1138 est
956 1076 1308 1157 frequentia
1336 1083 1710 1158 emptorum,
1737 1097 1877 1160 qure
1906 1079 2075 1157 facit,
2100 1083 2171 1141 ut
2197 1097 2372 1143 com-

837 1170 1109 1231 muniter
1161 1189 1401 1234 merces
1445 1173 1566 1233 iuae
1620 1173 1779 1235 tanti
1829 1176 1890 1237 et
1933 1191 2058 1233 non
2110 1172 2371 1235 minoris

839 1262 1210 1340 vendantur,
1237 1267 1299 1326 et
1328 1266 1494 1345 quod
1535 1265 1643 1327 illa
1669 1266 2018 1327 communis
2071 1266 2153 1329 sit
2206 1265 2372 1328 oesti-

837 1356 1052 1418 matio.
1078 1359 1253 1418 Tunc
1281 1377 1431 1437 ergo
1462 1358 1868 1421 interveniret
1893 1377 2105 1437 usura,
2166 1378 2367 1440 quan-

840 1447 921 1509 do
977 1449 1058 1511 ob
1113 1450 1371 1512 dilatam
1404 1453 1777 1514 solutionem
1821 1453 1960 1533 plus
2016 1452 2371 1530 exigeretur

839 1560 1031 1621 supra
1048 1542 1114 1603 id
1144 1562 1265 1624 quo
1296 1546 1713 1608 communiter
1738 1545 2098 1606 venduntur
2125 1549 2190 1607 et
2208 1546 2368 1608 aesti-

838 1640 1093 1697 mantur
1115 1655 1377 1715 merceS,
1413 1639 1560 1719 quia
1601 1638 1704 1699 ille
1753 1656 2043 1701 excessus
2072 1642 2237 1703 esset
2268 1658 2370 1700 su-

840 1746 955 1808 pra
971 1730 1271 1808 valorem,
1306 1734 1369 1793 et
1395 1750 1509 1810 per
1537 1749 1924 1811 consequens
1945 1741 2204 1811 propter
2237 1750 2372 1794 mu-

838 1826 1016 1884 tuum
1045 1823 1415 1903 implicitum
1443 1845 1456 1886 :
1489 1843 1523 1886 e
1542 1827 1760 1886 contra
1787 1843 1939 1886 vero
1962 1843 2089 1886 non
2111 1828 2206 1887 est
2225 1844 2368 1887 usu-

836 1933 929 1992 ra,
962 1916 1211 1996 quando
1244 1917 1569 1982 occasione
1599 1917 1912 1980 dilationis
1942 1921 2232 1997 augetur,
2268 1918 2368 1980 vel

838 2025 962 2071 non
993 2008 1297 2071 decrescit
1309 2011 1484 2073 valor
1511 2010 1859 2072 communis
1871 2010 2199 2088 mercium,
2222 2011 2368 2095 quia

839 2103 987 2162 tunc
1015 2101 1170 2161 nihil
1226 2103 1495 2182 exigitur
1522 2122 1713 2182 supra
1750 2103 2031 2164 valorem
2088 2121 2367 2165 commu·

838 2211 983 2259 nem
1012 2193 1091 2254 ob
1120 2194 1376 2257 dilatam
1405 2195 1922 2274 solutionem‚sed
1953 2196 2178 2258 solutio
2208 2196 2367 2257 dila-

837 2288 904 2347 ta
949 2290 1044 2348 est
1097 2306 1288 2349 causa
1316 2289 1485 2368 quod
1514 2289 1692 2350 valor
1717 2289 2066 2353 communis
2091 2289 2233 2350 talis
2261 2289 2360 2352 sit.

839 2380 971 2439 Hoc
1017 2385 1228 2441 autem
1259 2382 1622 2460 contingere
1650 2382 1901 2443 videtur
1928 2382 1992 2441 in
2022 2400 2172 2443 casu
2202 2400 2365 2461 prte-

839 2471 998 2535 senti
1021 2472 1086 2532 in
1115 2491 1238 2552 quo
1268 2492 1392 2535 non
1422 2475 1608 2536 datur
1634 2475 1792 2537 alius
1820 2475 1998 2535 valor
2015 2475 2366 2538 communis

836 2564 1122 2626 minorin
1152 2565 1271 2626 illis
1292 2567 1770 2644 circunstantiis,
1803 2585 1991 2648 supra
2023 2586 2211 2648 quem
2239 2569 2363 2629 sol-

835 2660 1008 2734 vant,
1042 2658 1146 2738 qui
1179 2659 1419 2723 credito
1442 2664 1680 2737 emunt,
1713 2678 1857 2721 cum
1900 2661 2068 2725 enim
2097 2679 2223 2722 non
2254 2661 2367 2722 ali-

834 2753 930 2813 ter
955 2751 1312 2815 vendentur
1337 2771 1579 2815 merces
1607 2754 1728 2815 illae
1758 2754 1821 2814 in
1843 2772 1917 2815 eo
1935 2757 2241 2833 tempore,
2276 2755 2365 2815 ni-

837 2843 887 2904 si
942 2845 1204 2922 credite,
1255 2864 1380 2909 non
1436 2849 1531 2908 est
1574 2847 1732 2911 alius
1786 2847 1962 2909 valor
2015 2846 2365 2912 communis

836 2956 1025 3019 quem
1052 2937 1329 3001 habeant
1377 2940 1648 3001 venditae
1699 2940 1964 3019 pecunia
2016 2940 2311 3019 praesenti
2340 2959 2357 3013 ς

837 3048 1042 3110 quare.
1085 3050 1211 3091 non
1239 3032 1505 3111 exigItur
1550 3032 1784 3112 aliquid
1850 3050 2040 3112 supra
2084 3033 2364 3093 valorem

835 3141 1256 3203 communem,
1289 3126 1399 3186 sed
1419 3126 1596 3186 valor
1621 3126 1754 3205 ipse
1770 3127 2121 3190 communis
2151 3130 2246 3187 est
2275 3130 2366 3187 ta-

834 3216 930 3293 lis,
991 3216 1139 3297 quia
1183 3237 1423 3280 merces
1504 3219 1738 3281 credito
1793 3220 2152 3284 venduntur
2205 3220 2365 3281 futu-

835 3328 943 3372 rus
972 3314 1138 3376 certe
1165 3311 1371 3373 minor
1399 3312 1449 3372 si
1466 3316 1845 3376 mercatores
1873 3312 2364 3374 nollentoredito

833 3405 1130 3481 vendere,
1164 3408 1422 3483 propter
1438 3407 1683 3485 copiam
1712 3406 2041 3482 mercium,
2077 3406 2365 3467 etdefec-

833 3500 968 3558 tum
988 3498 1267 3575 pecuniis
1294 3502 1357 3559 et
1370 3502 1720 3576 emptorum
1741 3499 1848 3577 qui
1874 3502 2024 3560 tuno
2039 3500 2365 3560 esset.Hoc

831 3592 1042 3649 autem
1058 3607 1180 3650 non
1204 3590 1431 3652 sufficit
1458 3590 1535 3651 ad
1556 3589 2010 3669 usuram,quod
2029 3590 2247 3656 dilatio
2263 3608 2361 3652 so-

832 3682 1083 3744 lutionis
1094 3682 1282 3746 filciat
1300 3683 1495 3762 pluris
1521 3682 1712 3743 vendi
1730 3701 1864 3744 rem
1881 3700 2071 3761 quam
2082 3683 2237 3743 alias
2258 3700 2360 3742 re-

831 3775 1230 3850 venderetur,
1265 3776 1374 3835 sed
1415 3776 1775 3856 requiritur,
1797 3776 1937 3837 ideo
1955 3775 2152 3854 pluris
2172 3775 2362 3837 vendi

830 3886 964 3929 rem
980 3885 1170 3947 quam
1181 3867 2363 3949 aliasvenderetur,sedrequiritur,ideo

831 3960 1025 4039 pluris
1045 3960 1254 4037 vendi,
1290 3979 1481 4040 quam
1502 3960 1579 4021 de
1609 3962 1772 4023 facto
1801 3964 2066 4040 pecunie
2095 3979 2366 4040 praesen-

830 4053 879 4115 ti
906 4054 1321 4115 communiter
1347 4054 1676 4117 vendatur.
1710 4056 1903 4120 Valor
1931 4056 2097 4116 enim
2126 4054 2216 4115 rei
2239 4072 2363 4115 non

834 4150 927 4207 est
942 4146 1179 4226 aliquid
1200 4147 1717 4225 conditionatum,
1743 4166 1854 4208 seu
1873 4148 2167 4226 pretium,
2193 4148 2365 4228 quod

833 4243 997 4301 esset
1026 4239 1229 4317 posita
1258 4239 1468 4319 aliqua
1497 4240 1876 4316 conditione,
1936 4240 2049 4301 sed
2106 4244 2201 4301 est
2253 4241 2367 4300 ali-

833 4332 983 4411 quid
1013 4331 1389 4411 absolutum,
1424 4351 1649 4412 nempe
1678 4332 1951 4414 pretium
1991 4351 2114 4415 quo
2138 4333 2216 4393 de
2241 4333 2365 4394 fao-

832 4428 895 4486 to
926 4443 1025 4486 res
1056 4428 1470 4490 communiter
1497 4426 1829 4499 venditur;
1872 4426 1974 4490 hic
2005 4430 2216 4494 autem
2259 4444 2367 4486 va-

829 4519 926 4579 lor
954 4537 1078 4579 non
1114 4519 1434 4581 exceditur
1462 4539 1499 4580 a
1527 4520 2006 4597 mercatoribus,
2031 4537 2174 4579 cum
2203 4537 2364 4580 mer-

832 4628 937 4672 ces
965 4615 1116 4674 tunc
1146 4630 1271 4673 non
1300 4613 1420 4678 alio
1451 4613 1650 4692 pretio
1686 4612 1966 4676 inferiori
2019 4612 2207 4678 vendi
2263 4630 2363 4674 so-

832 4705 1006 4766 leant
1026 4707 1459 4785 communiter,
1493 4706 1616 4770 nisi
1643 4706 1770 4769 illo.

915 4798 1181 4879 Objiciet
1215 4800 1463 4880 aliquis,
1490 4800 1639 4880 qula
1667 4800 1857 4861 etiam
1884 4802 2034 4860 tunc
2062 4798 2111 4859 si
2140 4798 2365 4879 aliquis

834 4892 1164 4972 pecuniam
1193 4897 1567 4970 praesentem
1605 4895 1845 4970 offerat,
1901 4893 2097 4953 multo
2139 4893 2364 4954 minori

834 4986 1034 5064 pretio
1064 4984 1322 5047 hebebit
1349 4986 1602 5047 easdem
1643 5004 1919 5059 merces;
1966 5003 2114 5064 ergo
2144 4986 2243 5046 vel
2271 4986 2367 5045 di·-

835 5078 1105 5139 cendum
1134 5082 1228 5139 est
1270 5084 1530 5140 caeteros
1569 5080 1811 5140 solvere
1858 5096 2049 5157 supra
2094 5079 2365 5158 pretium

834 5190 1172 5247 summum,
1239 5190 1362 5251 quo
1415 5176 1563 5233 tunc
1621 5172 1810 5234 etiam
1848 5171 2087 5236 eaedem
2123 5189 2365 5233 merces

832 5265 1100 5345 pecunia
1128 5268 1457 5328 numerata
1484 5265 1863 5342 venduntur,
1890 5264 1986 5324 vel
2010 5268 2177 5325 certe
2197 5264 2366 5325 hunc

835 5377 1041 5419 emere
1071 5358 1230 5418 infra
1262 5358 1533 5436 pretium
1561 5358 1844 5418 infimum
1868 5357 2131 5438 justum,
2178 5363 2366 5438 atque

833 5452 990 5513 adeo
1020 5450 1250 5530 injuste
1274 5451 1380 5512 illo
1409 5450 1683 5514 inferiori
1713 5451 1913 5529 pretio
1938 5497 1953 5528 ,
1998 5451 2239 5514 etiamsi
2271 5452 2365 5512 of-

833 5542 994 5605 ferat
1020 5542 1353 5624 pecuniam
1381 5547 1777 5623 praesentem.
1799 5543 2238 5623 Respondetur
2254 5543 2367 5604 im-

1989 342 2093 406 DE
2134 341 2489 408 JUSTITIA
2531 342 2633 407 m·
2674 340 2873 405 mnu

2462 518 2681 600 primis
2733 518 2839 580 illo
2895 515 3120 579 eodem
3174 518 3483 596 tempore,
3541 516 3649 598 qui
3701 516 3997 580 minutim

2463 615 2680 679 emunt
2704 612 2769 672 in
2797 611 3062 674 officinis
3091 610 3533 675 communibus
3553 610 3810 673 easdem
3837 629 4000 671 mer-

2464 725 2567 768 ces
2595 706 2860 785 pecunia
2888 705 3203 784 praesenti,
3238 723 3363 767 non
3390 705 3650 766 minoris
3668 705 3779 766 sed
3801 704 3998 784 pluris

2466 818 2572 861 ees
2601 817 2810 862 emere
2838 799 2917 860 ab
2963 798 3038 859 iis
3082 799 3536 861 mercatoribus
3563 798 3673 878 qui
3713 816 3821 860 eas
3859 816 3994 859 cre-

2466 892 2595 955 dito
2625 895 2933 969 emerunt,
2968 896 3032 953 et
3059 891 3164 971 qui
3193 909 3443 970 semper
3468 890 3535 952 in
3552 890 3831 959 secunda
3849 909 3999 952 ven-

2466 985 2701 1051 ditione
2731 984 2969 1065 aliquid
2996 985 3319 1047 lucrantur
3350 1003 3365 1046 ε
3398 1003 3522 1045 ηοη
3553 1003 3702 1064 ergo
3745 989 3842 1047 est
3877 983 4000 1046 mi-

2467 1098 2585 1141 nus
2613 1079 2676 1140 in
2705 1079 3071 1143 universum
3114 1077 3386 1158 pretium
3419 1096 3542 1159 quo
3584 1078 3809 1140 eodem
3835 1082 4000 1140 tem-

2468 1191 2620 1252 pore
2649 1172 3011 1234 venduntur
3036 1171 3454 1234 communiter
3480 1171 3749 1251 pecunia
3776 1189 4001 1233 nume-

2467 1269 2627 1328 rata.
2661 1265 2930 1343 Deinde,
2987 1265 3134 1327 licet
3184 1265 3275 1325 illi
3312 1268 3693 1329 mercatores
3716 1311 3731 1342 ,
3781 1265 3893 1345 qui
3931 1264 4000 1324 in

2468 1377 2703 1438 magna
2743 1357 2924 1438 copia
2968 1357 3202 1419 credito
3247 1376 3353 1418 eas
3405 1376 3644 1419 merces
3693 1356 3996 1434 vendunt,

2471 1451 2909 1513 decrescerent
2936 1450 3015 1511 de
3054 1451 3254 1530 pretio
3277 1497 3294 1528 ,
3326 1450 3379 1511 si
3406 1450 3631 1530 aliquis
3658 1451 3749 1512 eis
3778 1452 4004 1512 offerat

2469 1544 2801 1623 pecuniam
2840 1546 3215 1625 praesentem
3262 1560 3278 1608 ε
3328 1561 3402 1604 eo
3450 1544 3618 1623 quod
3642 1543 3853 1623 aliqua
3892 1561 4001 1622 pe-

2468 1637 2651 1697 cunia
2680 1637 2972 1715 praesenti
2998 1636 3326 1715 indigeant
3353 1635 3435 1697 ed
3467 1640 3752 1715 sumptus
3781 1654 4000 1697 occur-

2466 1733 2675 1793 rentes
2708 1749 2722 1791 :
2756 1729 2878 1791 hoc
2904 1733 3118 1792 temen
3144 1748 3268 1791 non
3297 1729 3448 1791 facit
3474 1729 3629 1790 illud
3663 1728 3832 1791 aliud
3862 1746 4003 1808 pre-

2467 1822 2624 1884 tium
2683 1841 2817 1884 esse
2872 1822 3173 1903 injustum
3215 1822 3309 1883 vel
3369 1822 3755 1885 excessivum
3778 1868 3794 1900 ,
3850 1822 4005 1903 quia

2468 1915 2817 1976 communis
2861 1916 3037 1976 valor
3086 1915 3390 1977 mercium
3436 1933 3562 1975 non
3614 1914 3883 1976 sumitur
3923 1934 4002 1976 ex

2467 2026 2595 2069 una
2641 2009 2741 2069 vel
2796 2009 2993 2070 altera
3045 2007 3409 2069 venditione
3475 2009 3997 2085 extraordinaria,

2469 2120 2608 2181 quae
2636 2102 2748 2162 flat
2768 2100 2972 2162 viliori
2999 2100 3199 2181 pretio
3234 2116 3248 2163 τ
3283 2100 3443 2162 sicut
3471 2119 3594 2162 non
3616 2106 3710 2163 est
3728 2103 4003 2181 pretium

2466 2193 2790 2274 injustum,
2824 2211 2946 2274 quo
2993 2211 3234 2259 merces
3279 2193 3690 2256 communiter
3718 2195 4005 2255 vendun-

2466 2288 2569 2348 tur
2598 2305 2635 2347 a
2663 2286 3137 2362 mercatoribus,
3170 2287 3317 2347 licet
3340 2287 3542 2348 viliori
3569 2287 3766 2348 multo
3793 2288 4003 2368 pretio

2466 2380 2690 2441 eodem
2714 2397 2955 2440 merces
2984 2378 3098 2439 sub
3120 2378 3298 2441 hasta
3318 2379 3692 2457 vendantur,
3718 2381 4006 2459 quiahoc

2467 2491 2592 2533 non
2622 2472 2783 2533 tollit
2810 2471 2978 2552 quod
3007 2472 3422 2534 communiter
3437 2473 3557 2534 alio
3572 2472 3760 2534 modo
3791 2473 4004 2534 carius

2465 2565 2656 2626 vendi
2693 2565 2956 2627 soleant.
3016 2567 3145 2625 Nec
3197 2564 3340 2627 ideo
3397 2564 3502 2645 qui
3557 2565 3742 2626 vilius
3796 2565 4003 2645 pretio

2465 2658 2757 2737 praesenti
2786 2678 2824 2719 a
2850 2657 3304 2723 mercatoribus
3337 2658 3591 2727 easdem
3620 2676 3860 2720 merces
3890 2658 4008 2721 ha·

2465 2752 2662 2829 beret,
2695 2751 2923 2831 injuste
2951 2754 3207 2827 emeret,
3241 2750 3391 2830 quia
3419 2750 3483 2810 in
3512 2751 3618 2812 illo
3648 2750 3834 2812 modo
3856 2769 4008 2811 ven·

2466 2846 2656 2909 dendi
2685 2845 2834 2905 illud
2867 2844 3056 2905 etiam
3085 2848 3179 2904 est
3204 2843 3477 2923 pretium
3521 2842 3777 2923 justum.
3811 2846 4001 2922 Nam,

2461 2939 2623 3000 sicut
2649 2937 2755 3016 qui
2785 2936 2899 2997 sub
2920 2936 3099 2997 hasta
3127 2936 3323 2997 multo
3352 2936 3557 2997 viliori
3585 2935 3786 3016 pretio
3815 2936 4000 3015 emit,

2457 3031 2623 3112 juste
2654 3032 2824 3106 emit,
2858 3029 3006 3109 quia
3033 3029 3095 3088 in
3123 3030 3243 3089 illis
3272 3029 3771 3106 circumstantiis,
3796 3048 3872 3089 ex
3895 3029 4009 3089 de-

2465 3126 2631 3186 fectu
2662 3127 3014 3204 emptorum
3059 3126 3121 3184 et
3165 3122 3452 3184 ultronea
3493 3123 3808 3184 oblatione
3835 3141 4008 3182 mer-

2466 3219 2653 3295 cium,
2687 3218 2958 3297 pretium
2976 3216 3259 3289 vilescit;
3312 3217 3401 3278 ita
3442 3216 3504 3277 in
3553 3217 3650 3277 his
3692 3217 3830 3278 eliis
3870 3217 4007 3277 eir-

2465 3310 2856 3372 cumstantiis
2878 3355 2894 3387 ,
2926 3310 2991 3369 in
3022 3309 3251 3389 quibus
3280 3308 3508 3371 desunt
3541 3313 3855 3389 emptores
3884 3329 4009 3390 pe-

2465 3403 2717 3465 cuniam
2766 3406 3142 3481 praesentem
3190 3404 3521 3463 offerentes
3541 3449 3556 3479 ,
3609 3406 3672 3463 et
3712 3403 4008 3468 ultronea

2465 3496 2779 3559 oblatione
2808 3495 3112 3560 mercium
3140 3499 3399 3574 propter
3425 3495 3861 3557 necessitatem
3894 3515 4008 3575 pe·

2464 3590 2665 3651 cuniae
2719 3588 3043 3670 praesentis
3102 3605 3228 3666 qua
3273 3587 3632 3650 venditores
3681 3588 4002 3666 indigent,

2464 3683 2617 3744 illud
2661 3685 2952 3744 censetur
2990 3679 3232 3760 justum
3274 3681 3568 3760 pretium.
3615 3682 3750 3741 Non
3781 3685 3877 3741 est
3905 3685 4009 3742 ta-

2463 3795 2631 3852 men,
2662 3775 3018 3836 utdiximus
3042 3819 3058 3851 ,
3093 3773 3365 3852 pretium
3394 3791 3728 3834 commune
3757 3793 3831 3833 ex
3873 3792 4008 3854 quo

2465 3868 2886 3930 desumendus
2918 3868 2998 3928 sit
3024 3866 3204 3927 valor
3229 3867 3534 3930 mercium
3567 3867 3649 3928 ob
3677 3867 3833 3928 alias
3851 3887 4012 3928 ven-

2464 3962 2769 4034 ditiones;
2804 3961 2952 4041 quia
2983 3978 3105 4022 non
3134 3959 3222 4021 ita
3260 3959 3681 4032 communiter
3707 3960 4011 4021 vendun-

2462 4059 2565 4117 tur
2592 4059 2741 4116 tunc
2770 4053 2889 4114 illae
2918 4071 3180 4128 merceS,
3215 4053 3324 4113 sed
3352 4072 3520 4115 raro.
3555 4054 3710 4129 Im0,
3745 4054 3798 4113 si
3819 4054 4011 4115 multi

2464 4151 2776 4227 emptores
2804 4146 3038 4208 vellent
3063 4146 3265 4226 pretio
3295 4146 3586 4224 praesenti
3611 4165 3841 4221 emere,
3867 4146 4010 4226 jam

2462 4241 2822 4302 venditores
2850 4259 2975 4301 non
3005 4258 3080 4300 eo
3109 4239 3219 4299 vili
3245 4240 3446 4318 pretio
3493 4239 3607 4299 sed
3644 4239 3851 4300 carius
3882 4241 4015 4303 illis

2461 4334 2841 4410 venderent,
2894 4336 2957 4394 et
2999 4336 3150 4394 tunc
3178 4333 3280 4392 ille
3310 4334 3475 4393 esset
3501 4331 3682 4393 valor
3722 4350 4017 4394 commu·

2464 4427 2580 4504 nis,
2616 4446 2690 4487 ex
2721 4444 2843 4505 quo
2874 4425 3261 4486 desumenda
3289 4427 3454 4486 esset
3488 4425 3709 4504 regula
3746 4425 3834 4486 ad
3868 4445 4021 4504 pre-

2462 4521 2620 4583 tium
2649 4519 2835 4581 etiam
2866 4519 3057 4580 dilata
3088 4517 3394 4579 solutione
3413 4565 3429 4594 ,
3477 4522 3547 4580 ut
3582 4536 3708 4578 non
3737 4519 4017 4580 excede-

2463 4618 2561 4676 ret
2586 4630 2900 4674 summum
2950 4611 3220 4690 pretium
3247 4610 3625 4674 venditionis
3670 4617 4020 4674 numerata

2464 4706 2750 4787 pecunia.
2787 4704 2967 4766 Unde
3012 4704 3268 4766 tandem
3299 4707 3580 4781 constat,
3629 4721 3754 4764 non
3784 4704 4021 4765 imme-

2464 4801 2585 4861 rito
2615 4798 2731 4860 Th.
2768 4797 2998 4859 Sanch.
3032 4796 3201 4858 hunc
3229 4797 3489 4857 modum
3516 4796 3834 4858 vendendi
3855 4801 4020 4859 tunc

2465 4893 2667 4954 solum
2695 4892 2883 4956 licere
2904 4890 3154 4963 dixisse,
3176 4891 3428 4970 quando
3450 4890 3651 4969 major
3675 4909 3826 4969 pars
3842 4910 4021 4952 mer-

2467 4990 2745 5048 catorum
2780 5003 2854 5046 eo
2880 4988 3162 5064 tempore
3190 4983 3429 5044 credito
3460 4983 3743 5044 vendunt
3774 5004 3790 5044 t
3823 4983 4023 5060 cujus

2465 5080 2625 5140 ratio
2670 5097 2804 5139 esse
2847 5077 3072 5153 debet,
3139 5076 3310 5155 quod
3363 5080 3512 5138 tuuc
3568 5076 3770 5136 solum
3828 5076 4027 5139 deest

2465 5172 2636 5233 aliud
2665 5171 2933 5251 pretium
2963 5170 3222 5246 vulgare
3245 5214 3261 5246 ,
3311 5173 3374 5230 et
3401 5186 3732 5229 commune
3760 5169 4019 5248 minus,

2466 5265 2637 5345 quod
2666 5263 2854 5327 etiam
2901 5263 2963 5330 in
3015 5279 3260 5323 summo
3305 5260 3506 5340 gradu
3535 5261 4023 5323 consideratum

2467 5358 2806 5419 excedatur
2834 5375 2871 5417 a
2898 5356 3095 5435 pretio
3126 5355 3294 5436 quod
3324 5354 3594 5433 exigitur
3620 5354 3816 5416 dilata
3839 5355 4028 5417 solu·

2464 5453 2658 5515 tione.

2547 5547 2837 5624 Arguunt
2865 5543 3055 5626 aliqui
3086 5546 3304 5607 contra
3350 5541 3516 5605 hanc
3542 5540 3901 5612 doctrinam
3935 5559 4028 5603 ex
