4263 6376
533 953 548 967 ·
652 930 763 990 137

711 1091 723 1110 ‚
755 1069 792 1099 ιι

549 1109 845 1162 dictatorem!

548 1170 593 1206 ut
626 1164 840 1217 condonet,

568 1218 604 1259 si
625 1218 730 1261 sorte
748 1230 816 1260 res

563 1271 656 1325 plus
670 1272 820 1316 valeat.

610 3639 728 3701 138

560 3763 689 3817 Quid,
713 3766 750 3810 εἰ

506 3820 804 3916 “rw“

505 3929 682 3978 pretium
720 3928 798 3971 rei.

897 292 1018 355 308

896 487 1162 550 peccare
1206 471 1470 548 possunt
1514 467 1834 541 aurifices,
1893 467 1947 529 si
1974 468 2349 547 interrogati
2396 487 2433 528 a

897 563 1147 626 rusticis
1165 608 1181 639 ,
1215 563 1314 622 vel
1344 560 1647 641 imperitis
1677 561 1755 621 de
1783 562 1996 623 valore
2023 581 2292 641 gemmae
2324 560 2429 622 ali-

897 657 1110 735 cujuS,
1155 655 1254 715 vel
1294 654 1688 733 margaritae,
1747 655 1931 715 vilius
1975 674 2164 734 quam
2193 674 2309 734 par
2336 659 2431 716 est

897 767 1037 809 eam
1065 751 1315 823 taxent,
1350 750 1418 807 ut
1447 747 1498 806 si
1526 747 1685 808 forte
1716 747 1866 826 ipsis
1897 748 2206 809 vendatur
2225 793 2240 823 ,
2287 766 2427 826 pos-

895 841 1019 902 sint
1045 840 1273 900 minori
1301 839 1500 918 pretio
1530 857 1671 900 eam
1701 840 1955 901 habere.

975 931 1307 993 Dubitatur
1336 930 1399 991 in
1430 932 1549 993 hoc
1577 936 1811 1011 puncto
1831 979 1846 1009 ‚
1896 952 1975 993 an
2007 937 2256 1013 emptor
2281 952 2429 1011 gna-

779 1057 789 1068 ·
893 1044 998 1087 rus
1026 1025 1284 1105 majoris
1311 1025 1540 1086 valoris
1569 1026 1660 1085 rei
1698 1025 1804 1105 qui
1834 1044 1871 1085 a
1899 1025 2224 1087 venditore
2253 1025 2426 1103 igno-

891 1122 1087 1195 ratur,
1118 1121 1373 1180 maneat
1399 1121 1571 1179 tutus
1602 1117 1664 1177 in
1693 1116 2097 1196 conscientia,
2130 1119 2183 1179 si
2207 1118 2428 1179 vendi-

890 1212 1012 1273 tori
1040 1211 1229 1288 dicat,
1274 1229 1340 1271 se
1370 1211 1529 1270 velle
1574 1229 1710 1271 rem
1758 1211 1926 1270 illam
1964 1211 2098 1272 sine
2128 1211 2422 1290 scrupulo

889 1322 1134 1382 emere,
1177 1307 1241 1366 et
1276 1303 1419 1364 ideo
1449 1303 1661 1365 videat
1703 1322 1782 1363 an
1812 1304 1961 1365 velit
2002 1322 2144 1364 eam
2172 1323 2284 1383 pro
2315 1305 2421 1366 tali

886 1398 1088 1478 pretio
1119 1397 1292 1474 dare,
1339 1396 1753 1458 condonando
1794 1397 1847 1457 ei
1893 1397 2125 1477 siquid
2155 1398 2422 1476 amplius

885 1490 1131 1568 valeat,
1191 1496 1254 1552 et
1307 1489 1598 1552 venditor
1643 1490 2037 1551 consentiat?
2088 1492 2424 1552 Affirmant

885 1583 1054 1643 enim
1083 1582 1276 1662 Cajet.
1311 1582 1372 1642 in
1399 1582 1644 1643 Summa
1671 1583 1844 1643 verb.
1879 1583 2112 1663 emptiO,
2151 1602 2320 1644 num.
2354 1589 2414 1645 2.

884 1675 1053 1755 quod
1098 1675 1449 1755 approbare
1505 1675 1798 1736 videntur
1852 1676 2115 1736 Armilla
2135 1722 2150 1753 ,
2205 1681 2267 1737 et
2313 1675 2419 1736 alii

879 1768 1051 1849 apud
1081 1768 1259 1830 Salas
1289 1767 1350 1829 d.
1387 1768 1537 1829 dub.
1572 1785 1790 1830 xxxvl.
1826 1788 1997 1829 num.
2032 1772 2091 1829 2.
2136 1771 2291 1829 Eam
2326 1773 2417 1831 ta-

879 1880 1025 1921 men
1061 1861 1437 1921 sententiam
1467 1862 1721 1922 omnino
1750 1861 2235 1940 improbabilem
2266 1862 2417 1922 dicit

876 1954 1106 2016 Molina
1135 1954 1296 2032 disp.
1329 1957 1469 2015 553.
1502 1955 1557 2032 ἓ.
1597 1953 1934 2033 ΠαῘεεαηιιε,
1973 1972 2240 2034 eamque
2268 1954 2412 2034 reji-

876 2048 1053 2108 ciunt
1078 2047 1365 2123 Palatios,
1400 2048 1688 2123 BanneS,
1743 2047 2032 2107 Salonius
2054 2094 2069 2124 ,
2102 2047 2413 2108 Ledesma

876 2145 940 2202 et
966 2140 1106 2216 alii,
1160 2157 1317 2219 quos
1359 2140 1543 2201 affert
1591 2144 1653 2201 et
1696 2140 1978 2218 sequitur
2017 2141 2187 2200 idem
2233 2142 2410 2202 Salas

874 2250 1049 2293 num.
1081 2235 1141 2293 3.
1177 2236 1238 2293 et
1265 2232 1487 2294 merito
1507 2279 1524 2309 ,
1572 2232 1719 2311 quia
1761 2232 1881 2293 hoc
1904 2237 2090 2312 pacto
2122 2234 2406 2294 excusari

870 2328 1084 2405 posset
1126 2324 1329 2385 omnis
1377 2324 1611 2402 emptio
1659 2324 1823 2384 infra
1860 2323 2102 2403 justum
2131 2326 2406 2405 pretium

868 2416 1187 2494 infimum,
1240 2416 1686 2495 interrogando
1718 2417 2113 2478 venditorem
2143 2437 2222 2477 an
2254 2437 2404 2479 con-

866 2515 1076 2573 tentus
1106 2514 1269 2571 esset
1306 2527 1379 2571 eo
1412 2510 1633 2589 pretio,
1671 2510 2086 2572 condonando
2112 2556 2127 2587 ,
2180 2510 2232 2570 si
2274 2530 2402 2571 am-

865 2604 1028 2682 plius
1055 2621 1154 2663 res
1183 2602 1441 2664 valeret.
1478 2603 1608 2662 Imo
1641 2602 1864 2663 eodem
1894 2596 2082 2663 modo
2115 2604 2402 2665 excusari

863 2701 1078 2777 posset
1104 2696 1425 2757 usurarius
1447 2695 1895 2774 interrogando
1917 2697 2394 2773 mutuatarium,

864 2808 944 2851 an
975 2789 1163 2851 vellet
1188 2788 1379 2867 gratis
1401 2788 1763 2867 promittere
1794 2791 1857 2849 et
1876 2789 2235 2850 condonare
2257 2809 2398 2850 usu-

861 2902 999 2960 ras,
1053 2901 1193 2961 quae
1224 2881 1303 2942 ob
1334 2884 1622 2941 mutuum
1668 2899 1791 2941 non
1822 2882 2152 2943 debentur.
2217 2884 2395 2944 Ratio

862 2979 1075 3036 autem
1103 2993 1140 3034 a
1168 2973 1358 3054 priori
1391 2977 1519 3050 est,
1554 2974 1701 3053 quia
1730 2974 2021 3035 venditor
2050 2975 2111 3034 in
2144 2994 2215 3036 eo
2248 2995 2395 3037 casu

862 3086 988 3128 non
1019 3067 1337 3128 condonat
1364 3072 1730 3144 spontanee,
1766 3066 1873 3126 sed
1906 3086 1981 3126 ex
2007 3073 2214 3145 pact0,
2249 3070 2395 3148 quia

861 3165 1108 3240 emptor
1137 3160 1290 3220 alias
1320 3178 1444 3220 non
1474 3160 1609 3222 vult
1638 3178 1844 3220 emere
1881 3180 1894 3222 :
1930 3179 2124 3240 quare
2157 3163 2394 3224 condo-

860 3255 1029 3315 natio
1061 3254 1167 3313 illa
1196 3271 1318 3313 non
1366 3257 1460 3314 est
1486 3253 1760 3330 gratuita
1814 3254 1923 3314 sed
1962 3272 2228 3316 onerosa
2250 3302 2265 3332 ‚
2329 3263 2397 3319 ut

858 3350 1104 3426 emptor
1132 3364 1266 3406 rem
1288 3349 1456 3406 emat
1485 3345 1685 3406 soluto
1708 3347 1916 3426 aliquo
1939 3347 2139 3425 pretio
2163 3347 2388 3426 viliori,

856 3441 1018 3501 sicut
1043 3439 1459 3500 mutuatarius
1489 3440 1795 3517 promittit
1824 3458 2077 3512 usuras,
2133 3446 2202 3502 ut
2232 3441 2393 3504 obti-

855 3538 1004 3596 neat
1030 3537 1318 3594 mutuum
1348 3532 1531 3593 aliter
1557 3533 1674 3592 sibi
1705 3551 1828 3593 non
1860 3533 2162 3594 dandum.

935 3629 1282 3699 Caeterum,
1334 3624 1385 3685 si
1432 3628 1562 3685 tam
1608 3630 1853 3704 emptor
1882 3645 2071 3706 quam
2101 3627 2393 3689 venditor

854 3737 1031 3800 aeque
1065 3723 1325 3798 uterque
1367 3717 1623 3796 ignarus
1669 3718 1745 3778 de
1774 3718 1988 3779 valore
2028 3719 2118 3779 rei
2159 3739 2390 3782 conve-

852 3812 1026 3874 niant
1053 3813 1117 3872 in
1146 3811 1369 3891 preti0‚
1404 3810 1821 3871 condonando
1846 3811 1959 3872 sibi
1991 3812 2262 3873 invicem
2283 3814 2386 3874 de-

848 3906 1082 3967 fectum
1110 3904 1205 3965 vel
1240 3923 1564 3964 excessum
1614 3904 1667 3963 si
1712 3903 1851 3983 quis
1896 3904 2112 3982 fuerit,
2164 3912 2386 3968 neuter

848 3998 1037 4059 debet
1064 4001 1281 4077 postea
1309 3996 1671 4071 restituere,
1705 3995 1853 4074 quia
1883 4000 2148 4075 uterque
2193 3998 2383 4058 fortu-

846 4111 943 4152 nae
973 4110 1037 4151 se
1070 4089 1391 4168 aequaliter
1421 4088 1773 4149 committit.
1806 4089 1871 4150 Si
1900 4092 2108 4150 tamen
2140 4091 2382 4168 pericu-

844 4184 974 4244 lum
1005 4201 1130 4243 non
1160 4182 1240 4243 sit
1263 4181 1502 4260 aequale
1531 4181 1803 4259 utrique,
1830 4199 1954 4241 non
1986 4182 2105 4242 erit
2134 4186 2381 4243 contra-

844 4282 983 4339 ctus
1003 4275 1209 4356 justus
1252 4292 1323 4334 ex
1367 4277 1543 4352 parte
1573 4273 1737 4333 illius
1767 4273 1873 4353 qui
1903 4273 2141 4335 sciebat
2168 4292 2234 4334 se
2262 4275 2382 4334 mi-

842 4369 978 4431 nori
1008 4366 1285 4448 periculo
1307 4366 1553 4444 exponi,
1588 4369 1656 4427 ut
1683 4366 1808 4427 late
1829 4367 2229 4446 prosequitur
2241 4369 2375 4429 Mo-

837 4462 967 4524 lina
1013 4462 1149 4522 loco
1198 4459 1387 4521 citato
1423 4479 1436 4520 :
1490 4458 1597 4538 qui
1644 4459 1832 4519 etiam
1881 4458 2000 4520 hac
2049 4460 2376 4521 occasione

838 4554 971 4634 agit
997 4553 1075 4615 de
1106 4555 1352 4613 emente
1393 4568 1617 4630 agrum
1661 4551 1981 4611 communi
2012 4553 2254 4631 pretio,
2312 4554 2375 4613 in

837 4666 961 4728 quo
989 4647 1108 4708 scit
1134 4646 1328 4707 latere
1358 4644 1757 4721 thesausum,
1792 4650 1855 4706 et
1884 4644 1960 4704 de
1990 4650 2236 4707 emente
2277 4647 2372 4706 fa-

834 4760 1004 4803 scem
1033 4739 1373 4800 herbarum
1403 4738 1831 4798 communium
1850 4784 1865 4812 ,
1916 4738 1978 4797 in
2023 4738 2252 4817 quibus
2281 4744 2376 4802 est

832 4833 1125 4916 quaedam
1164 4831 1362 4891 herba
1402 4848 1649 4909 magnae
1680 4830 1930 4892 virtutis
1965 4850 1977 4890 :
2025 4831 2103 4891 de
2146 4832 2373 4910 quibus

829 4929 953 4990 late
986 4925 1256 4986 diximus
1286 4942 1475 5001 supra
1505 4923 1666 5000 disp.
1690 4939 1777 4984 vl.
1811 4923 1880 4983 de
1908 4923 2261 5003 acquirendo
2282 4943 2370 4984 re-

828 5041 960 5081 rum
980 5017 1255 5089 dominic,
1283 5020 1434 5077 sect.
1461 5033 1545 5076 xl.
1582 5016 1737 5076 Illud
1772 5035 1913 5076 cum
1936 5019 2105 5078 Less,
2135 5037 2239 5076 nu,
2268 5021 2366 5077 83.

826 5113 1176 5175 notandum
1206 5112 1319 5184 est,
1358 5123 1539 5187 posse
1571 5113 1919 5187 emptorem
1948 5129 2144 5187 parvo
2167 5111 2367 5187 pretio

825 5227 1033 5268 emero
1073 5205 1137 5263 in
1167 5201 1491 5282 provincia
1520 5201 1730 5279 aliqua
1760 5221 1867 5260 eas
1896 5220 2139 5261 merces
2159 5247 2174 5277 ,
2227 5220 2366 5278 qum

821 5301 886 5359 in
915 5299 1157 5377 reliquo
1176 5295 1326 5355 orbe
1356 5295 1419 5353 in
1439 5312 1669 5372 magno
1692 5294 1893 5372 pretio
1917 5297 2081 5369 sunt,
2118 5293 2364 5353 etiamsi

822 5412 898 5452 ex
926 5389 1282 5470 ignorantia
1309 5388 1662 5448 incolarum
1682 5387 2034 5465 proveniat,
2070 5386 2244 5466 quod
2278 5387 2365 5446 ibi

821 5481 999 5565 parvi
1042 5481 1399 5543 vendantur
1426 5479 1513 5541 ihi
1558 5479 1728 5540 enim
1773 5478 1930 5540 illud
1960 5483 2053 5540 est
2091 5479 2361 5557 pretium

2057 291 2160 351 DE
2201 290 2558 353 JUSTITIA
2601 292 2701 351 ΕΤ
2743 292 2943 354 JURE

2528 467 2789 548 vulgare
2819 474 2882 530 et
2901 469 3167 549 justum.
3215 470 3318 531 Sic
3348 470 3541 531 etiam
3580 470 3892 549 lapidarius
3912 493 3978 552 pc
4097 534 4098 547 ,

2524 565 2651 623 test
2678 562 2876 641 pretio
2907 562 3152 641 vulgari
3194 581 3403 624 emere
3446 563 3720 642 lapidem
3745 566 3830 625 vel
3860 586 3977 644 gem·
4097 614 4098 617 η

2526 673 2733 731 mam,
2767 673 2958 734 quam
2985 654 3087 715 alii
3118 656 3306 716 etiam
3336 656 3521 735 periti
3564 657 3652 717 ibi
3697 676 3812 717 non
3849 659 3980 736 pluris

2527 747 2860 824 aestimant,
2896 747 3046 826 quia
3074 767 3200 809 nou
3230 752 3583 827 agnoscunt
3609 751 3742 827 ejus
3761 755 3980 828 praestan·

2526 839 2678 899 tiam
2699 886 2713 915 ,
2777 858 2967 920 quam
2996 840 3101 902 ille
3139 842 3350 902 statim
3379 842 3679 921 cognovit
3710 862 3722 903 :
3780 843 3899 921 quia
3923 845 3979 903 ibi

2526 934 2715 994 etiam
2743 935 3014 1012 pretium
3035 935 3276 1013 justum
3306 939 3431 1012 est,
3466 953 3593 1013 quo
3623 935 3701 995 ab
3730 935 3852 994 aliis
3875 939 3982 1014 peri-

2524 1026 2602 1087 tis
2632 1028 3046 1088 communiter
3065 1028 3431 1105 mstimatur,
3465 1028 3587 1087 nisi
3608 1047 3774 1089 error
3790 1030 3857 1089 sit
3871 1030 3980 1089 circa

2524 1119 2939 1181 substantiam
2966 1121 3081 1198 rei,
3115 1123 3422 1200 quatenus
3451 1139 3580 1182 una
3606 1139 3718 1201 pro
3744 1121 3851 1182 alia
3871 1123 3979 1183 aesti-

2523 1216 2752 1273 matur.

3192 1608 3249 1687 g.
3285 1613 3343 1669 2.

2594 1872 2682 1933 De
2708 1872 3057 1953 obhqatione
3084 1874 3506 1955 mamsestandi
3529 1877 3732 1940 vitium
3748 1881 3915 1962 pretii

2505 2236 2686 2297 posse
2708 2219 3088 2280 considerari
3111 2219 3276 2280 circa
3294 2223 3590 2299 pretium,
3611 2228 3972 2288 utmanifestet

2502 2311 2675 2388 vitia,
2695 2311 2743 2371 si
2757 2330 2897 2390 quae
2910 2311 2971 2372 in
2995 2312 3128 2391 ipso
3144 2317 3308 2374 sunt.
3325 2315 3686 2393 thuidem,
3706 2320 3752 2379 si
3764 2321 3972 2397 pecunia

2587 2123 2887 2202 Diximus,
2922 2126 3263 2187 secundam
3279 2128 3973 2212 obligationemempton's
4002 2048 4105 2495 j

4030 2287 4088 2336 {a

4002 2350 4084 2391 Ψ

2503 2422 2692 2482 quam
2728 2423 2841 2483 pro
2872 2405 3071 2484 pretio
3104 2406 3307 2478 solvit,
3342 2425 3469 2468 non
3500 2409 3580 2471 sit
3610 2411 3825 2472 valoris
3842 2414 3969 2487 certi,
4002 2460 4047 2485 κ,
4075 2448 4082 2455 -

2498 2498 2611 2557 sed
2667 2496 2840 2557 dubii
2897 2501 3003 2559 aut
3056 2499 3330 2577 legitiosi
3352 2546 3368 2576 ,
3427 2501 3619 2563 dehet
3670 2511 3890 2586 emptor
3927 2506 3972 2565 id
4031 2504 4105 2547 ω

2499 2592 2701 2652 totum
2720 2590 3030 2651 venditori
3058 2592 3480 2655 manifestare.
3518 2596 3787 2657 Dubitari
3815 2603 3972 2659 autem
4003 2560 4107 2983 ἦ

2496 2682 2617 2743 hac
2647 2683 2973 2743 occasione
3002 2688 3242 2762 potest,
3277 2704 3357 2745 an
3388 2686 3440 2746 si
3471 2695 3713 2768 emptor
3737 2692 3878 2752 sciat
3897 2710 3975 2751 va-

2497 2776 2695 2861 lorem
2723 2776 3007 2854 pecuniae
3045 2782 3186 2855 post
3223 2779 3381 2839 duos
3424 2780 3525 2841 vel
3575 2786 3697 2842 tres
3739 2783 3863 2843 dies
3891 2784 3974 2843 mi-

2496 2871 2818 2930 nuendum
2848 2888 2983 2929 esse
3012 2870 3267 2932 decreto
3297 2873 3550 2950 publico
3571 2921 3588 2951 ,
3620 2877 3810 2955 possit
3833 2877 3973 2937 hodie

2496 2964 2763 3041 pecunia
2792 2963 2897 3024 illa
2925 2982 3133 3023 emere
3165 2966 3440 3027 currenti
3467 2969 3669 3045 pretio
3695 3015 3712 3044 ,
3745 2989 3856 3030 non
3880 2988 3974 3029 mo-

2493 3056 2621 3118 nito
2670 3056 2993 3117 venditore
3040 3056 3208 3135 quod
3250 3059 3521 3137 pecunia
3563 3060 3668 3120 illa
3710 3064 3976 3142 quampri-

2492 3169 2667 3210 mum
2710 3149 3037 3210 dimidium
3085 3150 3286 3211 solum
3332 3152 3588 3216 valebit.
3637 3155 3810 3229 Quod
3849 3156 3972 3217 idem

2492 3243 2765 3305 dubitari
2795 3243 2951 3304 solet
2979 3237 3056 3303 de
3087 3262 3159 3303 eo
3193 3245 3298 3322 qui
3328 3246 3446 3306 scit
3469 3292 3485 3321 ,
3519 3247 3619 3306 vel
3647 3249 3823 3326 copia
3847 3269 3971 3308 mer·

2489 3337 2657 3398 cium
2684 3340 2969 3412 ventura,
3002 3336 3101 3395 vel
3132 3337 3383 3398 decreto
3402 3339 3654 3417 publico
3679 3340 3973 3401 diminuen-

2490 3431 2641 3490 dum
2670 3449 2805 3490 esse
2846 3429 3115 3509 pretium
3156 3429 3373 3507 brevi,
3421 3449 3500 3491 an
3547 3435 3744 3512 possit
3788 3455 3973 3514 praeve

2490 3523 2652 3599 nire,
2687 3528 2750 3585 et
2776 3522 3049 3584 vendere
3096 3541 3242 3583 suas
3277 3542 3517 3587 merces
3560 3528 3764 3606 pretio
3796 3527 3971 3608 majori

2490 3617 2786 3677 currenti.

2567 3712 2813 3788 Negant
2840 3708 3107 3770 Conrad.
3144 3713 3207 3770 et
3232 3709 3486 3771 Medina
3513 3712 3578 3772 id
3609 3713 3825 3791 licere,
3855 3732 3973 3793 quos

2484 3802 2668 3863 affert
2695 3802 2925 3863 Molina
2955 3801 3113 3881 disp.
3159 3804 3300 3863 354.
3353 3802 3418 3862 in
3466 3806 3667 3883 princ.
3722 3827 3852 3887 quae
3888 3806 3975 3867 fuit

2483 3896 2793 3956 sententia
2822 3894 3136 3956 Ciceronis
3183 3894 3291 3956 lib.
3329 3912 3423 3956 111.
3466 3896 3535 3957 de
3576 3899 3810 3979 officials.
3838 3899 3974 3960 Idem

2484 3992 2719 4050 tenent.
2754 3990 2923 4049 Bart.
2957 3989 3244 4048 Emman.
3281 3994 3341 4050 et
3361 3989 3462 4049 alii
3486 3992 3654 4070 apud
3677 3991 3970 4054 Salasdub.

2481 4098 2674 4141 xxxn.
2729 4079 3189 4141 Affirmativam
3241 4083 3456 4142 tamen
3505 4086 3869 4146 sententiam
3906 4091 3975 4144 te-

2481 4180 2631 4236 nent
2660 4193 2803 4234 cum
2831 4174 2895 4235 S.
2930 4174 3153 4234 Thom.
3207 4172 3269 4232 in
3314 4193 3376 4252 q.
3423 4177 3723 4240 LXXVII.
3757 4187 3863 4239 art.
3898 4195 3972 4237 111.

2477 4269 2558 4329 ad
2602 4271 2662 4328 4.
2709 4266 2904 4346 Cajet.
2965 4265 3049 4325 ibi
3070 4311 3086 4341 ,
3147 4267 3279 4327 Sot.
3328 4267 3515 4329 Gabr.
3579 4271 3826 4333 Silvest.
3877 4273 3972 4332 Co·

2478 4379 2642 4421 varr.
2678 4364 2742 4421 et
2767 4358 2892 4435 alii,
2926 4376 3082 4438 quos
3113 4359 3304 4420 refert
3346 4364 3411 4421 et
3456 4364 3743 4441 sequitur
3782 4363 3976 4425 Melina

2476 4453 2612 4513 loco
2643 4452 2745 4513 cit.
2779 4453 3045 4528 BanneS,
3080 4454 3355 4530 Aragon.
3391 4454 3639 4516 Valent.
3674 4458 3862 4518 Tolet.
3886 4458 3975 4516 Re·

2475 4546 2621 4607 bell.
2654 4549 2826 4606 Less.
2861 4548 2924 4605 et
2950 4543 3076 4621 alii,
3111 4563 3268 4624 quos
3295 4548 3476 4608 affert
3502 4552 3566 4609 et
3594 4550 3867 4630 sequitur
3891 4551 3974 4612 Sa·

2472 4639 2565 4699 las
2586 4639 2648 4700 d.
2682 4638 2837 4708 dub,
2866 4652 3061 4698 xxxu.
3094 4657 3157 4699 n.
3181 4640 3240 4699 3.
3263 4642 3394 4700 et7.
3428 4642 3734 4720 Navarra,
3766 4643 3969 4704 Melies,

2474 4736 2536 4793 et
2561 4732 2663 4792 alii
2695 4749 2851 4811 quos
2879 4733 3063 4792 affert
3083 4777 3099 4807 ‚
3136 4734 3197 4791 et
3226 4733 3511 4812 sequitur
3538 4735 3744 4796 Diana
3773 4754 3814 4798 1.
3845 4741 3969 4797 tom.

2470 4829 2548 4887 tr.
2582 4825 2650 4886 de
2678 4823 3021 4885 contractib.
3072 4843 3193 4885 res,
3241 4829 3342 4887 40.
3379 4828 3582 4898 Quam
3612 4833 3821 4890 tamen
3858 4848 3975 4889 sen·

2471 4919 2730 4979 tentiam
2760 4918 2953 4997 aliqui
2979 4917 3249 4979 limitent
3277 4919 3502 4998 prim0,
3534 4927 3605 4983 ut
3635 4941 3760 4983 non
3789 4941 3973 5002 proce·

2469 5012 2577 5072 dat
2606 5012 2683 5070 de
2714 5029 2787 5071 eo
2819 5011 2926 5088 qui
2956 5029 3030 5068 ex
3063 5011 3280 5072 notitia
3311 5012 3525 5073 habita
3552 5033 3592 5074 a
3629 5017 3971 5095 magisnati-

2467 5105 2583 5164 bus
2614 5110 2674 5165 et
2701 5104 3095 5164 senatoribus
3126 5105 3241 5164 scit
3271 5107 3540 5182 pretium
3591 5111 3852 5186 merciS,
3893 5107 3968 5168 vel

2467 5198 2744 5258 valorem
2775 5202 3044 5258 monetae
3075 5196 3510 5260 minuendum.
3547 5202 3639 5261 Ita
3671 5204 3894 5264 Bai-tol.
3924 5207 3968 5260 et

2464 5292 2643 5350 Arius
2674 5290 2944 5349 Pinellus
2967 5308 3121 5369 quos
3144 5290 3341 5351 refert
3369 5298 3430 5353 et
3458 5295 3747 5372 sequitur
3773 5296 3968 5356 Melina

2465 5384 2571 5445 uhi
2600 5402 2789 5462 supra
2829 5384 2885 5462 ἓ.
2929 5382 3002 5443 In
3046 5382 3152 5442 hoc
3197 5391 3409 5444 tamen.
3456 5386 3578 5445 Alii
3626 5387 3750 5448 hoc
3786 5388 3968 5448 dicunt

2463 5495 2717 5554 verum,
2751 5476 2974 5538 saltem
3014 5476 3331 5556 loquendo
3381 5477 3460 5538 dc
3509 5478 3646 5558 ipso
3690 5480 3962 5560 principe,
