4263 6376
626 5394 703 5455 85

830 316 944 376 198
1981 282 2082 373 nu
2123 314 2472 374 Jusrrm
2526 313 2622 371 ΕΤ
2665 313 2863 373 June

825 494 1050 569 agatur
1077 489 1154 550 de
1185 490 1469 567 exigente
1511 489 1673 549 ultra
1720 494 1950 550 sortem
2003 489 2083 550 ob
2113 488 2361 566 pericu-

823 583 956 644 lum
981 581 1181 642 mutui
1206 626 1220 657 ,
1280 581 1389 641 sed
1421 581 1500 642 ob
1530 582 1878 660 periculum
1909 582 2000 641 rei
2029 586 2353 655 mutuata),

825 674 996 755 quod
1025 674 1087 733 in
1113 692 1180 733 se
1211 673 1471 752 suscipit
1500 692 1611 751 per
1628 678 2021 735 contractum
2041 692 2361 734 assecura-

824 766 1012 829 tionis
1035 813 1050 842 ,
1097 766 1206 827 ubi
1231 766 1489 827 adverte
1522 767 1723 827 obiter
1745 812 1760 842 ,
1811 767 2110 828 confundi
2139 767 2217 826 ab
2249 766 2362 825 ali-

825 859 1051 939 quibus
1078 877 1260 919 casus
1279 859 1527 919 illorum
1549 859 1813 919 duorum
1837 864 2117 920 textuum
2144 880 2158 931 ;
2192 858 2359 919 unde

822 952 1022 1014 Diana
1054 951 1222 1012 dicta
1249 952 1436 1012 resol.
1471 954 1570 1011 37.
1607 969 1749 1011 cum
1779 969 1853 1011 ex
1881 954 1911 1013 J
1923 970 2125 1011 oanne
2176 951 2253 1010 de
2299 952 2362 1010 lu

824 1047 982 1108 Cruz
1029 1044 1421 1123 opposuisset
1465 1043 1653 1123 capit.
1700 1043 2025 1124 Naoiqantt
2049 1092 2064 1121 ,
2141 1048 2361 1122 postea

825 1136 889 1199 in
920 1136 1324 1216 responsione
1371 1155 1492 1196 non
1541 1137 1621 1197 ad
1652 1137 1803 1196 illud
1832 1138 2206 1217 respondet,
2254 1136 2360 1196 sed

826 1229 908 1290 ad
936 1229 1121 1308 capit.
1152 1228 1227 1290 In
1253 1228 1521 1304 civitate,
1582 1229 1750 1309 quod
1790 1234 1884 1290 est
1920 1230 2124 1290 valide
2157 1229 2366 1289 diver-

827 1339 989 1382 sum.

907 1413 1119 1475 Tertio
1151 1418 1447 1492 arguunt,
1482 1414 1629 1493 quia
1657 1415 1896 1474 nullum
1926 1419 2020 1476 est
2049 1418 2361 1488 mutuum,

827 1508 940 1568 aut
964 1505 1261 1581 venditio,
1298 1507 1359 1565 in
1391 1506 1616 1585 quibus
1646 1526 1770 1567 non
1798 1506 1995 1567 subsit
2021 1506 2368 1585 periculum

829 1597 1083 1676 aliquod
1113 1598 1529 1677 recuperandi
1560 1599 1828 1676 pretium
1850 1645 1865 1674 ‚
1926 1598 2022 1657 vel
2052 1598 2364 1669 debitum;

832 1708 1080 1767 semper
1126 1708 1277 1768 ergo
1326 1690 1558 1768 poterit
1600 1690 1837 1769 aliquid
1880 1690 2150 1768 amplius
2206 1690 2370 1767 exigi

831 1801 946 1861 pro
976 1783 1275 1860 periculo.
1316 1785 1498 1860 Resp.
1534 1801 1676 1860 neg.
1704 1784 1985 1843 anteced.
2014 1801 2159 1842 nam
2183 1801 2374 1861 quan-

834 1875 938 1951 do,
971 1894 1031 1935 v.
1065 1894 1160 1952 gr.
1196 1875 1312 1935 sub
1358 1875 1523 1936 bono
1554 1876 1816 1954 pignore
1844 1880 2135 1936 mutuum
2161 1876 2367 1950 datur,

834 1968 934 2029 vel
980 1967 1234 2027 debitor
1279 1972 1373 2029 est
1417 1967 1676 2046 integrae
1726 1967 1913 2043 fidei,
1970 1972 2034 2028 et
2076 1968 2226 2028 satis
2271 1986 2372 2028 ex-

834 2059 1141 2139 perientia
1170 2063 1374 2136 notUS,
1401 2059 1640 2119 nullum
1661 2060 2006 2138 periculum
2031 2060 2377 2139 apprehen·

837 2152 1024 2228 ditur,
1058 2152 1168 2212 sed
1197 2152 1330 2213 sola
1359 2152 1637 2213 carentia
1659 2153 1940 2229 pecuniae
1961 2172 2073 2233 pro
2095 2153 2201 2214 illo
2222 2157 2376 2214 tem-

838 2263 1012 2323 pore.

922 2338 1152 2408 Quarto
1185 2341 1475 2416 arguunt,
1503 2337 1650 2416 quia
1676 2343 2064 2417 sequeretur,
2098 2357 2211 2416 pro
2242 2338 2375 2417 ipso

842 2429 1029 2490 etiam
1060 2429 1358 2489 interesse
1397 2448 1579 2508 posse
1628 2429 1790 2507 exigi
1835 2429 2003 2489 aliud
2050 2430 2372 2506 interesse,

843 2524 907 2582 et
934 2539 1045 2598 pro
1077 2522 1195 2581 hoc
1224 2522 1500 2582 secundo
1532 2522 1700 2582 aliud
1739 2522 2014 2598 tertium,
2067 2523 2379 2602 siquidem

844 2631 970 2674 non
999 2613 1206 2672 minus
1247 2615 1525 2692 periculo
1556 2615 1770 2675 subest
1808 2615 2010 2693 ipsum
2052 2615 2374 2691 interesse,

846 2723 1035 2785 quam
1066 2725 1221 2767 sors».
1257 2707 1463 2786 Aliqui
1496 2708 1661 2786 apud
1697 2708 1874 2768 Salas
1903 2708 2006 2768 illo
2039 2708 2189 2768 dub.
2224 2725 2376 2769 xxn.

846 2817 1017 2860 num.
1053 2802 1114 2860 5.
1147 2800 1501 2860 concedunt
1528 2801 1847 2878 sequelam
1871 2846 1887 2877 ,
1931 2820 2134 2879 neque
2159 2820 2235 2860 ex
2263 2801 2382 2861 hoc

847 2891 1130 2971 sequitur
1158 2909 1486 2970 processus
1514 2892 1812 2968 infinituS,
1839 2894 1986 2972 quia
2005 2893 2262 2954 tandem
2285 2914 2384 2954 ve-

849 2985 1018 3046 nitur
1045 2984 1126 3044 ad
1152 2983 1405 3063 aliquod
1434 2984 1733 3045 interesse
1762 2985 1920 3046 adeo
1942 2986 2284 3063 modicum,
2318 2990 2388 3047 ut

851 3075 987 3156 ejus
1014 3076 1363 3155 periculum
1393 3095 1505 3154 pro
1539 3077 1731 3138 nihilo
1764 3083 2109 3156 reputetur,
2145 3079 2387 3140 facilius

852 3167 1217 3248 responderi
1250 3174 1475 3247 potest,
1528 3175 1590 3230 et
1619 3170 1680 3229 in
1712 3190 1778 3230 re
1808 3171 1966 3232 forte
1999 3172 2057 3231 in
2091 3172 2258 3232 idem
2289 3192 2389 3232 re-

853 3262 1026 3339 cidit,
1060 3266 1258 3322 totum
1290 3262 1407 3322 hoc
1445 3264 1793 3341 computari
1823 3264 1884 3322 in
1903 3266 2101 3342 primo
2126 3266 2390 3325 interes-

855 3373 944 3432 se,
979 3373 1124 3414 nam
1152 3372 1264 3432 pro
1313 3354 1587 3432 periculo
1631 3356 1814 3416 sortis
1849 3355 2087 3434 justum
2118 3358 2391 3435 pretium

856 3451 1148 3510 censetur
1193 3447 1346 3506 illud
1408 3447 1679 3526 primum
1734 3448 2032 3508 interesse
2086 3450 2392 3528 periculo·

858 3557 996 3601 sum
1021 3586 1037 3616 ,
1083 3557 1203 3617 pror
1242 3539 1419 3619 cujus
1462 3540 1739 3618 periculo
1786 3541 1937 3601 nihil
1979 3542 2147 3601 aliud
2181 3543 2395 3620 exiga-

859 3636 990 3706 tur;
1052 3651 1243 3711 quare
1286 3633 1338 3691 si
1388 3633 1539 3693 illud
1585 3633 1883 3694 interesse
1929 3634 2140 3695 statim
2195 3635 2395 3695 solve-

857 3731 1052 3802 retur,
1085 3725 1291 3785 minus
1321 3725 1580 3786 deberet
1606 3726 1805 3787 taxari
1831 3771 1846 3801 ,
1902 3746 2091 3805 quam
2121 3726 2199 3786 de
2229 3729 2393 3788 facto

858 3822 1129 3881 taxetur.

943 3912 1187 3985 Dicunt,
1221 3911 1273 3970 si
1301 3910 1599 3971 interesse
1621 3911 1809 3972 etiam
1832 3912 2252 3990 periculosum
2279 3918 2393 3990 est,

863 4024 987 4065 non
1019 4008 1111 4064 est
1139 4004 1416 4063 medium
1444 4004 1987 4080 proportionatum
2037 4005 2114 4064 ad
2148 4025 2397 4065 assecu-

863 4097 1132 4158 randum
1161 4100 1389 4156 sortem
1452 4115 1465 4154 :
1526 4114 1651 4156 non
1698 4102 1901 4174 potest
1943 4116 2091 4174 ergo
2123 4098 2399 4157 adhunc

862 4190 1052 4250 finem
1082 4188 1266 4267 exigi.
1303 4190 1485 4266 Resp.
1511 4206 1634 4248 non
1658 4189 1783 4267 peti
1806 4189 1886 4249 ad
1917 4190 2399 4250 assecurandam

865 4285 1099 4342 sortem
1123 4328 1138 4354 ,
1177 4281 1252 4341 ad
1287 4281 1405 4341 hoc
1435 4281 1602 4340 enim
1630 4282 1852 4341 melius
1882 4288 2044 4343 esset
2072 4288 2282 4360 petere
2310 4282 2399 4360 pi·

865 4393 1027 4452 gnus
1056 4374 1152 4434 vel
1188 4373 1658 4454 fidejussorem3
1706 4373 1813 4433 sed
1846 4374 2006 4451 exigi
2056 4392 2167 4451 pro
2198 4375 2398 4451 pretio

865 4467 1027 4526 illius
1057 4466 1355 4527 molestia}
1372 4470 1433 4526 et
1461 4466 1741 4544 periculi,
1768 4466 1934 4546 quod
1964 4471 2258 4527 mutuans
2288 4485 2400 4544 pa-

865 4559 1039 4634 titur,
1073 4563 1142 4619 ut
1158 4562 1447 4618 mutuare
1468 4558 1683 4637 possit.
1720 4558 1943 4631 Quinto
1967 4558 2401 4638 arguuntquia

867 4653 1069 4713 totum
1115 4650 1264 4710 illud
1317 4651 1661 4729 periculum
1707 4652 1901 4711 libere
1947 4651 2243 4729 suscipit,
2295 4650 2401 4730 qui

867 4746 1114 4805 mutuat
1140 4760 1284 4803 cum
1313 4749 1521 4820 posset
1548 4761 1671 4802 non
1687 4749 1995 4805 mutuare.
2032 4744 2401 4823 Respondeo

871 4836 1060 4896 etiam
1089 4835 1390 4895 damnum
1422 4853 1771 4913 emergens,
1795 4842 1855 4896 et
1875 4837 2216 4897 carentiam
2247 4836 2404 4896 lueri

871 4928 1167 4989 cessantis
1198 4928 1471 5007 potuisse
1500 4928 1681 4989 vitari
1708 4947 1832 4990 non
1851 4930 2189 5000 mutando;
2223 4934 2286 4990 et
2311 4933 2404 4989 ta-

870 5041 1012 5081 men
1035 5039 1147 5099 pro
1171 5021 1288 5080 illis
1302 5025 1509 5099 potest
1528 5022 1795 5100 amplius
1813 5022 1973 5100 exigi
2007 5041 2019 5080 :
2048 5022 2216 5100 quod
2238 5022 2405 5081 enim

869 5113 1063 5173 libere
1093 5113 1345 5192 aliquod
1363 5132 1519 5174 onus
1535 5114 1913 5194 suscipiatur
1935 5115 1997 5174 in
2023 5114 2290 5192 gratiam
2322 5115 2407 5174 al-

874 5205 1067 5266 terius
1090 5250 1105 5278 ‚
1158 5223 1284 5264 non
1328 5206 1489 5267 tollit
1535 5206 1701 5285 quod
1729 5225 1842 5286 pro
1873 5207 1975 5267 illo
2006 5206 2404 5285 suscipiendo

877 5297 1072 5376 possit
1098 5296 1265 5358 licite
1295 5298 1565 5377 pretium
1594 5299 1779 5377 exigi.

958 5393 1143 5451 Sexto
1175 5396 1464 5469 arguunt,
1486 5393 1632 5472 quia
1654 5412 1728 5452 ex
1751 5392 1872 5453 hoe
1898 5393 2201 5472 sequitur,
2225 5411 2406 5472 posse

875 5483 1078 5562 majus
1107 5483 1405 5544 interesse
1435 5485 1598 5564 exigi
1649 5490 1907 5564 propter
1954 5490 2246 5547 naturam
2273 5503 2408 5545 ma-

2459 489 2553 567 gis
2582 486 2864 547 timidam
2895 489 3236 548 mutuantis
3260 534 3275 563 ,
3310 488 3406 546 vel
3439 486 3582 565 quia
3610 506 3840 546 avarus
3870 492 3984 563 est,
4033 504 4223 612 Agtpgfig

4037 612 4185 654 bat-eale
4211 626 4223 655 t

4120 678 4151 706 ln
4176 679 4223 709 md

4088 719 4223 761 timidam

2461 586 2523 640 et
2553 581 2688 657 plus
2733 580 2912 640 timet
2950 580 3294 658 periculum
3325 580 3527 640 sortis.
3591 580 3994 657 Respondent

2460 672 2710 746 Melina,
2747 675 3043 746 Navarra,
3080 674 3256 733 Salas
3281 719 3295 747 ,
3349 676 3413 732 et
3438 672 3544 732 alii
3575 673 3866 751 negando
3897 692 3994 733 se-
4038 670 4055 706 ¹

2461 765 2731 845 quelam‚
2767 764 2911 845 quia
2942 784 3064 824 non
3095 765 3282 825 debet
3307 764 3546 826 attendi
3577 765 3994 843 apprehensio

2463 858 2523 917 in
2553 857 2931 933 venditione,
2965 858 3075 917 sed
3106 858 3452 935 periculum
3483 858 3708 936 ipsum,
3746 856 3914 937 quod
3945 857 3996 916 si

2461 970 2684 1011 revera
2711 968 2833 1011 non
2865 954 2995 1026 est,
3056 970 3180 1011 non
3229 955 3434 1031 potest
3462 950 3647 1010 vendi
3674 996 3688 1026 ,
3749 951 3898 1011 licet
3923 968 3996 1009 ex

2463 1042 2909 1122 imaginatione
2935 1044 3084 1104 laesa
3104 1044 3444 1103 mutuantis
3466 1042 3995 1121 apprehendatur.

2466 1136 2645 1196 Ratio
2677 1138 2886 1194 autem
2911 1135 3088 1194 reddi
3121 1140 3365 1213 potest,
3415 1136 3550 1214 {uia
3580 1135 3834 1214 quando
3866 1153 3999 1194 me-

2465 1232 2565 1289 tus
2593 1245 2718 1286 non
2766 1227 2963 1287 oritur
2992 1245 3065 1285 ex
3096 1246 3163 1287 re
3193 1245 3259 1286 re
3290 1227 3425 1306 ipsa
3449 1274 3464 1303 ,
3526 1232 3587 1288 et
3623 1226 3854 1288 talibus
3885 1228 4004 1287 cir—

2467 1319 2876 1393 cumstantii8‚
2913 1318 3021 1378 sed
3053 1338 3126 1378 ex
3149 1337 3360 1379 errore
3382 1325 3444 1379 et
3468 1319 3882 1397 dispositione
3909 1320 4003 1377 vi-

2467 1412 2619 1473 tiata
2649 1410 2991 1471 mutuantis
3013 1457 3027 1486 ,
3076 1411 3377 1471 damnum
3406 1412 3560 1471 illud
3588 1431 3712 1472 non
3742 1411 4011 1490 emergit

2470 1522 2546 1566 ex
2574 1504 2681 1565 tali
2710 1508 2926 1564 mutuo
2952 1552 2965 1577 ‚
3021 1508 3210 1581 atque
3241 1504 3380 1563 ideo
3413 1523 3537 1564 non
3570 1510 3774 1583 potest
3803 1523 3839 1563 a
3869 1522 4009 1563 mu-

2469 1596 2737 1659 tuatario
2768 1596 2952 1675 exigi,
2977 1615 3121 1656 cum
3147 1601 3433 1657 mutuum
3455 1616 3580 1657 non
3602 1598 3682 1657 sit
3710 1598 3845 1675 ejus
3867 1615 4011 1657 cau-

2470 1708 2561 1750 sa.
2596 1689 2942 1750 Fatendum
2972 1694 3181 1748 tamen
3213 1689 3366 1764 erit,
3415 1689 3724 1749 minorem
3752 1706 4007 1748 causam

2472 1782 2758 1842 sufficere
2804 1781 2883 1841 ad
2915 1782 3300 1841 causandum
3340 1782 3516 1841 illum
3543 1787 3781 1842 metum
3828 1781 3889 1840 in
3920 1782 4013 1841 fe·-

2472 1874 2665 1950 mina,
2698 1874 2796 1933 vel
2825 1874 2886 1933 in
2919 1892 2993 1934 eo
3023 1874 3127 1952 qui
3159 1876 3607 1936 mutuatarium
3636 1893 3757 1935 non
3789 1874 4008 1950 movit,

2476 1985 2665 2046 quam
2695 1967 2756 2026 in
2788 1967 2944 2042 aliis,
2969 1966 3350 2027 sicutmetus
3371 1968 3580 2043 etiarn,
3608 1968 3714 2046 qui
3743 1986 3868 2028 non
3889 1968 4015 2026 suf-

2474 2062 2690 2120 ficeret
2717 2060 2796 2119 ad
2841 2059 3212 2119 irritandum
3261 2061 3728 2122 matrimonium
3759 2060 3819 2119 in
3852 2060 4012 2135 viro,

2476 2152 2707 2212 suffieit
2730 2151 3068 2230 aliquando
3099 2153 3159 2211 in
3190 2153 3446 2228 femina,
3471 2157 3541 2214 ut
3560 2171 3704 2213 cum
3725 2152 3862 2212 aliis
3890 2153 4017 2212 late

2477 2244 2702 2324 probat
2726 2244 2842 2305 Th.
2879 2245 3108 2306 Sanch.
3144 2246 3249 2306 lib.
3286 2247 3388 2305 lv.
3433 2245 3510 2304 de
3538 2246 3813 2305 matrim.
3848 2244 4014 2323 disp.

2478 2354 2572 2397 111.
2606 2336 2900 2416 probanS,
2926 2341 3163 2397 metum
3194 2356 3317 2397 non
3349 2337 3576 2398 debere
3604 2356 3739 2398 esse
3771 2337 4022 2397 absolu-

2477 2434 2633 2504 tum,
2667 2429 2776 2489 sed
2807 2430 3223 2507 respectivum
3259 2450 3272 2490 ε
3321 2431 3607 2509 quamvis
3634 2429 3934 2509 disputat.
3973 2446 4017 2489 1.

2481 2521 2775 2594 dixisset,
2824 2540 2947 2581 non
2979 2521 3264 2581 sufficere
3294 2529 3532 2583 metum
3563 2523 3666 2602 qui
3700 2541 3772 2581 ex
3804 2521 4023 2582 indole

2480 2614 2579 2675 vel
2610 2614 2763 2675 falsa
2791 2613 3291 2691 apprehensione
3318 2615 3592 2675 timentis
3620 2615 3877 2675 oriatur.

2563 2709 2870 2767 Caeterum
2896 2752 2910 2781 ,
2964 2706 3268 2787 quidquid
3299 2707 3377 2767 sit
3405 2708 3466 2766 in
3497 2707 3925 2782 matrimonio,
3961 2707 4024 2766 in

2483 2818 2606 2879 quo
2630 2798 2733 2879 jus
2764 2799 3096 2877 positivum
3114 2800 3317 2878 potuit
3332 2800 3413 2859 ad
3444 2799 3578 2877 ejus
3607 2799 4026 2860 irritationem

2485 2893 2734 2970 exigere
2763 2896 2997 2953 metum
3030 2912 3104 2951 ex
3132 2911 3198 2952 re
3224 2893 3393 2971 ipsa,
3446 2897 3510 2954 et
3537 2912 3661 2953 non
3693 2912 3763 2951 ex
3796 2911 4026 2972 appre-

2488 2985 2786 3045 hensione
2817 2986 3243 3046 contrahentis
3271 2986 3752 3066 procedentem3
3815 2986 3880 3045 in
3910 3003 4027 3045 no-

2487 3083 2614 3138 stro
2661 3082 2874 3139 tamen
2923 3097 3072 3138 casu
3117 3097 3217 3139 res
3247 3078 3611 3139 difficultate
3642 3096 3768 3138 non
3799 3082 3981 3138 caret
4013 3097 4027 3138 :

2489 3190 2629 3232 cum
2679 3171 2846 3231 enim
2896 3171 3052 3232 ratio
3082 3170 3246 3232 licite
3294 3170 3580 3249 exigendi
3615 3171 3856 3251 aliquid
3888 3190 4032 3249 pro-

2489 3270 2629 3344 pter
2657 3265 3004 3343 periculum
3034 3264 3134 3338 sit,
3170 3265 3316 3343 quia
3344 3270 3638 3325 mutuans
3666 3284 3790 3326 nou
3822 3268 4036 3343 potest

2491 3358 2592 3417 hic
2623 3362 2686 3418 et
2712 3376 2875 3417 nunc
2909 3362 3212 3433 mutuare,
3248 3358 3396 3436 quin
3425 3358 3647 3417 subeat
3675 3357 4033 3418 molestiam

2492 3451 2660 3511 illam
2682 3450 2901 3511 ettimo
2913 3469 3063 3525 rem,
3086 3469 3308 3529 parum
3324 3451 3833 3525 videturreferre,
3861 3449 4034 3530 quod

2493 3563 2593 3603 res
2624 3544 2757 3621 ipsa
2779 3544 2877 3602 vel
2906 3543 3147 3603 indoles
3176 3544 3520 3604 mutuantis
3562 3549 3624 3604 et
3652 3543 3786 3623 ejus
3815 3544 4037 3622 dispo-

2495 3636 2635 3698 sitio
2680 3637 2870 3697 talem
2915 3636 3265 3696 molestiam
3310 3639 3551 3697 afferat.
3615 3637 3772 3708 Ouia
3798 3637 3854 3696 si
3886 3655 4034 3715 ege,

2498 3730 2644 3809 quia
2671 3729 2950 3804 claudus,
2983 3748 3044 3791 v.
3085 3747 3147 3806 g.
3181 3747 3342 3802 sum,
3377 3729 3576 3790 debeo
3605 3730 3814 3789 subire
3845 3748 4042 3808 pecu-

2496 3824 2716 3883 liarem
2746 3822 3117 3896 molestiam,
3151 3822 3533 3899 utpecunias
3560 3840 3593 3880 e
3623 3821 3855 3881 damno
3890 3824 4042 3880 affe-

2498 3933 2632 3975 ram
2681 3914 2762 3973 ad
2793 3914 2901 3974 tibi
2942 3913 3358 3973 mutuandum
3384 3959 3398 3988 ,
3460 3932 3647 3992 quam
3678 3913 4044 3974 molestiam

2498 4007 2599 4067 alii
2632 4026 2754 4066 non
2777 4007 3076 4081 subirent,
3097 4024 3354 4084 possum
3375 4005 3532 4065 bene
3553 4006 3872 4084 peculiare
3896 4025 4046 4084 pre-

2497 4101 2652 4161 tium
2684 4099 2929 4178 exigere
2961 4116 3072 4176 pro
3102 4099 3206 4158 illa
3235 4098 3541 4174 molestia,
3565 4117 3602 4157 a
3629 4117 3729 4157 me
3760 4098 4048 4158 subeun-

2500 4194 2601 4252 da.
2656 4193 2719 4254 Si
2751 4211 2898 4271 ergo
2930 4192 3214 4252 similiter
3237 4238 3251 4266 ,
3289 4191 3436 4270 quia
3463 4191 3869 4252 meticulosus
3903 4209 4048 4251 sum

2501 4290 2561 4346 et
2589 4285 2851 4364 pavidus
2876 4332 2890 4360 ,
2942 4302 3063 4345 non
3113 4302 3366 4361 possum
3417 4283 3522 4344 tibi
3571 4288 3863 4343 mutuare
3910 4283 4049 4343 sine

2499 4396 2726 4455 magno
2777 4395 3010 4454 angore
3058 4381 3121 4437 et
3164 4376 3388 4437 timore
3437 4376 3794 4437 amittendae
3825 4377 4047 4450 sortiS,

2498 4472 2765 4547 videtur,
2801 4469 2966 4548 quod
2999 4469 3228 4547 possim
3250 4469 3481 4548 aliquid
3505 4469 3752 4547 exigere
3772 4487 3892 4546 pro
3929 4469 4052 4529 hae

2499 4563 2786 4624 molestia
2815 4567 2876 4622 et
2906 4580 3093 4622 onere
3117 4608 3132 4637 ,
3183 4562 3315 4621 sine
3346 4579 3471 4640 quo
3501 4579 3615 4638 ego
3647 4560 3759 4620 tibi
3785 4566 4055 4621 mutua-

2501 4675 2569 4716 re
2599 4675 2723 4716 non
2753 4674 3029 4734 possum.
3082 4657 3213 4714 Hoc
3262 4660 3471 4714 tamen
3511 4654 3773 4713 aliorum
3794 4653 4055 4732 judicio

2502 4750 2786 4828 relinquo
2823 4769 2835 4808 :
2871 4749 2992 4808 alia
3008 4765 3155 4808 vero
3178 4751 3571 4825 argumenta,
3599 4765 3738 4825 quae
3757 4765 3876 4826 pro
3901 4765 4054 4808 con·

2501 4843 2695 4903 traria
2723 4841 3030 4901 sententia
3060 4840 3266 4901 afferri
3295 4840 3515 4915 solent,
3549 4839 3748 4899 videri
3779 4845 4058 4917 possunt

2504 4935 2672 5013 apud
2701 4934 2876 4995 Salas
2904 4934 3010 4993 ubi
3039 4951 3225 5011 supro
3263 4952 3276 4993 :
3310 4952 3384 4993 ex
3413 4932 3594 4993 dictis
3624 4931 3790 4991 enim
3820 4950 4056 4993 eorum

2508 5028 2731 5089 solutio
2761 5027 2940 5087 facile
2970 5032 3232 5088 constat.

4054 677 4116 706 un
