4263 6376
848 289 968 348 586

849 461 956 523 alii
1002 479 1161 540 quos
1189 459 1374 521 affert
1400 462 1465 520 et
1492 461 1773 540 sequitur
1803 459 2084 521 Sanchez
2112 478 2285 522 num.
2316 466 2376 523 4.

849 553 1192 616 Turrianus
1209 552 1369 630 disp.
1402 552 1593 613 XXII.
1626 552 1776 613 dub.
1812 569 1872 614 v.
1907 570 2078 614 num.
2106 555 2203 613 11.
2236 554 2384 614 Les-

777 641 785 649 ’
849 646 1000 724 siuS,
1034 650 1097 707 et
1122 646 1384 706 Azorius
1412 662 1569 724 quos
1598 645 1808 721 affert,
1842 649 1905 706 et
1928 644 2213 725 sequitur
2241 647 2383 707 Cas·

596 2161 676 2218 50

534 2285 746 2329 Sententia

550 2339 744 2382 auctoris.

849 744 945 802 tro
980 739 1169 800 Palao
1190 738 1353 799 dicto
1383 741 1596 816 punct.
1628 754 1715 799 xl.
1747 738 1802 817 ἓ.
1838 742 1896 799 2.
1931 756 2104 799 num.
2142 742 2237 800 11.
2275 741 2382 801 Ca-

840 832 957 911 jet.
992 834 1056 892 et
1084 832 1167 892 Sa
1189 876 1206 906 ,
1267 848 1428 910 quos
1454 831 1637 892 affert
1664 835 1727 892 et
1761 831 2043 911 sequitur
2068 831 2384 893 Malderus

847 927 1094 987 tractat.
1128 924 1232 985 lx.
1266 942 1404 1003 cap.
1439 941 1508 985 11.
1544 923 1694 985 dub.
1718 930 1780 1007 7.
1815 925 2197 1003 Reginaldus
2223 929 2377 986 tom.

847 1019 893 1079 Ι.
927 1017 1035 1078 lib.
1069 1033 1211 1078 xxx.
1261 1021 1443 1079 tract.
1479 1034 1573 1078 111.
1608 1035 1745 1095 cap.
1778 1034 1906 1079 xtv.
1942 1034 2114 1077 num.
2152 1021 2286 1079 179.
2321 1021 2385 1079 et

847 1109 1043 1170 Diana
1073 1112 1119 1170 1.
1161 1114 1316 1171 tom.
1347 1114 1525 1171 tract.
1563 1126 1606 1170 1.
1639 1109 1885 1172 Miscell.
1926 1127 2047 1171 res.
2083 1113 2181 1170 41.
2230 1128 2381 1188 quo—

844 1221 985 1263 rum
1011 1203 1204 1282 aliqui
1235 1221 1523 1281 expresse
1554 1203 1741 1264 etiam
1761 1203 2103 1283 loquuntur
2130 1203 2208 1263 de
2223 1220 2380 1282 prae-

844 1295 970 1356 lato
999 1300 1363 1373 acceptante
1391 1295 1900 1375 resignationem,
1933 1301 1995 1357 et
2022 1295 2379 1357 conferente

844 1387 1222 1448 beneficium
1265 1388 1677 1466 resignatario
1727 1389 1933 1450 minus
1974 1388 2185 1468 dign0.
2247 1391 2378 1450 Imo

844 1480 1129 1542 Sanchez
1161 1499 1264 1541 nu.
1300 1485 1360 1541 5.
1395 1480 1568 1557 dicit,
1601 1500 1638 1541 a
1665 1481 1906 1543 fortiori
1935 1482 1997 1542 id
2029 1482 2380 1543 conceden-

844 1571 997 1633 dum
1028 1591 1162 1633 esse
1192 1574 1271 1633 de
1301 1590 1376 1633 eo
1407 1574 1515 1653 qui
1544 1573 1785 1635 confert
1813 1574 2002 1653 digno
2033 1575 2113 1635 ad
2145 1575 2380 1637 instan—

843 1665 997 1725 tiam
1024 1666 1463 1741 renuntiantiS,
1500 1667 1728 1728 omisso
1767 1667 2058 1745 digniori.
2092 1670 2379 1746 vasquez

843 1757 1033 1819 etiam
1079 1762 1140 1819 et
1183 1761 1462 1819 Navarra
1513 1759 1790 1821 fatentur
1830 1760 1993 1821 hanc
2039 1761 2381 1822 secundam

842 1852 1218 1912 sententiam
1264 1852 1653 1932 probabilem
1701 1871 1873 1929 esse,
1923 1859 1988 1916 et
2032 1855 2287 1934 quidem
2315 1854 2378 1914 id

845 1945 1058 2023 negari
1088 1964 1212 2007 non
1242 1947 1479 2023 potest,
1513 1945 1736 2007 saltem
1766 1951 2023 2025 propter
2048 1946 2380 2008 auctorita—

842 2039 971 2098 tem
999 2055 1418 2101 communem.

922 2132 1053 2209 Ego
1079 2130 1385 2208 existimo,
1409 2132 1692 2210 regulam
1720 2133 1970 2193 unicam
1999 2139 2062 2196 et
2088 2136 2380 2215 adaequa-

845 2227 971 2284 tam
1000 2224 1063 2283 in
1091 2223 1212 2284 hoc
1239 2230 1470 2303 puncto
1502 2243 1637 2285 esse
1666 2224 1987 2303 damnum,
2013 2228 2183 2306 quod
2198 2228 2381 2289 infer-

842 2320 944 2377 tur
970 2316 1136 2378 bono
1166 2317 1459 2378 Ecclesiae
1484 2364 1500 2393 ,
1561 2319 1612 2378 si
1642 2318 1781 2378 talis
1809 2321 2187 2383 renuntiatio
2217 2323 2326 2384 fiat
2359 2342 2373 2382 :

840 2427 985 2470 cum
1032 2409 1198 2470 enim
1238 2428 1313 2469 ex
1359 2410 1477 2471 hoc
1522 2410 1813 2471 Ecclesiae
1861 2410 2091 2473 damno
2143 2415 2380 2475 oriatur

840 2502 1138 2581 obligatio
1168 2505 1298 2564 tota
1326 2503 1597 2581 eligendi
1617 2503 1987 2581 digniorem,
2011 2505 2190 2584 juxta
2206 2507 2377 2568 illam

839 2595 1129 2656 eamdem
1176 2597 1458 2675 regulam
1487 2595 1786 2657 videdum
1836 2602 1930 2660 est
1968 2598 2046 2659 de
2095 2600 2371 2679 reliquis,

839 2687 1016 2749 Unde

916 2782 1120 2842 Intero
1149 2783 1375 2860 prim0,
1408 2783 1473 2843 in
1501 2786 1958 2864 permutatione
1975 2803 2099 2865 qua
2129 2803 2374 2864 permu—

836 2878 1006 2936 tatur
1030 2893 1174 2935 cum
1204 2875 1414 2937 debita
1441 2876 1734 2939 facultate
1776 2897 1971 2940 unum
1998 2878 2373 2939 beneficium

836 2967 1099 3046 simplex
1139 2981 1285 3028 cum
1329 2968 1449 3029 alio
1497 2970 1758 3049 simplici
1786 3017 1801 3045 ,
1864 2970 1963 3031 vel
2018 2987 2215 3031 unum
2268 2989 2372 3030 cu·

836 3063 1044 3120 ratum
1073 3078 1217 3120 cum
1246 3060 1364 3121 alio
1400 3067 1639 3139 curat0,
1665 3080 1932 3142 quorum
1983 3067 2193 3124 tamen
2224 3081 2371 3124 neu-

837 3156 1003 3213 trum
1032 3152 1241 3233 exigat
1268 3154 1626 3217 notabiliter
1649 3157 1956 3235 majorem
1977 3156 2370 3237 dignitatem,

838 3264 962 3305 non
992 3265 1127 3308 esse
1156 3246 1602 3326 obligationem
1629 3249 1691 3309 in
1721 3250 2116 3311 renuntiante
2136 3295 2152 3326 ,
2184 3251 2283 3310 vel
2307 3251 2375 3325 ‚in

735 3387 742 3395 .
838 3339 1195 3400 conferente
1225 3342 1548 3419 quaerendi
1576 3342 1951 3421 digniorem,
1987 3344 2098 3404 sed
2131 3343 2374 3403 suffice-

468 4754 659 4817 '51

542 4881 646 4946 Quid
681 4883 732 4925 de

514 4943 751 4987 resignante

488 4989 785 5044 episcopatum.

838 3451 905 3492 re
934 3450 1112 3512 aeque
1144 3433 1403 3513 dignum
1432 3453 1507 3496 ac
1536 3440 1630 3497 est
1654 3437 1787 3514 ipse
1818 3436 2215 3498 renuntians:
2243 3437 2376 3497 nul-

835 3527 967 3588 lum
1019 3526 1185 3587 enim
1233 3527 1536 3588 damnum
1574 3529 1855 3608 sequitur
1882 3529 2176 3590 Ecclesiae
2206 3531 2373 3609 quod

836 3619 916 3682 sit
940 3619 1315 3681 beneficium
1347 3621 1512 3698 apud
1544 3621 1710 3682 hunc
1740 3623 1838 3683 vel
1866 3623 2060 3699 illum,
2094 3622 2148 3683 si
2176 3628 2239 3683 et
2265 3623 2374 3683 be·-

836 3713 1059 3774 neficia
1114 3718 1177 3773 et
1227 3712 1772 3775 beneficiariorum
1828 3716 2050 3776 merita
2107 3716 2374 3795 aequalia

833 3809 997 3867 sunt.
1033 3808 1163 3866 lmo
1193 3806 1255 3866 in
1286 3806 1585 3885 praedicto
1608 3826 1756 3869 casu
1779 3813 1989 3886 posset
2007 3809 2372 3869 renuntians

836 3899 1191 3960 renuntiare
1219 3916 1401 3960 suum
1421 3899 1797 3960 beneficium
1815 3901 1877 3960 in
1900 3900 2088 3960 alium
2111 3900 2372 3978 dignum

835 3990 1110 4071 quidem,
1145 3992 1253 4052 sed
1281 3992 1489 4052 minus
1531 3993 1791 4071 dignum
1814 4039 1830 4069 ,
1885 4011 2075 4072 quam
2106 3994 2184 4055 sit
2212 3994 2364 4072 ipse.

836 4084 994 4158 Quia
1021 4084 1169 4146 licet
1195 4084 1487 4146 videatur
1513 4086 1728 4146 interii
1756 4086 2058 4147 damnum
2087 4087 2365 4166 aliquod,

835 4194 911 4238 ex
939 4195 1013 4238 eo
1044 4177 1211 4256 quod
1242 4177 1362 4239 hoc
1408 4178 1784 4240 beneficium
1812 4180 2025 4241 veniat
2051 4180 2131 4241 ad
2164 4180 2371 4240 minus

835 4270 1103 4348 dignum
1127 4316 1143 4346 ‚
1177 4269 1428 4331 aliunde
1458 4277 1670 4331 tamen
1701 4278 1795 4333 est
1821 4273 2222 4334 commodum
2251 4276 2373 4334 Ec-

834 4362 1039 4425 clesiae
1064 4408 1080 4438 ,
1127 4363 1295 4443 quod
1338 4363 1489 4424 illud
1518 4364 1689 4424 aliud
1718 4364 2092 4425 heneficium
2125 4412 2142 4442 ,
2203 4367 2369 4446 quod

834 4475 1118 4535 suppono
1148 4457 1453 4536 aequalem
1482 4456 1877 4534 industriam,
1912 4462 1974 4519 et
2000 4457 2371 4537 dignitatem

834 4550 1103 4628 exigere,
1139 4550 1351 4611 veniat
1374 4549 1455 4611 ad
1476 4548 1826 4627 digniorem
1847 4554 1908 4612 et
1925 4552 2013 4612 ita
2033 4555 2369 4631 utrumque

834 4649 1298 4723 compensatur.

916 4736 1120 4798 Infero
1150 4737 1425 4799 secundo
1445 4784 1460 4815 ,
1510 4737 1993 4817 resignationem
2045 4738 2368 4816 episcopa-

836 4835 936 4893 tus
964 4831 1027 4891 in
1056 4830 1337 4892 favorem
1367 4830 1619 4892 alterius
1644 4876 1657 4906 ,
1709 4849 1963 4909 semper
1991 4849 2126 4890 esse
2158 4850 2372 4910 suspe-

836 4928 1023 4999 ctam,
1070 4928 1134 4987 et
1161 4923 1301 4985 ideo
1330 4942 1472 4985 raro
1495 4923 1950 4987 admittendam
1997 4942 2130 4984 esse
2149 4970 2165 5000 ,
2226 4925 2371 5003 quia

837 5036 961 5078 non
991 5020 1122 5079 sine
1162 5018 1342 5097 gravi
1385 5017 1677 5078 Ecclesia}
1726 5018 1957 5077 damno
2004 5017 2370 5096 plerumque

834 5113 944 5173 fiet
976 5132 989 5173 :
1022 5112 1290 5190 ideoque
1321 5111 1382 5171 in
1411 5111 1711 5190 Hispania
1731 5129 2049 5189 nunquam
2068 5110 2373 5189 permitti-

834 5210 936 5266 tur
968 5225 981 5265 :
1032 5203 1180 5265 alibi
1211 5208 1423 5265 autem
1466 5203 1714 5265 nonnisi
1753 5221 1895 5264 raro
1927 5208 1990 5264 et
2017 5203 2372 5265 examinata

836 5316 1046 5358 causa.
1090 5296 1267 5357 Ratio
1300 5298 1510 5356 autem
1540 5300 1663 5369 est,
1699 5296 1845 5374 quia
1874 5314 2016 5356 cum
2045 5295 2372 5374 episcopa-

834 5394 937 5452 tus
983 5388 1251 5449 conferri
1295 5407 1419 5450 non
1468 5389 1665 5466 possit
1709 5389 1826 5449 nisi
1872 5390 2036 5450 facto
2083 5388 2369 5448 examine

836 5482 1006 5543 circa
1048 5483 1353 5559 maiorem
1402 5481 1771 5557 dignitatern
1801 5487 1864 5544 et
1902 5482 2126 5543 merita
2165 5481 2367 5559 electi,

1979 285 2081 344 DE
2121 283 2474 347 JUSTITIA
2521 286 2620 346 ET
2661 285 2860 349 JURE

2481 464 2737 540 propter
2762 480 3064 542 magnum
3090 464 3483 524 momentum
3509 461 3672 522 illius
3698 461 3960 540 dign‘datis

2482 558 2546 616 et
2571 554 2973 618 incommoda
3001 572 3139 635 quae
3170 557 3541 634 sequuntur,
3565 554 3616 613 si
3632 553 3961 633 absque-m

2480 647 2647 707 ximo
2678 646 2925 709 delectu
2961 647 3341 723 conferatur,
3377 664 3505 707 non
3528 646 3718 708 debet
3743 647 3962 726 permitti

2482 743 2553 801 ut
2576 739 2713 801 loco
2747 741 2904 818 ejuS,
2938 741 3045 819 qui
3072 745 3249 803 tanta
3279 758 3430 801 cura
3463 739 3702 800 electus
3727 745 3833 813 est,
3855 739 3964 799 sub—

2481 836 2738 912 rogetur
2766 833 2925 894 alius
2952 834 3211 895 arbitrio
3241 832 3657 893 renuntiantis
3675 878 3694 908 ,
3757 833 3850 910 qui
3874 832 3966 910 plo-

2481 943 2747 1005 rumque
2793 945 2971 1006 aeque
3014 927 3243 1005 dignus
3271 943 3399 986 non
3429 926 3580 995 erit;
3627 924 3745 985 sed
3784 925 3831 984 si
3868 924 3965 1003 ipse

2482 1036 2607 1079 uon
2634 1023 2841 1098 potest
2880 1019 2944 1079 in
2990 1038 3250 1080 munere
3294 1022 3589 1096 suscepto
3617 1034 3964 1096 permanere,

2480 1112 3023 1189 renuntietlibere,
3040 1118 3110 1174 ut
3138 1114 3189 1173 is
3204 1112 3285 1173 ad
3300 1131 3489 1191 quem
3502 1111 3794 1191 pertinet,
3803 1110 3966 1170 denuo

2478 1223 2592 1283 pro
2621 1223 2733 1266 suo
2765 1205 2975 1266 debito
2997 1205 3352 1284 digniorem
3366 1208 3630 1283 quaerat.
3657 1202 3855 1277 Adde,
3883 1201 3969 1262 hu-

2470 1297 2751 1376 jusmodi
2759 1298 3283 1360 renuntiationem
3297 1316 3440 1359 raro
3453 1295 3774 1375 fieri‚quin
3790 1313 3968 1355 renuu-

2476 1390 2640 1452 tians
2667 1397 2946 1453 reservet
2985 1390 3102 1451 sibi
3131 1391 3363 1452 bonam
3418 1394 3660 1468 partem
3697 1388 3969 1449 fructuum

2478 1501 2592 1562 pro
2621 1483 2944 1561 pensione,
2970 1502 3047 1543 ex
3092 1502 3214 1563 quo
3244 1483 3314 1545 fit
3344 1482 3516 1562 quod
3544 1499 3862 1543 successor
3875 1500 3970 1541 non

2477 1577 2674 1656 possit
2699 1595 2813 1655 pro
2842 1576 3146 1656 dignitate
3174 1576 3424 1637 muneri
3448 1575 3840 1648 satisfacere,
3887 1593 3972 1635 nec

2479 1667 2711 1732 habeat
2739 1669 2903 1730 unde
2931 1669 3313 1749 pauperibus
3341 1687 3473 1729 suae
3502 1667 3794 1729 dioecesis
3818 1669 3972 1747 possit

2478 1762 2836 1839 subvenire,
2858 1767 2922 1826 et
2950 1762 3163 1824 dotem
3193 1779 3439 1841 sponsae
3469 1778 3703 1839 magna
3733 1779 3807 1821 ex
3834 1769 3972 1838 parte

2480 1855 2747 1917 retineat
2765 1901 2782 1932 ,
2842 1856 2950 1934 qui
2977 1873 3274 1934 sponsam
3300 1854 3506 1935 rejicit
3555 1874 3570 1914 τ
3619 1872 3761 1933 quae
3787 1853 3974 1914 damna

2481 1948 2730 2008 nonnisi
2773 1948 2854 2009 ob
2881 1948 3322 2028 gravissimam
3350 1965 3612 2008 causam
3642 1946 3971 2025 praeponde-

2478 2045 2722 2102 rantem
2753 2041 2852 2101 vel
2880 2041 3359 2120 aequivalentem
3387 2040 3668 2120 permitti
3693 2039 3925 2099 debent.

2560 2134 2764 2196 Infero
2793 2134 2977 2195 tertio
2997 2180 3013 2210 ,
3072 2134 3563 2213 resignationem
3591 2132 3870 2195 beneficii
3892 2150 3976 2192 cu·
4063 2143 4083 2202 ι

2479 2226 2595 2287 rati
2627 2227 3042 2305 permutando
3071 2244 3185 2305 pro
3215 2226 3522 2306 simplici,
3577 2225 3679 2284 vel
3708 2243 3744 2282 e
3772 2229 3972 2294 contu,
4041 2265 4085 2317 κ

2479 2319 2721 2381 nonnisi
2752 2338 2820 2379 re
2846 2319 3009 2379 bene
3041 2319 3418 2394 examinata,
3441 2316 3976 2378 admittendam&-
4022 2327 4087 2420 Ε

2476 2431 2544 2473 se
2567 2458 2583 2489 ,
2633 2412 2795 2472 sicut
2840 2431 2955 2473 nec
2983 2411 3470 2490 resignationem
3501 2409 3791 2470 benefic-ii
3815 2409 3976 2469 curati
4043 2435 4088 2504 aq

2477 2506 2541 2566 in
2568 2505 2836 2584 gratiam
2866 2504 3139 2565 alterius.
3176 2505 3355 2565 Ratio
3400 2507 3498 2565 est
3523 2503 3752 2564 eadem
3797 2522 3811 2563 :
3861 2501 3976 2582 quia

2478 2617 2552 2659 ea
2581 2598 2903 2676 diligentia
2932 2616 3072 2676 quae
3100 2596 3385 2658 adhibita
3409 2596 3530 2657 fuit
3549 2642 3566 2672 ‚
3602 2596 3704 2656 vel
3732 2594 3980 2656 adhiberi

2477 2690 2694 2752 debuit
2720 2691 2801 2751 ad
2830 2689 3191 2768 eligendum
3219 2693 3513 2751 curatum
3537 2735 3555 2764 ,
3605 2706 3734 2749 non
3758 2687 3979 2748 adhibe—

2475 2789 2579 2846 tur
2604 2784 2685 2844 ad
2715 2783 3126 2863 quaerendum
3154 2782 3326 2843 illum
3345 2828 3365 2855 ,
3424 2783 3494 2842 in
3541 2779 3726 2860 cujus
3751 2780 3977 2859 gratiam

2472 2877 2870 2937 renuntiatur
2898 2874 3203 2954 ejusmodi
3233 2875 3616 2935 beneficium
3651 2894 3666 2934 :
3714 2873 3867 2933 unde
3888 2873 3978 2932 de-

2469 2970 2804 3031 terioratur
2829 2968 3097 3028 multum
3126 2970 3325 3029 status
3341 2966 3598 3028 illarum
3619 2967 3846 3040 ovium,
3866 2966 3978 3044 qui-

2471 3062 2587 3124 bus
2617 3063 2991 3141 plerumque
3021 3079 3134 3139 per
3162 3078 3566 3136 concursum,
3599 3065 3670 3120 et
3705 3077 3840 3119 cum
3862 3078 3974 3118 ma-

2472 3174 2597 3235 gna
2621 3155 2946 3235 diligentia
2972 3153 3258 3234 provisus
3285 3153 3492 3214 fuerat
3518 3157 3760 3234 pastor,
3783 3152 3975 3233 quiea

2473 3249 2667 3310 tradit
2710 3249 2772 3308 in
2802 3266 3027 3309 manus
3075 3246 3453 3307 mercenarii
3489 3246 3788 3308 habentis
3811 3246 3976 3306 minn-

2470 3360 2605 3402 rem
2635 3342 3006 3417 doctrinam,
3053 3344 3116 3401 et
3142 3340 3386 3400 minora
3414 3339 3650 3400 merita
3672 3386 3689 3415 ,
3744 3358 3817 3401 eo
3841 3338 3974 3419 quod

2471 3434 2684 3495 abillo
2714 3433 2943 3511 accipit
2984 3433 3085 3493 vel
3129 3432 3507 3493 beneficium
3556 3432 3855 3512 simplex,
3897 3431 3972 3489 vel

2471 3531 2712 3606 partem
2761 3526 2994 3587 bonam
3041 3526 3356 3586 fructuum
3388 3542 3505 3604 pro
3534 3527 3870 3604 pensione,
3913 3530 3970 3583 ut

2471 3619 2598 3678 duo
2629 3618 2879 3678 alantur
2904 3618 3210 3679 fructibus
3236 3617 3529 3678 beneficii
3552 3664 3570 3692 ‚
3637 3623 3704 3679 et
3731 3618 3870 3678 nibil
3891 3637 3974 3677 su-

2470 3712 2664 3791 persit
2689 3729 2803 3791 pro
2835 3729 3186 3789 pauperum
3215 3710 3702 3772 necessitatibus
3750 3731 3767 3772 :
3820 3715 3970 3789 atque

2469 3805 2721 3883 adeptio
2750 3803 3040 3864 beneficii
3082 3803 3276 3865 curati
3323 3803 3718 3865 convertitur
3753 3804 3814 3864 in
3837 3822 3970 3863 mer·

2471 3901 2776 3973 caturam,
2810 3914 2954 3957 cum
2983 3896 3296 3975 parochus
3320 3942 3336 3972 ,
3387 3901 3730 3976 postquam
3756 3916 3858 3977 per
3877 3915 3967 3957 an·

2471 4009 2620 4052 num
2650 3990 2801 4050 illud
2832 3989 3128 4051 habuerit
3150 4036 3165 4067 ,
3218 3991 3446 4070 quaerit
3473 3990 3671 4051 alium
3699 3990 3877 4050 multo
3898 3990 3966 4048 in·

2470 4083 2784 4159 seriorem,
2819 4082 2921 4142 cui
2951 4100 3065 4160 pro
3093 4082 3268 4143 lucro
3298 4082 3454 4142 illud
3481 4083 3816 4158 renuntiet,
3841 4089 3894 4141 et
3915 4081 3968 4140 li-

2468 4176 2648 4236 beret
2692 4193 2757 4235 se
2801 4192 2835 4233 a
2875 4192 3029 4234 cura
3073 4174 3286 4235 ovium
3330 4173 3453 4234 sibi
3479 4174 3961 4235 commissarum:

2471 4287 2610 4349 quae
2641 4268 2851 4331 omnia
2877 4268 3250 4346 gravissima
3270 4268 3505 4328 damna
3519 4268 3807 4329 Ecolaeiae
3832 4274 3963 4339 sunt,

2472 4367 2541 4423 ut
2566 4367 2831 4439 constat,
2858 4379 2974 4423 nec
2998 4366 3258 4441 possunt
3278 4361 3411 4422 sine
3432 4362 3802 4439 gravissima
3814 4378 3966 4422 cansa

2469 4454 2767 4535 permitti.

2549 4549 2753 4610 Infero
2783 4551 3042 4627 quarto,
3088 4547 3618 4609 renuntiationem
3663 4546 3965 4625 simplicem
4069 4558 4122 4611 ΞΒ

2469 4644 2533 4703 in
2559 4643 2826 4721 gratiam
2855 4642 3111 4702 alterius
3141 4641 3315 4719 digni
3339 4640 3475 4701 fieri
3502 4659 3711 4720 posse,
3742 4657 3961 4702 concur·
4035 4682 4108 4731 a„

2469 4736 2749 4797 rentibus
2779 4735 3282 4811 circumstantiiS‚
3329 4752 3469 4813 quae
3514 4734 3735 4795 tollant
3763 4734 3966 4812 pencu-
4019 4748 4132 4783 ω-

2469 4830 2599 4890 lum
2630 4828 2936 4907 gravioris
2964 4828 3368 4903 incommodi,
3401 4827 3587 4906 quale
3636 4828 3965 4906 plerumque
4014 4792 4134 4886 Ἐξ

2471 4922 2621 4984 oriri
2648 4922 2807 4983 solet
2856 4940 2932 4981 ex
2985 4920 3345 5001 hujusmodi
3390 4919 3963 4982 renuntiationibus:

2468 5015 2971 5076 inconvenientia
3002 5019 3213 5075 autem
3243 5032 3384 5093 quae
3412 5014 3593 5091 sequi
3637 5014 3966 5093 plerumque

2469 5110 2691 5183 solent,
2741 5113 2887 5169 sunt
2913 5107 3068 5168 haec.
3123 5106 3351 5183 Primo,
3385 5107 3558 5186 quod
3605 5125 3730 5167 non
3773 5123 3967 5166 renun-

2469 5202 2748 5263 tiaturin
2789 5201 2981 5262 alium
3011 5219 3191 5280 aeque
3246 5200 3532 5277 dignum,
3580 5218 3771 5279 quare
3813 5198 3967 5258 bene-

2468 5296 2610 5356 ficia
2645 5312 2782 5374 quae
2816 5294 2895 5354 ab
2926 5294 3194 5354 electore
3223 5293 3360 5352 dari
3390 5293 3746 5353 debuerunt
3769 5290 3968 5369 digniu-

2468 5388 2664 5464 ribuS,
2696 5390 3023 5448 transeunt
3049 5404 3161 5464 per
3188 5385 3719 5447 renuntiationem
3762 5385 3836 5444 ad
3875 5380 3967 5441 mi-

2469 5501 2586 5544 nus
2616 5481 2859 5560 dignos
2893 5480 3206 5556 Secunde,
3239 5478 3410 5559 quod
3437 5496 3566 5540 non
3593 5479 3751 5540 solet
3774 5493 3964 5538 renua-
