4263 6376
814 323 935 384 602

818 518 962 559 nem
990 500 1069 559 dc
1127 519 1191 560 se
1253 501 1504 563 factam.
1571 502 1748 575 Quo'd
1798 503 2092 581 explicari
2148 507 2353 584 potest

821 592 1106 672 exemplo
1137 594 1458 672 emptoriS,
1493 595 1595 654 cui
1647 613 1747 655 res
1804 599 2017 673 empta
2072 596 2353 657 nondum

821 689 917 747 est
942 685 1203 748 tradita:
1240 685 1432 747 babet
1461 687 1625 747 enim
1657 686 1762 766 jus
1792 693 2012 749 contra
2067 689 2352 750 vendito-

820 797 978 855 rem,
1014 797 1092 839 ne
1123 796 1256 838 rem
1287 779 1461 840 illam
1510 780 1745 842 vendat
1773 785 1834 842 et
1866 781 2077 842 tradat
2130 782 2346 843 alteri:

820 871 868 931 si
900 876 1112 932 tamen
1147 871 1438 933 venditor
1466 892 1541 932 ex
1572 873 1830 950 malitia,
1868 875 1965 934 vel
1995 875 2353 953 ignorantia

814 982 947 1024 rem
1017 958 1228 1025 alteri'
1259 964 1541 1026 vendidit
1593 971 1656 1027 et
1721 966 1997 1044 tradidit,
2057 969 2354 1030 transfert

820 1057 1030 1137 utique
1051 1057 1398 1118 dominium
1428 1059 1491 1118 in
1510 1059 1705 1136 illum,
1738 1078 1854 1120 nec
1883 1065 2102 1138 peccat
2130 1080 2353 1122 secun-

817 1149 933 1210 dus
984 1154 1231 1228 emptor
1280 1149 1616 1212 deferendo
1670 1152 1927 1212 domum
1985 1172 2163 1213 suam
2217 1173 2353 1213 rem

818 1247 1128 1320 emptam:
1157 1243 1305 1321 quia
1348 1245 1482 1323 jam
1512 1263 1626 1323 per
1653 1246 1994 1306 secundam
2041 1246 2354 1309 venditio·

818 1352 963 1395 nem
997 1339 1059 1395 et
1083 1334 1511 1411 traditionem,
1549 1336 1739 1398 habet
1787 1338 2013 1399 melius
2054 1338 2159 1417 jus
2191 1340 2254 1399 in
2284 1360 2352 1401 re

817 1427 924 1487 illa
956 1446 1144 1506 quam
1196 1428 1436 1506 primus
1467 1434 1732 1507 emptor,
1770 1450 1885 1492 nec
1918 1450 2032 1510 per
2059 1433 2178 1493 hoc
2208 1451 2353 1495 coo-

820 1525 1075 1598 peratur
1102 1520 1422 1599 injustitiae
1451 1523 1796 1585 venditoris
1821 1545 1835 1598 ;
1882 1524 2017 1604 jam
2043 1526 2211 1585 enim
2240 1545 2354 1605 po-

818 1614 938 1674 sita
975 1617 1069 1675 est
1096 1617 1226 1675 tota
1252 1614 1557 1693 injustitia
1587 1617 1649 1676 in
1678 1618 1953 1678 secunda
1987 1619 2351 1680 venditione

818 1711 882 1767 et
908 1706 1240 1768 traditione
1266 1728 1281 1780 ;
1320 1708 1399 1766 ad
1430 1727 1621 1787 quam
1652 1710 2121 1788 impediendam
2163 1712 2354 1773 habe-

817 1799 927 1861 bat
954 1799 1052 1879 jus
1083 1800 1320 1878 primus
1375 1805 1657 1879 emptor:
1719 1803 1824 1863 illa
1882 1809 2091 1865 tamen
2125 1806 2348 1883 posita,

819 1892 1156 1954 nonhabet
1178 1892 1282 1971 jus
1312 1898 1531 1955 contra
1576 1897 1921 1957 secundum
1974 1903 2347 1977 emptorem.

820 1986 920 2047 Sic
947 1986 1008 2045 in
1042 1991 1254 2046 nostro
1286 2005 1433 2047 casu
1465 1992 1667 2049 totum
1691 1988 1794 2067 jus
1821 1990 2123 2069 dignioris
2155 1995 2352 2052 estne

820 2077 1122 2138 electores
1138 2078 1346 2156 ipsum
1375 2080 1706 2141 omittant:
1732 2081 1779 2141 si
1812 2086 2022 2143 tamen
2060 2102 2133 2144 eo
2166 2084 2355 2144 omis-

819 2188 888 2232 so
926 2170 1084 2230 alius
1132 2170 1433 2249 eligatur:
1462 2170 1595 2250 jam
1652 2172 1839 2252 hujus
1893 2194 2083 2236 causa
2135 2177 2356 2237 melior

822 2267 937 2337 est,
974 2263 1120 2341 quia
1143 2281 1265 2323 non
1298 2264 1498 2323 solum
1532 2264 1722 2327 habet
1738 2267 1987 2327 titulum
2017 2273 2349 2346 remotum,

817 2355 928 2416 sed
953 2355 1307 2433 proximum
1338 2357 1419 2416 ad
1471 2358 1921 2435 possidendum
1949 2362 2350 2439 beneficium,

819 2452 881 2509 et
915 2448 1300 2526 acceptando
1333 2467 1452 2509 non
1489 2453 1579 2510 est
1611 2468 1797 2511 causa
1857 2453 2104 2532 injustae
2164 2455 2356 2516 actio-

821 2540 940 2618 nis,
975 2541 1123 2620 quia
1176 2545 1309 2602 tota
1363 2542 1669 2622 injustitia
1726 2545 2047 2607 electionis
2092 2549 2228 2626 jam
2263 2552 2357 2609 est

821 2634 1044 2713 posita,
1082 2635 1225 2695 etid
1254 2635 1422 2713 quod
1443 2637 1726 2715 sequitur
1755 2657 1879 2699 non
1903 2645 1997 2701 est
2023 2639 2350 2719 injustum,

818 2728 929 2788 sed
954 2727 1232 2807 justumt,
1268 2729 1502 2788 electus
1547 2729 1714 2789 enim
1772 2731 1978 2791 valide
2009 2732 2201 2793 habet
2249 2735 2354 2812 jus

820 2820 901 2880 ad
918 2821 1377 2898 acceptandum
1409 2826 1471 2882 et
1497 2822 1986 2900 possidendum:
2022 2831 2229 2903 potest
2258 2845 2358 2886 er-

818 2932 898 2991 go
928 2912 1097 2992 juste
1152 2917 1216 2975 et
1266 2913 1432 2974 licite
1492 2918 1845 2994 acceptare,
1887 2919 2174 2996 quamvis
2231 2938 2355 2981 non

821 3006 1125 3083 potuisset
1145 3004 1312 3084 juste
1342 3010 1554 3083 petere
1611 3007 1981 3070 electionem
2035 3012 2350 3088 absolute,

821 3102 890 3159 ut
918 3098 1155 3159 dictum
1184 3103 1298 3175 est,
1325 3099 1470 3177 quia
1499 3104 1650 3161 tunc
1678 3102 1958 3179 petiisset
1989 3104 2231 3183 aliquid
2262 3105 2357 3164 in-

810 3190 1051 3270 justum
1064 3195 1125 3252 et
1152 3194 1945 3273 cooperaretur-injustitiae:
1970 3199 2356 3277 acceptando

823 3288 1036 3344 tamen
1066 3302 1188 3345 non
1221 3287 1615 3364 cooperatur,
1651 3288 1797 3366 quia
1825 3308 1954 3368 lam
1982 3291 2221 3352 invenit
2250 3310 2359 3370 po-

823 3377 1006 3438 sitam
1034 3380 1230 3438 totam
1254 3377 1621 3457 injustitiam
1644 3381 1985 3460 electioniS,
2011 3389 2074 3446 et
2091 3384 2155 3444 id
2188 3385 2356 3464 quod

825 3474 1020 3533 restat
1057 3488 1178 3531 non
1213 3471 1493 3550 sequitur
1520 3472 1770 3552 injuste,
1805 3476 1914 3536 sed
1938 3476 2128 3555 juste.

902 3564 1104 3639 DiceS,
1145 3564 1333 3624 etiam
1388 3569 1529 3644 post
1580 3567 1947 3629 electionem
1994 3571 2359 3631 conceditur

824 3657 1091 3736 digniori
1126 3658 1354 3720 omisso
1384 3658 1447 3718 in
1490 3677 1799 3722 concursu
1861 3663 1942 3722 ad
1979 3663 2355 3724 beneficium

823 3751 1180 3829 parochiale
1211 3752 1546 3831 appellatio
1603 3754 1685 3814 ad
1739 3755 2167 3833 superiorem;
2201 3774 2350 3834 ergo

826 3845 1032 3905 adhuc
1090 3845 1277 3906 habet
1324 3845 1428 3925 jus
1482 3848 1703 3907 melius
1759 3867 1948 3927 quam
2005 3849 2259 3926 electuS,
2304 3849 2357 3909 si

827 3938 1104 4015 quidem,
1139 3938 1191 3998 si
1234 3939 1457 4016 probet
1487 3959 1813 4000 excessum
1869 3941 2213 4019 dignitatis,
2245 3961 2358 4003 au-

827 4031 984 4092 feret
1013 4048 1125 4110 per
1153 4032 1526 4092 sententiam
1558 4033 1636 4093 ab
1669 4053 1742 4094 eo
1772 4035 2172 4096 beneficium.
2211 4038 2357 4096 Res-

827 4124 1159 4202 pondetur,
1194 4124 1430 4185 habere
1462 4125 1715 4204 quidem
1761 4126 2112 4204 digniorem
2133 4128 2258 4207 juS,
2292 4134 2361 4189 ut

827 4236 938 4296 per
966 4224 1185 4279 senten
1197 4218 1346 4278 tiam
1368 4219 1652 4279 revocari
1679 4220 1875 4297 possit
1901 4220 2074 4298 prior
2100 4221 2318 4283 electio
2341 4241 2357 4294 3

825 4311 1104 4388 quandiu
1137 4315 1345 4372 tamen
1377 4329 1491 4390 per
1514 4312 1891 4373 sententiam
1949 4332 2074 4373 non
2104 4332 2359 4375 revoca·

825 4407 947 4479 tur,
973 4403 1197 4463 melius
1219 4403 1324 4482 jus
1352 4404 1545 4465 habet
1574 4405 1832 4482 electus,
1867 4406 1966 4466 cui
2021 4406 2082 4465 in
2139 4406 2359 4466 eadem

826 4496 1000 4558 bulla
1028 4515 1315 4574 expresse
1347 4498 1732 4575 conceditur,
1770 4501 1839 4559 ut
1861 4499 2048 4559 etiam
2079 4500 2362 4577 penden-

832 4595 893 4650 te
914 4589 1332 4669 appellatione
1390 4591 1716 4670 dignioriS,
1776 4591 1959 4651 detur
2017 4594 2355 4669 possess'm,

828 4685 895 4742 et
952 4687 1361 4743 conservetur
1401 4683 1459 4743 in
1521 4684 1867 4755 benefici03
1902 4683 2074 4744 unde
2119 4688 2364 4745 constat

828 4773 1034 4853 ipsum
1064 4794 1187 4835 non
1245 4794 1508 4853 peccare
1567 4775 1974 4855 acceptando.
2010 4776 2360 4855 Appellatio

828 4867 1038 4947 itaque
1068 4868 1434 4930 conceditur
1460 4869 1521 4929 in
1555 4870 1767 4930 odium
1825 4869 2055 4948 iniquae
2111 4869 2363 4932 electio-

830 4961 925 5021 nis
955 4961 1383 5040 praecedcntiS,
1440 4967 1498 5024 et
1528 4964 1592 5022 in
1621 4962 1910 5023 solatium
1941 4962 2242 5040 dignIOris
2272 4962 2360 5021 in-

819 5056 990 5134 juste
1016 5055 1417 5132 praetermissi
1452 5072 1465 5117 :
1503 5074 1626 5115 non
1657 5060 1866 5117 tamen
1899 5055 1968 5115 fit
2011 5055 2179 5134 quod
2237 5073 2357 5116 non

827 5147 1032 5227 posita
1055 5148 1491 5227 appellatione,
1523 5153 1633 5209 aut
1661 5167 1735 5208 ea
1792 5146 2128 5226 pendente,
2166 5148 2218 5208 si
2245 5148 2364 5226 ipsi

831 5260 953 5302 non
987 5246 1231 5302 constat
1283 5241 1363 5300 de
1420 5239 1723 5320 injustitia
1778 5258 1907 5302 suae
1958 5258 2186 5316 causae,
2237 5260 2361 5301 non

830 5335 1063 5396 habeat
1092 5334 1326 5395 electus
1376 5334 1599 5394 melius
1622 5334 1726 5413 jus
1756 5334 1836 5394 ad
1868 5334 2119 5396 interim
2165 5334 2363 5414 possi-

830 5428 1142 5488 dendum:
1187 5429 1324 5506 plus
1382 5427 1548 5487 enim
1598 5427 1759 5506 juris
1811 5429 1919 5489 dat
1980 5429 2253 5508 dignitas
2303 5433 2365 5490 et

832 5520 1053 5585 electio
1101 5520 1331 5598 valida,
1388 5539 1577 5601 quam
1631 5521 1835 5602 major
1890 5522 2163 5601 dignitas
2205 5523 2359 5602 sola,

1946 326 2048 387 ΒΕ
2088 328 2440 390 JUSTITIA
2487 327 2587 388 ET
2629 325 2828 388 JURE

2451 501 2752 582 quamdiu
2784 499 3002 560 electio
3027 517 3148 559 non
3181 501 3540 560 revocatur.
3605 501 3681 559 Et
3736 498 3874 559 haec
3904 499 3968 558 dc

2450 596 2651 674 primo
2683 597 2939 673 puncta,
2974 611 3055 653 an
3084 597 3305 673 peccet
3343 592 3552 652 minus
3598 591 3825 670 dignus
3878 609 3972 669 pe-

2450 688 2640 751 tendo
2670 688 2770 748 vel
2803 685 3212 765 acceptando·

2533 784 2709 842 Nunc
2739 780 3022 840 dicamus
3051 779 3128 839 de
3159 778 3460 855 secundo,
3494 798 3573 839 an
3593 825 3608 856 ,
3643 783 3707 841 et
3733 778 3973 857 quando

2451 876 2742 934 teneatur
2769 873 2851 933 ad
2877 872 3334 934 restituendum
3365 872 3662 951 digniori,
3696 869 3866 950 quod
3896 876 3974 931 to-

2449 969 2583 1027 tum
2615 965 2846 1045 pendet
2874 984 2947 1024 ex
2976 965 3373 1043 supradicitis
3395 1011 3414 1039 ,
3464 970 3527 1027 et
3554 964 3772 1043 regula
3799 981 3977 1042 gene-

2451 1058 2598 1119 ralis
2628 1062 2742 1134 est,
2774 1061 2925 1119 tunc
2954 1058 3155 1120 teneri
3186 1058 3267 1117 ad
3286 1058 3767 1133 restitutionem,
3793 1074 3977 1134 quan-

2452 1152 2533 1213 do
2561 1150 2791 1231 injuste
2824 1151 2969 1211 fecit
3000 1150 3168 1229 quod
3201 1150 3452 1229 dignior
3471 1169 3595 1210 non
3625 1150 3975 1229 eligeretur,

2451 1263 2631 1306 secus
2686 1243 2939 1323 quando
3004 1243 3240 1322 absque
3289 1243 3595 1322 injustitia
3636 1240 3937 1321 processit
3963 1262 3975 1303 :

2452 1356 2575 1398 non
2606 1337 2772 1397 enim
2802 1341 3052 1398 tenetur
3080 1356 3155 1396 ex
3182 1335 3416 1415 injusta
3443 1335 3829 1414 acceptione,
3847 1353 3981 1394 cum

2450 1429 2605 1490 nihil
2634 1430 2861 1509 injuste
2895 1429 3148 1502 fecerit;
3199 1447 3314 1490 nec
3361 1428 3553 1490 etiam
3598 1447 3673 1488 ex
3716 1447 3784 1488 re
3813 1446 3982 1488 aecc-

2451 1526 2579 1601 pta,
2614 1522 2763 1601 quia
2797 1521 3175 1583 beneficium
3219 1540 3344 1582 non
3386 1525 3524 1582 erat
3564 1521 3799 1600 aliquid
3848 1539 3983 1598 pro-

2450 1615 2656 1694 prium
2688 1614 2990 1693 dignioris
3013 1660 3029 1690 ,
3081 1618 3144 1675 et
3171 1615 3315 1674 licet
3346 1614 3447 1674 hic
3474 1613 3737 1676 haberet
3776 1613 3884 1693 jus
3908 1613 3982 1673 ad

2451 1726 2607 1784 rem,
2643 1713 2777 1769 erat
2805 1709 3007 1769 solum
3038 1707 3385 1769 mediatum
3404 1755 3420 1784 ,
3464 1711 3772 1787 quatenus
3802 1707 3984 1767 habet

2444 1801 2549 1880 jus
2559 1804 2627 1861 ut
2639 1801 2993 1878 eligeretur.
3006 1801 3209 1874 Quare
3225 1801 3453 1879 dignus
3469 1800 3703 1862 electus
3718 1800 3984 1861 habebat

2451 1912 2518 1954 se
2550 1898 2617 1953 ut
2645 1893 2935 1968 diximuS,
2971 1893 3133 1954 sicut
3158 1894 3471 1954 secundus
3500 1896 3748 1971 emptor
3773 1892 3875 1953 cui
3896 1911 3986 1952 res

2452 1986 2681 2047 tradita
2710 1990 2823 2062 cst,
2856 1986 2937 2046 ad
2967 2004 3158 2065 quam
3183 1985 3465 2048 habebat
3499 1985 3604 2065 jus
3653 1986 3826 2065 prior
3869 2004 3986 2044 em·

2455 2083 2619 2157 ptor,
2653 2079 2760 2139 sed
2821 2084 3034 2140 tamen
3076 2080 3391 2140 secundus
3437 2083 3682 2158 emptor
3721 2097 3848 2138 non
3892 2078 3986 2139 de-

2453 2171 2561 2233 bet
2618 2191 2758 2232 eam
2832 2173 3159 2234 restituere
3179 2220 3193 2249 ,
3270 2173 3387 2232 nisi
3456 2172 3682 2251 injuste
3751 2172 3981 2242 fecerit,

2455 2265 2623 2344 quod
2653 2266 2855 2344 primo
2905 2265 3176 2343 emptori
3227 2284 3351 2326 non
3406 2266 3808 2326 traderetur:
3844 2270 3988 2325 tunc

2453 2358 2621 2418 enim
2667 2361 2984 2419 teneretur
3038 2376 3112 2417 ex
3166 2358 3399 2436 injusta
3453 2358 3843 2436 acceptione,
3901 2357 3988 2416 sic

2455 2450 2681 2529 dignus
2770 2451 3004 2512 electus
3083 2450 3284 2511 solum
3362 2454 3610 2511 tenetur
3682 2449 3984 2527 digniori,

2456 2543 2707 2622 quando
2752 2542 2982 2622 injuste
3022 2543 3171 2604 fecit
3211 2543 3381 2622 quod
3430 2543 3532 2604 ille
3579 2560 3704 2604 non
3736 2542 3988 2621 eligere-

2455 2640 2578 2697 tur.

2536 2727 2693 2788 Hinc
2721 2730 2810 2805 fit,
2847 2728 3015 2809 quod
3058 2729 3303 2809 quoties
3344 2728 3573 2808 dignus
3622 2747 3744 2789 non
3789 2728 3986 2807 petiit,

2454 2821 2564 2882 sed
2592 2822 2725 2899 ipso
2749 2839 2874 2881 non
2901 2826 3151 2899 petente
3177 2868 3191 2898 ,
3227 2822 3324 2882 vel
3356 2826 3733 2900 procurante
3762 2822 3991 2883 electus

2455 2914 2592 2990 fuit,
2626 2914 2706 2974 ad
2738 2914 2891 2974 nihil
2921 2917 3230 2975 teneatur.
3267 2914 3442 2975 Idem
3471 2917 3586 2990 est,
3620 2915 3876 2993 quaudo
3896 2933 3991 2993 pe-

2456 3008 2574 3083 tiit,
2609 3007 2720 3067 sed
2757 3006 2924 3085 juste
2956 3011 3019 3068 et
3047 3006 3259 3070 debito
3308 3008 3498 3069 modo
3525 3054 3541 3084 ,
3583 3007 3849 3081 scilicet,
3901 3008 3991 3067 vel

2458 3099 2805 3160 dubitando
2835 3099 3219 3176 de‘excessu,
3255 3105 3318 3160 et
3345 3099 3735 3179 subjiciendo
3755 3119 3824 3160 se
3856 3120 3995 3161 exa·

2457 3193 2631 3269 mini,
2667 3192 2762 3253 vel
2792 3193 3062 3271 petendo
3081 3212 3205 3254 non
3234 3194 3521 3255 absolute
3548 3195 3660 3255 sed
3690 3196 3995 3256 conditio-

2459 3290 2601 3346 nate
2632 3286 2818 3347 modo
2848 3304 3040 3365 supra
3069 3287 3377 3363 explicato
3403 3333 3418 3363 ,
3468 3305 3693 3366 nempe
3724 3289 3992 3366 petendo

2457 3379 2659 3439 solum
2680 3378 2785 3458 jus
2810 3397 2992 3439 suum
3022 3378 3139 3439 sibi
3174 3380 3449 3456 servari,
3500 3380 3619 3439 hoc
3661 3385 3794 3456 est,
3828 3381 3993 3462 quod

2456 3490 2580 3532 non
2627 3476 3109 3550 postponeretur
3159 3473 3368 3533 minus
3411 3473 3784 3552 dignis‚.vel
3827 3474 3993 3554 quod

2456 3565 2857 3643 praeferretur
2902 3582 3082 3643 aeque
3130 3565 3339 3642 dignis
3382 3584 3530 3626 casu
3574 3584 3699 3644 quo
3749 3567 3995 3645 dignior

2456 3676 2581 3719 non
2611 3662 2775 3719 esset
2804 3658 3148 3736 eligendus
3182 3660 3249 3719 In
3283 3659 3507 3737 quibus
3537 3660 3817 3736 casibuS,
3851 3679 3991 3721 cum

2457 3751 2692 3811 nullam
2722 3749 3012 3829 injuriam
3046 3751 3315 3829 digniori
3338 3751 3637 3829 intulerit,
3664 3757 3726 3813 et
3741 3752 3993 3813 aliunde

2450 3844 2585 3924 jam
2615 3863 2688 3904 ex
2718 3844 2925 3905 valida
2956 3844 3049 3904 sui
3081 3844 3385 3905 electione
3412 3845 3634 3906 melius
3650 3846 3887 3907 habeat
3894 3845 3997 3924 jus

2459 3956 2648 4017 quam
2681 3937 2947 4016 dignior,
2984 3955 3062 3996 an
3094 3937 3249 3998 nihil
3278 3938 3336 3997 ei
3366 3941 3635 3999 tenetur.
3657 3939 3838 4001 Unde
3861 3958 3995 3998 rur-

2459 4049 2563 4092 sus
2591 4033 2661 4092 fit
2690 4030 2859 4109 quod
2886 4030 2954 4090 in
2983 4030 3058 4090 iis
3088 4031 3369 4107 casibus,
3419 4031 3482 4090 in
3513 4031 3742 4111 quibus
3770 4032 3998 4094 electo-

2457 4143 2559 4184 res
2588 4142 2712 4184 non
2742 4123 3117 4185 tenebantur
3146 4143 3216 4184 ex
3233 4123 3475 4202 justitia
3500 4124 3733 4202 eligere
3754 4125 3997 4203 dignio-

2458 4235 2614 4293 rem,
2659 4221 2767 4277 aut
2815 4216 2998 4295 juxta
3034 4235 3176 4277 eam
3223 4217 3596 4278 sententiam
3636 4237 3776 4298 quae
3808 4218 3995 4280 talem

2460 4310 2907 4390 obligationem
2964 4310 3027 4370 in
3084 4311 3459 4385 eligentibus
3517 4316 3729 4390 negat,
3778 4329 4001 4372 conse-

2461 4409 2724 4484 quenter
2753 4404 3088 4464 dicendum
3113 4404 3214 4480 sit,
3248 4403 3517 4464 electum
3546 4423 3673 4465 non
3696 4405 3902 4466 teneri
3922 4402 3998 4463 ad

2460 4496 2915 4559 restitutionem
2935 4543 2949 4572 ,
2983 4497 3130 4557 licet
3159 4496 3574 4559 determinate
3622 4498 3877 4576 petierit
3903 4499 4000 4557 sui

2459 4590 2828 4651 electionem
2859 4608 2987 4668 prae
3018 4590 3308 4668 digniori,
3343 4593 3412 4651 ut
3440 4595 3900 4670 consequenter
3920 4591 4001 4650 ad

2462 4702 2604 4744 eam
2633 4683 3007 4743 sententiam
3036 4683 3327 4744 concedit
3374 4683 3607 4744 Sanch.
3645 4683 3794 4745 dub.
3826 4701 3994 4744 xux.

2463 4796 2524 4838 n.
2562 4780 2656 4838 17.
2692 4782 2754 4838 et
2786 4780 2878 4838 19.
2914 4779 2994 4837 At
3023 4795 3171 4837 vero
3204 4775 3368 4835 iniis
3396 4776 3686 4852 casibuS,
3720 4780 3782 4838 et
3816 4776 4003 4857 juxta

2463 4888 2603 4930 eam
2632 4869 3026 4944 sententiam,
3061 4886 3201 4947 quae
3231 4868 3384 4930 dicit
3411 4868 3716 4930 electores
3737 4887 4003 4947 peccare

2462 4967 2684 5024 contra
2704 4962 3012 5042 justitiam
3042 4980 3183 5022 cum
3216 4961 3598 5040 obligatione
3629 4962 4004 5024 restituendi

2464 5056 2756 5136 digniori,
2791 5055 3040 5135 quando
3064 5074 3206 5115 eum
3229 5073 3351 5115 non
3376 5055 3637 5132 eligunt,
3664 5055 4006 5117 dicendum

2463 5154 2920 5228 consequenter
2946 5151 3059 5225 est,
3085 5149 3346 5227 dignum
3373 5148 3664 5224 electum,
3686 5148 3787 5227 qui
3809 5167 4006 5210 causa

2464 5243 2580 5303 fuit
2608 5243 2748 5304 talis
2794 5241 3024 5320 iniquae
3070 5241 3390 5302 electionis
3437 5242 3627 5302 etiam
3676 5242 3805 5302 sine
3851 5243 3915 5302 vi
3947 5249 4008 5302 et

2463 5335 2704 5412 fraude,
2722 5334 2916 5395 teneri
2941 5333 3020 5394 ad
3038 5334 3491 5394 restituendum
3505 5332 3794 5412 digniori,
3816 5339 4008 5412 prout

2464 5431 2921 5508 consequenter
2949 5427 3239 5488 concedit
3266 5426 3432 5487 idem
3463 5426 3692 5488 Sanch.
3729 5446 3788 5487 n.
3814 5431 3917 5489 19.
3943 5428 4006 5487 in

2464 5522 2635 5582 omni
2664 5525 2872 5584 autem
2904 5519 3246 5597 sententia,
3281 5519 3336 5582 si
3365 5537 3479 5599 per
3506 5518 3669 5598 vim,
3703 5519 3799 5582 vel
3837 5519 4005 5584 frau-

4088 780 4145 838 95

4031 901 4202 955 mmm

4045 948 4202 1003 united

4016 1012 4202 1079 restitoeviq

4068 1070 4087 1110 Ι,
4132 1071 4140 1080 .
4176 1072 4201 1133 '4
