4263 6376
618 4483 735 4542 190

572 4608 690 4661 Quid,
725 4608 759 4650 εἰ

839 391 955 447 742

843 583 982 624 cuin
1018 567 1226 623 tamen
1255 562 1521 639 ipsemet
1564 561 1720 621 sciat
1764 579 1830 620 se
1879 579 2003 620 non
2033 578 2169 620 esse
2199 558 2381 620 nobi-

842 658 1000 729 le1n;
1059 655 1390 733 ‹Iutesituin
1436 657 1530 714 est
1567 671 1757 732 quam
1787 653 2238 732 obligationem
2268 652 2382 712 ha-

843 751 1021 809 beret
1049 749 1108 807 in
1145 747 1570 808 conscientia?

925 840 1366 918 Respondetur
1393 839 1618 918 primo,
1673 839 1953 918 quandiu
2001 857 2225 900 census
2255 857 2381 900 non

844 934 1233 1012 exigebatur,
1289 936 1509 993 Petrus
1540 951 1665 992 non
1693 933 2029 994 tenebatur
2058 951 2123 992 se
2156 935 2380 993 offerre

845 1032 907 1087 et
935 1027 1213 1097 solvere;
1269 1025 1416 1104 quia
1458 1026 1808 1085 communis
1857 1025 2244 1086 consuetudo
2289 1028 2384 1086 est

843 1125 914 1180 ut
942 1118 1254 1196 ejusmodi
1302 1137 1526 1178 census
1574 1137 1698 1178 non
1731 1118 2074 1195 solvantur,
2127 1118 2246 1178 nisi
2277 1137 2381 1197 pe-

843 1217 1077 1287 tantur,
1114 1216 1176 1272 et
1205 1211 1350 1291 quia
1381 1230 1504 1271 non
1533 1211 1868 1273 tenebatur
1896 1230 2040 1272 cum
2068 1215 2243 1273 tanto
2276 1212 2380 1271 de-

845 1308 1071 1366 decoro
1121 1324 1185 1364 se
1225 1305 1526 1382 prodere;
1583 1304 1733 1364 dum
1781 1309 1992 1365 tamen
2038 1305 2382 1366 mendaciis

843 1400 941 1460 vel
971 1400 1196 1460 timore
1225 1399 1472 1458 incusso
1502 1397 1853 1476 oppidanis,
1896 1398 1994 1458 vel
2037 1398 2174 1459 aliis
2203 1398 2381 1458 illici-

842 1493 921 1554 tis
949 1491 1175 1552 mediis
1207 1509 1328 1551 non
1360 1510 1424 1549 se
1458 1491 1757 1551 eximeret
1786 1510 1822 1550 a
1851 1491 2085 1553 tributo
2118 1492 2222 1553 illo
2254 1492 2378 1552 sol-

845 1585 1051 1646 vendo
1089 1604 1102 1644 :
1158 1584 1268 1643 sed
1303 1584 1448 1662 quia
1498 1604 1570 1643 ex
1599 1584 1787 1643 modo
1820 1584 2072 1645 vivendi
2102 1585 2379 1646 aestima-

843 1680 1032 1740 batur
1060 1677 1304 1750 nobiliS,
1341 1677 1438 1736 vel
1471 1676 1619 1755 quia
1647 1682 1782 1737 erat
1817 1679 2047 1756 populo
2079 1678 2270 1754 utilis,
2320 1682 2383 1739 et

843 1772 1141 1832 nolebant
1168 1770 1474 1848 exigendo
1507 1788 1764 1829 censum
1786 1773 2088 1852 tanquam
2117 1770 2379 1850 ignobili

844 1867 1021 1926 illum
1053 1863 1294 1941 pudore
1324 1863 1594 1923 afficere.

927 1957 1362 2034 Respondetur
1391 1955 1688 2033 secundo,
1741 1957 1993 2035 quando
2019 1957 2154 2036 jam
2199 1958 2277 2016 ab
2308 1974 2379 2017 eo

845 2053 1116 2130 exigitur
1144 2069 1388 2126 census,
1425 2050 1522 2110 vel
1542 2050 2027 2111 instrumentum
2058 2071 2186 2111 suoe
2209 2051 2382 2111 nobi-

844 2147 1059 2220 litatiS,
1113 2145 1333 2223 etipse
1382 2143 1533 2204 dicit
1562 2143 1893 2222 sejudicio
1924 2148 2266 2218 staturum;
2322 2149 2384 2206 et

843 2240 1154 2300 sententia
1183 2240 1381 2298 fertur
1408 2256 1520 2316 pro
1549 2238 1709 2316 ipso,
1743 2257 1866 2298 non
1896 2239 2169 2301 inductis
2199 2240 2276 2300 ab
2308 2256 2381 2300 eo

849 2334 1130 2408 tostibuS,
1166 2350 1282 2392 nec
1311 2331 1610 2392 adhibitis
1629 2331 1854 2391 mediis
1874 2331 2124 2410 illicitis,
2159 2333 2383 2413 proba—

847 2427 970 2487 bile
1003 2427 1206 2485 visum
1256 2429 1349 2486 est
1394 2424 1602 2502 ipsum
1648 2442 1775 2485 non
1803 2425 2002 2485 teneri
2034 2444 2178 2488 cum
2208 2429 2382 2487 tanto

848 2519 1154 2578 dedecore
1187 2536 1250 2576 se
1279 2517 1568 2596 prodere,
1603 2522 1665 2578 et
1693 2536 1952 2579 censum
1981 2519 2257 2592 solvere;
2292 2525 2385 2581 te-

849 2613 1099 2672 nebitur
1117 2619 1328 2672 tamen
1350 2612 1743 2672 tantumdem
1763 2612 1889 2672 alia
1910 2613 2009 2673 via
2029 2614 2378 2675 restituere.

850 2708 999 2778 Qua}
1041 2704 1352 2765 restitutio
1411 2704 1724 2784 aliquibus
1767 2705 1904 2765 visa
1948 2710 2043 2767 est
2095 2705 2385 2766 facienda

847 2799 1079 2878 populo
1134 2797 1240 2876 qui
1269 2795 1452 2858 solvit
1499 2796 1651 2857 illud
1682 2798 1821 2876 plus
1849 2798 2018 2878 quod
2049 2801 2269 2860 Petrus
2299 2804 2386 2861 te·

850 2893 1119 2953 nebatur
1153 2891 1436 2964 solvere,
1496 2895 1707 2969 posset
1754 2895 1964 2953 autem
2009 2892 2147 2952 fieri
2176 2893 2385 2954 dando

849 2986 937 3045 illi
967 3005 1080 3065 per
1105 2985 1356 3045 tertiam
1388 3002 1752 3062 personam;
1801 2989 2099 3046 caeterum
2130 2986 2231 3047 hic
2259 3004 2388 3046 mo-

852 3081 970 3138 dus
999 3077 1286 3138 solvendi
1313 3076 1437 3137 non
1467 3077 1717 3137 videtur
1744 3078 2060 3139 sufficiens
2091 3098 2204 3157 pro
2234 3083 2386 3141 tem-

850 3191 1003 3252 pore
1055 3172 1288 3246 futuro,
1346 3187 1469 3248 quo
1527 3187 1920 3232 successores
1963 3172 2129 3235 Petri
2186 3172 2386 3253 ignari

853 3268 1016 3326 illius
1066 3263 1464 3341 obligationis
1521 3264 1673 3323 nihil
1728 3266 2004 3340 solvent;
2062 3267 2206 3328 ideo
2253 3268 2389 3328 aliis

851 3360 1054 3437 magis
1084 3358 1336 3437 placuit,
1391 3356 1560 3436 quod
1604 3357 1890 3421 instituat
1933 3360 2189 3441 aliquod
2234 3380 2390 3442 opus

853 3454 1027 3533 pium
1081 3455 1456 3530 perpetuum
1511 3450 1573 3511 in
1630 3451 2007 3514 beneficium
2056 3472 2389 3515 commune

854 3547 1018 3607 illius
1047 3545 1283 3623 populi,
1337 3544 1721 3623 aequivalens
1749 3546 1962 3606 censui
1992 3566 2104 3609 suo
2159 3553 2221 3610 et
2247 3567 2390 3608 suo-

853 3659 994 3700 rum
1024 3656 1476 3710 successorum,
1514 3638 1698 3716 quale
1728 3644 1893 3700 esset
1911 3640 2127 3701 dotare
2148 3640 2392 3721 aliquas

854 3734 1128 3811 virgines
1161 3749 1503 3809 paupereS,
1555 3733 1984 3793 nosocomium
2031 3751 2387 3812 commune,

856 3828 952 3888 vel
969 3825 1204 3904 aliquid
1219 3824 1440 3884 simile.
1464 3824 1614 3885 Mihi
1632 3826 1834 3903 magis
1856 3826 2259 3906 placet,quod
2279 3845 2392 3906 pro

854 3919 1174 3999 praeterito
1210 3922 1489 3995 tempore
1520 3937 1558 3977 a
1589 3918 1898 3979 sententia
1926 3920 2171 3997 prolata
2193 3921 2395 4004 solvat

859 4009 1263 4090 aequivalenS,
1315 4028 1428 4088 pro
1476 4011 1682 4072 futuro
1731 4015 1942 4073 autem
1986 4031 2099 4091 per
2144 4012 2394 4074 tertiam

857 4122 1194 4185 personam
1223 4104 1412 4165 tacito
1451 4104 1701 4165 nomine
1731 4105 2045 4184 impetret,
2096 4106 2197 4167 vel
2226 4110 2397 4167 emat

862 4218 896 4257 a
953 4198 1234 4275 principe
1301 4198 1700 4275 privilegium
1757 4197 2165 4260 notabilitatis
2201 4219 2213 4260 :
2274 4198 2394 4259 hoc

864 4291 1031 4351 enim
1062 4291 1248 4349 modo
1273 4296 1531 4349 sanatur
1561 4309 1596 4349 a
1616 4291 1830 4369 priori,
1870 4295 1931 4352 et
1959 4292 2020 4350 in
2051 4292 2262 4353 radice
2292 4292 2394 4352 ille

867 4385 1146 4443 desectus
1175 4401 1288 4461 pro
1320 4402 1384 4441 se
1418 4388 1479 4443 et
1509 4403 1619 4461 pro
1653 4386 1778 4443 suis
1809 4386 2295 4447 successoribus·

945 4478 1216 4539 Infertur
1245 4475 1484 4554 quinto,
1523 4477 1672 4554 quid
1703 4477 2035 4538 dicendum
2069 4479 2168 4555 sit,
2201 4498 2395 4557 quan-

867 4573 945 4632 do
977 4590 1087 4650 per
1132 4569 1430 4650 injustam
1463 4570 1837 4630 sententiam
1886 4572 2109 4651 aliquis
2160 4572 2395 4651 spolia-

518 4663 816 4715 heneticiorri·
867 4671 966 4726 tur
997 4663 1302 4723 beneficio
1355 4663 1521 4740 quod
1553 4662 1765 4739 habet,
1817 4667 1880 4726 et
1924 4666 2105 4725 alteri
2152 4666 2401 4726 confer-

565 4724 697 4759 velur.
719 4722 760 4758 ct

561 4772 772 4824 spolielur.

865 4765 986 4834 tur,
1021 4756 1125 4835 qui
1157 4774 1376 4815 revera
1408 4774 1528 4815 non
1557 4756 1832 4817 habebat
1858 4757 1998 4837 jus?
2027 4762 2114 4819 De
2138 4777 2260 4838 quo
2288 4760 2398 4820 du-

865 4853 965 4911 bio
1002 4853 1198 4929 agunt
1229 4851 1413 4909 Sotus
1442 4851 1541 4910 111.
1578 4848 1648 4909 (le
1673 4850 1875 4911 Justz't.
1911 4870 2016 4930 qu.
2054 4870 2140 4913 lv.
2177 4857 2294 4914 art.
2332 4872 2391 4916 v.

867 4945 1015 5004 dub.
1050 4948 1109 5003 2.
1147 4945 1437 5003 Panorm.
1490 4961 1544 5003 c.
1581 4960 1623 5003 1.
1658 4942 1729 5002 de
1757 4946 2110 5006 concessione
2125 4946 2400 5026 proeben-

865 5036 974 5111 dm,
1019 5040 1080 5096 et
1122 5037 1441 5096 Innocent.
1490 5036 1553 5095 in
1585 5054 1638 5096 c.
1679 5037 1827 5111 Quia
1845 5037 2135 5119 plerique,
2190 5039 2261 5099 de
2286 5041 2399 5100 im-

862 5150 1022 5190 mun.
1056 5127 1283 5188 an-les.
1319 5129 1563 5189 omissis
1609 5133 1819 5191 autem
1847 5131 2037 5192 variis
2074 5134 2397 5195 sententiis

865 5243 938 5282 ex
968 5242 1159 5299 supra
1190 5221 1410 5299 positis
1442 5222 1779 5283 dicendum
1816 5224 2061 5286 videtur
2084 5226 2313 5305 primo,
2348 5226 2395 5286 si

866 5317 942 5375 do
973 5315 1275 5393 injustitia
1296 5316 1618 5377 sementim,
1640 5335 1764 5377 non
1786 5323 2049 5395 constat,
2085 5338 2199 5397 per
2226 5319 2397 5379 illam

865 5408 1134 5469 conferri
1164 5426 1377 5467 veram
1409 5407 1907 5487 jurisdictionem
1949 5412 2002 5471 ei
2036 5413 2135 5473 cui
2163 5431 2276 5492 per
2303 5417 2397 5474 ta·-

862 5501 986 5559 lem
1009 5501 1382 5561 sententiam
1402 5502 1799 5581 adjudicatur
1817 5505 2215 5567 beneficium.
2241 5509 2395 5567 Cum

865 5594 1031 5652 enim
1069 5594 1131 5653 in
1165 5595 1440 5655 Ecclesia
1489 5596 1569 5656 sit
1614 5600 1891 5675 potestas
1942 5599 2020 5658 ad
2068 5601 2396 5661 conferen-

1998 384 2100 443 DE
2145 382 2498 444 JUSTITIA
2542 381 2645 443 ET
2685 381 2885 443 JURE

2480 558 2628 617 dam
2677 557 3206 638 jurisdictionem,
3280 560 3345 621 et
3398 556 3660 619 aliunde
3718 577 3795 620 ex
3843 560 4005 640 juris-

2479 650 2753 714 dictione
2823 670 2948 714 non
3020 669 3321 713 concessa
3391 658 3746 731 sequantur
3796 672 4006 734 magna

2478 745 2987 807 inconvenientia
3043 746 3211 807 circa
3258 746 3544 807 valorem
3602 753 4008 809 sacramento-

2477 858 2619 899 rum
2649 840 3035 919 poenitentiae
3064 843 3128 901 et
3154 840 3566 916 matrimonii,
3621 845 3686 901 et
3715 841 3881 902 circa
3905 841 4009 904 alin

2481 951 2620 1011 quae
2651 951 2687 992 a
2714 933 3008 1011 parochis
3036 935 3217 1008 fiunt,
3279 951 3406 993 non
3449 932 3712 995 videtur
3739 933 4004 1006 dubium,

2481 1026 2630 1104 quin
2662 1026 3023 1087 conferatur
3065 1044 3181 1105 per
3224 1026 3397 1085 illam
3427 1027 3815 1088 sententiam
3836 1028 4007 1106 juris-

2479 1117 2693 1180 dictio.
2726 1120 2859 1179 Hoc
2889 1121 3099 1180 autem
3120 1118 3317 1198 aliqui
3344 1118 3641 1194 limitent,
3678 1118 4006 1181 dummodo

2479 1229 2606 1272 non
2651 1211 2733 1273 sit
2761 1213 2934 1273 mala
2959 1211 3118 1272 fides
3162 1212 3228 1272 in
3257 1212 3649 1288 conferente,
3710 1213 3811 1276 vel
3858 1213 3917 1272 in
3943 1230 4005 1280 eo

2479 1304 2578 1365 cui
2610 1305 2952 1382 confertur,
3003 1305 3110 1384 qui
3162 1304 3333 1366 mala
3360 1304 3488 1367 fide
3516 1305 3791 1366 fortasse
3822 1307 4006 1385 litiga-

2477 1397 2586 1459 vit.
2624 1400 2773 1460 Haec
2801 1402 3016 1461 tamen
3044 1398 3333 1461 limitatio
3364 1416 3492 1460 non
3522 1398 3784 1459 videtur
3808 1418 4008 1461 neees-

2477 1491 2662 1568 saria,
2698 1491 2845 1571 quia
2875 1491 3064 1555 etiam
3091 1491 3299 1571 posita
3326 1491 3431 1551 illa
3461 1492 3634 1551 mala
3659 1492 3812 1566 fide,
3849 1492 4007 1555 adest

2479 1603 2655 1646 error
2684 1585 3035 1646 communis
3064 1589 3125 1645 et
3143 1584 3524 1664 probabilis,
3570 1585 3819 1646 ratione
3848 1585 4005 1666 cnjus

2478 1680 2727 1756 oportet
2755 1678 2893 1738 dari
2930 1678 3103 1738 illam
3123 1677 3635 1756 jurisdictionem
3674 1677 3760 1738 ad
3787 1697 4007 1757 praeca·

2476 1770 2684 1832 venda
2710 1772 2819 1832 illa
2845 1788 3079 1851 magna
3105 1771 3641 1848 inconvenientia,
3685 1777 3760 1834 ut
3784 1773 4005 1852 colligi-

2476 1867 2579 1925 tur
2602 1882 2679 1925 ex
2706 1864 2780 1925 iis
2812 1882 2952 1943 quae
2985 1864 3257 1924 diximus
3285 1883 3477 1943 supro
3508 1868 3667 1927 sect.
3707 1883 3805 1927 111.

2482 2007 2485 2010 1
2556 1957 2745 2019 Aliud
2777 1957 2967 2019 etiam
2995 1962 3211 2036 posset
3258 1959 3325 2018 in
3371 1957 3494 2019 boe
3542 1959 3687 2037 ipso
3737 1977 3880 2020 esse
3906 1960 4004 2021 du-

2477 2051 2674 2128 bium,
2715 2069 2797 2112 an
2824 2051 3064 2112 scilicet
3110 2065 3225 2130 per
3262 2051 3433 2110 illam
3463 2054 3855 2114 sententiam
3884 2071 4003 2113 oon-

2479 2145 2716 2206 feratur
2760 2163 2885 2206 non
2913 2145 3118 2206 solum
3137 2143 3494 2223 jurisdictio
3523 2144 3638 2220 illi,
3694 2146 3797 2205 cui
3826 2147 4005 2225 appli-

2481 2242 2658 2300 catur
2704 2237 3104 2314 beneficium,
3158 2237 3267 2297 sed
3314 2238 3507 2298 etiam
3537 2255 3739 2299 verus
3768 2240 4005 2300 titulus?

2478 2332 2689 2412 Aliqui
2743 2332 2912 2392 enim
2942 2332 3261 2392 affirmant
3292 2351 3306 2391 ε
3354 2332 3569 2392 verius
3598 2335 3817 2392 tamen
3842 2334 4002 2394 vide-

2477 2430 2603 2502 tur,
2640 2429 2702 2488 et
2721 2426 3207 2505 consequentius
3237 2426 3320 2487 ad
3343 2426 3719 2506 supradicta
3745 2445 3873 2488 non
3892 2427 4005 2487 dari

2478 2537 2702 2580 verum
2729 2519 3003 2596 titulum,
3037 2519 3148 2580 sed
3169 2519 3371 2580 solum
3392 2524 3853 2599 apparentem;
3883 2521 4005 2599 qu'n

2481 2613 2735 2691 quando
2781 2631 2897 2692 per
2940 2606 3640 2673 similem’sententiam
3674 2614 4005 2692 applicatur

2482 2706 2816 2767 haereditas
2845 2706 3054 2781 alicui,
3087 2724 3210 2767 non
3241 2705 3431 2766 datur
3457 2705 3546 2766 illi
3576 2724 3811 2768 verum
3836 2706 4003 2766 domi·

2484 2800 2678 2875 nium,
2713 2800 2824 2859 sed
2856 2799 3061 2859 solum
3091 2817 3402 2878 apparens
3432 2803 3502 2860 ut
3526 2799 3846 2872 vidimus;
3878 2817 4004 2878 erge

2481 2910 2599 2952 nec
2629 2892 2881 2971 quando
2914 2892 3269 2971 applicatur
3294 2892 3704 2965 beneficium,
3756 2892 3890 2953 dan'
3916 2892 4002 2953 de

2481 2986 2591 3047 bet
2616 3003 2803 3045 verus
2831 2985 3048 3047 titulus
3082 3006 3096 3046 ε
3157 2986 3327 3066 quod
3374 2985 3544 3046 enim
3594 2986 3663 3046 in
3720 2986 3845 3048 hoc
3881 3003 4003 3047 ean

2484 3078 2668 3140 detur
2696 3097 2842 3140 vera
2867 3078 3225 3159 jurisdictio
3250 3098 3265 3150 ς
3299 3078 3423 3140 hoc
3448 3079 3521 3140 fit
3550 3079 3635 3140 ad
3661 3097 4005 3159 praecaven·

2487 3172 2570 3235 da
2596 3171 3123 3249 inconvenientia,
3171 3171 3218 3233 si
3268 3172 3369 3233 ille
3418 3172 4007 3254 existimatuspam-

2483 3266 2637 3327 chus
2687 3284 2815 3327 non
2841 3265 3107 3329 haberet
3146 3266 3355 3344 reipsa
3376 3265 3910 3345 jurisdictionem,
3939 3267 4004 3327 ad

2486 3360 2624 3421 haec
2652 3364 2863 3421 autem
2891 3359 3402 3421 inconvenientia
3436 3362 3869 3439 praecavenda
3900 3378 4005 3421 nou

2485 3452 2830 3531 requiritur
2857 3453 3010 3512 dare
3041 3452 3129 3513 illi
3155 3470 3376 3513 verum
3408 3453 3707 3527 titulum;
3744 3473 3886 3515 nam
3911 3472 4005 3533 po·

2484 3549 2606 3607 test
2634 3545 2868 3605 habere
2892 3544 3396 3625 jurisdictionem
3424 3546 3505 3605 ab
3535 3548 3824 3609 Ecclesia
3866 3564 4007 3608 cam-

2484 3638 2873 3699 municatam
2915 3637 3050 3698 sine
3078 3657 3225 3699 vero
3263 3638 3478 3713 titulo;
3539 3658 3698 3719 ergo
3758 3659 3879 3703 non
3929 3646 4007 3699 est

2486 3731 2645 3792 ratio
2695 3749 2808 3791 cur
2849 3732 3034 3792 detur
3075 3732 3129 3793 ei
3165 3750 3353 3792 verus
3399 3732 3622 3793 titulus
3670 3734 3755 3794 ad
3800 3733 4008 3794 benefi-

2488 3825 2677 3903 cium,
2729 3842 2847 3885 nec
2893 3842 3009 3885 cur
3051 3824 3278 3887 debeat
3323 3843 3462 3885 esse
3490 3844 3683 3887 verus
3721 3826 4007 3906 parochus

2488 3924 2551 3981 et
2593 3937 2713 3980 non
2763 3918 2968 3979 solum
3016 3918 3421 3980 existimatus
3485 3920 3583 3980 lta
3637 3921 3822 3981 multi
3875 3936 4008 3999 quos

2490 4014 2673 4074 affert
2739 4014 2803 4073 et
2869 4011 3155 4091 sequitur
3236 4012 3577 4091 Fagundez
3664 4014 3774 4074 ubi
3842 4028 4005 4092 supra

2489 4125 2552 4167 n.
2586 4111 2645 4169 9.

2573 4200 2860 4262 Secundo
2908 4198 3244 4260 dicendum
3291 4203 3406 4276 est,
3466 4200 3648 4261 illum
3694 4201 3883 4263 etiam
3922 4199 4005 4260 eui

2491 4295 2657 4355 bona
2684 4294 2807 4354 fide
2829 4293 3208 4372 applicatum
3229 4298 3323 4354 est
3340 4293 3751 4372 beneficium,
3783 4295 4009 4373 cognita

2490 4390 2708 4467 postea
2737 4386 3062 4448 sententiae
3090 4385 3397 4465 injustitia
3425 4391 3487 4448 et
3506 4389 3657 4466 jure
3687 4389 3861 4448 claro
3886 4405 4009 4466 par·

2490 4482 2570 4542 tis
2600 4480 2953 4553 contrariae,
3005 4479 3204 4540 teneri
3246 4480 3310 4539 in
3357 4482 3753 4543 conscientia
3798 4480 4011 4541 benefi-

2494 4575 2660 4635 cium
2686 4573 3068 4649 renuntiare,
3121 4577 3190 4634 ut
3234 4573 3423 4634 detur
3451 4574 3684 4654 injuste
3711 4575 4006 4654 spoliato:

2493 4668 2806 4728 tenebitur
2835 4666 3023 4727 etiam
3052 4666 3378 4727 restituere
3408 4668 3650 4729 fructus
3678 4672 4007 4747 perceptos,

2496 4764 2801 4841 quantum
2830 4760 3032 4821 factus
3059 4759 3249 4821 fuerit
3277 4761 3675 4839 locupletior,
3725 4762 3840 4822 nisi
3872 4762 4011 4821 forte

2493 4855 2660 4916 bona
2675 4854 2800 4914 fide
2820 4852 3269 4933 praescripserit
3280 4852 3415 4932 jam
3430 4854 3639 4934 ipsum
3660 4854 4009 4916 beneficium

2494 4966 2608 5027 per
2660 4952 2909 5027 tempus
2952 4965 2992 5007 a
3035 4946 3173 5025 lege
3232 4948 3696 5028 praescriptum,
3769 4949 3849 5009 de
3901 4963 4011 5025 quo

2494 5040 2785 5102 videatur
2809 5040 3061 5101 Lessius
3088 5040 3197 5102 lib.
3230 5042 3304 5101 ΙΙ.
3341 5059 3398 5102 c.
3433 5057 3522 5103 vl.
3557 5060 3730 5102 num.
3763 5046 3865 5103 3⁴.

2574 5134 2855 5212 Denique
2888 5132 3221 5194 dicendum
3273 5138 3387 5207 est,
3439 5135 3493 5195 si
3532 5135 3635 5195 ille
3662 5136 3760 5197 cui
3792 5136 4009 5196 benefl-

2496 5227 2663 5289 eium
2708 5226 3126 5306 adjudicatur,
3175 5226 3412 5289 habeat
3454 5229 3687 5289 malam
3730 5229 3915 5289 fidem
3942 5226 4009 5287 de

2487 5322 2653 5402 jure,
2689 5325 2751 5382 et
2777 5320 2955 5382 titulo
2984 5336 3121 5396 suc,
3157 5338 3283 5381 non
3304 5322 3509 5382 solum
3530 5328 3778 5383 tenetur
3804 5338 4009 5382 rennn-

2496 5415 2652 5475 tiare
2682 5413 3080 5490 beneficium,
3130 5417 3201 5474 ut
3245 5414 3435 5476 detur
3481 5416 3863 5491 adversario,
3914 5412 4005 5473 sed

2497 5508 2685 5569 etiam
2713 5508 3039 5569 restituere
3081 5524 3301 5568 omnes
3330 5509 3590 5587 Fructus,
3632 5509 3873 5570 etiamsi
3902 5524 4005 5568 nm

2496 5602 2696 5663 factus
2725 5600 2914 5664 fuerit
2956 5600 3349 5679 locupletior,
3404 5606 3470 5665 et
3498 5604 3765 5683 denique
3793 5603 4004 5663 damna

4038 4336 4065 4375 b

4040 4344 4139 4535 alfia
4108 4210 4139 4261 a
