4263 6376
1207 294 1678 357 DISPUTATIO
1723 293 1995 368 XXXVI,
2045 293 2320 354 SEC'I‘IO
2367 295 2465 353 lX.

256 471 589 533 restituere
618 470 859 532 clericis
888 471 1119 551 aliquid
1151 472 1290 550 plus
1319 472 1380 531 in
1409 471 1533 531 fine
1564 471 1710 530 anni
1741 469 1803 529 in

257 564 907 644 recompensationem
943 566 1090 626 dicti
1119 564 1521 639 incommodi,
1556 569 1618 624 et
1645 564 1805 624 inte-

258 674 453 718 resse.
489 659 688 717 Diana
735 677 884 719 vero
916 658 1020 718 ubi
1049 677 1241 736 supra
1282 656 1535 717 resolut.
1578 661 1677 716 44.
1714 655 1801 715 di-

261 751 368 826 cit,
406 751 698 810 Panormi
726 750 895 811 licite
920 750 980 810 id
1011 751 1169 827 fierI,
1204 751 1351 830 quia
1380 750 1442 809 id
1480 751 1551 811 fit
1592 750 1800 809 volon-

260 843 430 903 tibus
472 848 534 902 et
578 843 1109 904 consentientibus
1157 844 1437 915 clericis;
1482 843 1532 903 si
1588 848 1800 904 autem

259 937 379 1015 ipsi
399 954 524 995 nou
553 937 1002 1013 consentirent,
1033 956 1219 1016 posse
1248 937 1363 997 sibi
1393 952 1799 1014 compensare

257 1028 533 1107 petendo
568 1030 900 1108 plusquam
927 1029 1249 1091 solverunt
1287 1029 1526 1090 ratione
1568 1028 1802 1088 incom-

260 1122 432 1183 modi
453 1126 518 1183 et
544 1121 865 1183 interesse.
903 1122 1026 1184 Sed
1057 1122 1385 1183 consilium
1423 1122 1575 1182 illud
1606 1123 1798 1181 Duar-

258 1214 325 1274 di
373 1214 530 1273 mihi
570 1214 739 1275 nullo
786 1214 974 1275 modo
1017 1215 1242 1293 placet,
1304 1213 1450 1293 quia
1514 1213 1797 1291 accipere

257 1307 402 1387 plus
430 1324 547 1386 pro
603 1307 1002 1369 incommodo
1047 1308 1330 1387 pecuniae
1390 1312 1573 1367 antea
1633 1306 1795 1368 datas

257 1402 425 1460 esset
450 1417 644 1460 usura
693 1400 1042 1477 manifesta,
1095 1399 1212 1459 nisi
1249 1405 1506 1479 propter
1553 1399 1796 1460 lucrum

259 1511 514 1554 cessans
569 1494 668 1553 vel
706 1494 877 1554 aliud
915 1494 1217 1553 damnum
1266 1511 1592 1571 emergens
1635 1508 1799 1571 prae-

258 1592 359 1648 ter
399 1585 746 1646 carentiam
787 1586 1070 1665 pecuniae
1125 1587 1532 1665 acciperetur.
1583 1587 1796 1663 Neque

255 1679 452 1739 etiam
482 1677 603 1738 hoc
643 1679 834 1739 modo
883 1678 1186 1740 vitaretur
1226 1697 1514 1756 censura,
1550 1678 1696 1757 quia
1747 1677 1798 1736 si

257 1772 322 1831 id
364 1773 545 1832 fieret
607 1771 816 1832 invitis
869 1772 1131 1848 clericis,
1183 1771 1316 1850 jam
1371 1772 1800 1851 imponeretur

257 1865 379 1925 illis
403 1864 663 1943 aliquod
693 1883 867 1941 onuS,
903 1865 1187 1942 cogendo
1228 1883 1334 1925 eos
1378 1865 1461 1926 ad
1506 1869 1799 1925 mutuan-

257 1955 413 2016 dum
441 1958 559 2017 sub
606 1956 830 2033 usuriS,
865 1957 1033 2036 quod
1063 1957 1316 2036 aliquod
1349 1976 1505 2018 onus
1534 1975 1668 2017 esse
1699 1975 1801 2016 nc-

255 2049 396 2127 gari
427 2066 550 2109 non
581 2054 806 2128 potest.
863 2050 929 2112 Si
970 2069 1121 2112 vero
1165 2052 1314 2129 ipsis
1360 2050 1802 2112 consentienti-

255 2142 400 2219 bus,
434 2160 550 2203 nec
581 2142 778 2203 ullum
806 2161 1151 2222 gravamen
1183 2161 1256 2203 ex
1310 2144 1429 2204 hoc
1483 2143 1800 2205 sentienti·

263 2235 385 2295 bus
412 2236 543 2311 flat,
582 2255 704 2296 non
735 2240 832 2296 est
861 2254 1115 2297 necesse
1143 2237 1282 2315 plus
1325 2237 1565 2316 aliquid
1621 2237 1796 2311 dare,

253 2345 377 2388 nec
405 2328 589 2388 video
618 2344 731 2389 cur
753 2328 833 2390 sit
879 2334 1097 2391 centra
1140 2330 1621 2406 immunitatem,
1657 2347 1801 2390 cum

260 2439 389 2481 non
435 2426 745 2499 cogantur
788 2422 868 2482 ad
914 2422 1190 2501 aliquam
1246 2423 1795 2500 contributionem,

253 2514 360 2575 vel
403 2513 658 2593 aliquod
712 2532 1078 2593 gravamen,
1121 2515 1233 2576 sed
1278 2515 1392 2595 ipsi
1449 2517 1799 2577 voluntarie

255 2607 458 2668 velint
500 2607 583 2667 ad
638 2607 926 2668 vitandas
997 2608 1248 2667 fraudes
1319 2608 1799 2687 publicanorum

257 2719 442 2762 suam
474 2700 932 2779 exemptionem
964 2701 1316 2762 executioni
1345 2702 1628 2762 mandari
1670 2721 1800 2763 mo·

259 2793 344 2855 do
373 2793 482 2854 illo
511 2792 777 2853 faciliori
805 2797 868 2854 et
893 2794 1214 2854 securiori.

343 2885 551 2946 latero
581 2892 784 2961 sexto,
815 2887 1069 2966 quando
1100 2905 1223 2948 non
1251 2905 1328 2947 ex
1358 2888 1482 2948 fine
1511 2886 1800 2966 exigendi

143 3031 155 3042 .
261 2996 300 3038 a
327 2979 503 3040 ciero
532 2978 866 3055 indirecte,
908 2996 1025 3040 nee
1056 2980 1175 3040 hoc
1203 2980 1431 3042 intuitu
1460 2981 1801 3060 imponit-ur

259 3071 515 3151 gabello.
544 3072 754 3150 aliqua
780 3072 1090 3134 venditori
1116 3073 1309 3150 laico,
1341 3074 1540 3134 videri
1571 3073 1801 3153 proba-

263 3166 458 3227 bilem
511 3165 886 3227 scntentiam
930 3165 1101 3227 illam
1144 3184 1579 3244 communem,
1629 3166 1797 3247 quod

265 3279 393 3320 non
434 3260 517 3320 sit
559 3263 779 3320 centra
820 3259 1280 3321 immunitatem
1310 3261 1559 3339 exigere
1587 3261 1798 3340 gabel-

257 3353 394 3412 iam
417 3371 458 3411 a
485 3352 810 3414 venditore
837 3353 996 3413 laico
1020 3399 1036 3429 ,
1088 3353 1276 3414 etiarn
1307 3354 1555 3433 quando
1586 3353 1802 3414 vendit

257 3445 542 3509 clerice:
595 3446 748 3524 quia
791 3450 942 3507 tunc
986 3445 1235 3524 gabella
1280 3464 1404 3506 non
1448 3447 1717 3526 exigitur
1762 3464 1798 3506 a

255 3539 492 3600 clerico
517 3584 532 3615 ,
565 3538 676 3598 sed
703 3557 744 3599 a
771 3538 928 3599 laico
959 3539 1066 3618 qui
1095 3539 1285 3601 debet
1311 3540 1552 3601 solvere
1583 3558 1659 3600 ex
1685 3540 1801 3601 bo-

261 3631 362 3691 nis
385 3631 550 3707 suis,
608 3648 837 3710 nempe
895 3651 970 3692 ex
1010 3632 1207 3710 pretio
1256 3633 1423 3711 quod
1480 3634 1721 3712 accepit
1764 3653 1800 3694 a

261 3724 513 3785 clerico.
547 3725 625 3785 Et
647 3725 938 3803 quamvis
966 3724 1303 3803 aliquando
1352 3744 1427 3787 ea
1472 3727 1800 3787 occasione

260 3817 472 3877 carius
485 3818 719 3877 vendat
745 3822 1000 3897 propter
1028 3835 1185 3878 onus
1213 3836 1602 3899 consequens
1631 3820 1800 3899 quod

264 3909 458 3970 habet
483 3911 763 3971 solvendi
792 3911 1143 3988 gabellam,
1196 3911 1255 3970 id
1301 3916 1517 3972 tamen
1548 3918 1643 3975 est
1690 3932 1802 3992 per

263 4003 558 4063 accidens
617 4023 631 4062 ε
691 4008 755 4063 6ι
796 4004 964 4066 idem
1012 4005 1142 4065 fere
1190 4005 1495 4084 contingit
1548 4007 1798 4085 quando

259 4101 647 4157 mercatores
684 4096 747 4156 in
789 4096 1078 4176 ingressu
1107 4098 1279 4159 urbis
1306 4098 1556 4160 solvunt
1583 4099 1801 4178 gabel-

259 4189 392 4250 lam
429 4207 505 4249 ex
542 4188 855 4250 mercibus
885 4208 1041 4270 quas
1070 4196 1287 4269 postea
1314 4193 1520 4253 carius
1549 4211 1690 4252 eam
1719 4194 1799 4254 ob

259 4298 522 4344 causam
549 4282 833 4343 vendunt
868 4284 1057 4344 etiarn
1086 4283 1348 4345 clericis,
1382 4286 1561 4346 Ratio
1591 4289 1802 4346 autem

261 4381 389 4451 est,
443 4375 592 4455 quia
627 4379 780 4438 tunc
821 4394 936 4437 nec
963 4378 1034 4438 fit
1059 4377 1296 4439 directe
1326 4382 1544 4440 contra
1571 4378 1798 4439 immu-

259 4471 559 4547 nitatem,
619 4487 765 4529 cum
807 4470 962 4530 nibil
1009 4474 1327 4550 petatura
1353 4470 1582 4533 clerico
1609 4518 1624 4549 ,
1684 4490 1800 4533 nec

257 4563 455 4625 etiam
479 4561 818 4640 indirecte,
857 4580 1002 4623 cum
1031 4581 1156 4623 non
1187 4566 1434 4641 petatur
1463 4582 1500 4622 a
1528 4563 1685 4624 laico
1718 4565 1798 4624 ad

258 4674 408 4716 eum
437 4658 627 4716 finem
652 4702 668 4733 ,
701 4660 773 4717 ut
799 4660 1257 4734 consequenter
1282 4656 1484 4717 solvat
1510 4657 1793 4718 clericuS.

257 4750 632 4811 Immunitas
681 4752 893 4809 autem
949 4749 1318 4809 clericorum
1387 4767 1511 4810 non
1564 4750 1802 4829 obligat

256 4843 610 4922 principem
638 4840 891 4918 laicum,
933 4847 1002 4903 ut
1029 4841 1184 4902 nihil
1212 4847 1386 4921 petat
1414 4861 1450 4902 a
1478 4842 1652 4904 laicis
1675 4890 1690 4920 ,
1723 4863 1799 4904 ex

258 4954 386 5016 quo
431 4940 889 5014 consequenter
932 4935 1143 4996 clerici
1196 4935 1450 5016 aliquod
1498 4936 1797 4998 damnum

256 5029 572 5101 sentiant;
625 5028 745 5089 hoc
775 5028 941 5089 enim
980 5034 1074 5090 est
1100 5029 1230 5090 fere
1256 5029 1638 5108 impossibile
1662 5076 1678 5107 ,
1729 5035 1798 5092 ut

258 5121 558 5197 diximuS,
592 5138 736 5181 cum
764 5139 839 5180 ex
867 5120 1147 5200 qualibet
1172 5122 1420 5199 gabella
1450 5140 1798 5202 consequa-

253 5220 396 5290 tur,
450 5213 620 5294 quod
663 5213 808 5274 laici
852 5214 1105 5274 aliunde
1144 5216 1264 5275 sibi
1308 5215 1639 5294 providere
1687 5216 1797 5277 de-

256 5309 454 5369 beant
503 5307 644 5386 plus
695 5305 1002 5385 exigendo
1057 5306 1126 5366 -in
1184 5308 1321 5369 aliis
1374 5308 1796 5369 contractibus

256 5401 454 5462 etiam
482 5417 625 5460 cum
652 5399 919 5477 clericis,
952 5400 1062 5460 sed
1089 5401 1291 5462 solum
1319 5401 1556 5479 obliget
1583 5420 1660 5462 ne
1690 5419 1795 5480 pe-

257 5497 353 5555 tat
378 5491 619 5572 aliquid
648 5511 685 5553 a
714 5492 940 5554 clerico
973 5493 1097 5555 ullo
1125 5494 1338 5572 modo,
1373 5512 1575 5574 neque
1606 5495 1795 5558 etiam

3321 302 3438 359 655

1901 487 1937 528 a
1967 468 2141 529 laicis
2172 469 2233 529 in
2265 469 2339 529 iis
2367 469 2885 547 circumstantiis,
2934 491 3076 552 quae
3106 473 3440 535 ostendant

1896 562 1963 621 id
1989 562 2124 622 fieri
2159 567 2226 623 ut
2255 568 2714 642 consequenter
2741 565 2978 645 aliquid
3009 566 3373 628 extrahatur
3396 585 3438 628 a

1897 655 2169 730 clericis,
2206 656 2376 734 quod
2407 661 2501 717 est
2528 675 2716 735 agere
2746 658 3053 721 indirecte
3081 665 3301 721 contra
3329 659 3438 720 im·

1898 748 2290 809 munitatem.

1976 841 2253 901 Adverto
2285 847 2517 917 autem,
2550 842 2611 901 in
2645 842 2718 903 iis
2746 843 3036 904 omnibus
3062 845 3333 922 casibus,
3366 846 3431 907 in
3564 847 3677 907 143

1896 933 2123 1011 quibus
2153 953 2228 993 ex
2255 936 2620 1011 gravamine
2650 936 2821 996 laicis
2851 937 3142 1015 imposito
3168 957 3434 1017 gravati·
3508 975 3572 1015 A„
3547 975 3729 1028 nposs'n
3705 980 3749 1018 ῃ,

1893 1030 1996 1087 tur
2018 1033 2476 1106 consequenter
2502 1028 2712 1088 clerici
2739 1030 2945 1090 carius
2973 1035 3289 1108 ementes,
3333 1033 3430 1093 vel
3507 1028 3732 1133 winih-u:

1896 1119 2222 1198 quodlibet
2248 1120 2418 1180 aliud
2461 1140 2620 1181 onus
2648 1122 3027 1200 subeuntes,
3074 1142 3201 1185 non
3248 1143 3430 1204 posse
3496 1135 3607 1177 aliun
3609 1135 3661 1177 ¹¹0
3679 1094 3759 1178 αἰξί

1893 1211 2211 1291 prohiberi
2243 1213 2505 1291 clericis,
2524 1232 2600 1273 ne
2629 1214 2882 1275 aliunde
2911 1216 3029 1276 sibi
3059 1217 3432 1296 provideant
3499 1200 3596 1243 pm*
3573 1148 3733 1232 ’ὦῶ

1894 1303 1971 1363 de
2001 1303 2120 1364 illis
2149 1305 2368 1381 rebuS,
2402 1307 2452 1366 si
2485 1307 2761 1384 possint,
2808 1326 2870 1369 v.
2903 1327 2966 1386 g.
3000 1309 3052 1369 si
3082 1309 3255 1370 laicis
3285 1330 3431 1372 ven-

1892 1396 2185 1457 dentibus
2232 1416 2454 1459 carnes
2475 1448 2489 1475 ,
2539 1399 2636 1459 vel
2664 1400 2881 1460 vinum
2928 1401 3275 1481 imponitur
3314 1423 3431 1483 gae

1892 1489 2057 1550 bella
2086 1509 2212 1551 non
2241 1490 2470 1552 iutuitu
2498 1491 2871 1554 clericorum
2893 1539 2909 1571 ,
2961 1513 3077 1555 nec
3118 1501 3186 1556 ut
3213 1496 3255 1556 ii
3285 1515 3433 1558 eon-

1891 1588 2227 1662 sequenter
2252 1584 2521 1661 solvant,
2552 1602 2677 1645 non
2704 1604 2889 1665 posse
2916 1586 3233 1665 prohiberi
3263 1590 3431 1669 qnod

1894 1676 2101 1736 clerici
2145 1678 2389 1755 possint
2433 1678 2663 1738 afferre
2693 1679 2811 1739 sibi
2839 1679 3056 1740 vinum
3085 1681 3183 1742 vel
3206 1701 3432 1745 emes

1895 1768 2147 1829 aliunde
2171 1816 2188 1847 ,
2239 1775 2311 1831 ut
2334 1770 2577 1831 meliori
2608 1772 2810 1850 pretio
2838 1791 2914 1833 ea
2942 1773 3220 1837 habeant
3251 1798 3265 1838 :
3312 1777 3433 1838 hoc

1895 1861 2062 1921 enim
2092 1867 2259 1924 esset
2285 1862 2522 1924 directe
2550 1881 2817 1941 gravare
2847 1866 3106 1927 clericos
3127 1869 3432 1930 contrali·

1894 1954 2202 2015 bertatem
2216 1974 2404 2034 quam
2427 1955 2661 2017 babent
2688 1957 3060 2035 providendi
3088 1960 3205 2021 sibi
3236 1961 3433 2021 uude-

1896 2065 2165 2127 cumque
2192 2048 2524 2109 voluerint.
2579 2049 2899 2127 Similiter,
2934 2052 2986 2111 si
3014 2071 3124 2111 rex
3152 2058 3434 2115 :esem-et

1895 2140 2012 2201 sibi
2043 2140 2158 2201 soli
2187 2146 2562 2219 potestatem
2591 2142 2860 2203 faciendi
2894 2144 3199 2221 chartam,
3226 2151 3294 2207 ut
3319 2165 3435 2225 po-

1895 2238 2030 2294 stea
2061 2238 2246 2295 aucto
2276 2233 2411 2313 ejus
2453 2235 2655 2314 pretio
2700 2236 2946 2296 lucrum
2993 2237 3308 2301 deserviat
3349 2240 3432 2301 ad

1895 2327 2330 2389 necessitatem
2360 2328 2678 2406 publicam
2703 2374 2718 2404 ,
2771 2329 2979 2389 clerici
3018 2350 3143 2392 non
3175 2338 3436 2410 possunt

1896 2418 2237 2498 prohiberi,
2263 2438 2341 2479 ne
2370 2421 2487 2481 sibi
2518 2420 2799 2482 chartam
2828 2422 3062 2486 faciant
3090 2425 3141 2484 si
3168 2426 3427 2504 possint,

1895 2512 1994 2572 vel
2024 2512 2262 2573 meliori
2293 2512 2481 2573 modo
2510 2513 2906 2592 provideant,
2942 2516 3089 2595 quia
3124 2517 3242 2578 hoc
3268 2523 3433 2579 essct

1896 2608 2115 2665 contra
2142 2623 2361 2665 eorum
2390 2605 2850 2667 immunitatem
2877 2613 2941 2669 et
2971 2609 3345 2687 libertatem,
3371 2616 3435 2672 et

1894 2699 1983 2759 sic
2014 2698 2091 2758 de
2130 2699 2267 2758 aliis
2295 2699 2601 2760 similibus
2635 2698 3050 2778 judicandum
3079 2704 3216 2763 erit.
3277 2705 3432 2764 Item

1895 2791 2147 2871 quando
2178 2796 2558 2854 mercatores
2589 2795 2916 2854 afferentes
2937 2795 3177 2874 aliquas
3191 2815 3433 2857 merces

1896 2885 2147 2947 solvunt
2173 2885 2483 2964 gabellam
2532 2884 2595 2945 in
2642 2886 2931 2964 ingressu
2951 2935 2966 2964 ,
3020 2894 3090 2949 et
3134 2889 3275 2950 ideo
3324 2908 3432 2952 eas

1895 2981 2114 3057 postea
2160 2978 2366 3039 carius
2411 2977 2725 3053 vendunt,
2785 2998 2907 3040 non
2956 2986 3220 3058 possunt
3265 2982 3432 3042 enim

1895 3071 2102 3132 clerici
2136 3071 2451 3150 prohiberi
2482 3072 2652 3150 quod
2678 3072 3041 3135 faciantsibi
3072 3092 3433 3136 easmerces

1894 3165 2103 3226 afferri
2130 3165 2368 3246 absque
2397 3164 2523 3226 ullo
2554 3183 2744 3227 onere
2784 3166 3067 3228 solvendi
3087 3166 3427 3247 gabe-llam,

1896 3259 2170 3338 alioquin
2194 3261 2329 3338 jam
2359 3259 2711 3337 exigeretur
2739 3278 2776 3319 a
2805 3260 3053 3322 clerico.

1975 3352 2179 3412 Infero
2228 3353 2446 3412 ultimo
2472 3397 2487 3428 ,
2549 3352 2801 3431 quando
2848 3353 3133 3415 similiter
3172 3373 3302 3417 nou
3350 3375 3429 3415 ex
3579 3379 3693 3438 144

1894 3445 2040 3519 fine,
2084 3449 2154 3505 ut
2180 3444 2384 3504 clerici
2417 3445 2817 3506 contribuant
2845 3445 3169 3525 indirecte,
3223 3467 3427 3528 neque
3683 3504 3719 3546 ἰ

1895 3536 1959 3596 in
1989 3536 2470 3597 circumstantiis
2517 3555 2655 3615 quae
2694 3538 2884 3598 talem
2913 3539 3192 3599 animum
3222 3544 3430 3601 osten-
3495 3502 3756 3654 Εωωὲςιι-

1896 3630 2070 3704 daut,
2104 3629 2444 3708 imponitur
2462 3629 2706 3708 gabella
2728 3630 3201 3693 omnibuslaicis
3223 3612 3775 3718 6η16η-,Ηρωηιὲἕῦ

1894 3721 2061 3782 tibus
2090 3740 2334 3799 carneS,
2367 3723 2618 3800 vinum,
2652 3726 2715 3784 et
2741 3724 2968 3784 similia
2991 3726 3429 3804 ,probabilem

1894 3816 2084 3877 etiam
2131 3833 2267 3874 esse
2313 3816 2683 3877 sententiam
2712 3816 2883 3877 illam
2910 3835 3309 3880 communem
3339 3819 3433 3879 d1-

1896 3911 2144 3969 centem
2170 3957 2184 3982 ,
2218 3926 2343 3968 non
2373 3926 2509 3969 esse
2540 3913 2760 3970 contra
2787 3908 3248 3972 immunitatem
3276 3912 3329 3972 si
3357 3930 3433 3971 ea

1894 4002 2140 4082 gabella
2169 4002 2455 4080 exigatur
2483 4020 2520 4062 a
2546 4001 2706 4063 laico
2730 4047 2745 4078 ,
2780 4002 3031 4082 quando
3063 4004 3215 4065 emit
3242 4005 3432 4066 etiam

1894 4115 1933 4157 a
1963 4095 2210 4156 clerico.
2247 4095 2424 4156 Ratio
2457 4099 2668 4156 autem
2698 4099 2792 4156 est
2818 4095 3038 4156 eadem
3058 4143 3074 4174 ,
3110 4098 3256 4176 quia
3283 4103 3432 4159 tune

1896 4188 2050 4248 nihil
2079 4188 2347 4266 exigitur
2374 4207 2413 4249 a
2441 4187 2667 4249 clerico
2692 4235 2708 4264 ,
2767 4188 2877 4249 sed
2907 4207 2944 4249 a
2974 4190 3104 4250 solo
3144 4190 3308 4252 laico
3356 4209 3432 4251 ex

1900 4281 2085 4342 rebus
2112 4282 2281 4357 suiS,
2344 4300 2546 4360 neque
2590 4281 2653 4341 id
2693 4283 2764 4342 fit
2808 4286 2878 4343 ut
2917 4283 3179 4344 clericus
3206 4284 3431 4345 contri-

1895 4375 2069 4451 buat,
2103 4393 2219 4435 nec
2258 4377 2393 4453 eJus
2422 4374 2673 4449 intuitu,
2708 4379 2778 4436 ut
2803 4394 3088 4455 suppono
3124 4397 3136 4438 ε
3173 4383 3236 4440 6ι
3263 4377 3432 4438 idem

1896 4469 2025 4529 fere
2053 4468 2304 4529 videtur
2331 4486 2465 4528 esse
2495 4468 2747 4548 quando
2772 4469 3023 4547 gabella
3053 4470 3324 4550 exigitur
3352 4471 3432 4531 ab

1896 4561 2367 4623 extrahentibus
2398 4580 2471 4620 ex
2501 4561 2802 4638 confinio,
2834 4563 2935 4622 vel
2965 4582 3038 4623 ex
3067 4563 3317 4625 civitate
3345 4563 3432 4623 vi-

1897 4673 2070 4731 num,
2090 4655 2188 4716 vel
2208 4655 2619 4727 frumentum3
2657 4672 2803 4713 nam
2830 4654 2978 4716 licet
3002 4672 3078 4714 ea
3107 4657 3432 4719 occasione

1895 4748 2236 4827 aliquando
2283 4747 2465 4808 vilius
2506 4746 2740 4807 vendat
2784 4765 2882 4806 res
2929 4765 3072 4807 suas
3103 4793 3119 4825 ,
3176 4753 3435 4828 propter

1896 4859 2053 4901 onus
2100 4840 2269 4919 quod
2320 4845 2633 4920 emptores
2662 4839 2857 4900 exteri
2888 4838 3124 4901 habent
3150 4840 3431 4902 solvendi

1894 4938 2113 5014 postea
2142 4933 2455 5012 gabellam
2476 4979 2492 5011 ,
2544 4932 2796 5012 quando
2826 4950 2927 4992 res
2957 4936 3199 5011 emptas
3226 4938 3434 4995 extra·

1891 5025 2076 5100 hent3
2110 5025 2176 5086 id
2204 5031 2412 5086 tamen
2444 5031 2539 5087 est
2562 5045 2677 5105 per
2704 5025 3017 5103 accidens,
3052 5043 3169 5087 nec
3194 5045 3233 5087 a
3260 5027 3436 5088 cleri-

1893 5138 1966 5181 co
1997 5119 2059 5179 id
2092 5119 2380 5198 exigitur,
2415 5119 2525 5179 sed
2554 5137 2593 5179 a
2620 5119 2801 5195 laico,
2835 5124 3168 5199 postquam
3191 5139 3291 5180 res
3306 5120 3432 5180 5211ae

1892 5230 2022 5274 suae
2053 5215 2219 5272 sunt.

1975 5303 2134 5381 Dixi,
2167 5304 2518 5366 doctrinam
2546 5304 2770 5365 harum
2786 5305 3054 5366 duarum
3082 5304 3430 5366 illationum

1893 5397 2287 5479 probabilem
2335 5416 2501 5476 esse,
2562 5398 2709 5477 quia
2757 5399 3067 5460 sententia
3115 5398 3431 5462 contraria

1895 5491 2236 5572 probabilis
2266 5492 2454 5553 etiam
2482 5496 2613 5567 est,
2664 5496 2727 5554 et
2756 5491 2949 5555 habet
2974 5511 3090 5571 pro
3116 5511 3185 5554 se
3213 5496 3431 5555 aucto-

3560 5312 3678 5375 145
