4263 6376
649 2242 729 2303 40

554 2366 677 2421 Quid,
692 2368 727 2410 si
742 2373 853 2411 met

600 2421 676 2464 tihi
694 2423 816 2486 etiam

635 2487 773 2520 nom.

652 4465 719 4523 41

580 4589 646 4632 An
667 4595 823 4644 petere.

581 4648 627 4686 ut
644 4645 835 4687 conferes

605 4698 802 4742 officium.

891 301 1006 360 182

891 475 1010 535 hoc
1038 477 1274 539 bonum
1302 482 1583 542 conferre
1614 484 1827 561 possit.
1879 479 2122 562 Excipit
2150 485 2423 545 secundo

890 567 1023 646 ipse
1055 570 1231 631 Salas
1260 591 1320 632 n.
1354 578 1413 633 4.
1461 579 1531 634 ut
1556 593 1679 634 non
1710 576 2011 653 procedat
2038 577 2290 655 quando
2321 595 2426 655 pa-

893 667 1063 721 ctum
1092 663 1189 737 fit,
1244 682 1320 724 ne
1349 667 1765 728 mutuatarius
1804 686 1915 746 pro
1947 669 2173 746 injuria
2203 670 2265 728 in
2295 688 2429 730 cor-

892 770 1064 831 pore,
1101 754 1358 830 honore,
1394 758 1491 817 vel
1523 759 1690 818 fama
1720 760 2208 821 satisfactionem
2236 779 2428 840 pecu-

891 844 1154 906 niariam
1185 839 1394 925 exigat
1425 870 1437 909 ε
1474 850 1619 929 quia
1641 850 1821 928 juxta
1840 853 2148 913 veriorem
2179 858 2429 913 senten-

890 936 1043 997 tiam
1092 959 1213 998 non
1264 941 1529 1002 debetur
1555 943 1915 1021 pecuniaria
1946 945 2281 1006 satisfactio
2314 961 2425 1023 pro

890 1028 1133 1107 injuriis
1169 1032 1231 1091 in
1275 1034 1392 1093 illis
1422 1035 1560 1094 aliis
1591 1035 1898 1096 bonorum
1928 1039 2265 1114 generibus
2295 1038 2430 1096 illa-

891 1120 990 1180 tis,
1030 1124 1175 1183 Haec
1202 1129 1411 1185 tamen
1443 1128 1723 1206 exceptio
1754 1129 1987 1189 inutilis
2009 1130 2105 1189 vel
2137 1130 2293 1190 falsa
2313 1133 2425 1190 est:

893 1213 945 1273 si
976 1214 1141 1274 enim
1174 1223 1425 1293 pactum
1454 1220 1525 1281 fit
1554 1239 1629 1279 ne
1651 1221 1817 1299 apud
1823 1221 2101 1300 judicem
2134 1227 2306 1301 petat
2334 1242 2434 1282 sa-

889 1306 1306 1368 tisfactionem
1362 1313 1808 1389 pecuniariam,
1868 1319 2015 1375 tunc
2070 1321 2167 1375 est
2218 1334 2433 1375 usura·

892 1398 1055 1458 rium
1076 1433 1097 1474 ς
1136 1402 1316 1479 juxta
1348 1423 1534 1482 supra
1565 1406 1764 1478 dicta3
1818 1407 1964 1486 quia
1994 1408 2142 1469 licet
2170 1427 2295 1468 non
2327 1407 2432 1467 de-

892 1491 1120 1552 beatur
1149 1499 1289 1553 ante
1322 1498 1694 1557 sententiam
1736 1499 1877 1559 talis
1918 1500 2293 1572 satisfactio;
2338 1501 2436 1579 ju·

894 1584 1014 1643 dex
1039 1590 1251 1646 tamen
1278 1587 1342 1646 in
1374 1607 1626 1666 poenam
1653 1596 1858 1669 potest
1884 1592 2054 1652 illam
2084 1592 2430 1671 imponere,

897 1680 960 1737 et
986 1681 1399 1740 mutuatarius
1429 1682 1619 1742 habet
1640 1683 1743 1761 jus
1773 1684 1852 1744 ad
1884 1685 1947 1743 id
1979 1703 2193 1745 coram
2216 1685 2433 1764 judice

896 1771 1259 1848 petendum.
1322 1773 1384 1833 Si
1417 1792 1566 1834 vero
1596 1780 1847 1852 pactum
1878 1777 1987 1852 sit,
2040 1797 2118 1837 ne
2145 1782 2321 1838 extra
2337 1780 2436 1856 ju-

895 1861 1126 1922 dicium
1157 1882 1295 1924 eam
1325 1865 1812 1928 satisfactionem
1842 1887 1877 1928 a
1906 1874 1965 1930 te
1995 1875 2188 1948 petat,
2221 1870 2436 1930 inutile

899 1959 993 2015 est
1014 2002 1029 2031 ,
1081 1974 1225 2015 cum
1270 1958 1404 2035 ipso
1437 1959 1625 2019 etiam
1653 1964 1903 2039 petente
1950 1966 2016 2022 tu
2045 1963 2282 2042 absque
2312 1963 2435 2022 ullo

898 2054 1155 2126 peccato
1185 2068 1400 2129 posses
1433 2052 1620 2111 talem
1652 2054 2140 2115 satisfactionem
2158 2073 2280 2114 non
2296 2055 2439 2115 red-

899 2139 1070 2201 dere.

982 2235 1226 2312 Excipit
1251 2236 1431 2296 tertio
1480 2237 1646 2297 idem
1678 2239 1853 2299 Salas
1884 2257 2055 2299 num.
2085 2231 2160 2300 5?
2184 2240 2435 2319 quando

903 2335 1161 2406 propter
1184 2329 1307 2389 litis
1334 2330 1591 2390 dubium
1624 2337 1685 2392 et
1710 2333 2163 2409 difficultatem,
2199 2338 2437 2394 certum

906 2425 1069 2480 esset
1102 2422 1551 2482 mutuatarium
1598 2425 1868 2502 maiores·
1907 2444 2214 2503 expensas
2244 2427 2438 2488 factu·

905 2531 1043 2572 rum
1075 2532 1264 2591 quam
1305 2514 1384 2574 sit
1411 2514 1690 2575 debitum
1712 2563 1726 2591 ,
1779 2535 1890 2593 pro
1931 2535 2054 2595 quo
2084 2521 2292 2579 tecum
2321 2518 2438 2577 liti·

903 2611 1045 2684 gat,
1098 2608 1160 2666 ct
1200 2606 1350 2665 dicit
1403 2625 1525 2666 non
1573 2627 1707 2668 esse
1752 2628 2005 2668 usuram
2035 2610 2086 2668 si
2115 2610 2328 2688 exigas
2359 2610 2437 2670 ab

903 2698 1038 2776 ipso
1070 2698 1237 2776 quod
1269 2717 1302 2756 a
1333 2699 1436 2759 tali
1477 2701 1581 2759 lite
1612 2700 1899 2776 desistat,
1955 2703 2101 2779 quia
2128 2704 2270 2762 talis
2301 2721 2436 2763 ces-

903 2790 1060 2851 satio
1091 2809 1214 2851 non
1246 2796 1339 2850 est
1365 2792 1451 2850 illi
1482 2792 1910 2867 incommoda,
1944 2794 2052 2852 sed
2084 2794 2289 2872 potius
2318 2796 2440 2855 uti-

901 2883 1008 2958 lis,
1043 2884 1328 2962 quamvis
1357 2884 1469 2942 tibi
1501 2884 1684 2943 etiam
1718 2884 1798 2945 sit
1823 2885 2011 2946 utilis.
2073 2889 2218 2947 Haec
2250 2888 2439 2948 etiam

904 2976 1184 3052 exceptio
1225 2993 1350 3034 non
1397 2977 1632 3053 placet,
1695 2978 1841 3056 quia
1882 2996 2005 3038 non
2057 2998 2269 3057 posses
2307 2981 2439 3040 sine

910 3086 1101 3127 usura
1131 3068 1406 3145 obligare
1438 3070 1885 3140 mutuatarium
1934 3070 2011 3129 ad
2043 3073 2442 3133 vendendam

903 3160 1014 3222 tibi
1047 3159 1325 3234 domum,
1358 3161 1544 3222 etiam
1576 3162 1825 3240 quando
1857 3167 2097 3225 certum
2119 3170 2283 3227 esset
2298 3184 2442 3227 ven-

906 3252 1207 3313 ditionem
1235 3272 1368 3313 esse
1401 3254 1483 3314 illi
1517 3256 1932 3333 utilissimam,
1956 3264 2017 3317 et
2043 3259 2176 3317 sine
2206 3259 2443 3337 impru-

907 3344 1120 3405 dentia
1151 3364 1272 3405 non
1306 3346 1533 3407 debere
1591 3348 1876 3409 omittere
1937 3351 2327 3411 occasionem
2376 3352 2443 3411 il-

904 3439 1033 3497 lam
1061 3439 1396 3498 vendendi.
1433 3441 1609 3501 Ratio
1641 3446 1850 3501 autem
1880 3448 1991 3517 est,
2023 3445 2170 3523 quia
2191 3445 2323 3504 sine
2352 3445 2442 3504 in-

897 3531 1068 3609 juria
1112 3549 1234 3590 non
1280 3537 1487 3610 potest
1515 3533 1592 3592 ab
1624 3533 1831 3611 aliquo
1863 3534 2053 3595 invito
2085 3537 2314 3596 auferri
2342 3556 2443 3597 res

904 3642 1040 3699 sua,
1068 3625 1167 3684 vel
1189 3626 1294 3702 jus
1324 3644 1503 3685 suum
1530 3673 1545 3701 ,
1598 3626 1787 3686 etiam
1817 3627 2071 3705 quando
2101 3628 2221 3707 ipsi
2249 3631 2443 3708 maJo-

902 3734 1002 3776 res
1050 3734 1349 3795 expensas
1396 3718 1579 3779 affert
1622 3737 1809 3797 quam
1856 3720 2207 3780 utilitatem.
2289 3723 2441 3782 Cum

904 3827 1053 3887 ergo
1083 3809 1317 3869 haheat
1353 3809 1450 3888 ius
1498 3810 1577 3869 ad
1618 3812 2122 3890 prosequendam
2169 3814 2341 3874 litem
2373 3814 2445 3872 il-

901 3902 1026 3961 lam
1053 3949 1067 3977 ,
1103 3921 1241 3981 quae
1274 3904 1644 3982 supponitur
1674 3922 1797 3964 non
1830 3924 1963 3965 csse
1993 3905 2226 3984 injusta
2247 3951 2262 3982 ,
2315 3925 2443 3967 non

903 3999 1108 4072 potest
1152 3995 1283 4054 sine
1332 3996 1635 4074 injustitia
1672 3997 1812 4073 cogi
1845 3997 1922 4055 ad
1953 3998 2443 4059 renuntiandum

902 4088 1027 4147 tale
1048 4088 1172 4164 jus.
1235 4087 1412 4147 Adde
1434 4135 1447 4162 ,
1502 4088 1667 4166 quod
1709 4089 1917 4149 adhuc
1949 4090 2011 4148 in
2043 4108 2115 4149 eo
2148 4109 2298 4151 casu
2329 4111 2443 4168 po-

902 4179 1123 4239 tuisset
1145 4180 1280 4257 ipse
1310 4181 1577 4258 pretium
1608 4200 1646 4240 a
1673 4186 1734 4240 te
1764 4182 2070 4261 accipere,
2091 4187 2162 4244 ut
2184 4183 2444 4245 desiste-

903 4275 1066 4331 reta
1095 4273 1371 4343 talilite;
1432 4292 1581 4351 ergo
1627 4275 1891 4336 cessatio
1921 4294 1960 4335 a
1988 4276 2094 4335 lite
2143 4276 2351 4337 adhuc
2379 4277 2442 4337 in

903 4381 978 4424 eo
1008 4383 1154 4424 casu
1183 4371 1276 4425 est
1303 4366 1501 4444 pretio
1533 4367 1939 4428 aestimabilis.

982 4458 1252 4518 infertur
1279 4459 1552 4519 secundo
1574 4507 1593 4532 ,
1646 4465 1897 4538 pactum
1928 4460 2006 4521 de
2035 4461 2374 4523 obtinendo
2405 4481 2443 4523 a

902 4552 1301 4628 mutuatario,
1323 4552 1421 4611 vel
1443 4552 1576 4631 ejus
1594 4571 1782 4631 opera
1813 4554 2017 4615 officio
2045 4555 2277 4634 aliquo,
2305 4574 2439 4617 esse

904 4646 1289 4704 usurarium:
1326 4646 1444 4706 hoc
1475 4650 1568 4706 est
1596 4650 1809 4706 contra
1840 4650 2186 4707 Navarram
2215 4649 2433 4710 lib.IlI.

896 4735 966 4796 de
991 4736 1179 4799 restit.
1215 4755 1268 4797 c.
1305 4754 1371 4797 11.
1408 4757 1470 4798 n.
1504 4741 1641 4799 287.
1677 4742 1738 4798 et
1770 4739 2024 4799 Adrian.
2055 4739 2116 4799 in
2139 4757 2223 4800 xv.
2251 4745 2432 4802 tract.

895 4829 965 4890 cle
990 4830 1203 4905 usurl'S,
1236 4832 1291 4908 ἓ.
1328 4829 1434 4889 Ex
1457 4830 1544 4890 leis
1570 4830 1901 4908 suboritur,
1934 4832 2041 4911 qui
2085 4833 2146 4891 id
2177 4839 2431 4912 negant,

896 4924 1148 5003 quando
1180 4925 1417 4983 fructus
1449 4924 1638 4983 officii
1686 4943 1807 4984 non
1857 4925 2169 4986 excedunt
2212 4945 2435 5005 operas

896 5020 958 5077 et
986 5035 1309 5094 expensas
1375 5016 1735 5076 Communis
1787 5022 1993 5077 tamen
2034 5020 2344 5079 sententia
2372 5020 2434 5080 id

894 5109 957 5167 in
989 5110 1153 5169 omni
1186 5109 1392 5169 officio
1426 5108 1750 5183 concedit,
1787 5128 1974 5187 quam
2007 5129 2150 5171 cum
2182 5112 2317 5171 aliis
2346 5116 2433 5172 te-

896 5207 1046 5261 nent
1093 5202 1321 5262 Melina
1364 5202 1524 5279 disp.
1559 5204 1698 5262 310.
1733 5203 1848 5262 col.
1889 5203 1994 5261 ult.
2054 5205 2223 5263 LeSS.
2277 5204 2425 5266 dub.

898 5312 980 5354 lx.
1017 5295 1189 5355 Salas
1221 5295 1370 5354 dub.
1405 5311 1541 5354 xm.
1579 5299 1764 5355 nu.2.
1805 5295 2147 5372 praesertim
2180 5298 2430 5375 quando

802 5404 812 5413 ·
894 5388 1309 5448 mutuatarius
1351 5388 1505 5447 illud
1556 5389 1831 5448 officium
1863 5388 2166 5465 potuisset
2192 5390 2310 5449 sibi
2337 5410 2430 5450 re-

895 5480 1092 5540 tinere
1120 5486 1230 5541 aut
1254 5481 1527 5542 vendere
1559 5501 1572 5540 ε
1609 5481 1853 5559 cogitur
1907 5481 2073 5541 enim
2119 5483 2199 5542 ad
2231 5484 2431 5561 'susti-

2052 309 2153 368 DE
2196 310 2546 371 JUSTITIA
2595 310 2694 369 ΕΤ
2736 309 2936 370 JURE

2522 486 2799 545 nendum
2829 502 3129 562 magnum
3159 501 3316 543 onus
3354 502 3590 543 novum
3637 487 3886 560 propter
3918 499 4027 539 mu·

2520 583 2721 640 tuum.
2783 580 2858 638 Et
2898 577 3046 637 licet
3086 577 3236 637 dare
3289 576 3550 637 deberet
3597 576 3868 636 officium
3902 573 4027 632 illud

2523 670 2731 745 alicui,
2766 670 3050 749 privatur
3082 674 3289 729 tamen
3320 688 3433 728 sua
3479 668 3772 728 libertate
3801 666 3878 725 ad
3906 683 4030 724 con-

2522 762 2856 822 ferendum
2885 761 3079 820 libere
3111 761 3208 820 cui
3237 761 3455 836 vellet,
3505 760 3672 839 quod
3703 760 3892 820 etiam
3916 775 4027 815 ma-

2522 873 2715 934 gnum
2746 873 2904 914 onus
2933 857 3044 914 est.

2606 947 2937 1006 Dubitatur
2963 951 3174 1006 tamen
3205 947 3368 1006 circa
3401 946 3519 1006 hoc
3550 944 3777 1024 primo,
3804 961 3879 1000 an
3908 961 4028 1001 usu·
4124 956 4137 1009 l

2525 1039 2726 1099 rarius
2755 1038 2961 1097 valide
3002 1039 3268 1117 accipiat
3301 1039 3574 1098 offic-ium
3617 1036 3810 1096 illud?
3861 1037 4033 1110 Negat
4066 1076 4136 1116 A„

2526 1131 2758 1193 Molina
2786 1131 2904 1191 loc.
2939 1131 3040 1191 cit.
3078 1136 3141 1191 et
3167 1133 3337 1191 Less.
3374 1150 3435 1191 n.
3465 1134 3564 1191 62.
3617 1127 3864 1189 collatio
3892 1128 4032 1185 enim
4065 1132 4137 1234 «ᾖ

2528 1223 2950 1284 involuntaria
2990 1228 3085 1283 est
3131 1227 3191 1283 et
3237 1223 3619 1282 insufficiens
3667 1221 3748 1280 ad
3799 1220 4034 1281 transfe-

2530 1317 2795 1376 rendum
2823 1315 3167 1375 dominium
3200 1316 3415 1388 officii;
3463 1335 3575 1394 pro
3607 1334 3729 1394 qua
3760 1312 4037 1373 sententia

2534 1410 2711 1470 Salas
2740 1428 2801 1469 n.
2835 1412 2893 1468 5.
2930 1410 3109 1469 affert
3136 1409 3367 1468 Media.
3401 1408 3558 1469 Lud.
3591 1410 3800 1485 Lopez
3824 1452 3839 1481 ,
3890 1403 4038 1464 Gras-

2531 1503 2706 1576 fium,
2739 1502 2864 1560 imo
2896 1505 2958 1561 et
2986 1502 3048 1562 S.
3082 1501 3197 1561 Th.
3233 1520 3445 1579 opusc.
3479 1517 3605 1560 xxi.
3643 1500 3724 1558 ad
3746 1497 4037 1557 Ducissam

2531 1593 2888 1655 Brabantiae
2945 1593 3256 1654 dicentem
3291 1610 3305 1654 ε
3378 1593 3496 1654 «Si
3529 1593 3650 1652 hoc
3699 1599 3881 1669 pacto
3925 1608 4039 1646 mu-

2531 1690 2710 1747 tuum
2738 1686 2910 1761 dant,
2943 1690 3012 1746 ut
3031 1686 3305 1745 officium
3333 1684 3663 1763 accipiant,
3690 1684 3923 1761 absque
3950 1681 4038 1740 du·

2533 1778 2635 1837 bio
2665 1781 2916 1856 pactum
2945 1781 3040 1837 est
3065 1777 3417 1837 usurarium
3438 1824 3453 1853 ,
3510 1777 3659 1855 quia
3707 1793 3821 1854 pro
3851 1777 4038 1832 mutuo

2536 1870 2851 1948 accipiunt
2879 1869 3067 1928 officii
3093 1873 3489 1947 potestatem.
3522 1868 3702 1930 Unde
3734 1868 3797 1926 in
3829 1866 3940 1925 hoc
3958 1865 4042 1924 (la-

2534 1966 2637 2023 tur
2667 1962 2755 2021 eis
2784 1961 3026 2021 occasio
3055 1961 3356 2039 peccandi
3381 2008 3397 2036 ,
3450 1965 3512 2021 et
3557 1960 3676 2038 ipsi
3705 1959 3895 2020 etiam
3921 1965 4042 2018 tunc

2533 2060 2829 2116 tenentur
2875 2053 3193 2132 resignare
3235 2053 3509 2113 officium
3554 2052 3766 2113 taliter
3811 2051 4040 2130 acquisi-

2535 2151 2691 2208 tum.
2724 2170 2752 2203 »
2809 2149 2877 2207 In
2906 2146 2980 2205 iis
3008 2150 3219 2206 tamen
3249 2146 3456 2206 verbis
3487 2148 3550 2207 S.
3585 2146 3702 2205 Th.
3741 2163 3867 2204 non
3894 2144 4040 2217 dic-it,

2535 2239 2813 2300 validam
2859 2257 2985 2299 non
3031 2239 3221 2298 fuisse
3277 2239 3717 2314 collationem,
3779 2238 3888 2313 sed
3932 2255 4042 2296 esse

2535 2331 2977 2409 obligationem
3003 2331 3384 2408 resignandi,
3418 2331 3496 2390 de
3527 2348 3650 2410 quo
3681 2334 3916 2410 postea.
3947 2328 4043 2388 Alii

2534 2430 2745 2487 tamen
2778 2424 2994 2483 dicunt
3026 2422 3296 2482 validam
3326 2442 3460 2483 esse
3504 2424 3898 2483 collationem
3919 2470 3933 2496 ,
3975 2422 4045 2481 ita

2535 2521 2811 2595 Aragon.
2845 2521 2906 2576 et
2929 2515 3196 2577 Conrad.
3231 2535 3388 2595 quos
3419 2517 3598 2576 affert
3621 2562 3637 2590 ,
3688 2519 3752 2575 et
3797 2515 4046 2595 sequitur

2539 2611 2715 2671 Salas
2745 2629 2807 2670 n.
2844 2612 2898 2669 1.
2934 2613 2997 2669 et
3022 2611 3080 2670 5.
3129 2614 3191 2670 et
3218 2610 3305 2670 ita
3349 2609 3504 2668 mihi
3535 2609 3874 2669 dicendum
3905 2608 4044 2666 vide·

2535 2704 2839 2781 turjuxta
2867 2720 2940 2762 ea
2982 2721 3121 2781 quae
3164 2702 3431 2762 diximus
3462 2702 3621 2781 disp.
3658 2719 3812 2763 xxm.
3845 2701 3912 2760 de
3935 2720 4047 2760 con-

2538 2803 2710 2857 tract.
2744 2795 2803 2854 in
2830 2813 3056 2874 qenere,
3086 2799 3236 2856 sect.
3277 2811 3387 2854 vu.
3423 2794 3528 2855 ubi
3561 2794 3832 2873 amplexi
3863 2810 4046 2853 sumus

2539 2888 2910 2948 sententiam
2940 2888 3129 2962 illam,
3159 2887 3325 2966 quod
3347 2892 3706 2948 contractus
3733 2904 3857 2945 non
3875 2886 4044 2946 solum

2541 2979 2824 3057 onerosi,
2876 2981 2986 3040 sed
3034 2981 3221 3041 etiam
3265 2980 3520 3057 gratuiti
3549 2980 3700 3041 facti
3727 2998 3873 3039 cum
3900 2979 4047 3037 invo-

2539 3074 2809 3134 luntario
2853 3073 3046 3134 mixto
3095 3074 3282 3133 etiam
3314 3091 3389 3131 ex
3417 3078 3588 3133 metu
3618 3073 3849 3150 injuste
3880 3073 4042 3142 illata,

2541 3184 2666 3226 non
2691 3169 2835 3227 sunt
2863 3165 2940 3225 de
2964 3165 3106 3245 jure
3138 3169 3374 3226 naturae
3405 3164 3597 3239 irriti,
3654 3183 3858 3243 neque
3886 3163 4046 3224 etiam

2542 3259 2619 3317 de
2642 3258 2783 3337 jure
2813 3259 3080 3338 positivo
3100 3306 3115 3335 ,
3152 3258 3265 3318 nisi
3298 3258 3489 3336 aliqui
3518 3258 3938 3335 peculiariter,
3957 3275 4040 3315 ex-

2541 3352 2725 3429 cepti,
2758 3351 2869 3411 sed
2895 3352 3094 3411 solum
3126 3351 3412 3412 irritandi
3448 3355 3511 3410 et
3528 3350 3944 3410 rescindendi.
3996 3348 4046 3408 Si

2541 3462 2689 3521 ergo
2718 3444 2978 3503 collator
3006 3443 3226 3504 habuit
3253 3443 3664 3504 intentionem
3713 3441 4046 3503 conferendi

2540 3537 2837 3611 officium,
2869 3535 3074 3596 valide
3099 3536 3251 3595 illud
3282 3536 3564 3596 contulit.

2623 3629 2746 3690 Sed
2775 3628 3094 3689 dubitatur
3122 3629 3419 3704 secunde,
3445 3647 3525 3688 an
3554 3629 3634 3689 sit
3661 3628 3952 3706 obligatio
3971 3646 4044 3686 re·

2541 3720 2837 3783 stituendi
2857 3726 2919 3781 et
2946 3721 3251 3780 reddendi
3279 3722 3551 3782 officium
3583 3722 3737 3781 illud
3767 3720 4048 3782 collatori?

2542 3815 2877 3876 Affirmant
2913 3831 3054 3873 cum
3087 3814 3149 3874 S.
3185 3814 3301 3874 Th.
3346 3813 3449 3872 ubi
3497 3833 3690 3892 supra
3713 3860 3727 3889 ,
3789 3814 4048 3874 doctores

2540 3925 2731 3985 supra
2751 3906 2944 3967 citati.
2979 3908 3225 3984 Negant
3253 3907 3451 3981 SalaS,
3501 3911 3777 3984 Aragon.
3813 3914 3875 3968 et
3912 3909 4046 3966 Con·

2541 4001 2732 4061 radus
2777 4015 2965 4079 supra
2995 3999 3249 4060 adducti
3300 4018 3315 4063 ε
3374 4000 3438 4060 hi
3467 4004 3676 4060 tamen
3708 4001 3833 4061 duo
3862 4001 4049 4059 dicunt

2540 4094 2769 4154 debere
2814 4093 3058 4152 restitui
3113 4093 3391 4153 collatori
3448 4093 3684 4173 aliquid
3715 4112 3823 4172 p.o
3853 4110 4046 4171 grava·

2539 4186 2706 4246 mine
2735 4185 3152 4262 obligationis,
3183 4204 3375 4265 quam
3403 4187 3567 4246 ultra
3596 4192 3826 4247 sortem
3858 4185 4042 4255 subiit,

2543 4279 2621 4338 ad
2670 4278 2996 4339 arbitrium
3043 4278 3188 4338 boni
3226 4278 3364 4339 viri.
3426 4280 3557 4356 Ego
3614 4284 4046 4358 consequenter

2541 4371 3053 4449 distinguendum
3082 4371 3365 4431 existimo
3428 4391 3441 4431 :
3503 4390 3649 4430 nam
3679 4372 3730 4431 si
3762 4371 3908 4430 illud
3935 4368 4045 4429 offi-

2541 4465 2707 4524 cium
2737 4468 2940 4542 potest
2970 4463 3274 4539 resignari
3303 4464 3809 4539 mutuatario‚ita
3837 4468 3902 4523 ut
3929 4480 4044 4541 pos·

2541 4556 2620 4617 sit
2648 4556 2799 4616 dare
2838 4557 3067 4616 iterum
3097 4556 3246 4615 illud
3278 4557 3379 4616 cui
3411 4557 3717 4633 voluerit,
3752 4557 3932 4617 credo
3954 4556 4045 4614 de-

2537 4649 2685 4709 bere
2715 4648 2778 4709 id
2806 4649 2964 4725 fieri,
2998 4649 3145 4727 quia
3174 4648 3399 4727 injuste
3429 4649 3711 4727 privatus
3739 4650 3851 4710 fuit
3876 4649 4040 4708 liber·

2535 4747 2662 4804 tate
2706 4742 3064 4801 conferendi
3108 4741 3257 4801 illud
3289 4742 3390 4802 cui
3418 4743 3606 4802 vellet
3637 4764 3652 4803 :
3689 4743 3924 4822 quoties
3952 4758 4044 4799 au-

2534 4838 2661 4895 tem
2684 4838 2891 4913 potest
2918 4835 3004 4895 ita
3032 4834 3295 4911 restitui,
3321 4839 3390 4895 ut
3409 4835 3515 4914 qui
3538 4855 3762 4913 passus
3789 4842 3878 4896 est
3903 4832 4044 4911 inju-

2533 4928 2689 4987 riam
2712 4973 2727 5002 ,
2779 4928 2842 4985 in
2873 4927 3204 5005 pristinum
3233 4931 3462 4988 statum
3492 4929 3857 4999 reducatur;
3889 4925 3963 4986 ad
3990 4924 4039 4983 id

2534 5038 2684 5081 sane
2713 5020 2948 5097 obligat
2969 5019 3232 5097 justitia,
3256 5039 3393 5099 quae
3417 5021 3535 5080 1100
3564 5022 3944 5098 potissimum
3969 5019 4042 5076 in-

2532 5112 2753 5189 tendit,
2787 5117 2856 5174 ut
2886 5131 3067 5172 nemo
3097 5113 3302 5173 minus
3331 5113 3560 5174 habeat
3591 5133 3782 5193 quam
3808 5112 4040 5174 anteiti-

2526 5205 2761 5283 juriam
2791 5204 3049 5265 deberet
3076 5205 3309 5266 habere
3345 5226 3358 5267 :
3392 5207 3444 5266 si
3473 5225 3625 5284 ergo
3656 5211 3856 5286 potest
3884 5202 4038 5264 reddi

2531 5298 2794 5358 facult-as
2821 5297 3018 5357 libera
3047 5298 3128 5357 ad
3156 5299 3604 5359 conferendum
3633 5300 4037 5377 officiumque-

2530 5390 2653 5450 lem
2683 5390 2855 5470 prius
2886 5389 3191 5467 habebat,
3242 5391 3376 5451 haec
3421 5392 3679 5452 omnino
3728 5412 3796 5452 ex
3817 5390 4035 5471 justitia

2529 5483 2854 5543 reddenda
2881 5483 3146 5544 videtur.
3208 5484 3270 5545 Si
3312 5502 3459 5544 vero
3515 5503 3642 5544 non
3692 5485 3876 5564 possit
3909 5481 4036 5542 resi-
