4263 6376
1277 325 1745 385 DISPUTA'PIO
1792 326 2007 403 XXVI,
2057 325 2331 384 SEC'PIO
2376 324 2478 386 lv.

293 506 452 566 artic.
485 508 539 564 2.
580 506 640 563 et
665 502 865 581 Major
892 502 1111 562 eadem
1161 502 1300 562 dist.
1337 505 1555 581 quaaest.
1590 517 1676 561 lv.
1712 499 1798 559 di-

295 602 446 671 cunt,
480 595 725 675 quando
758 614 856 655 res
894 613 930 654 a
984 595 1436 654 mercatoribus
1484 594 1795 669 venditur,

295 690 538 769 pretium
563 687 800 767 justum
832 706 965 747 esse
995 691 1251 766 propter
1301 705 1603 765 expensas
1646 703 1801 764 quas

294 782 551 840 fecerunt
579 780 866 856 emenda,
900 779 1305 858 asportand0‚
1342 778 1796 854 conservaud0‚

293 874 489 934 addita
512 873 678 951 justa
706 873 996 933 mercede
1051 891 1164 952 pro
1210 872 1540 946 industria,
1574 870 1805 931 labori-

290 967 397 1027 bus
417 971 474 1027 et
499 966 814 1045 periculiS,
848 966 1006 1026 sicut
1035 966 1085 1024 si
1115 965 1406 1025 conducti
1452 965 1714 1024 fuissent
1766 981 1806 1023 a

293 1060 592 1137 republica
624 1058 701 1118 ad
746 1076 985 1118 merces
1014 1057 1149 1117 illas
1196 1077 1307 1117 suo
1356 1057 1629 1136 periculo
1658 1057 1804 1115 atl'e-

292 1152 520 1227 rendaS‚
555 1157 617 1211 et
642 1150 1029 1211 vendendae.

363 1246 500 1304 Haec
549 1249 762 1303 tamen
814 1244 1033 1321 regula
1081 1242 1236 1302 fallit
1266 1242 1489 1320 prim0,
1552 1241 1718 1321 quia,
1754 1239 1805 1300 si

290 1341 583 1396 mercator
611 1335 834 1415 aliquis
862 1337 1064 1414 majus
1087 1335 1386 1394 damnum
1407 1353 1626 1413 passus
1654 1333 1808 1393 fuis·-

291 1434 374 1489 set
399 1434 648 1508 propter
679 1429 1097 1506 naufragium,
1127 1428 1225 1487 vel
1259 1428 1418 1488 furta
1443 1445 1684 1487 merces
1703 1448 1805 1489 as-

291 1521 603 1600 portando,
637 1525 847 1599 posset
873 1520 1036 1580 licite
1067 1518 1269 1598 majus
1291 1520 1560 1598 pretium
1590 1538 1702 1597 pro
1735 1523 1803 1581 il-

289 1615 354 1674 lis
376 1616 640 1691 exigere,
679 1612 929 1692 quando
961 1613 1039 1671 ab
1068 1612 1202 1671 aliis
1250 1612 1432 1672 vilius
1458 1612 1809 1673 venderen-

291 1712 414 1767 tur:
455 1707 620 1785 quod
654 1712 750 1767 est
796 1706 1040 1780 falsum,
1076 1723 1218 1764 cum
1248 1724 1347 1763 res
1377 1704 1479 1762 illa
1530 1724 1806 1767 commu-

292 1800 436 1860 niter
462 1819 584 1859 non
607 1799 764 1859 tanti
796 1799 1157 1873 aestimetur,
1192 1796 1297 1857 sed
1349 1797 1548 1857 viliori
1606 1800 1805 1876 pretio

289 1893 489 1952 haberi
520 1893 739 1970 possit.
774 1891 1085 1966 Secundo,
1119 1890 1266 1968 quia
1311 1889 1439 1966 alii,
1475 1891 1579 1969 qui
1637 1910 1804 1952 mer-

289 1989 512 2045 catores
535 2004 659 2043 non
691 1989 853 2060 sunt,
889 2001 1011 2042 non
1046 1981 1276 2042 debent
1304 2001 1418 2041 nec
1443 1989 1706 2061 possunt
1734 1984 1808 2043 il-

287 2079 399 2137 lam
426 2077 709 2155 regulam
742 2077 1097 2149 observare,
1131 2076 1240 2134 sed
1290 2075 1540 2134 aliunde
1576 2075 1808 2137 debent

281 2170 503 2248 justum
535 2169 806 2248 pretium
837 2187 1222 2229 mensurare.
1258 2167 1368 2227 1110
1402 2187 1551 2247 ergo
1584 2169 1806 2228 eodem

287 2264 470 2341 pretio
490 2266 751 2340 possunt
772 2272 823 2321 e:
852 2260 1081 2320 debent
1109 2265 1490 2320 mercatores
1505 2262 1800 2338 vendere,

286 2356 433 2415 sicut
457 2356 581 2427 alii,
618 2373 760 2414 cum
786 2372 883 2412 res
911 2353 1014 2412 illa
1048 2371 1117 2411 eo
1153 2357 1432 2432 tempore
1456 2354 1613 2414 tanti
1643 2354 1808 2414 aesti-

286 2454 497 2509 metur.
531 2447 769 2521 Terti0,
804 2446 950 2524 quia
1003 2463 1167 2523 soepe
1211 2446 1515 2523 contingit
1568 2464 1809 2506 merces

288 2541 512 2620 aliquas
556 2559 686 2600 non
719 2539 964 2618 magnis
1021 2539 1328 2617 expensiS,
1365 2544 1473 2599 aut
1523 2539 1801 2615 periculo

288 2635 357 2694 ab
387 2634 592 2712 aliquo
637 2633 941 2692 adductas
984 2631 1233 2691 fortuito
1263 2630 1344 2690 ad
1375 2649 1517 2690 eum
1572 2632 1801 2707 locum,

290 2728 382 2787 ubi
411 2745 627 2786 earum
658 2743 891 2804 magna
912 2724 1173 2803 penuria
1203 2729 1265 2783 et
1284 2723 1629 2801 indigentia
1651 2728 1804 2798 erat,

286 2839 398 2899 quo
426 2838 574 2880 casu
599 2818 682 2878 ob
700 2818 1163 2881 multitudinem
1177 2823 1530 2895 emptorum
1555 2822 1617 2876 et
1644 2835 1810 2875 mer-

286 2915 436 2973 cium
477 2911 833 2990 penuriam,
868 2929 1098 2989 magno
1159 2909 1357 2988 pretio
1405 2908 1575 2987 justo
1623 2909 1810 2969 vendi

287 3011 549 3085 possunt.
588 3006 796 3076 Quare
825 3003 1108 3081 regulam
1137 3001 1308 3061 illam
1338 3001 1558 3062 merito
1606 3003 1805 3080 impu-

284 3104 486 3177 gnant,
521 3100 734 3173 SotuS,
795 3096 1065 3171 Medina,
1100 3097 1319 3156 Covar.
1357 3099 1418 3154 et
1460 3095 1805 3171 ConraduS,

286 3212 429 3272 quos
460 3194 667 3267 affert,
703 3195 765 3251 et
810 3190 1094 3268 sequitur
1121 3188 1354 3249 Molina
1381 3188 1540 3268 disp.
1575 3193 1713 3251 348.
1746 3190 1804 3268 ξ.

287 3286 384 3344 Ex
409 3285 594 3344 dictus
624 3283 920 3343 hactenns.

358 3379 468 3440 Alii
497 3396 650 3454 ergo
682 3375 1097 3436 communiter
1126 3374 1362 3450 dicunt,
1395 3374 1811 3435 variationem

288 3472 478 3550 quoad
514 3474 928 3547 augmentum
955 3468 1053 3527 vel
1104 3467 1581 3529 diminutionem
1630 3466 1813 3544 pretii

287 3564 548 3643 vulgaris
587 3563 747 3640 justi
777 3560 1017 3622 desumi
1061 3580 1132 3621 ex
1177 3562 1362 3620 variis
1410 3561 1814 3620 circumstan-

284 3658 395 3719 tiis.
428 3661 561 3717 Non
605 3655 861 3736 quidem
912 3674 987 3714 ex
1032 3672 1243 3714 rerum
1290 3654 1668 3732 perfectione.
1715 3653 1810 3711 in-

283 3752 538 3812 trinseca
596 3754 661 3811 et
716 3746 1129 3823 substantiali,
1190 3745 1590 3825 perfectiores
1648 3745 1813 3804 enim

283 3848 417 3904 sunt
441 3861 655 3903 mures
687 3859 876 3919 quam
903 3840 1200 3914 triticum,
1235 3843 1297 3900 et
1326 3840 1530 3899 minus
1561 3838 1769 3898 valent
1794 3857 1809 3910 ;

286 3935 385 3995 sed
422 3955 492 3995 ex
527 3935 796 3996 utilitate
831 3933 888 3992 in
923 3932 1140 3992 ordine
1186 3933 1263 3991 ad
1307 3951 1453 3990 usus
1482 3930 1809 4005 humanoS,

287 4047 475 4107 neque
507 4048 582 4087 ex
614 4027 736 4086 hac
765 4026 967 4085 solum
998 4025 1106 4084 sed
1139 4025 1327 4084 etiam
1358 4042 1432 4082 ex
1462 4022 1814 4083 {estimatio-

286 4139 392 4193 ne;
424 4138 681 4199 gemma
712 4118 880 4177 enim
911 4117 1116 4176 minus
1151 4116 1316 4177 utilis
1347 4119 1439 4175 est
1469 4134 1656 4194 quam
1687 4116 1815 4174 fru-

286 4217 557 4273 mentum
587 4212 857 4271 multum
888 4215 994 4269 aut
1024 4209 1268 4284 domus,
1290 4212 1351 4268 et
1370 4209 1508 4287 plus
1537 4207 1814 4287 aliquan·

289 4304 362 4364 do
392 4306 578 4366 valet.
630 4306 780 4364 Hoec
828 4307 1037 4362 autem
1082 4300 1411 4361 aestimatio
1463 4319 1584 4359 non
1631 4300 1819 4360 debet

289 4416 412 4457 esse
442 4398 647 4457 solum
679 4396 1080 4474 prudentum,
1114 4393 1224 4452 sed
1245 4393 1473 4453 sufficit
1501 4392 1685 4453 etiam
1705 4392 1815 4451 im-

286 4490 685 4569 prudentum,
748 4488 798 4548 si
845 4487 1196 4548 communis
1253 4491 1464 4546 tamen
1508 4490 1586 4546 slt
1632 4486 1690 4544 in
1741 4502 1814 4544 eo

286 4584 434 4643 loco.
494 4584 680 4645 Unde
725 4588 935 4642 nostra
986 4581 1217 4658 jocalia
1266 4584 1327 4640 et
1381 4580 1610 4639 vitrum
1647 4577 1815 4657 juste

287 4676 443 4753 apud
474 4675 801 4753 AEthiopcs
832 4692 942 4752 pro
965 4692 1118 4733 auro
1142 4677 1628 4747 commutantur,
1667 4671 1815 4749 quia

287 4768 468 4844 pluris
486 4767 656 4846 apud
676 4785 781 4826 eos
795 4765 1213 4826 communiter
1228 4766 1638 4839 oestimantur,
1658 4763 1819 4823 sicut

285 4861 443 4939 apud
470 4862 862 4939 Japonenses
890 4877 990 4918 res
1021 4859 1245 4938 aliquae
1276 4858 1516 4932 ferrern,
1540 4862 1601 4916 et
1629 4862 1818 4916 testa-

287 4972 404 5012 cea}
433 4959 680 5014 veteres
709 4951 936 5012 nullius
961 4951 1126 5029 apud
1159 4969 1271 5010 nos
1289 4950 1539 5025 valoris,
1561 4954 1819 5027 propter

286 5047 716 5125 antiquitatem
747 5045 1019 5104 maximo
1067 5045 1146 5103 ab
1195 5044 1315 5103 illis
1360 5043 1558 5121 pretio
1604 5060 1818 5101 emun-

289 5143 401 5198 tur.
435 5139 552 5211 Oui
581 5138 732 5198 licet
762 5139 823 5196 in
841 5136 961 5197 hoc
983 5135 1221 5214 judic-io
1237 5136 1656 5213 decipiantur,
1693 5134 1820 5193 suf-

288 5230 409 5291 ficit
434 5238 647 5290 tamen
670 5230 1043 5291 existimatio
1075 5228 1445 5303 communis,
1471 5227 1616 5287 licet
1631 5227 1819 5286 stulta

289 5323 379 5396 sit,
412 5323 490 5382 ad
522 5323 885 5402 augendum
926 5322 1195 5400 pretium
1227 5321 1509 5382 naturale
1542 5320 1709 5398 quod
1743 5337 1816 5378 ex

291 5417 694 5476 aestimationc
752 5416 1072 5495 procedit;
1145 5433 1269 5475 non
1329 5419 1533 5475 tamen
1589 5411 1817 5471 sufficit

290 5509 463 5569 unius
503 5510 606 5569 vel
654 5508 910 5569 alterius
960 5510 1216 5568 affectus
1270 5507 1363 5565 vel
1412 5503 1809 5578 existimati0‚

3324 329 3441 388 275

1898 501 2007 561 sed
2037 500 2377 579 requiritur
2419 501 2790 562 communis.
2843 503 2975 563 Imo
3026 518 3230 581 neque
3277 502 3439 563 hanc

1899 595 2084 654 credo
2133 596 2449 671 sufficere,
2504 595 2754 674 quando
2819 595 3169 674 procedunt
3220 614 3294 654 ex
3343 614 3441 654 er-

1900 704 2039 746 rore
2071 687 2236 746 circa
2277 687 2692 747 substantiam
2738 689 2830 746 rei
2864 705 2877 751 :
2911 688 2963 747 si
3011 688 3179 747 enim
3209 707 3318 748 vas
3365 707 3441 748 ex

1901 797 2052 838 auro
2081 780 2227 839 ficto
2279 780 2357 839 ab
2416 780 2705 839 omuibus
2764 798 2875 857 pro
2933 799 3122 840 aureo
3173 780 3439 841 aestima·

1901 877 2092 948 retur,
2129 891 2250 930 non
2284 871 2422 932 ideo
2454 872 2653 950 pretio
2687 872 2859 932 aurei
2889 872 3056 933 vasis
3084 873 3271 933 vendi
3300 892 3439 953 pos-

1902 969 1995 1025 set
2042 965 2120 1025 ab
2170 983 2243 1025 eo
2289 965 2392 1044 qui
2443 965 2768 1025 veritatem
2816 966 3022 1042 sciret,
3085 986 3224 1045 quae
3280 967 3438 1029 aesti-

1900 1057 2089 1118 matio
2120 1057 2226 1116 illa
2255 1057 2602 1118 communis
2633 1057 2916 1136 procedit
2952 1076 3025 1117 ex
3043 1076 3254 1120 errore
3272 1059 3441 1121 circa

1902 1150 2346 1223 substantiam,
2381 1169 2520 1229 quae
2554 1150 2701 1211 tacit
2730 1154 3120 1211 contractum
3151 1150 3439 1213 involun-

1900 1243 2152 1304 tarium.

1984 1335 2218 1396 Crescit
2246 1335 2434 1395 etiam
2465 1333 2741 1412 vulgaris
2770 1332 2871 1393 hic
2902 1335 3079 1395 valor
3108 1355 3179 1395 ex
3223 1355 3433 1398 rerum

1902 1427 2192 1508 penuria,
2259 1447 2331 1486 ex
2389 1426 2612 1506 majori
2673 1433 3027 1505 emptorum
3082 1429 3262 1509 copia

3584 1353 3659 1411 43

3287 1478 3302 1507 ⁹
3364 1452 3436 1491 ex
3489 1475 3784 1532 undem-emt,

1906 1520 2616 1600 abundantiapeeuniae,
2645 1520 2801 1581 sicut
2828 1539 2901 1580 ex
2918 1523 3245 1582 contrariis
3273 1525 3437 1603 capi·
3487 1535 3554 1580 vel
3573 1535 3785 1578 demeat

1902 1614 2069 1674 tibus
2099 1614 2422 1673 decrescit.
2443 1616 2575 1673 Non
2599 1618 2807 1673 tamen
2840 1613 3068 1674 sufficit
3096 1615 3175 1674 ad
3205 1634 3437 1695 augen-

1904 1708 2053 1767 dum
2084 1707 2353 1786 pretium
2386 1705 2732 1785 indigentia
2760 1706 2962 1785 major
2990 1709 3307 1786 emptoriS,
3332 1710 3438 1790 qui

1906 1818 1970 1858 re
1999 1799 2199 1876 magis
2230 1798 2502 1875 indiget,
2546 1804 2656 1858 aut
2687 1798 2795 1877 qui
2825 1799 3218 1861 occasionem
3261 1821 3335 1861 ex
3366 1822 3441 1864 ea

1904 1892 2163 1952 habebit
2189 1890 2401 1969 magni
2432 1891 2610 1950 lucri.
2657 1894 2872 1970 Neque
2904 1892 3069 1951 enim
3109 1900 3314 1971 potest
3341 1914 3440 1956 ca-

1901 1986 2030 2045 rius
2060 1984 2284 2063 aliquis
2323 1984 2594 2043 vendere
2651 2002 2878 2062 panem
2934 1986 3244 2064 famelico,
3294 1989 3440 2068 quia

1905 2084 2151 2156 emptor
2179 2078 2412 2149 esurit3
2466 2095 2580 2137 nec
2628 2077 2861 2136 fascem
2902 2077 3241 2140 herbarum
3271 2100 3443 2142 com-

1903 2170 2186 2230 munium
2219 2170 2274 2228 ei
2317 2169 2422 2249 qui
2462 2175 2774 2230 secretum
2822 2170 2996 2231 novit
3042 2171 3302 2231 modum
3348 2173 3439 2233 fa-

1904 2262 2106 2323 ciendi
2167 2280 2241 2320 ex
2296 2261 2414 2320 illis
2470 2262 2811 2339 pretiosum
2885 2262 3437 2343 medicamentum,

1906 2356 2050 2435 quia
2081 2354 2216 2414 haec
2247 2371 2370 2414 non
2403 2354 2647 2415 variant
2686 2373 3085 2415 communem
3127 2376 3336 2417 rernm
3365 2378 3443 2419 ce-

1903 2448 2345 2510 stimationem.
2384 2447 2448 2507 Si
2478 2452 2691 2507 tamen
2721 2447 3013 2507 venditor
3042 2451 3446 2527 peculiariter

1904 2561 1970 2600 re
2000 2540 2100 2599 illa
2135 2539 2394 2617 indiget,
2430 2544 2538 2600 aut
2567 2540 2868 2599 damnum
2890 2541 3071 2602 timet
3100 2543 3151 2602 si
3182 2545 3439 2621 vendat,

1904 2634 2001 2694 vel
2031 2633 2410 2710 peculiarem
2458 2633 2749 2692 affectum
2800 2632 2878 2690 ad
2933 2652 3067 2692 rem
3116 2635 3282 2694 illam
3336 2637 3445 2696 ba·

1906 2726 2073 2802 beat,
2106 2725 2336 2804 poterit
2367 2743 2477 2802 pro
2510 2723 2606 2783 his
2637 2724 2904 2801 pretium
2936 2744 3191 2804 augere,
3229 2730 3447 2806 quanti

1907 2820 2042 2893 hoec
2091 2818 2434 2897 prudenter
2464 2817 2757 2876 aestimari
2798 2825 3059 2896 possunt
3093 2839 3106 2880 :
3143 2840 3268 2880 non
3299 2824 3448 2902 quia

1909 2912 2083 2971 valor
2112 2909 2200 2969 rei
2233 2929 2306 2969 ex
2338 2911 2593 2985 affectu,
2626 2909 2723 2968 vel
2756 2910 3007 2988 damno,
3043 2918 3152 2973 aut
3176 2916 3448 2976 necessi-

1907 3011 2034 3065 tate
2091 3002 2338 3080 privata
2389 3001 2734 3062 venditoris
2791 3009 3076 3078 crescat3
3138 3007 3248 3066 sed
3299 3010 3448 3087 quia

1909 3097 2071 3158 ultra
2094 3095 2336 3174 justum
2364 3094 2451 3153 rei
2502 3095 2769 3174 pretium
2796 3142 2812 3171 ,
2874 3098 3029 3174 petit
3055 3098 3289 3178 aliquid
3321 3121 3445 3164 nou

1909 3210 2022 3270 pro
2053 3209 2119 3249 re
2154 3188 2309 3267 ipsa,
2344 3187 2453 3247 sed
2486 3208 2596 3267 pro
2630 3190 2731 3249 illo
2761 3191 2855 3249 vel
2890 3194 3138 3268 affectu,
3160 3194 3257 3253 vel
3280 3196 3449 3256 dam-

1911 3303 2013 3360 na,
2050 3282 2215 3361 quod
2249 3285 2341 3341 est
2370 3282 2558 3341 etiam
2604 3283 2804 3359 pretio
2849 3285 3236 3346 aestimabile.
3284 3291 3449 3348 Affe-

1911 3383 2044 3435 ctus
2075 3380 2286 3434 tamen
2319 3374 2617 3452 emptoris
2642 3421 2656 3450 ,
2702 3374 2800 3434 vel
2831 3375 2964 3453 ejus
2993 3379 3326 3455 peculiaris
3358 3382 3448 3440 in-

1912 3467 2187 3545 digentia
2217 3466 2400 3526 vendi
2433 3485 2554 3526 non
2596 3472 2838 3544 potest,
2890 3474 2956 3531 ut
2996 3471 3084 3530 ait
3122 3472 3184 3532 S.
3218 3473 3443 3536 Thom.

1912 3564 2133 3639 quaest.
2170 3574 2396 3618 Lxxvn.
2432 3563 2548 3618 art.
2587 3562 2642 3619 1.
2676 3559 2969 3639 Alioquin
2999 3567 3293 3624 mutuans
3314 3585 3452 3644 pos-

1912 3657 2006 3712 set
2038 3652 2196 3712 ultra
2229 3657 2461 3712 sortem
2491 3656 2706 3711 mutuo
2738 3653 3025 3730 accipere
3074 3663 3331 3736 propter
3354 3659 3451 3718 lu·-

1912 3761 2088 3803 crum
2148 3742 2317 3820 quod
2374 3744 2793 3803 mutuatarius
2852 3763 2926 3803 ex
2979 3745 3152 3806 lucro
3211 3755 3442 3828 sperat.

1911 3836 2090 3896 Ratio
2122 3840 2332 3895 autem
2364 3841 2477 3909 est,
2532 3836 2679 3913 quia
2731 3836 2864 3896 haec
2914 3839 3123 3898 omnia
3154 3859 3230 3899 ex
3272 3848 3449 3918 parte

1914 3927 2211 4006 emptoris
2239 3947 2303 3986 se
2349 3927 2616 4003 liabent,
2667 3946 2790 3987 non
2835 3947 2908 3988 ex
2949 3937 3126 4007 parte
3175 3935 3455 3996 vendito·>

1913 4023 2019 4097 riS,
2055 4039 2171 4079 nec
2200 4020 2262 4078 id
2294 4019 2463 4098 quod
2509 4039 2693 4079 suum
2740 4039 2864 4080 non
2907 4027 3000 4083 est
3029 4025 3301 4086 vendere
3341 4048 3454 4107 po-

1913 4118 2053 4188 test,
2112 4112 2223 4172 sed
2272 4113 2441 4192 quod
2492 4112 2624 4191 ipse
2667 4114 2876 4192 perdit
2915 4115 3017 4174 vel
3064 4116 3299 4179 lucrari
3346 4122 3451 4183 de-

1912 4206 2078 4265 sinit.

1991 4298 2271 4377 Denique
2326 4297 2606 4358 variatur
2662 4298 2763 4358 bic
2812 4302 3088 4380 vulgaris
3145 4306 3323 4366 valor
3377 4325 3446 4367 ex

1913 4392 2098 4451 modo
2133 4390 2378 4450 emendi
2407 4393 2422 4466 ',
2459 4396 2566 4452 aut
2594 4393 2931 4454 vendendi.
2971 4397 3072 4457 Sic
3105 4416 3202 4458 res
3246 4401 3454 4461 carius

3597 4329 3676 4387 44

3523 4454 3711 4498 Variatur
3728 4464 3780 4495 ex

1913 4483 2098 4543 vendi
2129 4483 2350 4558 solent,
2386 4485 2637 4562 quaudo
2670 4486 3027 4548 minutatim
3061 4492 3445 4571 venduntur,
3502 4504 3799 4552 modoemendi

1916 4595 2104 4654 quam
2144 4575 2191 4634 si
2242 4576 2304 4633 in
2352 4595 2584 4654 magua
2624 4569 3031 4641 multitudine
3079 4584 3261 4644 simul
3307 4605 3456 4646 ven-

1916 4669 2180 4739 dantur;
2216 4667 2361 4747 quia
2390 4669 2561 4747 prior
2591 4669 2690 4729 illo
2722 4674 2947 4733 modus
2977 4676 3187 4753 plures
3219 4696 3458 4756 expen-

1915 4781 2015 4821 sas
2045 4767 2107 4821 et
2134 4761 2380 4821 labores
2411 4763 2721 4823 venditori
2768 4767 2986 4843 affert,
3042 4787 3180 4848 quae
3227 4773 3452 4833 merito

1916 4853 2119 4932 majus
2150 4853 2419 4931 pretium
2449 4855 2511 4913 in
2562 4873 2634 4914 eo
2681 4857 2995 4918 vendendi
3036 4862 3222 4922 modo
3268 4863 3456 4925 intro-

1917 4948 2255 5007 duxerunt.
2294 4948 2414 5006 Res
2454 4947 2642 5008 etiam
2686 4955 2907 5027 sponte
2936 4971 2974 5012 a
3001 4955 3328 5015 venditore
3359 4975 3457 5016 ro·

1916 5045 2105 5116 gente
2137 5038 2363 5098 oblata}
2396 5039 2578 5099 vilius
2611 5046 2921 5118 emuntur,
2944 5063 3132 5122 quam
3162 5047 3213 5106 si
3244 5067 3457 5109 eman-

1916 5136 2020 5191 tur
2051 5131 2111 5190 in
2144 5134 2515 5192 mercatoris
2559 5133 2811 5194 officina
2834 5181 2849 5208 ,
2887 5137 3033 5214 quia
3074 5157 3314 5199 merces
3364 5141 3458 5201 ul-

1917 5229 2154 5284 troneae
2200 5225 2507 5287 vilescunt
2551 5245 2660 5304 pro
2707 5228 2890 5287 tertia
2932 5237 3146 5307 parte,
3203 5237 3270 5294 ut
3316 5253 3460 5294 cum

1919 5315 2114 5396 Cajet.
2151 5321 2212 5377 et
2240 5317 2377 5377 aliis
2419 5323 2592 5379 notat
2639 5320 2886 5380 Lessius
2931 5323 3079 5383 dub.
3117 5341 3200 5386 lv.
3256 5345 3317 5387 n.
3356 5331 3456 5391 33.

1917 5410 2046 5469 lmo
2096 5410 2403 5485 palatios,
2472 5430 2660 5489 quem
2720 5414 2900 5474 affert
2930 5421 2991 5475 et
3033 5419 3318 5496 sequitur
3354 5424 3465 5482 Sa-

1914 5502 2005 5561 las
2042 5501 2192 5561 dul).
2238 5519 2380 5563 xxv,
2411 5522 2581 5563 num.
2617 5507 2676 5564 3.
2714 5505 2885 5582 dicit,
2920 5508 3180 5585 pallium
3213 5516 3464 5591 quodin
