<?xml version="1.0" encoding="UTF-8"?>
<!DOCTYPE html PUBLIC "-//W3C//DTD XHTML 1.0 Transitional//EN"
    "http://www.w3.org/TR/xhtml1/DTD/xhtml1-transitional.dtd">
<html xmlns="http://www.w3.org/1999/xhtml" xml:lang="en" lang="en">
 <head>
  <title>
</title>
<meta http-equiv="Content-Type" content="text/html;charset=utf-8" />
  <meta name='ocr-system' content='tesseract 3.04.00' />
  <meta name='ocr-capabilities' content='ocr_page ocr_carea ocr_par ocr_line ocrx_word'/>
</head>
<body>
  <div class='ocr_page' id='page_1' title='image "./joannisdelugodi00lugogoog_0652.png"; bbox 0 0 4263 6376; ppageno 0'>
   <div class='ocr_carea' id='block_1_1' title="bbox 852 273 971 331">
    <p class='ocr_par' dir='ltr' id='par_1_1' title="bbox 852 273 971 331">
     <span class='ocr_line' id='line_1_1' title="bbox 852 273 971 331; baseline 0 0"><span class='ocrx_word' id='word_1_1' title='bbox 852 273 971 331; x_wconf 68' lang='lat'>624</span> 
     </span>
    </p>
   </div>
   <div class='ocr_carea' id='block_1_2' title="bbox 836 445 2391 2379">
    <p class='ocr_par' dir='ltr' id='par_1_2' title="bbox 852 445 2390 786">
     <span class='ocr_line' id='line_1_2' title="bbox 857 445 2390 526; baseline 0 -19"><span class='ocrx_word' id='word_1_2' title='bbox 857 447 989 508; x_wconf 89' lang='lat' dir='ltr'>sine</span> <span class='ocrx_word' id='word_1_3' title='bbox 1018 447 1197 509; x_wconf 90' lang='lat' dir='ltr'>titulo</span> <span class='ocrx_word' id='word_1_4' title='bbox 1216 447 1427 526; x_wconf 89' lang='lat' dir='ltr'>aliqua</span> <span class='ocrx_word' id='word_1_5' title='bbox 1442 445 1783 525; x_wconf 74' lang='lat' dir='ltr'>praescribi.</span> <span class='ocrx_word' id='word_1_6' title='bbox 1802 447 1976 507; x_wconf 91' lang='lat' dir='ltr'>Bona</span> <span class='ocrx_word' id='word_1_7' title='bbox 1993 451 2205 508; x_wconf 90' lang='lat' dir='ltr'>autem</span> <span class='ocrx_word' id='word_1_8' title='bbox 2236 447 2390 508; x_wconf 84' lang='lat' dir='ltr'>fides</span> 
     </span>
     <span class='ocr_line' id='line_1_3' title="bbox 854 540 2390 620; baseline -0.001 -18"><span class='ocrx_word' id='word_1_9' title='bbox 854 546 1066 620; x_wconf 90' lang='lat' dir='ltr'>posset</span> <span class='ocrx_word' id='word_1_10' title='bbox 1093 541 1273 601; x_wconf 87' lang='lat' dir='ltr'>facile</span> <span class='ocrx_word' id='word_1_11' title='bbox 1300 540 1681 600; x_wconf 83' lang='lat' dir='ltr'>intervenire</span> <span class='ocrx_word' id='word_1_12' title='bbox 1709 540 1933 600; x_wconf 78' lang='lat' dir='ltr'>saltem</span> <span class='ocrx_word' id='word_1_13' title='bbox 1980 540 2040 598; x_wconf 94' lang='lat' dir='ltr'>in</span> <span class='ocrx_word' id='word_1_14' title='bbox 2074 559 2390 601; x_wconf 87' lang='lat' dir='ltr'>successo·</span> 
     </span>
     <span class='ocr_line' id='line_1_4' title="bbox 852 631 2387 713; baseline -0.001 -19"><span class='ocrx_word' id='word_1_15' title='bbox 852 634 1047 709; x_wconf 79' lang='lat' dir='ltr'>ribuS,</span> <span class='ocrx_word' id='word_1_16' title='bbox 1084 632 1188 712; x_wconf 90' lang='lat' dir='ltr'>qui</span> <span class='ocrx_word' id='word_1_17' title='bbox 1220 650 1388 710; x_wconf 83' lang='lat' dir='ltr'>saepe</span> <span class='ocrx_word' id='word_1_18' title='bbox 1410 636 1633 712; x_wconf 87' lang='lat' dir='ltr'>putant</span> <span class='ocrx_word' id='word_1_19' title='bbox 1653 651 1719 691; x_wconf 89' lang='lat' dir='ltr'>se</span> <span class='ocrx_word' id='word_1_20' title='bbox 1740 631 1909 711; x_wconf 85' lang='lat' dir='ltr'>juste</span> <span class='ocrx_word' id='word_1_21' title='bbox 1930 632 2202 693; x_wconf 84' lang='lat' dir='ltr'>retinere</span> <span class='ocrx_word' id='word_1_22' title='bbox 2225 633 2387 713; x_wconf 89' lang='lat' dir='ltr'>ejus-</span> 
     </span>
     <span class='ocr_line' id='line_1_5' title="bbox 852 726 1301 786; baseline -0.002 0"><span class='ocrx_word' id='word_1_23' title='bbox 852 726 1021 786; x_wconf 83' lang='lat' dir='ltr'>modi</span> <span class='ocrx_word' id='word_1_24' title='bbox 1048 726 1301 786; x_wconf 85' lang='lat' dir='ltr'>tributa.</span> 
     </span>
    </p>

    <p class='ocr_par' dir='ltr' id='par_1_3' title="bbox 836 816 2391 2379">
     <span class='ocr_line' id='line_1_6' title="bbox 933 816 2391 895; baseline -0.001 -16"><span class='ocrx_word' id='word_1_25' title='bbox 933 822 1105 879; x_wconf 91' lang='lat' dir='ltr'>Hanc</span> <span class='ocrx_word' id='word_1_26' title='bbox 1152 817 1524 878; x_wconf 88' lang='lat' dir='ltr'>sententiam</span> <span class='ocrx_word' id='word_1_27' title='bbox 1568 817 1833 878; x_wconf 80' lang='lat' dir='ltr'>Medinae</span> <span class='ocrx_word' id='word_1_28' title='bbox 1881 816 2274 895; x_wconf 78' lang='lat' dir='ltr'>impugnant,</span> <span class='ocrx_word' id='word_1_29' title='bbox 2323 819 2391 877; x_wconf 88' lang='lat' dir='ltr'>ut</span> 
     </span>
     <span class='ocr_line' id='line_1_7' title="bbox 851 909 2383 989; baseline -0.001 -17"><span class='ocrx_word' id='word_1_30' title='bbox 851 912 999 987; x_wconf 83' lang='lat' dir='ltr'>dixi,</span> <span class='ocrx_word' id='word_1_31' title='bbox 1057 910 1368 982; x_wconf 86' lang='lat' dir='ltr'>Corduba,</span> <span class='ocrx_word' id='word_1_32' title='bbox 1429 915 1492 972; x_wconf 89' lang='lat' dir='ltr'>et</span> <span class='ocrx_word' id='word_1_33' title='bbox 1540 909 1768 971; x_wconf 90' lang='lat' dir='ltr'>Sanch.</span> <span class='ocrx_word' id='word_1_34' title='bbox 1821 913 1885 970; x_wconf 91' lang='lat' dir='ltr'>et</span> <span class='ocrx_word' id='word_1_35' title='bbox 1936 909 2120 970; x_wconf 88' lang='lat' dir='ltr'>latius</span> <span class='ocrx_word' id='word_1_36' title='bbox 2151 912 2383 989; x_wconf 85' lang='lat' dir='ltr'>Vasqu.</span> 
     </span>
     <span class='ocr_line' id='line_1_8' title="bbox 850 1002 2390 1065; baseline 0.001 -2"><span class='ocrx_word' id='word_1_37' title='bbox 850 1004 912 1065; x_wconf 91' lang='lat' dir='ltr'>d.</span> <span class='ocrx_word' id='word_1_38' title='bbox 948 1004 1098 1064; x_wconf 91' lang='lat' dir='ltr'>dub.</span> <span class='ocrx_word' id='word_1_39' title='bbox 1134 1021 1192 1064; x_wconf 82' lang='lat' dir='ltr'>v.</span> <span class='ocrx_word' id='word_1_40' title='bbox 1226 1022 1265 1063; x_wconf 91' lang='lat' dir='ltr'>a</span> <span class='ocrx_word' id='word_1_41' title='bbox 1292 1022 1353 1062; x_wconf 92' lang='lat' dir='ltr'>n.</span> <span class='ocrx_word' id='word_1_42' title='bbox 1387 1005 1466 1064; x_wconf 82' lang='lat'>58</span> <span class='ocrx_word' id='word_1_43' title='bbox 1520 1005 1801 1062; x_wconf 86' lang='lat' dir='ltr'>Navarra</span> <span class='ocrx_word' id='word_1_44' title='bbox 1832 1003 2021 1064; x_wconf 90' lang='lat' dir='ltr'>etiam</span> <span class='ocrx_word' id='word_1_45' title='bbox 2050 1002 2158 1063; x_wconf 90' lang='lat' dir='ltr'>lib.</span> <span class='ocrx_word' id='word_1_46' title='bbox 2183 1004 2283 1063; x_wconf 91' lang='lat'>111.</span> <span class='ocrx_word' id='word_1_47' title='bbox 2320 1002 2390 1063; x_wconf 87' lang='lat' dir='ltr'>de</span> 
     </span>
     <span class='ocr_line' id='line_1_9' title="bbox 848 1094 2389 1174; baseline -0.001 -18"><span class='ocrx_word' id='word_1_48' title='bbox 848 1106 984 1157; x_wconf 79' lang='lat' dir='ltr'>rest.</span> <span class='ocrx_word' id='word_1_49' title='bbox 1018 1116 1073 1160; x_wconf 87' lang='lat' dir='ltr'>c.</span> <span class='ocrx_word' id='word_1_50' title='bbox 1126 1112 1171 1158; x_wconf 83' lang='grc' dir='ltr'>Ι.</span> <span class='ocrx_word' id='word_1_51' title='bbox 1223 1114 1353 1173; x_wconf 88' lang='lat' dir='ltr'>par.</span> <span class='ocrx_word' id='word_1_52' title='bbox 1408 1112 1502 1155; x_wconf 89' lang='lat'>111.</span> <span class='ocrx_word' id='word_1_53' title='bbox 1551 1095 1704 1155; x_wconf 89' lang='lat' dir='ltr'>dub.</span> <span class='ocrx_word' id='word_1_54' title='bbox 1755 1099 1851 1155; x_wconf 80' lang='grc' dir='ltr'>Η.</span> <span class='ocrx_word' id='word_1_55' title='bbox 1901 1114 2059 1173; x_wconf 89' lang='lat' dir='ltr'>quos</span> <span class='ocrx_word' id='word_1_56' title='bbox 2106 1094 2389 1174; x_wconf 90' lang='lat' dir='ltr'>sequitur</span> 
     </span>
     <span class='ocr_line' id='line_1_10' title="bbox 846 1188 2387 1265; baseline -0.001 -15"><span class='ocrx_word' id='word_1_57' title='bbox 846 1190 1133 1251; x_wconf 86' lang='lat' dir='ltr'>Turrian.</span> <span class='ocrx_word' id='word_1_58' title='bbox 1169 1189 1329 1265; x_wconf 87' lang='lat' dir='ltr'>disp.</span> <span class='ocrx_word' id='word_1_59' title='bbox 1380 1204 1542 1248; x_wconf 73' lang='lat' dir='ltr'>XLVI.</span> <span class='ocrx_word' id='word_1_60' title='bbox 1580 1188 1729 1247; x_wconf 89' lang='lat' dir='ltr'>dub.</span> <span class='ocrx_word' id='word_1_61' title='bbox 1767 1205 1825 1247; x_wconf 87' lang='lat' dir='ltr'>v.</span> <span class='ocrx_word' id='word_1_62' title='bbox 1881 1207 1941 1247; x_wconf 92' lang='lat' dir='ltr'>n.</span> <span class='ocrx_word' id='word_1_63' title='bbox 1988 1193 2045 1247; x_wconf 80' lang='lat'>4.</span> <span class='ocrx_word' id='word_1_64' title='bbox 2100 1189 2246 1265; x_wconf 90' lang='lat' dir='ltr'>quia</span> <span class='ocrx_word' id='word_1_65' title='bbox 2288 1188 2387 1248; x_wconf 92' lang='lat' dir='ltr'>vel</span> 
     </span>
     <span class='ocr_line' id='line_1_11' title="bbox 844 1279 2386 1362; baseline -0.002 -20"><span class='ocrx_word' id='word_1_66' title='bbox 844 1283 1134 1362; x_wconf 87' lang='lat' dir='ltr'>princeps</span> <span class='ocrx_word' id='word_1_67' title='bbox 1161 1280 1509 1360; x_wconf 66' lang='lat' dir='ltr'>praescribit</span> <span class='ocrx_word' id='word_1_68' title='bbox 1534 1279 1683 1339; x_wconf 91' lang='lat' dir='ltr'>illud</span> <span class='ocrx_word' id='word_1_69' title='bbox 1708 1279 1834 1358; x_wconf 81' lang='lat' dir='ltr'>jus,</span> <span class='ocrx_word' id='word_1_70' title='bbox 1868 1280 1955 1341; x_wconf 91' lang='lat' dir='ltr'>ita</span> <span class='ocrx_word' id='word_1_71' title='bbox 1985 1285 2054 1341; x_wconf 94' lang='grc' dir='ltr'>ιιι</span> <span class='ocrx_word' id='word_1_72' title='bbox 2081 1279 2386 1340; x_wconf 84' lang='lat' dir='ltr'>tributum</span> 
     </span>
     <span class='ocr_line' id='line_1_12' title="bbox 846 1373 2385 1451; baseline -0.001 -16"><span class='ocrx_word' id='word_1_73' title='bbox 846 1375 999 1436; x_wconf 90' lang='lat' dir='ltr'>illud</span> <span class='ocrx_word' id='word_1_74' title='bbox 1027 1374 1144 1435; x_wconf 88' lang='lat' dir='ltr'>sibi</span> <span class='ocrx_word' id='word_1_75' title='bbox 1175 1373 1498 1448; x_wconf 79' lang='lat' dir='ltr'>debeatur,</span> <span class='ocrx_word' id='word_1_76' title='bbox 1541 1376 1609 1433; x_wconf 90' lang='lat' dir='ltr'>ut</span> <span class='ocrx_word' id='word_1_77' title='bbox 1635 1373 1901 1451; x_wconf 83' lang='lat' dir='ltr'>privatO,</span> <span class='ocrx_word' id='word_1_78' title='bbox 1935 1373 2095 1434; x_wconf 88' lang='lat' dir='ltr'>sicut</span> <span class='ocrx_word' id='word_1_79' title='bbox 2121 1373 2243 1433; x_wconf 85' lang='lat' dir='ltr'>alia</span> <span class='ocrx_word' id='word_1_80' title='bbox 2270 1373 2385 1433; x_wconf 86' lang='lat' dir='ltr'>bo-</span> 
     </span>
     <span class='ocr_line' id='line_1_13' title="bbox 845 1465 2356 1544; baseline -0.003 -16"><span class='ocrx_word' id='word_1_81' title='bbox 845 1487 928 1529; x_wconf 90' lang='lat' dir='ltr'>na</span> <span class='ocrx_word' id='word_1_82' title='bbox 953 1485 1089 1544; x_wconf 87' lang='lat' dir='ltr'>sua,</span> <span class='ocrx_word' id='word_1_83' title='bbox 1121 1467 1220 1526; x_wconf 86' lang='lat' dir='ltr'>vel</span> <span class='ocrx_word' id='word_1_84' title='bbox 1246 1466 1450 1527; x_wconf 92' lang='lat' dir='ltr'>solum</span> <span class='ocrx_word' id='word_1_85' title='bbox 1470 1465 1585 1525; x_wconf 89' lang='lat' dir='ltr'>sub</span> <span class='ocrx_word' id='word_1_86' title='bbox 1616 1466 1795 1526; x_wconf 90' lang='lat' dir='ltr'>titulo</span> <span class='ocrx_word' id='word_1_87' title='bbox 1824 1465 2063 1526; x_wconf 90' lang='lat' dir='ltr'>tributi.</span> <span class='ocrx_word' id='word_1_88' title='bbox 2097 1468 2234 1525; x_wconf 91' lang='lat' dir='ltr'>Non</span> <span class='ocrx_word' id='word_1_89' title='bbox 2259 1466 2356 1544; x_wconf 88' lang='lat' dir='ltr'>pri</span> 
     </span>
     <span class='ocr_line' id='line_1_14' title="bbox 842 1557 2383 1638; baseline -0.001 -18"><span class='ocrx_word' id='word_1_90' title='bbox 842 1578 947 1621; x_wconf 92' lang='lat' dir='ltr'>mo</span> <span class='ocrx_word' id='word_1_91' title='bbox 962 1559 1174 1636; x_wconf 79' lang='lat' dir='ltr'>mode,</span> <span class='ocrx_word' id='word_1_92' title='bbox 1202 1559 1349 1638; x_wconf 89' lang='lat' dir='ltr'>quia</span> <span class='ocrx_word' id='word_1_93' title='bbox 1369 1557 1798 1636; x_wconf 83' lang='lat' dir='ltr'>supponimuS,</span> <span class='ocrx_word' id='word_1_94' title='bbox 1834 1576 2082 1636; x_wconf 82' lang='lat' dir='ltr'>semper</span> <span class='ocrx_word' id='word_1_95' title='bbox 2108 1558 2383 1618; x_wconf 88' lang='lat' dir='ltr'>solutum</span> 
     </span>
     <span class='ocr_line' id='line_1_15' title="bbox 845 1651 2380 1729; baseline -0.001 -16"><span class='ocrx_word' id='word_1_96' title='bbox 845 1672 978 1714; x_wconf 89' lang='lat' dir='ltr'>esse</span> <span class='ocrx_word' id='word_1_97' title='bbox 1000 1656 1063 1714; x_wconf 91' lang='lat' dir='ltr'>et</span> <span class='ocrx_word' id='word_1_98' title='bbox 1107 1652 1265 1712; x_wconf 90' lang='lat' dir='ltr'>solvi</span> <span class='ocrx_word' id='word_1_99' title='bbox 1306 1654 1376 1712; x_wconf 90' lang='lat' dir='ltr'>ut</span> <span class='ocrx_word' id='word_1_100' title='bbox 1427 1651 1753 1727; x_wconf 89' lang='lat' dir='ltr'>tributum,</span> <span class='ocrx_word' id='word_1_101' title='bbox 1786 1654 1850 1711; x_wconf 90' lang='lat' dir='ltr'>et</span> <span class='ocrx_word' id='word_1_102' title='bbox 1890 1669 1963 1710; x_wconf 92' lang='lat' dir='ltr'>eo</span> <span class='ocrx_word' id='word_1_103' title='bbox 2019 1651 2207 1711; x_wconf 91' lang='lat' dir='ltr'>modo</span> <span class='ocrx_word' id='word_1_104' title='bbox 2256 1668 2380 1729; x_wconf 89' lang='lat' dir='ltr'>quo</span> 
     </span>
     <span class='ocr_line' id='line_1_16' title="bbox 841 1742 2383 1820; baseline -0.003 -13"><span class='ocrx_word' id='word_1_105' title='bbox 841 1750 1070 1808; x_wconf 84' lang='lat' dir='ltr'>caetera</span> <span class='ocrx_word' id='word_1_106' title='bbox 1095 1744 1330 1806; x_wconf 89' lang='lat' dir='ltr'>tributa</span> <span class='ocrx_word' id='word_1_107' title='bbox 1363 1763 1376 1803; x_wconf 93' lang='lat'><strong>:</strong></span> <span class='ocrx_word' id='word_1_108' title='bbox 1410 1742 1529 1803; x_wconf 91' lang='lat' dir='ltr'>hoc</span> <span class='ocrx_word' id='word_1_109' title='bbox 1573 1746 1781 1803; x_wconf 90' lang='lat' dir='ltr'>autem</span> <span class='ocrx_word' id='word_1_110' title='bbox 1820 1742 2009 1803; x_wconf 91' lang='lat' dir='ltr'>modo</span> <span class='ocrx_word' id='word_1_111' title='bbox 2059 1743 2383 1820; x_wconf 59' lang='lat' dir='ltr'>praescribi</span> 
     </span>
     <span class='ocr_line' id='line_1_17' title="bbox 841 1835 2382 1917; baseline -0.004 -17"><span class='ocrx_word' id='word_1_112' title='bbox 841 1858 967 1900; x_wconf 90' lang='lat' dir='ltr'>non</span> <span class='ocrx_word' id='word_1_113' title='bbox 997 1842 1200 1917; x_wconf 89' lang='lat' dir='ltr'>potest</span> <span class='ocrx_word' id='word_1_114' title='bbox 1225 1840 1507 1898; x_wconf 81' lang='lat' dir='ltr'>cessante</span> <span class='ocrx_word' id='word_1_115' title='bbox 1547 1854 1757 1913; x_wconf 87' lang='lat' dir='ltr'>causa,</span> <span class='ocrx_word' id='word_1_116' title='bbox 1793 1835 1941 1915; x_wconf 90' lang='lat' dir='ltr'>quia</span> <span class='ocrx_word' id='word_1_117' title='bbox 1981 1835 2152 1914; x_wconf 90' lang='lat' dir='ltr'>quod</span> <span class='ocrx_word' id='word_1_118' title='bbox 2194 1835 2382 1895; x_wconf 89' lang='lat' dir='ltr'>solvi-</span> 
     </span>
     <span class='ocr_line' id='line_1_18' title="bbox 840 1928 2378 2005; baseline -0.005 -11"><span class='ocrx_word' id='word_1_119' title='bbox 840 1938 944 1995; x_wconf 91' lang='lat' dir='ltr'>tur</span> <span class='ocrx_word' id='word_1_120' title='bbox 969 1936 1039 1993; x_wconf 90' lang='lat' dir='ltr'>ut</span> <span class='ocrx_word' id='word_1_121' title='bbox 1066 1931 1389 2005; x_wconf 89' lang='lat' dir='ltr'>tributum,</span> <span class='ocrx_word' id='word_1_122' title='bbox 1425 1929 1612 1989; x_wconf 88' lang='lat' dir='ltr'>debet</span> <span class='ocrx_word' id='word_1_123' title='bbox 1638 1928 1792 1988; x_wconf 87' lang='lat' dir='ltr'>solvi</span> <span class='ocrx_word' id='word_1_124' title='bbox 1838 1928 2252 1989; x_wconf 79' lang='lat' dir='ltr'>essentialiter</span> <span class='ocrx_word' id='word_1_125' title='bbox 2299 1928 2378 1987; x_wconf 90' lang='lat' dir='ltr'>ad</span> 
     </span>
     <span class='ocr_line' id='line_1_19' title="bbox 841 2020 2377 2099; baseline -0.005 -12"><span class='ocrx_word' id='word_1_126' title='bbox 841 2023 1351 2087; x_wconf 83' lang='lat' dir='ltr'>satisfaciendum</span> <span class='ocrx_word' id='word_1_127' title='bbox 1382 2021 1592 2082; x_wconf 88' lang='lat' dir='ltr'>debito</span> <span class='ocrx_word' id='word_1_128' title='bbox 1639 2020 1900 2081; x_wconf 91' lang='lat' dir='ltr'>naturali</span> <span class='ocrx_word' id='word_1_129' title='bbox 1956 2020 2133 2099; x_wconf 87' lang='lat' dir='ltr'>regni</span> <span class='ocrx_word' id='word_1_130' title='bbox 2187 2020 2377 2081; x_wconf 90' lang='lat' dir='ltr'>dandi</span> 
     </span>
     <span class='ocr_line' id='line_1_20' title="bbox 836 2113 2378 2197; baseline -0.005 -18"><span class='ocrx_word' id='word_1_131' title='bbox 836 2118 994 2197; x_wconf 88' lang='lat' dir='ltr'>regi,</span> <span class='ocrx_word' id='word_1_132' title='bbox 1016 2135 1154 2197; x_wconf 88' lang='lat' dir='ltr'>quae</span> <span class='ocrx_word' id='word_1_133' title='bbox 1184 2114 1537 2176; x_wconf 88' lang='lat' dir='ltr'>necessaria</span> <span class='ocrx_word' id='word_1_134' title='bbox 1566 2114 1625 2174; x_wconf 89' lang='lat' dir='ltr'>ei</span> <span class='ocrx_word' id='word_1_135' title='bbox 1651 2117 1796 2174; x_wconf 89' lang='lat' dir='ltr'>sunt</span> <span class='ocrx_word' id='word_1_136' title='bbox 1823 2113 1904 2173; x_wconf 91' lang='lat' dir='ltr'>ad</span> <span class='ocrx_word' id='word_1_137' title='bbox 1934 2132 2116 2173; x_wconf 89' lang='lat' dir='ltr'>suum</span> <span class='ocrx_word' id='word_1_138' title='bbox 2147 2118 2378 2174; x_wconf 83' lang='lat' dir='ltr'>statum</span> 
     </span>
     <span class='ocr_line' id='line_1_21' title="bbox 840 2206 2377 2284; baseline -0.005 -11"><span class='ocrx_word' id='word_1_139' title='bbox 840 2215 904 2273; x_wconf 88' lang='lat' dir='ltr'>et</span> <span class='ocrx_word' id='word_1_140' title='bbox 937 2210 1017 2270; x_wconf 92' lang='lat' dir='ltr'>ad</span> <span class='ocrx_word' id='word_1_141' title='bbox 1073 2208 1473 2269; x_wconf 83' lang='lat' dir='ltr'>necessitates</span> <span class='ocrx_word' id='word_1_142' title='bbox 1518 2224 1880 2268; x_wconf 89' lang='lat' dir='ltr'>communes</span> <span class='ocrx_word' id='word_1_143' title='bbox 1914 2226 1927 2266; x_wconf 91' lang='lat'>:</span> <span class='ocrx_word' id='word_1_144' title='bbox 1977 2218 2100 2284; x_wconf 87' lang='lat' dir='ltr'>qua</span> <span class='ocrx_word' id='word_1_145' title='bbox 2135 2206 2377 2266; x_wconf 90' lang='lat' dir='ltr'>ratione</span> 
     </span>
     <span class='ocr_line' id='line_1_22' title="bbox 838 2298 2379 2379; baseline -0.006 -13"><span class='ocrx_word' id='word_1_146' title='bbox 838 2306 1143 2378; x_wconf 82' lang='lat' dir='ltr'>cessante,</span> <span class='ocrx_word' id='word_1_147' title='bbox 1176 2300 1558 2379; x_wconf 90' lang='lat' dir='ltr'>impossihile</span> <span class='ocrx_word' id='word_1_148' title='bbox 1589 2303 1682 2359; x_wconf 89' lang='lat' dir='ltr'>est</span> <span class='ocrx_word' id='word_1_149' title='bbox 1710 2298 1878 2377; x_wconf 90' lang='lat' dir='ltr'>quod</span> <span class='ocrx_word' id='word_1_150' title='bbox 1931 2298 2114 2359; x_wconf 88' lang='lat' dir='ltr'>detur</span> <span class='ocrx_word' id='word_1_151' title='bbox 2151 2302 2222 2358; x_wconf 92' lang='grc' dir='ltr'>ιιι</span> <span class='ocrx_word' id='word_1_152' title='bbox 2266 2298 2379 2360; x_wconf 90' lang='lat' dir='ltr'>tri-</span> 
     </span>
    </p>
   </div>
   <div class='ocr_carea' id='block_1_3' title="bbox 1989 270 2876 333">
    <p class='ocr_par' dir='ltr' id='par_1_4' title="bbox 1989 270 2876 333">
     <span class='ocr_line' id='line_1_23' title="bbox 1989 270 2876 333; baseline 0 -3"><span class='ocrx_word' id='word_1_153' title='bbox 1989 272 2090 330; x_wconf 77' lang='lat' dir='ltr'>DE</span> <span class='ocrx_word' id='word_1_154' title='bbox 2131 270 2489 333; x_wconf 85' lang='lat' dir='ltr'><strong>JUSTITIA</strong></span> <span class='ocrx_word' id='word_1_155' title='bbox 2535 272 2635 332; x_wconf 83' lang='lat' dir='ltr'>ET</span> <span class='ocrx_word' id='word_1_156' title='bbox 2676 272 2876 333; x_wconf 77' lang='lat' dir='ltr'>JURE</span> 
     </span>
    </p>
   </div>
   <div class='ocr_carea' id='block_1_4' title="bbox 2475 447 4010 2382">
    <p class='ocr_par' dir='ltr' id='par_1_5' title="bbox 2475 447 4010 2382">
     <span class='ocr_line' id='line_1_24' title="bbox 2492 447 4004 529; baseline -0.001 -20"><span class='ocrx_word' id='word_1_157' title='bbox 2492 448 2640 528; x_wconf 83' lang='lat' dir='ltr'>quia</span> <span class='ocrx_word' id='word_1_158' title='bbox 2671 466 2794 510; x_wconf 91' lang='lat' dir='ltr'>non</span> <span class='ocrx_word' id='word_1_159' title='bbox 2824 452 3032 528; x_wconf 87' lang='lat' dir='ltr'>potest</span> <span class='ocrx_word' id='word_1_160' title='bbox 3059 449 3451 529; x_wconf 76' lang='lat' dir='ltr'>praescriptio</span> <span class='ocrx_word' id='word_1_161' title='bbox 3487 448 3773 527; x_wconf 88' lang='lat' dir='ltr'>obligare</span> <span class='ocrx_word' id='word_1_162' title='bbox 3801 447 3908 507; x_wconf 84' lang='lat' dir='ltr'>nisi</span> <span class='ocrx_word' id='word_1_163' title='bbox 3943 449 4004 508; x_wconf 83' lang='lat' dir='ltr'>ad</span> 
     </span>
     <span class='ocr_line' id='line_1_25' title="bbox 2489 540 4008 621; baseline -0.001 -19"><span class='ocrx_word' id='word_1_164' title='bbox 2489 541 2882 618; x_wconf 85' lang='lat' dir='ltr'>solvendum,</span> <span class='ocrx_word' id='word_1_165' title='bbox 2917 560 2990 603; x_wconf 90' lang='lat' dir='ltr'>eo</span> <span class='ocrx_word' id='word_1_166' title='bbox 3019 543 3208 603; x_wconf 89' lang='lat' dir='ltr'>modo</span> <span class='ocrx_word' id='word_1_167' title='bbox 3235 561 3359 621; x_wconf 92' lang='lat' dir='ltr'>quo</span> <span class='ocrx_word' id='word_1_168' title='bbox 3391 547 3682 619; x_wconf 87' lang='lat' dir='ltr'>tempore</span> <span class='ocrx_word' id='word_1_169' title='bbox 3710 541 3814 600; x_wconf 88' lang='lat' dir='ltr'>illo</span> <span class='ocrx_word' id='word_1_170' title='bbox 3856 540 4008 601; x_wconf 76' lang='lat' dir='ltr'>solvit</span> 
     </span>
     <span class='ocr_line' id='line_1_26' title="bbox 2487 634 4007 713; baseline 0.001 -21"><span class='ocrx_word' id='word_1_171' title='bbox 2487 634 2541 693; x_wconf 87' lang='lat' dir='ltr'>is</span> <span class='ocrx_word' id='word_1_172' title='bbox 2572 637 2788 694; x_wconf 84' lang='lat' dir='ltr'>contra</span> <span class='ocrx_word' id='word_1_173' title='bbox 2817 653 3004 713; x_wconf 90' lang='lat' dir='ltr'>quem</span> <span class='ocrx_word' id='word_1_174' title='bbox 3034 635 3481 713; x_wconf 84' lang='lat' dir='ltr'>praescribitur.</span> <span class='ocrx_word' id='word_1_175' title='bbox 3522 635 3588 695; x_wconf 92' lang='lat' dir='ltr'>Si</span> <span class='ocrx_word' id='word_1_176' title='bbox 3619 652 3768 712; x_wconf 86' lang='lat' dir='ltr'>ergo</span> <span class='ocrx_word' id='word_1_177' title='bbox 3799 640 4007 694; x_wconf 79' lang='lat' dir='ltr'>constat</span> 
     </span>
     <span class='ocr_line' id='line_1_27' title="bbox 2490 726 4008 805; baseline -0.001 -19"><span class='ocrx_word' id='word_1_178' title='bbox 2490 746 2565 787; x_wconf 88' lang='lat' dir='ltr'>ea</span> <span class='ocrx_word' id='word_1_179' title='bbox 2592 727 2935 788; x_wconf 84' lang='lat' dir='ltr'>intentione</span> <span class='ocrx_word' id='word_1_180' title='bbox 2967 746 3215 805; x_wconf 83' lang='lat' dir='ltr'>semper</span> <span class='ocrx_word' id='word_1_181' title='bbox 3244 728 3524 788; x_wconf 85' lang='lat' dir='ltr'>solutum</span> <span class='ocrx_word' id='word_1_182' title='bbox 3566 746 3724 802; x_wconf 87' lang='lat' dir='ltr'>esse,</span> <span class='ocrx_word' id='word_1_183' title='bbox 3759 726 4008 786; x_wconf 75' lang='lat' dir='ltr'>solvendi</span> 
     </span>
     <span class='ocr_line' id='line_1_28' title="bbox 2487 819 4006 900; baseline -0.002 -21"><span class='ocrx_word' id='word_1_184' title='bbox 2487 819 2726 880; x_wconf 85' lang='lat' dir='ltr'>scilicet</span> <span class='ocrx_word' id='word_1_185' title='bbox 2755 819 2833 879; x_wconf 91' lang='lat' dir='ltr'>ad</span> <span class='ocrx_word' id='word_1_186' title='bbox 2865 821 3287 896; x_wconf 79' lang='lat' dir='ltr'>necessitateS,</span> <span class='ocrx_word' id='word_1_187' title='bbox 3323 838 3450 880; x_wconf 92' lang='lat' dir='ltr'>non</span> <span class='ocrx_word' id='word_1_188' title='bbox 3493 824 3702 900; x_wconf 83' lang='lat' dir='ltr'>potest</span> <span class='ocrx_word' id='word_1_189' title='bbox 3742 819 4006 879; x_wconf 80' lang='lat' dir='ltr'>inducere</span> 
     </span>
     <span class='ocr_line' id='line_1_29' title="bbox 2488 911 4008 991; baseline -0.002 -19"><span class='ocrx_word' id='word_1_190' title='bbox 2488 912 2930 991; x_wconf 87' lang='lat' dir='ltr'>obligationem</span> <span class='ocrx_word' id='word_1_191' title='bbox 2961 912 3242 974; x_wconf 90' lang='lat' dir='ltr'>solvendi</span> <span class='ocrx_word' id='word_1_192' title='bbox 3275 913 3409 973; x_wconf 90' lang='lat' dir='ltr'>sine</span> <span class='ocrx_word' id='word_1_193' title='bbox 3443 912 3841 985; x_wconf 75' lang='lat' dir='ltr'>necessitate,</span> <span class='ocrx_word' id='word_1_194' title='bbox 3886 911 4008 989; x_wconf 82' lang='lat' dir='ltr'>quia</span> 
     </span>
     <span class='ocr_line' id='line_1_30' title="bbox 2487 1004 4007 1085; baseline -0.001 -20"><span class='ocrx_word' id='word_1_195' title='bbox 2487 1005 2794 1085; x_wconf 87' lang='lat' dir='ltr'>ejusmodi</span> <span class='ocrx_word' id='word_1_196' title='bbox 2824 1005 3083 1066; x_wconf 88' lang='lat' dir='ltr'>intentio</span> <span class='ocrx_word' id='word_1_197' title='bbox 3139 1024 3393 1084; x_wconf 84' lang='lat' dir='ltr'>semper</span> <span class='ocrx_word' id='word_1_198' title='bbox 3444 1010 3730 1065; x_wconf 81' lang='lat' dir='ltr'>reservat</span> <span class='ocrx_word' id='word_1_199' title='bbox 3772 1004 4007 1065; x_wconf 76' lang='lat' dir='ltr'>solventi</span> 
     </span>
     <span class='ocr_line' id='line_1_31' title="bbox 2479 1097 4008 1178; baseline -0.002 -19"><span class='ocrx_word' id='word_1_200' title='bbox 2479 1101 2584 1178; x_wconf 87' lang='lat' dir='ltr'>jus</span> <span class='ocrx_word' id='word_1_201' title='bbox 2614 1097 2898 1159; x_wconf 87' lang='lat' dir='ltr'>cessandi</span> <span class='ocrx_word' id='word_1_202' title='bbox 2931 1117 3044 1176; x_wconf 91' lang='lat' dir='ltr'>pro</span> <span class='ocrx_word' id='word_1_203' title='bbox 3072 1098 3270 1174; x_wconf 82' lang='lat' dir='ltr'>libita,</span> <span class='ocrx_word' id='word_1_204' title='bbox 3306 1099 3559 1177; x_wconf 87' lang='lat' dir='ltr'>quoties</span> <span class='ocrx_word' id='word_1_205' title='bbox 3608 1098 3874 1158; x_wconf 74' lang='lat' dir='ltr'>cessabit</span> <span class='ocrx_word' id='word_1_206' title='bbox 3916 1117 4008 1156; x_wconf 79' lang='lat' dir='ltr'>ne-</span> 
     </span>
     <span class='ocr_line' id='line_1_32' title="bbox 2486 1188 4004 1268; baseline -0.002 -18"><span class='ocrx_word' id='word_1_207' title='bbox 2486 1191 2763 1253; x_wconf 80' lang='lat' dir='ltr'>cessitaS.</span> <span class='ocrx_word' id='word_1_208' title='bbox 2800 1190 3002 1263; x_wconf 84' lang='lat' dir='ltr'>Quare</span> <span class='ocrx_word' id='word_1_209' title='bbox 3033 1209 3147 1250; x_wconf 88' lang='lat' dir='ltr'>nec</span> <span class='ocrx_word' id='word_1_210' title='bbox 3177 1194 3396 1251; x_wconf 87' lang='lat' dir='ltr'>contra</span> <span class='ocrx_word' id='word_1_211' title='bbox 3428 1190 3550 1250; x_wconf 89' lang='lat' dir='ltr'>hoc</span> <span class='ocrx_word' id='word_1_212' title='bbox 3593 1188 3877 1268; x_wconf 77' lang='lat' dir='ltr'>procedit</span> <span class='ocrx_word' id='word_1_213' title='bbox 3922 1208 4004 1247; x_wconf 80' lang='lat' dir='ltr'>ar·</span> 
     </span>
     <span class='ocr_line' id='line_1_33' title="bbox 2483 1282 4009 1363; baseline -0.003 -20"><span class='ocrx_word' id='word_1_214' title='bbox 2483 1289 2852 1363; x_wconf 91' lang='lat' dir='ltr'>gumentum</span> <span class='ocrx_word' id='word_1_215' title='bbox 2883 1282 3149 1343; x_wconf 82' lang='lat' dir='ltr'>Medinae</span> <span class='ocrx_word' id='word_1_216' title='bbox 3180 1302 3256 1343; x_wconf 85' lang='lat' dir='ltr'>ex</span> <span class='ocrx_word' id='word_1_217' title='bbox 3281 1283 3450 1344; x_wconf 88' lang='lat' dir='ltr'>dicto</span> <span class='ocrx_word' id='word_1_218' title='bbox 3484 1302 3625 1361; x_wconf 90' lang='lat' dir='ltr'>cap.</span> <span class='ocrx_word' id='word_1_219' title='bbox 3657 1282 3855 1362; x_wconf 72' lang='lat' dir='ltr'>Super</span> <span class='ocrx_word' id='word_1_220' title='bbox 3895 1283 4009 1361; x_wconf 72' lang='lat' dir='ltr'>qai·</span> 
     </span>
     <span class='ocr_line' id='line_1_34' title="bbox 2485 1375 4006 1454; baseline -0.002 -18"><span class='ocrx_word' id='word_1_221' title='bbox 2485 1375 2745 1453; x_wconf 79' lang='lat' dir='ltr'>busdam,</span> <span class='ocrx_word' id='word_1_222' title='bbox 2781 1376 2928 1454; x_wconf 89' lang='lat' dir='ltr'>quia</span> <span class='ocrx_word' id='word_1_223' title='bbox 2954 1376 3040 1435; x_wconf 90' lang='lat' dir='ltr'>ibi</span> <span class='ocrx_word' id='word_1_224' title='bbox 3070 1394 3195 1437; x_wconf 91' lang='lat' dir='ltr'>non</span> <span class='ocrx_word' id='word_1_225' title='bbox 3235 1375 3465 1436; x_wconf 89' lang='lat' dir='ltr'>dicitur</span> <span class='ocrx_word' id='word_1_226' title='bbox 3506 1375 4006 1436; x_wconf 83' lang='lat' dir='ltr'>consuetudinem</span> 
     </span>
     <span class='ocr_line' id='line_1_35' title="bbox 2483 1468 4008 1547; baseline -0.002 -18"><span class='ocrx_word' id='word_1_227' title='bbox 2483 1470 2768 1529; x_wconf 85' lang='lat' dir='ltr'>sufficere</span> <span class='ocrx_word' id='word_1_228' title='bbox 2797 1470 2934 1529; x_wconf 92' lang='lat' dir='ltr'>loco</span> <span class='ocrx_word' id='word_1_229' title='bbox 2965 1485 3189 1544; x_wconf 84' lang='lat' dir='ltr'>causae,</span> <span class='ocrx_word' id='word_1_230' title='bbox 3225 1469 3337 1529; x_wconf 91' lang='lat' dir='ltr'>sed</span> <span class='ocrx_word' id='word_1_231' title='bbox 3367 1468 3517 1528; x_wconf 89' lang='lat' dir='ltr'>dare</span> <span class='ocrx_word' id='word_1_232' title='bbox 3532 1468 3641 1547; x_wconf 89' lang='lat' dir='ltr'>jus</span> <span class='ocrx_word' id='word_1_233' title='bbox 3670 1472 3737 1528; x_wconf 87' lang='lat' dir='ltr'>et</span> <span class='ocrx_word' id='word_1_234' title='bbox 3761 1472 4008 1545; x_wconf 75' lang='lat' dir='ltr'>potesta-</span> 
     </span>
     <span class='ocr_line' id='line_1_36' title="bbox 2479 1558 4007 1640; baseline -0.003 -17"><span class='ocrx_word' id='word_1_235' title='bbox 2479 1567 2608 1624; x_wconf 87' lang='lat' dir='ltr'>tem</span> <span class='ocrx_word' id='word_1_236' title='bbox 2647 1560 3011 1640; x_wconf 90' lang='lat' dir='ltr'>imponendi</span> <span class='ocrx_word' id='word_1_237' title='bbox 3048 1560 3304 1636; x_wconf 86' lang='lat' dir='ltr'>tributa,</span> <span class='ocrx_word' id='word_1_238' title='bbox 3348 1559 3428 1619; x_wconf 91' lang='lat' dir='ltr'>de</span> <span class='ocrx_word' id='word_1_239' title='bbox 3480 1578 3611 1638; x_wconf 86' lang='lat' dir='ltr'>qua</span> <span class='ocrx_word' id='word_1_240' title='bbox 3665 1558 3868 1618; x_wconf 88' lang='lat' dir='ltr'>solum</span> <span class='ocrx_word' id='word_1_241' title='bbox 3905 1578 4007 1637; x_wconf 82' lang='lat' dir='ltr'>po·</span> 
     </span>
     <span class='ocr_line' id='line_1_37' title="bbox 2481 1654 4003 1725; baseline -0.003 -10"><span class='ocrx_word' id='word_1_242' title='bbox 2481 1658 2702 1715; x_wconf 85' lang='lat' dir='ltr'>testate</span> <span class='ocrx_word' id='word_1_243' title='bbox 2733 1654 2819 1714; x_wconf 90' lang='lat' dir='ltr'>ibi</span> <span class='ocrx_word' id='word_1_244' title='bbox 2864 1671 3070 1713; x_wconf 89' lang='lat' dir='ltr'>sermo</span> <span class='ocrx_word' id='word_1_245' title='bbox 3128 1656 3308 1713; x_wconf 86' lang='lat' dir='ltr'>erat:</span> <span class='ocrx_word' id='word_1_246' title='bbox 3361 1657 3605 1713; x_wconf 90' lang='lat' dir='ltr'>certum</span> <span class='ocrx_word' id='word_1_247' title='bbox 3655 1656 3753 1712; x_wconf 86' lang='lat' dir='ltr'>est</span> <span class='ocrx_word' id='word_1_248' title='bbox 3791 1656 4003 1725; x_wconf 81' lang='lat' dir='ltr'>autem,</span> 
     </span>
     <span class='ocr_line' id='line_1_38' title="bbox 2481 1745 4010 1827; baseline -0.002 -21"><span class='ocrx_word' id='word_1_249' title='bbox 2481 1747 2645 1827; x_wconf 91' lang='lat' dir='ltr'>quod</span> <span class='ocrx_word' id='word_1_250' title='bbox 2708 1746 2870 1806; x_wconf 88' lang='lat' dir='ltr'>ultra</span> <span class='ocrx_word' id='word_1_251' title='bbox 2915 1748 3289 1823; x_wconf 87' lang='lat' dir='ltr'>potestatem</span> <span class='ocrx_word' id='word_1_252' title='bbox 3337 1745 3682 1823; x_wconf 84' lang='lat' dir='ltr'>requiritur</span> <span class='ocrx_word' id='word_1_253' title='bbox 3733 1762 3916 1803; x_wconf 83' lang='lat' dir='ltr'>causa</span> <span class='ocrx_word' id='word_1_254' title='bbox 3957 1749 4010 1803; x_wconf 79' lang='lat' dir='ltr'>et</span> 
     </span>
     <span class='ocr_line' id='line_1_39' title="bbox 2481 1838 4007 1918; baseline -0.002 -19"><span class='ocrx_word' id='word_1_255' title='bbox 2481 1839 2819 1900; x_wconf 83' lang='lat' dir='ltr'>necessitas</span> <span class='ocrx_word' id='word_1_256' title='bbox 2849 1839 2928 1899; x_wconf 92' lang='lat' dir='ltr'>ad</span> <span class='ocrx_word' id='word_1_257' title='bbox 2951 1838 3259 1918; x_wconf 86' lang='lat' dir='ltr'>justitiam</span> <span class='ocrx_word' id='word_1_258' title='bbox 3288 1838 3528 1911; x_wconf 88' lang='lat' dir='ltr'>tributi,</span> <span class='ocrx_word' id='word_1_259' title='bbox 3552 1856 3748 1917; x_wconf 85' lang='lat' dir='ltr'>quam</span> <span class='ocrx_word' id='word_1_260' title='bbox 3773 1856 4007 1897; x_wconf 74' lang='lat' dir='ltr'>cansam</span> 
     </span>
     <span class='ocr_line' id='line_1_40' title="bbox 2480 1929 4010 2010; baseline -0.003 -16"><span class='ocrx_word' id='word_1_261' title='bbox 2480 1932 2864 1994; x_wconf 89' lang='lat' dir='ltr'>consuetudo</span> <span class='ocrx_word' id='word_1_262' title='bbox 2895 1930 3187 2009; x_wconf 91' lang='lat' dir='ltr'>supplere</span> <span class='ocrx_word' id='word_1_263' title='bbox 3235 1949 3361 1991; x_wconf 92' lang='lat' dir='ltr'>non</span> <span class='ocrx_word' id='word_1_264' title='bbox 3389 1936 3622 2010; x_wconf 86' lang='lat' dir='ltr'>potest,</span> <span class='ocrx_word' id='word_1_265' title='bbox 3669 1930 3820 2008; x_wconf 87' lang='lat' dir='ltr'>quia</span> <span class='ocrx_word' id='word_1_266' title='bbox 3867 1929 4010 1990; x_wconf 78' lang='lat' dir='ltr'>sieut</span> 
     </span>
     <span class='ocr_line' id='line_1_41' title="bbox 2478 2022 4005 2105; baseline -0.003 -20"><span class='ocrx_word' id='word_1_267' title='bbox 2478 2025 2864 2105; x_wconf 69' lang='lat' dir='ltr'>praescriptio</span> <span class='ocrx_word' id='word_1_268' title='bbox 2905 2042 3033 2084; x_wconf 90' lang='lat' dir='ltr'>non</span> <span class='ocrx_word' id='word_1_269' title='bbox 3090 2028 3294 2102; x_wconf 88' lang='lat' dir='ltr'>potest</span> <span class='ocrx_word' id='word_1_270' title='bbox 3348 2023 3616 2083; x_wconf 88' lang='lat' dir='ltr'>reddere</span> <span class='ocrx_word' id='word_1_271' title='bbox 3656 2023 3895 2083; x_wconf 84' lang='lat' dir='ltr'>licitum</span> <span class='ocrx_word' id='word_1_272' title='bbox 3931 2022 4005 2082; x_wconf 84' lang='lat' dir='ltr'>lu·</span> 
     </span>
     <span class='ocr_line' id='line_1_42' title="bbox 2479 2115 4002 2196; baseline -0.002 -19"><span class='ocrx_word' id='word_1_273' title='bbox 2479 2136 2653 2178; x_wconf 90' lang='lat' dir='ltr'>crum</span> <span class='ocrx_word' id='word_1_274' title='bbox 2685 2136 2798 2196; x_wconf 92' lang='lat' dir='ltr'>pro</span> <span class='ocrx_word' id='word_1_275' title='bbox 2829 2121 3070 2193; x_wconf 83' lang='lat' dir='ltr'>mutuO,</span> <span class='ocrx_word' id='word_1_276' title='bbox 3105 2115 3251 2195; x_wconf 88' lang='lat' dir='ltr'>quia</span> <span class='ocrx_word' id='word_1_277' title='bbox 3296 2116 3605 2193; x_wconf 82' lang='lat' dir='ltr'>accipitur</span> <span class='ocrx_word' id='word_1_278' title='bbox 3641 2116 3778 2175; x_wconf 89' lang='lat' dir='ltr'>sine</span> <span class='ocrx_word' id='word_1_279' title='bbox 3807 2134 4002 2189; x_wconf 79' lang='lat' dir='ltr'>causa,</span> 
     </span>
     <span class='ocr_line' id='line_1_43' title="bbox 2477 2208 4001 2287; baseline -0.003 -16"><span class='ocrx_word' id='word_1_280' title='bbox 2477 2212 2562 2272; x_wconf 88' lang='lat' dir='ltr'>ita</span> <span class='ocrx_word' id='word_1_281' title='bbox 2606 2228 2721 2271; x_wconf 90' lang='lat' dir='ltr'>nec</span> <span class='ocrx_word' id='word_1_282' title='bbox 2750 2209 3054 2270; x_wconf 84' lang='lat' dir='ltr'>tributum</span> <span class='ocrx_word' id='word_1_283' title='bbox 3100 2209 3232 2268; x_wconf 89' lang='lat' dir='ltr'>sine</span> <span class='ocrx_word' id='word_1_284' title='bbox 3262 2226 3473 2284; x_wconf 87' lang='lat' dir='ltr'>causa,</span> <span class='ocrx_word' id='word_1_285' title='bbox 3532 2208 3669 2268; x_wconf 89' lang='lat' dir='ltr'>sine</span> <span class='ocrx_word' id='word_1_286' title='bbox 3728 2226 3852 2287; x_wconf 87' lang='lat' dir='ltr'>qua</span> <span class='ocrx_word' id='word_1_287' title='bbox 3896 2226 4001 2267; x_wconf 76' lang='lat' dir='ltr'>non</span> 
     </span>
     <span class='ocr_line' id='line_1_44' title="bbox 2475 2300 3799 2382; baseline -0.005 -17"><span class='ocrx_word' id='word_1_288' title='bbox 2475 2322 2726 2382; x_wconf 89' lang='lat' dir='ltr'>semper</span> <span class='ocrx_word' id='word_1_289' title='bbox 2752 2305 3037 2362; x_wconf 88' lang='lat' dir='ltr'>maneret</span> <span class='ocrx_word' id='word_1_290' title='bbox 3063 2301 3364 2380; x_wconf 85' lang='lat' dir='ltr'>injustum</span> <span class='ocrx_word' id='word_1_291' title='bbox 3395 2305 3460 2361; x_wconf 90' lang='lat' dir='ltr'>et</span> <span class='ocrx_word' id='word_1_292' title='bbox 3486 2300 3799 2380; x_wconf 90' lang='lat' dir='ltr'>iniquum.</span> 
     </span>
    </p>
   </div>
   <div class='ocr_carea' id='block_1_5' title="bbox 2472 2393 4127 2751">
    <p class='ocr_par' dir='ltr' id='par_1_6' title="bbox 2472 2393 4127 2751">
     <span class='ocr_line' id='line_1_45' title="bbox 2555 2393 4127 2465; baseline -0.004 -7"><span class='ocrx_word' id='word_1_293' title='bbox 2555 2399 2860 2458; x_wconf 78' lang='lat' dir='ltr'>Caeterum</span> <span class='ocrx_word' id='word_1_294' title='bbox 2914 2396 3080 2456; x_wconf 90' lang='lat' dir='ltr'>inter</span> <span class='ocrx_word' id='word_1_295' title='bbox 3133 2393 3247 2455; x_wconf 91' lang='lat' dir='ltr'>hos</span> <span class='ocrx_word' id='word_1_296' title='bbox 3287 2393 3448 2453; x_wconf 91' lang='lat' dir='ltr'>duos</span> <span class='ocrx_word' id='word_1_297' title='bbox 3508 2394 3733 2454; x_wconf 90' lang='lat' dir='ltr'>modos</span> <span class='ocrx_word' id='word_1_298' title='bbox 3776 2394 4002 2453; x_wconf 67' lang='lat' dir='ltr'>videtur</span> <span class='ocrx_word' id='word_1_299' title='bbox 4091 2410 4127 2465; x_wconf 62' lang='lat' dir='ltr'>a</span> 
     </span>
     <span class='ocr_line' id='line_1_46' title="bbox 2474 2485 4127 2583; baseline -0.003 -34"><span class='ocrx_word' id='word_1_300' title='bbox 2474 2508 2656 2568; x_wconf 90' lang='lat' dir='ltr'>posse</span> <span class='ocrx_word' id='word_1_301' title='bbox 2684 2488 2951 2548; x_wconf 84' lang='lat' dir='ltr'>inveniri</span> <span class='ocrx_word' id='word_1_302' title='bbox 2991 2488 3147 2547; x_wconf 89' lang='lat' dir='ltr'>alius</span> <span class='ocrx_word' id='word_1_303' title='bbox 3177 2485 3401 2546; x_wconf 91' lang='lat' dir='ltr'>modus</span> <span class='ocrx_word' id='word_1_304' title='bbox 3431 2487 3654 2547; x_wconf 82' lang='lat' dir='ltr'>tertius</span> <span class='ocrx_word' id='word_1_305' title='bbox 3686 2491 3751 2548; x_wconf 86' lang='lat' dir='ltr'>et</span> <span class='ocrx_word' id='word_1_306' title='bbox 3775 2487 3997 2545; x_wconf 77' lang='lat' dir='ltr'>medius</span> <span class='ocrx_word' id='word_1_307' title='bbox 4049 2535 4127 2583; x_wconf 55' lang='lat' dir='ltr'>fi-</span> 
     </span>
     <span class='ocr_line' id='line_1_47' title="bbox 2473 2578 4120 2660; baseline -0.003 -18"><span class='ocrx_word' id='word_1_308' title='bbox 2473 2582 2622 2643; x_wconf 83' lang='lat' dir='ltr'>satis</span> <span class='ocrx_word' id='word_1_309' title='bbox 2665 2582 2982 2660; x_wconf 85' lang='lat' dir='ltr'>frequens,</span> <span class='ocrx_word' id='word_1_310' title='bbox 3016 2585 3079 2641; x_wconf 89' lang='lat' dir='ltr'>et</span> <span class='ocrx_word' id='word_1_311' title='bbox 3119 2580 3261 2640; x_wconf 85' lang='lat' dir='ltr'>ideo</span> <span class='ocrx_word' id='word_1_312' title='bbox 3308 2578 3436 2638; x_wconf 80' lang='lat' dir='ltr'>dixi</span> <span class='ocrx_word' id='word_1_313' title='bbox 3485 2579 3565 2639; x_wconf 89' lang='lat' dir='ltr'>ad</span> <span class='ocrx_word' id='word_1_314' title='bbox 3615 2581 3862 2657; x_wconf 77' lang='lat' dir='ltr'>praxim</span> <span class='ocrx_word' id='word_1_315' title='bbox 3891 2597 3997 2638; x_wconf 76' lang='lat' dir='ltr'>noa</span> <span class='ocrx_word' id='word_1_316' title='bbox 4033 2598 4120 2627; x_wconf 72' lang='lat' dir='ltr'>m·</span> 
     </span>
     <span class='ocr_line' id='line_1_48' title="bbox 2472 2650 4127 2751; baseline 0 -16"><span class='ocrx_word' id='word_1_317' title='bbox 2472 2675 2627 2735; x_wconf 89' lang='lat' dir='ltr'>mihi</span> <span class='ocrx_word' id='word_1_318' title='bbox 2677 2674 3035 2735; x_wconf 82' lang='lat' dir='ltr'>satisfacere</span> <span class='ocrx_word' id='word_1_319' title='bbox 3081 2673 3256 2732; x_wconf 92' lang='lat' dir='ltr'>illum</span> <span class='ocrx_word' id='word_1_320' title='bbox 3312 2671 3692 2732; x_wconf 87' lang='lat' dir='ltr'>discursum.</span> <span class='ocrx_word' id='word_1_321' title='bbox 3727 2674 3846 2732; x_wconf 66' lang='lat' dir='ltr'>Pto</span> <span class='ocrx_word' id='word_1_322' title='bbox 3892 2690 3996 2751; x_wconf 84' lang='lat' dir='ltr'>quc</span> <span class='ocrx_word' id='word_1_323' title='bbox 4059 2650 4127 2735; x_wconf 65' lang='lat'>1:</span> 
     </span>
    </p>
   </div>
   <div class='ocr_carea' id='block_1_6' title="bbox 2472 2760 4126 2844">
    <p class='ocr_par' dir='ltr' id='par_1_7' title="bbox 2472 2760 4126 2844">
     <span class='ocr_line' id='line_1_49' title="bbox 2472 2760 4126 2844; baseline -0.003 -15"><span class='ocrx_word' id='word_1_324' title='bbox 2472 2768 2752 2844; x_wconf 79' lang='lat' dir='ltr'>adverte,</span> <span class='ocrx_word' id='word_1_325' title='bbox 2788 2767 2892 2826; x_wconf 92' lang='lat' dir='ltr'>illa</span> <span class='ocrx_word' id='word_1_326' title='bbox 2921 2767 3110 2827; x_wconf 89' lang='lat' dir='ltr'>etiam</span> <span class='ocrx_word' id='word_1_327' title='bbox 3141 2784 3282 2844; x_wconf 86' lang='lat' dir='ltr'>quae</span> <span class='ocrx_word' id='word_1_328' title='bbox 3314 2766 3448 2843; x_wconf 88' lang='lat' dir='ltr'>regi</span> <span class='ocrx_word' id='word_1_329' title='bbox 3489 2765 3841 2842; x_wconf 83' lang='lat' dir='ltr'>solvuntur,</span> <span class='ocrx_word' id='word_1_330' title='bbox 3891 2784 3994 2824; x_wconf 85' lang='lat' dir='ltr'>non</span> <span class='ocrx_word' id='word_1_331' title='bbox 4068 2760 4126 2800; x_wconf 39' lang='grc' dir='ltr'>’τ’</span> 
     </span>
    </p>
   </div>
   <div class='ocr_carea' id='block_1_7' title="bbox 833 2390 2377 2842">
    <p class='ocr_par' dir='ltr' id='par_1_8' title="bbox 833 2390 2377 2842">
     <span class='ocr_line' id='line_1_50' title="bbox 834 2390 2376 2472; baseline -0.005 -14"><span class='ocrx_word' id='word_1_332' title='bbox 834 2397 1080 2472; x_wconf 88' lang='lat' dir='ltr'>butum,</span> <span class='ocrx_word' id='word_1_333' title='bbox 1118 2412 1263 2454; x_wconf 90' lang='lat' dir='ltr'>cum</span> <span class='ocrx_word' id='word_1_334' title='bbox 1291 2392 1542 2453; x_wconf 87' lang='lat' dir='ltr'>deficiat</span> <span class='ocrx_word' id='word_1_335' title='bbox 1570 2390 1705 2470; x_wconf 89' lang='lat' dir='ltr'>ejus</span> <span class='ocrx_word' id='word_1_336' title='bbox 1744 2392 2036 2467; x_wconf 88' lang='lat' dir='ltr'>essentia,</span> <span class='ocrx_word' id='word_1_337' title='bbox 2072 2391 2220 2470; x_wconf 88' lang='lat' dir='ltr'>quia</span> <span class='ocrx_word' id='word_1_338' title='bbox 2265 2391 2376 2453; x_wconf 92' lang='lat' dir='ltr'>tri-</span> 
     </span>
     <span class='ocr_line' id='line_1_51' title="bbox 834 2484 2377 2565; baseline -0.003 -15"><span class='ocrx_word' id='word_1_339' title='bbox 834 2490 1057 2550; x_wconf 90' lang='lat' dir='ltr'>butum</span> <span class='ocrx_word' id='word_1_340' title='bbox 1101 2486 1359 2565; x_wconf 90' lang='lat' dir='ltr'>singulis</span> <span class='ocrx_word' id='word_1_341' title='bbox 1388 2485 1566 2545; x_wconf 90' lang='lat' dir='ltr'>annis</span> <span class='ocrx_word' id='word_1_342' title='bbox 1595 2484 1964 2545; x_wconf 89' lang='lat' dir='ltr'>solvendum</span> <span class='ocrx_word' id='word_1_343' title='bbox 1995 2488 2088 2545; x_wconf 90' lang='lat' dir='ltr'>est</span> <span class='ocrx_word' id='word_1_344' title='bbox 2122 2489 2377 2564; x_wconf 90' lang='lat' dir='ltr'>propter</span> 
     </span>
     <span class='ocr_line' id='line_1_52' title="bbox 834 2578 2375 2656; baseline -0.003 -14"><span class='ocrx_word' id='word_1_345' title='bbox 834 2581 1086 2643; x_wconf 90' lang='lat' dir='ltr'>titulum</span> <span class='ocrx_word' id='word_1_346' title='bbox 1116 2597 1370 2655; x_wconf 89' lang='lat' dir='ltr'>novum,</span> <span class='ocrx_word' id='word_1_347' title='bbox 1405 2596 1651 2655; x_wconf 90' lang='lat' dir='ltr'>nempe,</span> <span class='ocrx_word' id='word_1_348' title='bbox 1686 2581 1944 2656; x_wconf 86' lang='lat' dir='ltr'>propter</span> <span class='ocrx_word' id='word_1_349' title='bbox 1973 2578 2375 2638; x_wconf 80' lang='lat' dir='ltr'>necessitates</span> 
     </span>
     <span class='ocr_line' id='line_1_53' title="bbox 834 2670 2368 2753; baseline -0.004 -18"><span class='ocrx_word' id='word_1_350' title='bbox 834 2678 1330 2753; x_wconf 79' lang='lat' dir='ltr'>praesenteS,non</span> <span class='ocrx_word' id='word_1_351' title='bbox 1347 2674 1603 2750; x_wconf 89' lang='lat' dir='ltr'>propter</span> <span class='ocrx_word' id='word_1_352' title='bbox 1618 2670 1864 2731; x_wconf 89' lang='lat' dir='ltr'>titulum</span> <span class='ocrx_word' id='word_1_353' title='bbox 1886 2670 2368 2749; x_wconf 68' lang='lat' dir='ltr'>praecedentem,</span> 
     </span>
     <span class='ocr_line' id='line_1_54' title="bbox 833 2762 2375 2842; baseline -0.005 -13"><span class='ocrx_word' id='word_1_354' title='bbox 833 2768 993 2829; x_wconf 87' lang='lat' dir='ltr'>sicut</span> <span class='ocrx_word' id='word_1_355' title='bbox 1046 2766 1167 2826; x_wconf 89' lang='lat' dir='ltr'>alia</span> <span class='ocrx_word' id='word_1_356' title='bbox 1213 2765 1383 2825; x_wconf 86' lang='lat' dir='ltr'>bona</span> <span class='ocrx_word' id='word_1_357' title='bbox 1435 2762 1680 2842; x_wconf 88' lang='lat' dir='ltr'>privata</span> <span class='ocrx_word' id='word_1_358' title='bbox 1713 2784 1726 2824; x_wconf 91' lang='lat'>:</span> <span class='ocrx_word' id='word_1_359' title='bbox 1758 2762 1808 2822; x_wconf 91' lang='lat' dir='ltr'>si</span> <span class='ocrx_word' id='word_1_360' title='bbox 1862 2781 2010 2841; x_wconf 87' lang='lat' dir='ltr'>ergo</span> <span class='ocrx_word' id='word_1_361' title='bbox 2069 2763 2375 2824; x_wconf 85' lang='lat' dir='ltr'>debeatur</span> 
     </span>
    </p>
   </div>
   <div class='ocr_carea' id='block_1_8' title="bbox 583 3440 662 3500">
    <p class='ocr_par' dir='ltr' id='par_1_9' title="bbox 583 3440 662 3500">
     <span class='ocr_line' id='line_1_55' title="bbox 583 3440 662 3500; baseline 0.013 -1"><span class='ocrx_word' id='word_1_362' title='bbox 583 3440 662 3500; x_wconf 83' lang='lat'>53</span> 
     </span>
    </p>
   </div>
   <div class='ocr_carea' id='block_1_9' title="bbox 502 3564 757 3726">
    <p class='ocr_par' dir='ltr' id='par_1_10' title="bbox 502 3564 757 3726">
     <span class='ocr_line' id='line_1_56' title="bbox 522 3564 755 3620; baseline 0.009 -15"><span class='ocrx_word' id='word_1_363' title='bbox 522 3564 755 3620; x_wconf 61' lang='lat' dir='ltr'>‘tripliciter</span> 
     </span>
     <span class='ocr_line' id='line_1_57' title="bbox 514 3618 753 3661; baseline 0.017 -4"><span class='ocrx_word' id='word_1_364' title='bbox 514 3618 665 3660; x_wconf 67' lang='lat' dir='ltr'>solutio</span> <span class='ocrx_word' id='word_1_365' title='bbox 683 3619 753 3661; x_wconf 83' lang='lat' dir='ltr'>ina</span> 
     </span>
     <span class='ocr_line' id='line_1_58' title="bbox 502 3672 757 3726; baseline 0.012 -13"><span class='ocrx_word' id='word_1_366' title='bbox 502 3672 590 3713; x_wconf 73' lang='lat' dir='ltr'>fieri</span> <span class='ocrx_word' id='word_1_367' title='bbox 608 3673 757 3726; x_wconf 67' lang='lat' dir='ltr'>pcnuii.</span> 
     </span>
    </p>
   </div>
   <div class='ocr_carea' id='block_1_10' title="bbox 814 2855 2374 5544">
    <p class='ocr_par' dir='ltr' id='par_1_11' title="bbox 825 2855 2374 3387">
     <span class='ocr_line' id='line_1_59' title="bbox 825 2855 2374 2940; baseline -0.004 -19"><span class='ocrx_word' id='word_1_368' title='bbox 825 2863 970 2940; x_wconf 89' lang='lat' dir='ltr'>jure</span> <span class='ocrx_word' id='word_1_369' title='bbox 1011 2857 1520 2938; x_wconf 74' lang='lat' dir='ltr'>praesci·iptioniS,</span> <span class='ocrx_word' id='word_1_370' title='bbox 1563 2855 1698 2935; x_wconf 89' lang='lat' dir='ltr'>jam</span> <span class='ocrx_word' id='word_1_371' title='bbox 1753 2873 1879 2915; x_wconf 93' lang='lat' dir='ltr'>non</span> <span class='ocrx_word' id='word_1_372' title='bbox 1920 2855 2196 2916; x_wconf 84' lang='lat' dir='ltr'>solvetur</span> <span class='ocrx_word' id='word_1_373' title='bbox 2237 2874 2374 2915; x_wconf 90' lang='lat' dir='ltr'>am-</span> 
     </span>
     <span class='ocr_line' id='line_1_60' title="bbox 833 2947 2373 3033; baseline -0.003 -19"><span class='ocrx_word' id='word_1_374' title='bbox 833 2954 996 3033; x_wconf 90' lang='lat' dir='ltr'>plius</span> <span class='ocrx_word' id='word_1_375' title='bbox 1026 2957 1094 3012; x_wconf 92' lang='lat' dir='ltr'>ut</span> <span class='ocrx_word' id='word_1_376' title='bbox 1122 2951 1448 3026; x_wconf 89' lang='lat' dir='ltr'>tributum,</span> <span class='ocrx_word' id='word_1_377' title='bbox 1482 2966 1625 3008; x_wconf 89' lang='lat' dir='ltr'>cum</span> <span class='ocrx_word' id='word_1_378' title='bbox 1643 2947 1894 3008; x_wconf 85' lang='lat' dir='ltr'>deficiat</span> <span class='ocrx_word' id='word_1_379' title='bbox 1920 2948 2135 3009; x_wconf 86' lang='lat' dir='ltr'>tributi</span> <span class='ocrx_word' id='word_1_380' title='bbox 2167 2968 2373 3010; x_wconf 88' lang='lat' dir='ltr'>essen-</span> 
     </span>
     <span class='ocr_line' id='line_1_61' title="bbox 832 3041 2372 3124; baseline -0.004 -16"><span class='ocrx_word' id='word_1_381' title='bbox 832 3048 942 3122; x_wconf 82' lang='lat' dir='ltr'>tia,</span> <span class='ocrx_word' id='word_1_382' title='bbox 976 3062 1116 3124; x_wconf 84' lang='lat' dir='ltr'>quae</span> <span class='ocrx_word' id='word_1_383' title='bbox 1145 3048 1240 3105; x_wconf 90' lang='lat' dir='ltr'>est</span> <span class='ocrx_word' id='word_1_384' title='bbox 1280 3042 1432 3103; x_wconf 84' lang='lat' dir='ltr'>solvi</span> <span class='ocrx_word' id='word_1_385' title='bbox 1466 3042 1546 3101; x_wconf 89' lang='lat' dir='ltr'>ad</span> <span class='ocrx_word' id='word_1_386' title='bbox 1578 3041 2074 3101; x_wconf 88' lang='lat' dir='ltr'>subveniendum</span> <span class='ocrx_word' id='word_1_387' title='bbox 2104 3042 2372 3102; x_wconf 88' lang='lat' dir='ltr'>necessi-</span> 
     </span>
     <span class='ocr_line' id='line_1_62' title="bbox 834 3135 2369 3216; baseline -0.003 -15"><span class='ocrx_word' id='word_1_388' title='bbox 834 3139 1065 3201; x_wconf 89' lang='lat' dir='ltr'>tatibus</span> <span class='ocrx_word' id='word_1_389' title='bbox 1093 3136 1260 3216; x_wconf 87' lang='lat' dir='ltr'>regis</span> <span class='ocrx_word' id='word_1_390' title='bbox 1295 3157 1308 3198; x_wconf 74' lang='grc' dir='ltr'>ε</span> <span class='ocrx_word' id='word_1_391' title='bbox 1341 3138 1652 3215; x_wconf 85' lang='lat' dir='ltr'>repugnat</span> <span class='ocrx_word' id='word_1_392' title='bbox 1680 3154 1827 3214; x_wconf 89' lang='lat' dir='ltr'>ergo</span> <span class='ocrx_word' id='word_1_393' title='bbox 1858 3135 2027 3214; x_wconf 89' lang='lat' dir='ltr'>quod</span> <span class='ocrx_word' id='word_1_394' title='bbox 2056 3135 2369 3196; x_wconf 89' lang='lat' dir='ltr'>manendo</span> 
     </span>
     <span class='ocr_line' id='line_1_63' title="bbox 832 3227 2373 3306; baseline -0.003 -14"><span class='ocrx_word' id='word_1_395' title='bbox 832 3232 997 3294; x_wconf 90' lang='lat' dir='ltr'>intra</span> <span class='ocrx_word' id='word_1_396' title='bbox 1023 3231 1331 3294; x_wconf 88' lang='lat' dir='ltr'>rationem</span> <span class='ocrx_word' id='word_1_397' title='bbox 1359 3229 1600 3304; x_wconf 88' lang='lat' dir='ltr'>tributi,</span> <span class='ocrx_word' id='word_1_398' title='bbox 1647 3228 1963 3306; x_wconf 84' lang='lat' dir='ltr'>praescribi</span> <span class='ocrx_word' id='word_1_399' title='bbox 1995 3228 2191 3306; x_wconf 88' lang='lat' dir='ltr'>possit</span> <span class='ocrx_word' id='word_1_400' title='bbox 2217 3227 2373 3288; x_wconf 89' lang='lat' dir='ltr'>defi-</span> 
     </span>
     <span class='ocr_line' id='line_1_64' title="bbox 832 3320 2096 3387; baseline -0.004 0"><span class='ocrx_word' id='word_1_401' title='bbox 832 3326 1034 3387; x_wconf 88' lang='lat' dir='ltr'>ciente</span> <span class='ocrx_word' id='word_1_402' title='bbox 1064 3341 1256 3385; x_wconf 90' lang='lat' dir='ltr'>causa</span> <span class='ocrx_word' id='word_1_403' title='bbox 1283 3322 1364 3382; x_wconf 89' lang='lat' dir='ltr'>ad</span> <span class='ocrx_word' id='word_1_404' title='bbox 1393 3321 1695 3382; x_wconf 87' lang='lat' dir='ltr'>tributum</span> <span class='ocrx_word' id='word_1_405' title='bbox 1724 3320 2096 3382; x_wconf 86' lang='lat' dir='ltr'>necessaria.</span> 
     </span>
    </p>

    <p class='ocr_par' dir='ltr' id='par_1_12' title="bbox 814 3414 2370 5544">
     <span class='ocr_line' id='line_1_65' title="bbox 913 3414 2370 3494; baseline -0.003 -16"><span class='ocrx_word' id='word_1_406' title='bbox 913 3420 1060 3478; x_wconf 84' lang='lat' dir='ltr'>Haec</span> <span class='ocrx_word' id='word_1_407' title='bbox 1089 3417 1271 3493; x_wconf 88' lang='lat' dir='ltr'>rati0,</span> <span class='ocrx_word' id='word_1_408' title='bbox 1304 3420 1368 3476; x_wconf 93' lang='lat' dir='ltr'>et</span> <span class='ocrx_word' id='word_1_409' title='bbox 1394 3414 1528 3494; x_wconf 89' lang='lat' dir='ltr'>ejus</span> <span class='ocrx_word' id='word_1_410' title='bbox 1558 3415 1896 3491; x_wconf 87' lang='lat' dir='ltr'>discursus,</span> <span class='ocrx_word' id='word_1_411' title='bbox 1931 3417 2002 3475; x_wconf 89' lang='lat' dir='ltr'>ut</span> <span class='ocrx_word' id='word_1_412' title='bbox 2029 3432 2247 3474; x_wconf 87' lang='lat' dir='ltr'>verum</span> <span class='ocrx_word' id='word_1_413' title='bbox 2277 3414 2370 3474; x_wconf 85' lang='lat' dir='ltr'>fa·-</span> 
     </span>
     <span class='ocr_line' id='line_1_66' title="bbox 832 3506 2368 3587; baseline -0.004 -15"><span class='ocrx_word' id='word_1_414' title='bbox 832 3516 986 3587; x_wconf 88' lang='lat' dir='ltr'>tear,</span> <span class='ocrx_word' id='word_1_415' title='bbox 1046 3528 1146 3570; x_wconf 92' lang='lat' dir='ltr'>me</span> <span class='ocrx_word' id='word_1_416' title='bbox 1204 3527 1328 3570; x_wconf 90' lang='lat' dir='ltr'>non</span> <span class='ocrx_word' id='word_1_417' title='bbox 1370 3508 1704 3582; x_wconf 82' lang='lat' dir='ltr'>convincit,</span> <span class='ocrx_word' id='word_1_418' title='bbox 1748 3508 2099 3585; x_wconf 67' lang='lat' dir='ltr'>praesertim</span> <span class='ocrx_word' id='word_1_419' title='bbox 2157 3506 2368 3585; x_wconf 88' lang='lat' dir='ltr'>quoad</span> 
     </span>
     <span class='ocr_line' id='line_1_67' title="bbox 829 3599 2369 3683; baseline -0.003 -20"><span class='ocrx_word' id='word_1_420' title='bbox 829 3603 1070 3683; x_wconf 89' lang='lat' dir='ltr'>praxim</span> <span class='ocrx_word' id='word_1_421' title='bbox 1129 3601 1208 3662; x_wconf 90' lang='lat' dir='ltr'>ad</span> <span class='ocrx_word' id='word_1_422' title='bbox 1268 3619 1457 3681; x_wconf 87' lang='lat' dir='ltr'>quam</span> <span class='ocrx_word' id='word_1_423' title='bbox 1500 3601 1637 3661; x_wconf 86' lang='lat' dir='ltr'>haec</span> <span class='ocrx_word' id='word_1_424' title='bbox 1690 3601 1963 3660; x_wconf 85' lang='lat' dir='ltr'>maxime</span> <span class='ocrx_word' id='word_1_425' title='bbox 2020 3599 2369 3660; x_wconf 87' lang='lat' dir='ltr'>decidenda</span> 
     </span>
     <span class='ocr_line' id='line_1_68' title="bbox 825 3692 2367 3774; baseline -0.005 -16"><span class='ocrx_word' id='word_1_426' title='bbox 825 3702 990 3759; x_wconf 88' lang='lat' dir='ltr'>sunt.</span> <span class='ocrx_word' id='word_1_427' title='bbox 1055 3699 1171 3757; x_wconf 92' lang='lat' dir='ltr'>Pro</span> <span class='ocrx_word' id='word_1_428' title='bbox 1228 3713 1350 3774; x_wconf 90' lang='lat' dir='ltr'>quo</span> <span class='ocrx_word' id='word_1_429' title='bbox 1406 3694 1691 3770; x_wconf 79' lang='lat' dir='ltr'>adverte,</span> <span class='ocrx_word' id='word_1_430' title='bbox 1725 3692 2054 3771; x_wconf 89' lang='lat' dir='ltr'>tripliciter</span> <span class='ocrx_word' id='word_1_431' title='bbox 2108 3710 2367 3753; x_wconf 89' lang='lat' dir='ltr'>censum</span> 
     </span>
     <span class='ocr_line' id='line_1_69' title="bbox 824 3786 2364 3867; baseline -0.004 -16"><span class='ocrx_word' id='word_1_432' title='bbox 824 3791 998 3851; x_wconf 91' lang='lat' dir='ltr'>illum</span> <span class='ocrx_word' id='word_1_433' title='bbox 1026 3788 1179 3851; x_wconf 89' lang='lat' dir='ltr'>solvi</span> <span class='ocrx_word' id='word_1_434' title='bbox 1210 3787 1484 3867; x_wconf 88' lang='lat' dir='ltr'>potuisse</span> <span class='ocrx_word' id='word_1_435' title='bbox 1512 3786 1669 3865; x_wconf 80' lang='lat' dir='ltr'>regi,</span> <span class='ocrx_word' id='word_1_436' title='bbox 1704 3790 1986 3864; x_wconf 87' lang='lat' dir='ltr'>tempore</span> <span class='ocrx_word' id='word_1_437' title='bbox 2015 3786 2119 3847; x_wconf 90' lang='lat' dir='ltr'>illo</span> <span class='ocrx_word' id='word_1_438' title='bbox 2141 3786 2364 3845; x_wconf 90' lang='lat' dir='ltr'>imme-</span> 
     </span>
     <span class='ocr_line' id='line_1_70' title="bbox 824 3878 2367 3957; baseline -0.003 -14"><span class='ocrx_word' id='word_1_439' title='bbox 824 3882 1092 3943; x_wconf 88' lang='lat' dir='ltr'>moriali.</span> <span class='ocrx_word' id='word_1_440' title='bbox 1128 3881 1361 3957; x_wconf 88' lang='lat' dir='ltr'>Primo,</span> <span class='ocrx_word' id='word_1_441' title='bbox 1405 3885 1478 3942; x_wconf 89' lang='grc' dir='ltr'>ιιι</span> <span class='ocrx_word' id='word_1_442' title='bbox 1506 3878 1766 3957; x_wconf 73' lang='lat' dir='ltr'>privatae</span> <span class='ocrx_word' id='word_1_443' title='bbox 1808 3896 2115 3957; x_wconf 79' lang='lat' dir='ltr'>personae,</span> <span class='ocrx_word' id='word_1_444' title='bbox 2163 3878 2252 3939; x_wconf 87' lang='lat' dir='ltr'>ita</span> <span class='ocrx_word' id='word_1_445' title='bbox 2296 3882 2367 3939; x_wconf 90' lang='grc' dir='ltr'>ιιι</span> 
     </span>
     <span class='ocr_line' id='line_1_71' title="bbox 823 3971 2364 4055; baseline -0.005 -18"><span class='ocrx_word' id='word_1_446' title='bbox 823 3976 902 4037; x_wconf 92' lang='lat' dir='ltr'>de</span> <span class='ocrx_word' id='word_1_447' title='bbox 928 3975 1071 4055; x_wconf 90' lang='lat' dir='ltr'>jure</span> <span class='ocrx_word' id='word_1_448' title='bbox 1100 3974 1204 4036; x_wconf 88' lang='lat' dir='ltr'>illo</span> <span class='ocrx_word' id='word_1_449' title='bbox 1236 3972 1566 4052; x_wconf 90' lang='lat' dir='ltr'>disponere</span> <span class='ocrx_word' id='word_1_450' title='bbox 1612 3971 1807 4050; x_wconf 90' lang='lat' dir='ltr'>possit</span> <span class='ocrx_word' id='word_1_451' title='bbox 1831 3990 1964 4048; x_wconf 88' lang='lat' dir='ltr'>rex,</span> <span class='ocrx_word' id='word_1_452' title='bbox 2006 3989 2131 4032; x_wconf 93' lang='lat' dir='ltr'>non</span> <span class='ocrx_word' id='word_1_453' title='bbox 2173 3975 2241 4032; x_wconf 91' lang='lat' dir='ltr'>ut</span> <span class='ocrx_word' id='word_1_454' title='bbox 2286 3972 2364 4031; x_wconf 90' lang='lat' dir='ltr'>de</span> 
     </span>
     <span class='ocr_line' id='line_1_72' title="bbox 822 4064 2364 4143; baseline -0.004 -14"><span class='ocrx_word' id='word_1_455' title='bbox 822 4069 1004 4131; x_wconf 90' lang='lat' dir='ltr'>bonis</span> <span class='ocrx_word' id='word_1_456' title='bbox 1033 4086 1303 4140; x_wconf 82' lang='lat' dir='ltr'>coronae,</span> <span class='ocrx_word' id='word_1_457' title='bbox 1337 4066 1447 4127; x_wconf 87' lang='lat' dir='ltr'>sed</span> <span class='ocrx_word' id='word_1_458' title='bbox 1478 4069 1546 4126; x_wconf 85' lang='lat' dir='ltr'>ut</span> <span class='ocrx_word' id='word_1_459' title='bbox 1573 4064 1651 4125; x_wconf 90' lang='lat' dir='ltr'>de</span> <span class='ocrx_word' id='word_1_460' title='bbox 1681 4065 2059 4143; x_wconf 87' lang='lat' dir='ltr'>patrimonio</span> <span class='ocrx_word' id='word_1_461' title='bbox 2091 4084 2221 4125; x_wconf 84' lang='lat' dir='ltr'>suae</span> <span class='ocrx_word' id='word_1_462' title='bbox 2271 4065 2364 4124; x_wconf 88' lang='lat' dir='ltr'>fa-</span> 
     </span>
     <span class='ocr_line' id='line_1_73' title="bbox 822 4157 2364 4240; baseline -0.003 -19"><span class='ocrx_word' id='word_1_463' title='bbox 822 4162 1011 4222; x_wconf 83' lang='lat' dir='ltr'>miliae</span> <span class='ocrx_word' id='word_1_464' title='bbox 1039 4161 1321 4240; x_wconf 85' lang='lat' dir='ltr'>privatae,</span> <span class='ocrx_word' id='word_1_465' title='bbox 1356 4159 1525 4237; x_wconf 91' lang='lat' dir='ltr'>quod</span> <span class='ocrx_word' id='word_1_466' title='bbox 1554 4162 1740 4219; x_wconf 89' lang='lat' dir='ltr'>antea</span> <span class='ocrx_word' id='word_1_467' title='bbox 1768 4157 2080 4232; x_wconf 85' lang='lat' dir='ltr'>habebat;</span> <span class='ocrx_word' id='word_1_468' title='bbox 2117 4162 2180 4219; x_wconf 90' lang='lat' dir='ltr'>et</span> <span class='ocrx_word' id='word_1_469' title='bbox 2215 4162 2364 4220; x_wconf 90' lang='lat' dir='ltr'>tunc</span> 
     </span>
     <span class='ocr_line' id='line_1_74' title="bbox 822 4250 2363 4330; baseline -0.003 -15"><span class='ocrx_word' id='word_1_470' title='bbox 822 4260 1064 4316; x_wconf 89' lang='lat' dir='ltr'>certum</span> <span class='ocrx_word' id='word_1_471' title='bbox 1085 4257 1178 4313; x_wconf 89' lang='lat' dir='ltr'>est</span> <span class='ocrx_word' id='word_1_472' title='bbox 1197 4251 1471 4330; x_wconf 87' lang='lat' dir='ltr'>potuisse</span> <span class='ocrx_word' id='word_1_473' title='bbox 1501 4251 1824 4330; x_wconf 64' lang='lat' dir='ltr'>praescribi</span> <span class='ocrx_word' id='word_1_474' title='bbox 1847 4250 1927 4311; x_wconf 88' lang='lat' dir='ltr'>ab</span> <span class='ocrx_word' id='word_1_475' title='bbox 1956 4250 2090 4328; x_wconf 89' lang='lat' dir='ltr'>ipso</span> <span class='ocrx_word' id='word_1_476' title='bbox 2113 4270 2126 4311; x_wconf 93' lang='lat'>:</span> <span class='ocrx_word' id='word_1_477' title='bbox 2153 4256 2217 4311; x_wconf 88' lang='lat' dir='ltr'>et</span> <span class='ocrx_word' id='word_1_478' title='bbox 2244 4250 2363 4311; x_wconf 90' lang='lat' dir='ltr'>hoc</span> 
     </span>
     <span class='ocr_line' id='line_1_75' title="bbox 820 4343 2364 4424; baseline -0.005 -15"><span class='ocrx_word' id='word_1_479' title='bbox 820 4349 1050 4409; x_wconf 84' lang='lat' dir='ltr'>fatetur</span> <span class='ocrx_word' id='word_1_480' title='bbox 1076 4347 1144 4407; x_wconf 91' lang='lat' dir='ltr'>P.</span> <span class='ocrx_word' id='word_1_481' title='bbox 1179 4348 1488 4424; x_wconf 80' lang='lat' dir='ltr'>vasquez,</span> <span class='ocrx_word' id='word_1_482' title='bbox 1518 4344 1645 4406; x_wconf 91' lang='lat' dir='ltr'>imo</span> <span class='ocrx_word' id='word_1_483' title='bbox 1675 4345 1903 4405; x_wconf 85' lang='lat' dir='ltr'>fatetur</span> <span class='ocrx_word' id='word_1_484' title='bbox 1949 4362 2131 4421; x_wconf 89' lang='lat' dir='ltr'>posse</span> <span class='ocrx_word' id='word_1_485' title='bbox 2175 4343 2364 4403; x_wconf 87' lang='lat' dir='ltr'>etiam</span> 
     </span>
     <span class='ocr_line' id='line_1_76' title="bbox 818 4435 2363 4521; baseline -0.003 -20"><span class='ocrx_word' id='word_1_486' title='bbox 818 4438 1161 4521; x_wconf 63' lang='lat' dir='ltr'>praescribi,</span> <span class='ocrx_word' id='word_1_487' title='bbox 1193 4437 1444 4517; x_wconf 91' lang='lat' dir='ltr'>quando</span> <span class='ocrx_word' id='word_1_488' title='bbox 1476 4437 1647 4515; x_wconf 90' lang='lat' dir='ltr'>prius</span> <span class='ocrx_word' id='word_1_489' title='bbox 1677 4440 1745 4497; x_wconf 88' lang='lat' dir='ltr'>ut</span> <span class='ocrx_word' id='word_1_490' title='bbox 1772 4437 2009 4498; x_wconf 85' lang='lat' dir='ltr'>tributa</span> <span class='ocrx_word' id='word_1_491' title='bbox 2035 4435 2197 4514; x_wconf 83' lang='lat' dir='ltr'>exigi</span> <span class='ocrx_word' id='word_1_492' title='bbox 2216 4454 2363 4496; x_wconf 90' lang='lat' dir='ltr'>con·</span> 
     </span>
     <span class='ocr_line' id='line_1_77' title="bbox 820 4529 2364 4610; baseline -0.005 -14"><span class='ocrx_word' id='word_1_493' title='bbox 820 4537 1174 4609; x_wconf 85' lang='lat' dir='ltr'>sueverant,</span> <span class='ocrx_word' id='word_1_494' title='bbox 1208 4535 1425 4610; x_wconf 88' lang='lat' dir='ltr'>postea</span> <span class='ocrx_word' id='word_1_495' title='bbox 1454 4536 1736 4609; x_wconf 90' lang='lat' dir='ltr'>tempore</span> <span class='ocrx_word' id='word_1_496' title='bbox 1764 4529 2202 4590; x_wconf 90' lang='lat' dir='ltr'>immemoriali</span> <span class='ocrx_word' id='word_1_497' title='bbox 2234 4529 2364 4589; x_wconf 85' lang='lat' dir='ltr'>exi-</span> 
     </span>
     <span class='ocr_line' id='line_1_78' title="bbox 818 4624 2360 4709; baseline -0.005 -20"><span class='ocrx_word' id='word_1_498' title='bbox 818 4631 1118 4709; x_wconf 85' lang='lat' dir='ltr'>gerentur</span> <span class='ocrx_word' id='word_1_499' title='bbox 1145 4630 1214 4687; x_wconf 88' lang='lat' dir='ltr'>ut</span> <span class='ocrx_word' id='word_1_500' title='bbox 1241 4625 1479 4686; x_wconf 88' lang='lat' dir='ltr'>reditus</span> <span class='ocrx_word' id='word_1_501' title='bbox 1509 4624 1757 4702; x_wconf 90' lang='lat' dir='ltr'>privati,</span> <span class='ocrx_word' id='word_1_502' title='bbox 1792 4643 1907 4685; x_wconf 89' lang='lat' dir='ltr'>nec</span> <span class='ocrx_word' id='word_1_503' title='bbox 1936 4627 2182 4684; x_wconf 89' lang='lat' dir='ltr'>constat</span> <span class='ocrx_word' id='word_1_504' title='bbox 2227 4641 2360 4683; x_wconf 89' lang='lat' dir='ltr'>esse</span> 
     </span>
     <span class='ocr_line' id='line_1_79' title="bbox 816 4717 2361 4799; baseline -0.005 -17"><span class='ocrx_word' id='word_1_505' title='bbox 816 4721 1052 4783; x_wconf 87' lang='lat' dir='ltr'>tributa</span> <span class='ocrx_word' id='word_1_506' title='bbox 1079 4719 1352 4799; x_wconf 87' lang='lat' dir='ltr'>publica,</span> <span class='ocrx_word' id='word_1_507' title='bbox 1387 4721 1495 4778; x_wconf 90' lang='lat' dir='ltr'>aut</span> <span class='ocrx_word' id='word_1_508' title='bbox 1523 4735 1824 4797; x_wconf 89' lang='lat' dir='ltr'>umquam</span> <span class='ocrx_word' id='word_1_509' title='bbox 1855 4717 2063 4791; x_wconf 83' lang='lat' dir='ltr'>fuisse,</span> <span class='ocrx_word' id='word_1_510' title='bbox 2099 4733 2222 4794; x_wconf 91' lang='lat' dir='ltr'>quo</span> <span class='ocrx_word' id='word_1_511' title='bbox 2263 4733 2361 4775; x_wconf 88' lang='lat' dir='ltr'>ca-</span> 
     </span>
     <span class='ocr_line' id='line_1_80' title="bbox 817 4809 2355 4893; baseline -0.004 -17"><span class='ocrx_word' id='word_1_512' title='bbox 817 4834 893 4876; x_wconf 87' lang='lat' dir='ltr'>su</span> <span class='ocrx_word' id='word_1_513' title='bbox 920 4811 1378 4893; x_wconf 81' lang='lat' dir='ltr'>praescriptioni</span> <span class='ocrx_word' id='word_1_514' title='bbox 1404 4811 1612 4872; x_wconf 91' lang='lat' dir='ltr'>locum</span> <span class='ocrx_word' id='word_1_515' title='bbox 1660 4829 1794 4870; x_wconf 89' lang='lat' dir='ltr'>esse</span> <span class='ocrx_word' id='word_1_516' title='bbox 1846 4809 2136 4870; x_wconf 89' lang='lat' dir='ltr'>concedit</span> <span class='ocrx_word' id='word_1_517' title='bbox 2163 4829 2223 4869; x_wconf 89' lang='lat' dir='ltr'>n.</span> <span class='ocrx_word' id='word_1_518' title='bbox 2257 4812 2355 4870; x_wconf 75' lang='lat'>62.</span> 
     </span>
     <span class='ocr_line' id='line_1_81' title="bbox 818 4902 2363 4984; baseline -0.005 -15"><span class='ocrx_word' id='word_1_519' title='bbox 818 4909 975 4969; x_wconf 89' lang='lat' dir='ltr'>Item</span> <span class='ocrx_word' id='word_1_520' title='bbox 1006 4905 1281 4967; x_wconf 90' lang='lat' dir='ltr'>secundo</span> <span class='ocrx_word' id='word_1_521' title='bbox 1310 4903 1514 4984; x_wconf 88' lang='lat' dir='ltr'>potuit</span> <span class='ocrx_word' id='word_1_522' title='bbox 1539 4903 1697 4964; x_wconf 81' lang='lat' dir='ltr'>solvi</span> <span class='ocrx_word' id='word_1_523' title='bbox 1725 4921 1758 4963; x_wconf 92' lang='lat' dir='ltr'>e</span> <span class='ocrx_word' id='word_1_524' title='bbox 1788 4906 2006 4964; x_wconf 90' lang='lat' dir='ltr'>contra</span> <span class='ocrx_word' id='word_1_525' title='bbox 2043 4907 2111 4963; x_wconf 91' lang='lat' dir='ltr'>ut</span> <span class='ocrx_word' id='word_1_526' title='bbox 2159 4902 2363 4963; x_wconf 90' lang='lat' dir='ltr'>tribu-</span> 
     </span>
     <span class='ocr_line' id='line_1_82' title="bbox 816 4995 2362 5078; baseline -0.006 -16"><span class='ocrx_word' id='word_1_527' title='bbox 816 5005 952 5063; x_wconf 88' lang='lat' dir='ltr'>tum</span> <span class='ocrx_word' id='word_1_528' title='bbox 980 4999 1324 5078; x_wconf 89' lang='lat' dir='ltr'>publicum,</span> <span class='ocrx_word' id='word_1_529' title='bbox 1358 5001 1422 5058; x_wconf 89' lang='lat' dir='ltr'>et</span> <span class='ocrx_word' id='word_1_530' title='bbox 1474 4997 1675 5057; x_wconf 90' lang='lat' dir='ltr'>solum</span> <span class='ocrx_word' id='word_1_531' title='bbox 1731 5014 1803 5056; x_wconf 88' lang='lat' dir='ltr'>ea</span> <span class='ocrx_word' id='word_1_532' title='bbox 1846 4995 2190 5055; x_wconf 89' lang='lat' dir='ltr'>intentione</span> <span class='ocrx_word' id='word_1_533' title='bbox 2237 5013 2362 5073; x_wconf 89' lang='lat' dir='ltr'>qua</span> 
     </span>
     <span class='ocr_line' id='line_1_83' title="bbox 817 5088 2360 5166; baseline -0.005 -12"><span class='ocrx_word' id='word_1_534' title='bbox 817 5112 993 5154; x_wconf 89' lang='lat' dir='ltr'>mera</span> <span class='ocrx_word' id='word_1_535' title='bbox 1016 5092 1253 5153; x_wconf 83' lang='lat' dir='ltr'>tributa</span> <span class='ocrx_word' id='word_1_536' title='bbox 1279 5090 1629 5165; x_wconf 88' lang='lat' dir='ltr'>solvuntur,</span> <span class='ocrx_word' id='word_1_537' title='bbox 1691 5107 1915 5166; x_wconf 91' lang='lat' dir='ltr'>nempe</span> <span class='ocrx_word' id='word_1_538' title='bbox 1971 5088 2051 5148; x_wconf 90' lang='lat' dir='ltr'>ob</span> <span class='ocrx_word' id='word_1_539' title='bbox 2095 5088 2360 5147; x_wconf 87' lang='lat' dir='ltr'>necessi-</span> 
     </span>
     <span class='ocr_line' id='line_1_84' title="bbox 815 5179 2360 5264; baseline -0.007 -15"><span class='ocrx_word' id='word_1_540' title='bbox 815 5191 977 5249; x_wconf 89' lang='lat' dir='ltr'>tates</span> <span class='ocrx_word' id='word_1_541' title='bbox 1034 5191 1097 5247; x_wconf 92' lang='lat' dir='ltr'>et</span> <span class='ocrx_word' id='word_1_542' title='bbox 1163 5183 1577 5262; x_wconf 85' lang='lat' dir='ltr'>obligationes</span> <span class='ocrx_word' id='word_1_543' title='bbox 1634 5180 2047 5264; x_wconf 79' lang='lat' dir='ltr'>subveniendi</span> <span class='ocrx_word' id='word_1_544' title='bbox 2099 5180 2234 5259; x_wconf 89' lang='lat' dir='ltr'>regi</span> <span class='ocrx_word' id='word_1_545' title='bbox 2278 5179 2360 5239; x_wconf 88' lang='lat' dir='ltr'>ad</span> 
     </span>
     <span class='ocr_line' id='line_1_85' title="bbox 814 5274 2353 5353; baseline -0.005 -11"><span class='ocrx_word' id='word_1_546' title='bbox 814 5299 999 5342; x_wconf 87' lang='lat' dir='ltr'>suum</span> <span class='ocrx_word' id='word_1_547' title='bbox 1029 5282 1284 5353; x_wconf 84' lang='lat' dir='ltr'>statum,</span> <span class='ocrx_word' id='word_1_548' title='bbox 1320 5282 1383 5339; x_wconf 89' lang='lat' dir='ltr'>et</span> <span class='ocrx_word' id='word_1_549' title='bbox 1409 5276 1492 5337; x_wconf 86' lang='lat' dir='ltr'>ad</span> <span class='ocrx_word' id='word_1_550' title='bbox 1527 5274 1928 5337; x_wconf 87' lang='lat' dir='ltr'>necessitates</span> <span class='ocrx_word' id='word_1_551' title='bbox 1965 5291 2353 5334; x_wconf 88' lang='lat' dir='ltr'>communes.</span> 
     </span>
     <span class='ocr_line' id='line_1_86' title="bbox 814 5367 2359 5436; baseline -0.006 -1"><span class='ocrx_word' id='word_1_552' title='bbox 814 5376 894 5436; x_wconf 84' lang='lat' dir='ltr'>Et</span> <span class='ocrx_word' id='word_1_553' title='bbox 919 5374 984 5434; x_wconf 89' lang='lat' dir='ltr'>in</span> <span class='ocrx_word' id='word_1_554' title='bbox 1003 5373 1122 5433; x_wconf 90' lang='lat' dir='ltr'>boc</span> <span class='ocrx_word' id='word_1_555' title='bbox 1152 5370 1428 5432; x_wconf 88' lang='lat' dir='ltr'>secundo</span> <span class='ocrx_word' id='word_1_556' title='bbox 1459 5386 1608 5430; x_wconf 87' lang='lat' dir='ltr'>casu</span> <span class='ocrx_word' id='word_1_557' title='bbox 1636 5368 1941 5430; x_wconf 87' lang='lat' dir='ltr'>convenio</span> <span class='ocrx_word' id='word_1_558' title='bbox 1972 5385 2114 5428; x_wconf 90' lang='lat' dir='ltr'>cum</span> <span class='ocrx_word' id='word_1_559' title='bbox 2143 5367 2219 5427; x_wconf 83' lang='lat' dir='ltr'>iis</span> <span class='ocrx_word' id='word_1_560' title='bbox 2246 5385 2359 5427; x_wconf 90' lang='lat' dir='ltr'>au-</span> 
     </span>
     <span class='ocr_line' id='line_1_87' title="bbox 816 5458 2353 5544; baseline -0.005 -16"><span class='ocrx_word' id='word_1_561' title='bbox 816 5466 1113 5541; x_wconf 76' lang='lat' dir='ltr'>ctoribuS,</span> <span class='ocrx_word' id='word_1_562' title='bbox 1130 5464 1301 5544; x_wconf 89' lang='lat' dir='ltr'>quod</span> <span class='ocrx_word' id='word_1_563' title='bbox 1328 5461 1716 5543; x_wconf 84' lang='lat' dir='ltr'>praescriptio</span> <span class='ocrx_word' id='word_1_564' title='bbox 1735 5461 1814 5522; x_wconf 91' lang='lat' dir='ltr'>ad</span> <span class='ocrx_word' id='word_1_565' title='bbox 1834 5460 1985 5520; x_wconf 86' lang='lat' dir='ltr'>nibil</span> <span class='ocrx_word' id='word_1_566' title='bbox 2001 5458 2316 5521; x_wconf 85' lang='lat' dir='ltr'>deserviat</span> <span class='ocrx_word' id='word_1_567' title='bbox 2340 5479 2353 5520; x_wconf 77' lang='lat' dir='ltr'><em>z</em></span> 
     </span>
    </p>
   </div>
   <div class='ocr_carea' id='block_1_11' title="bbox 1385 5609 1425 5648">
    <p class='ocr_par' dir='ltr' id='par_1_13' title="bbox 1385 5609 1425 5648">
     <span class='ocr_line' id='line_1_88' title="bbox 1385 5609 1425 5648; baseline 0 -11"><span class='ocrx_word' id='word_1_568' title='bbox 1385 5609 1425 5648; x_wconf 61' lang='lat' dir='ltr'>v,</span> 
     </span>
    </p>
   </div>
   <div class='ocr_carea' id='block_1_12' title="bbox 2468 2857 3996 3215">
    <p class='ocr_par' dir='ltr' id='par_1_14' title="bbox 2468 2857 3996 3215">
     <span class='ocr_line' id='line_1_89' title="bbox 2474 2857 3996 2939; baseline -0.003 -18"><span class='ocrx_word' id='word_1_569' title='bbox 2474 2865 2542 2923; x_wconf 88' lang='grc' dir='ltr'>ιιι</span> <span class='ocrx_word' id='word_1_570' title='bbox 2569 2860 2827 2939; x_wconf 83' lang='lat' dir='ltr'>privatae</span> <span class='ocrx_word' id='word_1_571' title='bbox 2856 2876 3140 2936; x_wconf 63' lang='lat' dir='ltr'>personae</span> <span class='ocrx_word' id='word_1_572' title='bbox 3171 2857 3281 2918; x_wconf 91' lang='lat' dir='ltr'>sed</span> <span class='ocrx_word' id='word_1_573' title='bbox 3315 2861 3384 2917; x_wconf 91' lang='lat' dir='ltr'>ut</span> <span class='ocrx_word' id='word_1_574' title='bbox 3411 2857 3572 2935; x_wconf 84' lang='lat' dir='ltr'>regi,</span> <span class='ocrx_word' id='word_1_575' title='bbox 3606 2876 3789 2935; x_wconf 83' lang='lat' dir='ltr'>posse</span> <span class='ocrx_word' id='word_1_576' title='bbox 3818 2858 3996 2936; x_wconf 81' lang='lat' dir='ltr'>dupli-</span> 
     </span>
     <span class='ocr_line' id='line_1_90' title="bbox 2471 2950 3992 3027; baseline -0.005 -12"><span class='ocrx_word' id='word_1_577' title='bbox 2471 2955 2626 3016; x_wconf 89' lang='lat' dir='ltr'>citer</span> <span class='ocrx_word' id='word_1_578' title='bbox 2664 2952 2841 3015; x_wconf 87' lang='lat' dir='ltr'>solvi.</span> <span class='ocrx_word' id='word_1_579' title='bbox 2892 2950 3120 3027; x_wconf 88' lang='lat' dir='ltr'>Primo,</span> <span class='ocrx_word' id='word_1_580' title='bbox 3184 2952 3449 3027; x_wconf 88' lang='lat' dir='ltr'>possunt</span> <span class='ocrx_word' id='word_1_581' title='bbox 3489 2950 3646 3009; x_wconf 87' lang='lat' dir='ltr'>solvi</span> <span class='ocrx_word' id='word_1_582' title='bbox 3686 2969 3764 3009; x_wconf 80' lang='lat' dir='ltr'>ex</span> <span class='ocrx_word' id='word_1_583' title='bbox 3825 2968 3992 3010; x_wconf 75' lang='lat' dir='ltr'>causa</span> 
     </span>
     <span class='ocr_line' id='line_1_91' title="bbox 2468 3041 3990 3127; baseline -0.004 -20"><span class='ocrx_word' id='word_1_584' title='bbox 2468 3047 2739 3127; x_wconf 90' lang='lat' dir='ltr'>publica,</span> <span class='ocrx_word' id='word_1_585' title='bbox 2803 3063 3025 3122; x_wconf 89' lang='lat' dir='ltr'>nempe</span> <span class='ocrx_word' id='word_1_586' title='bbox 3082 3046 3338 3122; x_wconf 84' lang='lat' dir='ltr'>propter</span> <span class='ocrx_word' id='word_1_587' title='bbox 3392 3041 3684 3102; x_wconf 86' lang='lat' dir='ltr'>debitum</span> <span class='ocrx_word' id='word_1_588' title='bbox 3733 3042 3990 3104; x_wconf 76' lang='lat' dir='ltr'>naturale</span> 
     </span>
     <span class='ocr_line' id='line_1_92' title="bbox 2469 3135 3989 3215; baseline -0.004 -14"><span class='ocrx_word' id='word_1_589' title='bbox 2469 3139 2864 3202; x_wconf 90' lang='lat' dir='ltr'>subditorum</span> <span class='ocrx_word' id='word_1_590' title='bbox 2894 3135 3105 3198; x_wconf 90' lang='lat' dir='ltr'>alendi</span> <span class='ocrx_word' id='word_1_591' title='bbox 3133 3154 3373 3215; x_wconf 88' lang='lat' dir='ltr'>regem,</span> <span class='ocrx_word' id='word_1_592' title='bbox 3410 3141 3474 3198; x_wconf 87' lang='lat' dir='ltr'>et</span> <span class='ocrx_word' id='word_1_593' title='bbox 3502 3135 3698 3195; x_wconf 82' lang='lat' dir='ltr'>dandi</span> <span class='ocrx_word' id='word_1_594' title='bbox 3721 3136 3778 3196; x_wconf 89' lang='lat' dir='ltr'>ei</span> <span class='ocrx_word' id='word_1_595' title='bbox 3806 3153 3989 3195; x_wconf 80' lang='lat' dir='ltr'>neces·</span> 
     </span>
    </p>
   </div>
   <div class='ocr_carea' id='block_1_13' title="bbox 2461 3228 3986 3307">
    <p class='ocr_par' dir='ltr' id='par_1_15' title="bbox 2461 3228 3986 3307">
     <span class='ocr_line' id='line_1_93' title="bbox 2461 3228 3986 3307; baseline -0.005 -11"><span class='ocrx_word' id='word_1_596' title='bbox 2461 3233 2634 3297; x_wconf 77' lang='lat' dir='ltr'>saria</span> <span class='ocrx_word' id='word_1_597' title='bbox 2665 3232 2746 3292; x_wconf 89' lang='lat' dir='ltr'>ad</span> <span class='ocrx_word' id='word_1_598' title='bbox 2771 3231 3010 3292; x_wconf 88' lang='lat' dir='ltr'>honum</span> <span class='ocrx_word' id='word_1_599' title='bbox 3041 3229 3398 3307; x_wconf 83' lang='lat' dir='ltr'>publicum;</span> <span class='ocrx_word' id='word_1_600' title='bbox 3434 3233 3497 3288; x_wconf 89' lang='lat' dir='ltr'>et</span> <span class='ocrx_word' id='word_1_601' title='bbox 3524 3228 3591 3287; x_wconf 90' lang='lat' dir='ltr'>iu</span> <span class='ocrx_word' id='word_1_602' title='bbox 3622 3228 3722 3289; x_wconf 85' lang='lat' dir='ltr'>his</span> <span class='ocrx_word' id='word_1_603' title='bbox 3751 3229 3986 3289; x_wconf 78' lang='lat' dir='ltr'>admitto</span> 
     </span>
    </p>
   </div>
   <div class='ocr_carea' id='block_1_14' title="bbox 2455 3322 3982 5538">
    <p class='ocr_par' dir='ltr' id='par_1_16' title="bbox 2455 3322 3982 5538">
     <span class='ocr_line' id='line_1_94' title="bbox 2469 3322 3982 3405; baseline -0.005 -18"><span class='ocrx_word' id='word_1_604' title='bbox 2469 3325 2702 3405; x_wconf 89' lang='lat' dir='ltr'>requiri</span> <span class='ocrx_word' id='word_1_605' title='bbox 2732 3322 3142 3384; x_wconf 86' lang='lat' dir='ltr'>essentialiter</span> <span class='ocrx_word' id='word_1_606' title='bbox 3160 3340 3440 3396; x_wconf 90' lang='lat' dir='ltr'>causam,</span> <span class='ocrx_word' id='word_1_607' title='bbox 3475 3339 3678 3399; x_wconf 84' lang='lat' dir='ltr'>eaque</span> <span class='ocrx_word' id='word_1_608' title='bbox 3709 3329 3982 3394; x_wconf 80' lang='lat' dir='ltr'>cessante,</span> 
     </span>
     <span class='ocr_line' id='line_1_95' title="bbox 2468 3414 3981 3493; baseline -0.006 -12"><span class='ocrx_word' id='word_1_609' title='bbox 2468 3417 2985 3481; x_wconf 88' lang='lat' dir='ltr'>consuetudinem</span> <span class='ocrx_word' id='word_1_610' title='bbox 3015 3416 3212 3476; x_wconf 90' lang='lat' dir='ltr'>solam</span> <span class='ocrx_word' id='word_1_611' title='bbox 3242 3432 3369 3474; x_wconf 89' lang='lat' dir='ltr'>non</span> <span class='ocrx_word' id='word_1_612' title='bbox 3407 3415 3704 3474; x_wconf 87' lang='lat' dir='ltr'>sufficere</span> <span class='ocrx_word' id='word_1_613' title='bbox 3733 3414 3808 3473; x_wconf 83' lang='lat' dir='ltr'>ad</span> <span class='ocrx_word' id='word_1_614' title='bbox 3847 3432 3981 3493; x_wconf 76' lang='lat' dir='ltr'>prae-</span> 
     </span>
     <span class='ocr_line' id='line_1_96' title="bbox 2467 3505 3980 3590; baseline -0.007 -17"><span class='ocrx_word' id='word_1_615' title='bbox 2467 3511 2891 3590; x_wconf 89' lang='lat' dir='ltr'>scriptionem.</span> <span class='ocrx_word' id='word_1_616' title='bbox 2934 3507 3221 3570; x_wconf 90' lang='lat' dir='ltr'>Secundo</span> <span class='ocrx_word' id='word_1_617' title='bbox 3277 3513 3494 3568; x_wconf 87' lang='lat' dir='ltr'>tamen</span> <span class='ocrx_word' id='word_1_618' title='bbox 3543 3513 3805 3586; x_wconf 84' lang='lat' dir='ltr'>possunt</span> <span class='ocrx_word' id='word_1_619' title='bbox 3854 3505 3980 3566; x_wconf 69' lang='lat' dir='ltr'>solvi</span> 
     </span>
     <span class='ocr_line' id='line_1_97' title="bbox 2465 3599 3980 3684; baseline -0.005 -19"><span class='ocrx_word' id='word_1_620' title='bbox 2465 3605 2622 3684; x_wconf 89' lang='lat' dir='ltr'>regi,</span> <span class='ocrx_word' id='word_1_621' title='bbox 2655 3609 2725 3664; x_wconf 90' lang='lat' dir='ltr'>ut</span> <span class='ocrx_word' id='word_1_622' title='bbox 2749 3602 2905 3681; x_wconf 89' lang='lat' dir='ltr'>regi,</span> <span class='ocrx_word' id='word_1_623' title='bbox 2941 3621 3062 3662; x_wconf 92' lang='lat' dir='ltr'>non</span> <span class='ocrx_word' id='word_1_624' title='bbox 3093 3605 3350 3679; x_wconf 84' lang='lat' dir='ltr'>propter</span> <span class='ocrx_word' id='word_1_625' title='bbox 3377 3600 3559 3659; x_wconf 90' lang='lat' dir='ltr'>illum</span> <span class='ocrx_word' id='word_1_626' title='bbox 3588 3599 3864 3659; x_wconf 84' lang='lat' dir='ltr'>debitum</span> <span class='ocrx_word' id='word_1_627' title='bbox 3890 3617 3980 3658; x_wconf 79' lang='lat' dir='ltr'>na·</span> 
     </span>
     <span class='ocr_line' id='line_1_98' title="bbox 2465 3691 3973 3774; baseline -0.007 -15"><span class='ocrx_word' id='word_1_628' title='bbox 2465 3698 2690 3774; x_wconf 90' lang='lat' dir='ltr'>turale,</span> <span class='ocrx_word' id='word_1_629' title='bbox 2723 3696 2834 3756; x_wconf 90' lang='lat' dir='ltr'>sed</span> <span class='ocrx_word' id='word_1_630' title='bbox 2861 3694 2982 3754; x_wconf 90' lang='lat' dir='ltr'>alio</span> <span class='ocrx_word' id='word_1_631' title='bbox 3012 3693 3214 3769; x_wconf 78' lang='lat' dir='ltr'>titulo,</span> <span class='ocrx_word' id='word_1_632' title='bbox 3252 3713 3310 3753; x_wconf 90' lang='lat' dir='ltr'>v.</span> <span class='ocrx_word' id='word_1_633' title='bbox 3343 3712 3443 3771; x_wconf 87' lang='lat' dir='ltr'>gr.</span> <span class='ocrx_word' id='word_1_634' title='bbox 3489 3692 3541 3752; x_wconf 92' lang='lat' dir='ltr'>si</span> <span class='ocrx_word' id='word_1_635' title='bbox 3573 3712 3684 3753; x_wconf 82' lang='lat' dir='ltr'>rex</span> <span class='ocrx_word' id='word_1_636' title='bbox 3713 3694 3856 3753; x_wconf 85' lang='lat' dir='ltr'>emit</span> <span class='ocrx_word' id='word_1_637' title='bbox 3882 3691 3973 3751; x_wconf 78' lang='lat' dir='ltr'>sihi</span> 
     </span>
     <span class='ocr_line' id='line_1_99' title="bbox 2466 3786 3976 3871; baseline -0.005 -20"><span class='ocrx_word' id='word_1_638' title='bbox 2466 3790 2705 3871; x_wconf 71' lang='lat' dir='ltr'>praedia</span> <span class='ocrx_word' id='word_1_639' title='bbox 2734 3788 2944 3849; x_wconf 90' lang='lat' dir='ltr'>omnia</span> <span class='ocrx_word' id='word_1_640' title='bbox 2990 3786 3253 3864; x_wconf 86' lang='lat' dir='ltr'>alicujus</span> <span class='ocrx_word' id='word_1_641' title='bbox 3306 3786 3633 3862; x_wconf 87' lang='lat' dir='ltr'>territorii,</span> <span class='ocrx_word' id='word_1_642' title='bbox 3694 3791 3754 3846; x_wconf 83' lang='lat' dir='ltr'>et</span> <span class='ocrx_word' id='word_1_643' title='bbox 3792 3791 3976 3863; x_wconf 73' lang='lat' dir='ltr'>postea</span> 
     </span>
     <span class='ocr_line' id='line_1_100' title="bbox 2466 3877 3974 3955; baseline -0.005 -12"><span class='ocrx_word' id='word_1_644' title='bbox 2466 3883 2640 3944; x_wconf 90' lang='lat' dir='ltr'>dedit</span> <span class='ocrx_word' id='word_1_645' title='bbox 2666 3882 2772 3942; x_wconf 90' lang='lat' dir='ltr'>illa</span> <span class='ocrx_word' id='word_1_646' title='bbox 2800 3880 3062 3955; x_wconf 80' lang='lat' dir='ltr'>civibuS,</span> <span class='ocrx_word' id='word_1_647' title='bbox 3097 3879 3197 3938; x_wconf 81' lang='lat' dir='ltr'>vel</span> <span class='ocrx_word' id='word_1_648' title='bbox 3227 3878 3467 3940; x_wconf 90' lang='lat' dir='ltr'>colonis</span> <span class='ocrx_word' id='word_1_649' title='bbox 3497 3897 3642 3939; x_wconf 90' lang='lat' dir='ltr'>cum</span> <span class='ocrx_word' id='word_1_650' title='bbox 3674 3897 3856 3939; x_wconf 84' lang='lat' dir='ltr'>onere</span> <span class='ocrx_word' id='word_1_651' title='bbox 3873 3877 3974 3936; x_wconf 78' lang='lat' dir='ltr'>scl-</span> 
     </span>
     <span class='ocr_line' id='line_1_101' title="bbox 2463 3972 3972 4051; baseline -0.007 -13"><span class='ocrx_word' id='word_1_652' title='bbox 2463 3977 2652 4038; x_wconf 89' lang='lat' dir='ltr'>vendi</span> <span class='ocrx_word' id='word_1_653' title='bbox 2680 3974 2796 4035; x_wconf 90' lang='lat' dir='ltr'>sibi</span> <span class='ocrx_word' id='word_1_654' title='bbox 2827 3978 2891 4034; x_wconf 90' lang='lat' dir='ltr'>et</span> <span class='ocrx_word' id='word_1_655' title='bbox 2936 3972 3189 4051; x_wconf 88' lang='lat' dir='ltr'>regibus</span> <span class='ocrx_word' id='word_1_656' title='bbox 3235 3972 3708 4033; x_wconf 87' lang='lat' dir='ltr'>successoribus</span> <span class='ocrx_word' id='word_1_657' title='bbox 3750 3988 3972 4032; x_wconf 81' lang='lat' dir='ltr'>censum</span> 
     </span>
     <span class='ocr_line' id='line_1_102' title="bbox 2464 4065 3968 4149; baseline -0.005 -19"><span class='ocrx_word' id='word_1_658' title='bbox 2464 4071 2738 4149; x_wconf 87' lang='lat' dir='ltr'>aliquem</span> <span class='ocrx_word' id='word_1_659' title='bbox 2794 4085 2869 4127; x_wconf 85' lang='lat' dir='ltr'>ex</span> <span class='ocrx_word' id='word_1_660' title='bbox 2917 4067 3034 4126; x_wconf 87' lang='lat' dir='ltr'>illis</span> <span class='ocrx_word' id='word_1_661' title='bbox 3080 4065 3332 4144; x_wconf 71' lang='lat' dir='ltr'>praediis</span> <span class='ocrx_word' id='word_1_662' title='bbox 3385 4065 3470 4125; x_wconf 91' lang='lat' dir='ltr'>ob</span> <span class='ocrx_word' id='word_1_663' title='bbox 3515 4065 3968 4144; x_wconf 65' lang='lat' dir='ltr'>recognitionem</span> 
     </span>
     <span class='ocr_line' id='line_1_103' title="bbox 2462 4157 3966 4223; baseline -0.005 0"><span class='ocrx_word' id='word_1_664' title='bbox 2462 4161 2743 4223; x_wconf 90' lang='lat' dir='ltr'>dominii.</span> <span class='ocrx_word' id='word_1_665' title='bbox 2783 4159 2886 4221; x_wconf 86' lang='lat' dir='ltr'>Sic</span> <span class='ocrx_word' id='word_1_666' title='bbox 2914 4157 3081 4219; x_wconf 87' lang='lat' dir='ltr'>enim</span> <span class='ocrx_word' id='word_1_667' title='bbox 3107 4157 3354 4218; x_wconf 89' lang='lat' dir='ltr'>Pharao</span> <span class='ocrx_word' id='word_1_668' title='bbox 3399 4160 3624 4218; x_wconf 62' lang='lat' dir='ltr'>Genesi.</span> <span class='ocrx_word' id='word_1_669' title='bbox 3673 4174 3850 4218; x_wconf 71' lang='lat' dir='ltr'>nvn.</span> <span class='ocrx_word' id='word_1_670' title='bbox 3879 4174 3966 4215; x_wconf 71' lang='lat' dir='ltr'>rex</span> 
     </span>
     <span class='ocr_line' id='line_1_104' title="bbox 2461 4248 3962 4334; baseline -0.007 -18"><span class='ocrx_word' id='word_1_671' title='bbox 2461 4252 2711 4334; x_wconf 84' lang='lat' dir='ltr'>AEgypti</span> <span class='ocrx_word' id='word_1_672' title='bbox 2743 4272 2780 4312; x_wconf 89' lang='lat' dir='ltr'>a</span> <span class='ocrx_word' id='word_1_673' title='bbox 2811 4251 3076 4313; x_wconf 88' lang='lat' dir='ltr'>subditis</span> <span class='ocrx_word' id='word_1_674' title='bbox 3106 4250 3257 4310; x_wconf 90' lang='lat' dir='ltr'>emit</span> <span class='ocrx_word' id='word_1_675' title='bbox 3285 4250 3435 4310; x_wconf 88' lang='lat' dir='ltr'>dato</span> <span class='ocrx_word' id='word_1_676' title='bbox 3457 4249 3769 4310; x_wconf 75' lang='lat' dir='ltr'>frumento</span> <span class='ocrx_word' id='word_1_677' title='bbox 3785 4248 3962 4310; x_wconf 75' lang='lat' dir='ltr'>omnia</span> 
     </span>
     <span class='ocr_line' id='line_1_105' title="bbox 2462 4341 3962 4427; baseline -0.005 -19"><span class='ocrx_word' id='word_1_678' title='bbox 2462 4347 2719 4427; x_wconf 86' lang='lat' dir='ltr'>praedia,</span> <span class='ocrx_word' id='word_1_679' title='bbox 2748 4364 2888 4425; x_wconf 85' lang='lat' dir='ltr'>quae</span> <span class='ocrx_word' id='word_1_680' title='bbox 2919 4343 3194 4404; x_wconf 90' lang='lat' dir='ltr'>reddidit</span> <span class='ocrx_word' id='word_1_681' title='bbox 3221 4342 3309 4403; x_wconf 90' lang='lat' dir='ltr'>eis</span> <span class='ocrx_word' id='word_1_682' title='bbox 3339 4343 3635 4421; x_wconf 85' lang='lat' dir='ltr'>imposito</span> <span class='ocrx_word' id='word_1_683' title='bbox 3668 4362 3844 4403; x_wconf 83' lang='lat' dir='ltr'>onere</span> <span class='ocrx_word' id='word_1_684' title='bbox 3867 4341 3962 4400; x_wconf 76' lang='lat' dir='ltr'>sol-</span> 
     </span>
     <span class='ocr_line' id='line_1_106' title="bbox 2460 4434 3960 4518; baseline -0.005 -17"><span class='ocrx_word' id='word_1_685' title='bbox 2460 4440 2651 4501; x_wconf 79' lang='lat' dir='ltr'>vendi</span> <span class='ocrx_word' id='word_1_686' title='bbox 2680 4439 2962 4518; x_wconf 88' lang='lat' dir='ltr'>quintam</span> <span class='ocrx_word' id='word_1_687' title='bbox 2989 4440 3232 4515; x_wconf 88' lang='lat' dir='ltr'>partem</span> <span class='ocrx_word' id='word_1_688' title='bbox 3261 4434 3582 4496; x_wconf 87' lang='lat' dir='ltr'>fructuum</span> <span class='ocrx_word' id='word_1_689' title='bbox 3610 4435 3748 4512; x_wconf 89' lang='lat' dir='ltr'>sibi,</span> <span class='ocrx_word' id='word_1_690' title='bbox 3778 4439 3834 4494; x_wconf 83' lang='lat' dir='ltr'>et</span> <span class='ocrx_word' id='word_1_691' title='bbox 3847 4452 3960 4494; x_wconf 80' lang='lat' dir='ltr'>om·</span> 
     </span>
     <span class='ocr_line' id='line_1_107' title="bbox 2462 4525 3959 4610; baseline -0.007 -17"><span class='ocrx_word' id='word_1_692' title='bbox 2462 4534 2644 4593; x_wconf 86' lang='lat' dir='ltr'>nibus</span> <span class='ocrx_word' id='word_1_693' title='bbox 2697 4530 2950 4610; x_wconf 85' lang='lat' dir='ltr'>regibus</span> <span class='ocrx_word' id='word_1_694' title='bbox 2991 4529 3245 4608; x_wconf 79' lang='lat' dir='ltr'>AEgypti</span> <span class='ocrx_word' id='word_1_695' title='bbox 3296 4529 3362 4588; x_wconf 92' lang='lat' dir='ltr'>in</span> <span class='ocrx_word' id='word_1_696' title='bbox 3419 4535 3822 4607; x_wconf 84' lang='lat' dir='ltr'>perpetuum:</span> <span class='ocrx_word' id='word_1_697' title='bbox 3871 4525 3959 4604; x_wconf 81' lang='lat' dir='ltr'>qai</span> 
     </span>
     <span class='ocr_line' id='line_1_108' title="bbox 2460 4619 3958 4700; baseline -0.009 -12"><span class='ocrx_word' id='word_1_698' title='bbox 2460 4644 2683 4688; x_wconf 87' lang='lat' dir='ltr'>census</span> <span class='ocrx_word' id='word_1_699' title='bbox 2711 4643 2837 4686; x_wconf 87' lang='lat' dir='ltr'>non</span> <span class='ocrx_word' id='word_1_700' title='bbox 2870 4623 3228 4684; x_wconf 82' lang='lat' dir='ltr'>solvebatur</span> <span class='ocrx_word' id='word_1_701' title='bbox 3247 4626 3503 4700; x_wconf 90' lang='lat' dir='ltr'>propter</span> <span class='ocrx_word' id='word_1_702' title='bbox 3523 4621 3792 4682; x_wconf 84' lang='lat' dir='ltr'>debitum</span> <span class='ocrx_word' id='word_1_703' title='bbox 3819 4619 3958 4677; x_wconf 73' lang='lat' dir='ltr'>alea-</span> 
     </span>
     <span class='ocr_line' id='line_1_109' title="bbox 2461 4712 3960 4797; baseline -0.007 -17"><span class='ocrx_word' id='word_1_704' title='bbox 2461 4720 2524 4780; x_wconf 91' lang='lat' dir='ltr'>di</span> <span class='ocrx_word' id='word_1_705' title='bbox 2553 4736 2755 4797; x_wconf 78' lang='lat' dir='ltr'>regeS‚</span> <span class='ocrx_word' id='word_1_706' title='bbox 2789 4717 2888 4777; x_wconf 86' lang='lat' dir='ltr'>vel</span> <span class='ocrx_word' id='word_1_707' title='bbox 2916 4715 3063 4794; x_wconf 89' lang='lat' dir='ltr'>quia</span> <span class='ocrx_word' id='word_1_708' title='bbox 3105 4719 3269 4774; x_wconf 88' lang='lat' dir='ltr'>esset</span> <span class='ocrx_word' id='word_1_709' title='bbox 3327 4715 3713 4774; x_wconf 86' lang='lat' dir='ltr'>necessarius</span> <span class='ocrx_word' id='word_1_710' title='bbox 3761 4713 3833 4772; x_wconf 79' lang='lat' dir='ltr'>ad</span> <span class='ocrx_word' id='word_1_711' title='bbox 3861 4712 3960 4770; x_wconf 60' lang='lat' dir='ltr'>l»-</span> 
     </span>
     <span class='ocr_line' id='line_1_110' title="bbox 2462 4806 3960 4888; baseline -0.005 -17"><span class='ocrx_word' id='word_1_712' title='bbox 2462 4829 2612 4871; x_wconf 92' lang='lat' dir='ltr'>num</span> <span class='ocrx_word' id='word_1_713' title='bbox 2644 4810 2985 4888; x_wconf 89' lang='lat' dir='ltr'>publicum,</span> <span class='ocrx_word' id='word_1_714' title='bbox 3010 4806 3121 4867; x_wconf 90' lang='lat' dir='ltr'>sed</span> <span class='ocrx_word' id='word_1_715' title='bbox 3151 4807 3364 4867; x_wconf 87' lang='lat' dir='ltr'>debito</span> <span class='ocrx_word' id='word_1_716' title='bbox 3404 4806 3524 4867; x_wconf 91' lang='lat' dir='ltr'>alio</span> <span class='ocrx_word' id='word_1_717' title='bbox 3555 4807 3800 4884; x_wconf 66' lang='lat' dir='ltr'>justitiae</span> <span class='ocrx_word' id='word_1_718' title='bbox 3835 4819 3960 4881; x_wconf 73' lang='lat' dir='ltr'>pn)—</span> 
     </span>
     <span class='ocr_line' id='line_1_111' title="bbox 2459 4893 3957 4984; baseline -0.009 -19"><span class='ocrx_word' id='word_1_719' title='bbox 2459 4907 2600 4984; x_wconf 89' lang='lat' dir='ltr'>pter</span> <span class='ocrx_word' id='word_1_720' title='bbox 2629 4902 2865 4981; x_wconf 83' lang='lat' dir='ltr'>praedia</span> <span class='ocrx_word' id='word_1_721' title='bbox 2897 4904 3154 4978; x_wconf 84' lang='lat' dir='ltr'>accepta</span> <span class='ocrx_word' id='word_1_722' title='bbox 3175 4918 3211 4959; x_wconf 89' lang='lat' dir='ltr'>a</span> <span class='ocrx_word' id='word_1_723' title='bbox 3239 4918 3410 4978; x_wconf 85' lang='lat' dir='ltr'>rege.</span> <span class='ocrx_word' id='word_1_724' title='bbox 3445 4899 3621 4971; x_wconf 86' lang='lat' dir='ltr'>Quod</span> <span class='ocrx_word' id='word_1_725' title='bbox 3642 4899 3814 4958; x_wconf 81' lang='lat' dir='ltr'>etiam</span> <span class='ocrx_word' id='word_1_726' title='bbox 3839 4893 3957 4954; x_wconf 74' lang='lat' dir='ltr'>fieri</span> 
     </span>
     <span class='ocr_line' id='line_1_112' title="bbox 2456 4990 3958 5075; baseline -0.004 -20"><span class='ocrx_word' id='word_1_727' title='bbox 2456 4997 2781 5075; x_wconf 86' lang='lat' dir='ltr'>potuisset,</span> <span class='ocrx_word' id='word_1_728' title='bbox 2814 4994 2863 5055; x_wconf 91' lang='lat' dir='ltr'>si</span> <span class='ocrx_word' id='word_1_729' title='bbox 2904 4995 3046 5072; x_wconf 88' lang='lat' dir='ltr'>jure</span> <span class='ocrx_word' id='word_1_730' title='bbox 3090 4992 3239 5053; x_wconf 91' lang='lat' dir='ltr'>belli</span> <span class='ocrx_word' id='word_1_731' title='bbox 3281 5011 3395 5052; x_wconf 81' lang='lat' dir='ltr'>rex</span> <span class='ocrx_word' id='word_1_732' title='bbox 3439 4992 3697 5052; x_wconf 85' lang='lat' dir='ltr'>rebelles</span> <span class='ocrx_word' id='word_1_733' title='bbox 3744 4990 3958 5066; x_wconf 53' lang='lat' dir='ltr'>aliqu&amp;</span> 
     </span>
     <span class='ocr_line' id='line_1_113' title="bbox 2458 5079 3958 5165; baseline -0.006 -17"><span class='ocrx_word' id='word_1_734' title='bbox 2458 5089 2586 5148; x_wconf 89' lang='lat' dir='ltr'>suis</span> <span class='ocrx_word' id='word_1_735' title='bbox 2621 5088 2800 5148; x_wconf 89' lang='lat' dir='ltr'>bonis</span> <span class='ocrx_word' id='word_1_736' title='bbox 2828 5087 3173 5165; x_wconf 82' lang='lat' dir='ltr'>spoliasset,</span> <span class='ocrx_word' id='word_1_737' title='bbox 3207 5086 3424 5165; x_wconf 88' lang='lat' dir='ltr'>eisque</span> <span class='ocrx_word' id='word_1_738' title='bbox 3452 5091 3667 5164; x_wconf 80' lang='lat' dir='ltr'>postea</span> <span class='ocrx_word' id='word_1_739' title='bbox 3691 5079 3958 5143; x_wconf 76' lang='lat' dir='ltr'>restituis·</span> 
     </span>
     <span class='ocr_line' id='line_1_114' title="bbox 2455 5173 3956 5258; baseline -0.007 -18"><span class='ocrx_word' id='word_1_740' title='bbox 2455 5185 2550 5241; x_wconf 85' lang='lat' dir='ltr'>set</span> <span class='ocrx_word' id='word_1_741' title='bbox 2578 5181 2867 5258; x_wconf 84' lang='lat' dir='ltr'>imposito</span> <span class='ocrx_word' id='word_1_742' title='bbox 2897 5179 2999 5239; x_wconf 91' lang='lat' dir='ltr'>illo</span> <span class='ocrx_word' id='word_1_743' title='bbox 3023 5196 3232 5254; x_wconf 89' lang='lat' dir='ltr'>onere,</span> <span class='ocrx_word' id='word_1_744' title='bbox 3266 5178 3332 5238; x_wconf 91' lang='lat' dir='ltr'>in</span> <span class='ocrx_word' id='word_1_745' title='bbox 3355 5179 3581 5257; x_wconf 90' lang='lat' dir='ltr'>quibus</span> <span class='ocrx_word' id='word_1_746' title='bbox 3609 5183 3668 5238; x_wconf 83' lang='lat' dir='ltr'>et</span> <span class='ocrx_word' id='word_1_747' title='bbox 3686 5173 3956 5235; x_wconf 75' lang='lat' dir='ltr'>similibus</span> 
     </span>
     <span class='ocr_line' id='line_1_115' title="bbox 2457 5267 3950 5334; baseline -0.006 0"><span class='ocrx_word' id='word_1_748' title='bbox 2457 5273 2705 5334; x_wconf 84' lang='lat' dir='ltr'>casibus</span> <span class='ocrx_word' id='word_1_749' title='bbox 2729 5291 2852 5334; x_wconf 91' lang='lat' dir='ltr'>non</span> <span class='ocrx_word' id='word_1_750' title='bbox 2883 5271 3143 5334; x_wconf 87' lang='lat' dir='ltr'>deberet</span> <span class='ocrx_word' id='word_1_751' title='bbox 3167 5271 3407 5331; x_wconf 80' lang='lat' dir='ltr'>attendi</span> <span class='ocrx_word' id='word_1_752' title='bbox 3438 5271 3521 5331; x_wconf 90' lang='lat' dir='ltr'>ad</span> <span class='ocrx_word' id='word_1_753' title='bbox 3567 5267 3950 5330; x_wconf 70' lang='lat' dir='ltr'>necessitatem</span> 
     </span>
     <span class='ocr_line' id='line_1_116' title="bbox 2458 5363 3948 5442; baseline -0.007 -16"><span class='ocrx_word' id='word_1_754' title='bbox 2458 5365 2863 5426; x_wconf 84' lang='lat' dir='ltr'>subveniendi</span> <span class='ocrx_word' id='word_1_755' title='bbox 2891 5364 3080 5426; x_wconf 80' lang='lat' dir='ltr'>statui</span> <span class='ocrx_word' id='word_1_756' title='bbox 3105 5363 3305 5442; x_wconf 82' lang='lat' dir='ltr'>regin,</span> <span class='ocrx_word' id='word_1_757' title='bbox 3336 5364 3439 5424; x_wconf 88' lang='lat' dir='ltr'>vel</span> <span class='ocrx_word' id='word_1_758' title='bbox 3471 5363 3727 5442; x_wconf 89' lang='lat' dir='ltr'>publico,</span> <span class='ocrx_word' id='word_1_759' title='bbox 3764 5367 3827 5418; x_wconf 75' lang='lat' dir='ltr'>ut</span> <span class='ocrx_word' id='word_1_760' title='bbox 3860 5373 3948 5415; x_wconf 72' lang='lat' dir='ltr'>se—</span> 
     </span>
     <span class='ocr_line' id='line_1_117' title="bbox 2457 5455 3948 5538; baseline -0.006 -19"><span class='ocrx_word' id='word_1_761' title='bbox 2457 5458 2611 5520; x_wconf 85' lang='lat' dir='ltr'>lutio</span> <span class='ocrx_word' id='word_1_762' title='bbox 2633 5458 2806 5538; x_wconf 88' lang='lat' dir='ltr'>justa</span> <span class='ocrx_word' id='word_1_763' title='bbox 2833 5461 3017 5521; x_wconf 88' lang='lat' dir='ltr'>esset.</span> <span class='ocrx_word' id='word_1_764' title='bbox 3053 5459 3185 5518; x_wconf 87' lang='lat' dir='ltr'>Hoc</span> <span class='ocrx_word' id='word_1_765' title='bbox 3241 5460 3480 5534; x_wconf 85' lang='lat' dir='ltr'>autem,</span> <span class='ocrx_word' id='word_1_766' title='bbox 3515 5455 3675 5536; x_wconf 86' lang='lat' dir='ltr'>quod</span> <span class='ocrx_word' id='word_1_767' title='bbox 3719 5469 3779 5514; x_wconf 82' lang='lat' dir='ltr'>ex</span> <span class='ocrx_word' id='word_1_768' title='bbox 3816 5467 3948 5510; x_wconf 72' lang='lat' dir='ltr'>can-</span> 
     </span>
    </p>
   </div>
  </div>
 </body>
</html>
