4263 6376
605 4189 718 4248 145

555 4313 662 4366 Quid
694 4313 747 4358 de

577 4373 729 4412 tulum.

868 291 944 349 34

870 471 994 531 test
1013 468 1091 529 de
1117 467 1300 532 bonis
1328 471 1692 545 conventm,
1726 466 1804 529 de
1834 484 1958 548 quo
1984 466 2184 529 videri
2216 466 2404 528 etiam

871 566 1079 641 potest
1108 562 1336 624 Sanch.
1369 561 1475 623 lib.
1512 565 1557 624 I.
1597 560 1817 624 Consil.
1850 578 1986 639 cap.
2024 576 2110 620 vl.
2147 560 2296 620 dub.
2330 574 2399 620 11.

876 674 936 714 n.
970 657 1029 715 3.
1064 660 1127 715 et
1152 654 1578 732 sequentibus.

954 746 1238 808 Dubitari
1268 746 1621 824 specialiter
1648 746 1806 808 solet
1833 746 1913 806 de
1941 745 2290 806 rectoribus
2320 745 2406 804 ci-

878 840 1105 915 vitatiS,
1140 844 1201 899 et
1228 839 1306 899 de
1335 838 1411 898 iis
1430 885 1445 915 ,
1480 857 1673 918 penes
1704 856 1860 919 quos
1890 842 1983 897 est
2011 837 2406 898 administra-

874 935 959 995 tio
989 938 1118 996 tota
1137 932 1443 993 bonorum
1472 931 1921 1007 communium,
1947 949 2025 990 an
2044 950 2116 990 ex
2137 930 2208 990 iis
2226 930 2406 991 bonis

873 1027 1111 1088 donare
1159 1024 1438 1103 possint,
1508 1024 1585 1083 de
1629 1024 1856 1103 quibus
1899 1026 2022 1084 late
2065 1023 2196 1103 agit
2240 1022 2406 1082 idem

876 1118 1106 1181 Sanch.
1140 1117 1306 1177 dicto
1335 1135 1474 1195 cap.
1505 1133 1590 1177 vl.
1626 1116 1775 1176 dub.
1808 1119 1867 1177 8.
1920 1134 2062 1176 cum
2109 1134 2233 1195 quo
2264 1115 2407 1175 bre-

873 1212 1035 1273 viter
1087 1208 1422 1270 dicendum
1448 1255 1464 1285 ,
1527 1227 1634 1269 eos
1679 1208 1904 1288 quibus
1951 1207 2404 1269 administratio

872 1305 1183 1365 bonorum
1214 1301 1646 1377 committitur,
1670 1319 1793 1360 non
1823 1319 1896 1361 eo
1928 1301 2062 1379 ipso
2090 1318 2273 1380 posse
2303 1299 2409 1360 do-

873 1397 1158 1459 nationes
1186 1395 1393 1455 facere
1418 1412 1431 1452 ι
1468 1393 1543 1452 iis
1577 1394 1744 1452 enim
1774 1393 2184 1455 committitur
2213 1392 2406 1452 admi-

874 1489 1158 1550 nistratio
1185 1487 1497 1547 bonorum
1535 1486 1599 1544 in
1630 1485 1960 1546 utilitatem
2009 1486 2212 1545 solum
2241 1503 2406 1546 com-

871 1581 1214 1656 munitatis,
1247 1579 1427 1657 cujus
1457 1578 1633 1657 quasi
1666 1583 1903 1639 tutores
1933 1584 2095 1639 sunt.
2140 1580 2409 1638 Possunt

872 1693 1023 1753 ergo
1060 1690 1133 1733 ea
1162 1673 1331 1733 bona
1359 1671 1712 1749 expendere
1743 1670 1802 1729 in
1837 1670 2147 1749 stipendia
2176 1670 2406 1730 officia-

867 1767 1023 1826 lium
1051 1761 1498 1837 communium,
1523 1780 1679 1841 quos
1699 1762 2112 1821 communitas
2136 1762 2303 1821 alere
2323 1768 2409 1822 te-

870 1863 1081 1931 netur3
1103 1857 1181 1916 ad
1212 1855 1701 1916 construendum
1724 1872 2039 1913 carcerem
2059 1854 2401 1933 publicum,

867 1951 1125 2012 domum
1155 1946 1639 2022 communitatis,
1662 1946 1741 2006 ad
1770 1947 2250 2007 conducendum
2278 1965 2405 2007 me-

868 2043 1101 2125 dicum,
1135 2041 1524 2117 chirurgum,
1548 2038 1915 2116 magistrum
1935 2039 2284 2099 liberalium
2314 2058 2405 2099 ar·

865 2138 1046 2212 tium,
1080 2132 1412 2194 ferrarium
1433 2178 1449 2207 ‚
1481 2131 1579 2190 vel
1609 2131 1762 2191 alios
1787 2131 2057 2192 artifices
2089 2133 2199 2193 toti
2228 2150 2398 2192 com-

867 2226 1161 2289 munitari
1193 2223 1610 2295 necessarios;
1637 2223 2008 2283 advocatum
2031 2224 2220 2285 etiam
2236 2242 2401 2285 com-

866 2319 1212 2393 munitatiS,
1247 2318 1395 2378 item
1424 2317 1503 2376 ad
1521 2317 1657 2376 lites
1678 2317 2146 2396 prosequendas
2163 2336 2272 2395 pro
2291 2318 2402 2379 de-

865 2413 1143 2474 fensione
1167 2410 1328 2491 juris
1357 2408 1788 2470 communitati
1815 2409 2140 2487 acquisiti,
2194 2411 2272 2470 ad
2300 2430 2400 2471 re-

863 2508 1253 2585 parationem
1282 2501 1560 2562 ecclesiae
1587 2501 1698 2561 toti
1730 2502 2161 2563 communitati
2189 2521 2398 2565 neces-

859 2598 1063 2659 sariae.
1097 2595 1377 2674 Denique
1397 2599 1659 2672 possunt
1676 2593 1914 2672 aliquid
1934 2594 2269 2674 aliquando
2291 2597 2399 2657 do·

861 2709 1034 2768 nare,
1058 2690 1121 2749 in
1152 2687 1369 2768 primis
1393 2686 1727 2747 donatione
1742 2688 2234 2748 remuneratoria
2262 2706 2398 2749 mo-

859 2783 1076 2844 derata
1119 2780 1305 2841 alicui
1359 2768 1437 2838 de
1484 2778 1930 2840 communitate
1984 2778 2393 2857 benemeritO,

858 2876 938 2937 de
967 2894 1090 2956 quo
1120 2874 1288 2934 idem
1319 2871 1600 2934 Sanchez
1631 2871 1797 2932 dicto
1827 2890 1964 2952 cap.
2000 2874 2101 2933 VI.
2138 2872 2287 2934 dub.
2321 2890 2390 2935 11.

858 2987 1033 3030 num.
1079 2972 1138 3029 4.
1191 2965 1426 3026 Deinde
1475 2963 1627 3024 dare
1674 2964 2105 3043 eleemosynas
2152 2966 2395 3045 aliquas

857 3060 1250 3133 moderatas»,
1293 3058 1454 3118 sicut
1498 3062 1710 3135 posset
1753 3062 1922 3118 tutor
1962 3059 2039 3118 de
2067 3058 2249 3119 bonis
2279 3079 2393 3138 pu-

855 3154 1010 3237 pilli.
1042 3156 1194 3215 Item
1224 3150 1442 3212 nuntio
1473 3150 1786 3212 nuntianti
1828 3150 2081 3230 aliquod
2112 3169 2396 3214 commu-

857 3268 935 3310 ne
963 3248 1199 3309 bonum
1230 3262 1458 3305 novum
1477 3243 1713 3321 aliquid
1741 3243 2137 3305 moderatum
2152 3262 2264 3322 pro
2282 3246 2394 3306 bo-

855 3360 936 3403 no
967 3339 1185 3401 nuntio
1214 3339 1473 3399 donare.
1511 3336 1809 3397 Similiter
1839 3336 1919 3396 ad
1947 3337 2128 3398 ludos
2151 3384 2167 3413 ,
2203 3343 2266 3400 et
2293 3356 2392 3398 re-

855 3434 1205 3495 creationes
1234 3429 1537 3510 publicas,
1563 3433 1625 3489 et
1653 3446 2016 3489 communes
2046 3430 2279 3509 aliquid
2296 3431 2391 3491 in-

852 3543 1122 3600 sumere,
1145 3521 1486 3583 dummodo
1505 3521 1869 3581 necessariis
1891 3540 2013 3582 non
2046 3523 2386 3585 auferatur.

852 3621 988 3680 Non
1028 3621 1240 3678 tamen
1287 3618 1547 3694 possunt
1575 3631 1647 3673 ea
1678 3613 1845 3675 bona
1893 3615 2162 3692 expendi
2192 3616 2249 3675 in
2284 3617 2390 3678 bo-

851 3731 1002 3773 umn
1018 3711 1393 3789 aliquorum,
1410 3706 1651 3768 etiamsi
1668 3707 1792 3768 sint
1806 3725 2032 3785 magna
2056 3727 2202 3786 pars
2217 3726 2391 3769 com-

849 3805 1194 3878 munitatiS,
1243 3801 1294 3860 si
1326 3818 1447 3860 non
1481 3799 1604 3861 sint
1638 3799 1701 3858 in
1732 3799 1969 3859 bonum
1999 3801 2188 3861 totius
2218 3820 2389 3863 com-

851 3897 1193 3972 munitatiS,
1228 3894 1373 3973 quia
1402 3891 1465 3952 id
1489 3937 1505 3967 ‚
1540 3890 1708 3970 quod
1737 3892 1818 3952 ad
1849 3911 2065 3953 omnes
2094 3895 2383 3973 pertinet,

851 4010 974 4052 non
1021 3990 1211 4051 debet
1251 3989 1314 4046 in
1359 3985 1544 4047 unius
1589 3985 1785 4064 partis
1843 3986 2174 4047 utilitatem
2222 3989 2389 4048 deri-

852 4103 1006 4145 vari.

933 4173 1214 4237 Dubitari
1245 4171 1435 4233 etiam
1464 4171 1622 4232 solet
1648 4171 1725 4232 de
1763 4175 1968 4232 tutore
1991 4217 2008 4248 ,
2061 4190 2141 4230 an
2173 4191 2248 4231 ex
2276 4173 2390 4234 bo·-

851 4270 945 4330 nis
972 4268 1191 4348 pupilli
1239 4265 1473 4325 donare
1520 4265 1759 4344 possit?
1813 4267 1901 4325 De
1950 4283 2072 4344 quo
2104 4265 2385 4326 Sanchez

848 4363 1016 4424 dicto
1048 4360 1197 4421 dub.
1232 4376 1301 4419 11.
1337 4362 1523 4419 nu.4.
1560 4357 1859 4436 supponit
1886 4375 2030 4418 cum
2059 4358 2198 4418 aliis
2229 4377 2385 4437 quos

849 4458 1061 4531 affert,
1103 4471 1284 4532 posse
1314 4451 1549 4511 donare
1578 4450 1915 4511 donatione
1954 4455 2383 4512 remunerato-

845 4550 960 4626 ria,
997 4567 1073 4608 ex
1101 4549 1221 4625 leg.
1261 4545 1408 4605 (lum
1420 4543 1642 4625 plures,
1676 4560 1813 4605 xm.
1845 4544 1901 4623 ἓ.
1940 4541 1991 4604 C
1992 4553 2280 4620 umtutor,
2315 4546 2378 4605 ff.

844 4641 914 4702 de
941 4638 1439 4702 administratione
1465 4645 1743 4713 tutorum,
1775 4637 1897 4716 leg.
1929 4636 2044 4712 Qui
2064 4635 2278 4718 filium,
2312 4639 2377 4698 ff.

842 4734 943 4793 ubi
959 4731 1216 4814 pupillus
1242 4730 1483 4791 educari
1503 4728 1722 4790 debeat.
1750 4729 1875 4790 Sed
1905 4734 2115 4790 tamen
2148 4732 2214 4791 P.
2247 4731 2381 4791 Mo-

839 4827 965 4887 lina
996 4844 1066 4887 11.
1098 4829 1228 4886 tom
1256 4823 1418 4900 disp.
1453 4825 1588 4882 292.
1625 4821 1956 4900 distinguit
1984 4823 2161 4882 varia
2189 4840 2382 4899 gene-

840 4938 909 4980 ra
940 4917 1298 4980 donationis
1327 4914 1839 4975 rernuneratoriae
1867 4961 1883 4990 ,
1919 4920 1983 4975 et
2010 4913 2088 4975 de
2120 4915 2225 4973 illa
2256 4933 2382 4994 qua

841 5012 1144 5092 obsequia
1171 5010 1257 5070 ita
1287 5008 1369 5069 ad
1404 5008 1825 5087 aequalitatem
1866 5014 2373 5086 compensantur,

839 5112 909 5169 ut
936 5107 1069 5166 sine
1098 5101 1335 5182 ingenti
1364 5100 1814 5180 ingratitudine
1844 5101 2047 5161 omitti
2076 5118 2201 5161 non
2231 5119 2343 5179 pos
2363 5135 2377 5147 ·

837 5202 952 5275 set,
984 5198 1110 5258 imo
1139 5214 1175 5256 a
1204 5194 1602 5256 benefactore
1649 5194 1809 5254 actio
1842 5193 2236 5271 negotiorum
2264 5213 2376 5272 ge-

2027 287 2129 348 DE
2173 287 2528 349 JUSTITIA
2574 288 2674 348 ET
2718 289 2918 349 JURE

2505 467 2626 528 alio
2657 468 2933 530 secundo
2962 487 3195 547 genere
3225 469 3605 547 donationiS,
3641 489 3765 550 qua
3793 488 3867 529 ex
3896 485 4049 547 gra-

2504 561 2766 621 titudine
2796 561 2877 622 ad
2908 563 3328 642 aequalitatem
3358 563 3698 635 beneficia,
3736 561 3834 621 vel
3860 561 4052 622 obse-

2505 654 2650 731 quia
2677 661 3194 733 compensantur,
3225 655 3372 716 licet
3401 676 3523 716 non
3552 660 3728 717 tanta
3753 673 3894 714 cum
3930 652 4047 714 ob-

2504 746 2821 823 ligatione,
2857 753 2924 809 ut
2952 748 3203 826 quando
3234 749 3468 808 famulo
3501 748 3607 827 qui
3638 754 3887 809 strenue
3915 765 4051 806 ser-

2504 839 2679 913 vivit,
2714 839 2877 900 ultra
2911 859 3094 901 suum
3123 841 3504 919 stipendium
3524 840 3760 919 aliquid
3789 840 4051 917 insuper

2505 932 2797 993 donatur.
2834 933 2899 994 Si
2926 951 3077 994 vero
3108 934 3440 1012 plusquam
3482 932 3564 994 ad
3594 933 4045 1012 aequalitatem,

2506 1025 2828 1085 moderate
2873 1029 3082 1087 tamen
3132 1030 3624 1105 compensentur
3650 1024 3960 1104 obsequia
3990 1029 4051 1085 et

2505 1118 2839 1193 beneficia,
2891 1117 3038 1178 licet
3065 1117 3201 1177 haec
3227 1119 3364 1198 ipsa
3392 1118 3723 1180 retributio
3750 1136 3827 1177 ex
3855 1117 4051 1195 grati-

2502 1210 2719 1271 tudine
2748 1210 2986 1270 oriatur
3010 1256 3025 1287 ,
3066 1228 3206 1290 quae
3236 1229 3361 1271 non
3391 1214 3686 1272 contenta
3715 1214 3811 1270 est
3833 1226 4051 1289 aequa-

2503 1302 2698 1379 litate,
2731 1301 2842 1362 sed
2868 1301 3103 1381 aliquid
3124 1301 3393 1381 amplius
3410 1306 3796 1380 compensat,
3818 1307 3880 1361 et
3899 1301 4048 1362 ideo

2504 1396 2702 1475 possit
2730 1394 3177 1473 paterfamilias
3220 1394 3283 1454 in
3313 1396 3442 1456 vita
3479 1395 3642 1455 intra
3686 1395 3916 1455 limites
3948 1412 4051 1454 re-

2505 1493 2620 1549 ctae
2649 1487 2928 1563 rationis,
2963 1488 3261 1565 spectatis
3303 1486 3708 1548 facultatibus
3736 1488 3869 1547 suis
3892 1533 3908 1562 ‚
3956 1487 4049 1546 in-

2507 1580 2785 1661 digentia
2812 1580 3106 1656 filiorum,
3141 1584 3205 1642 et
3232 1580 3370 1641 aliis
3398 1579 3886 1640 circumstantiis
3908 1624 3926 1653 ,
3959 1578 4050 1639 ita

2506 1674 2741 1735 donare
2766 1720 2780 1749 ‚
2832 1679 2895 1735 et
2939 1672 3341 1733 ecclesiastici
3392 1672 3582 1733 etiam
3629 1672 3708 1731 de
3737 1671 4048 1732 reditibus

2504 1764 2794 1826 beneficii
2823 1770 2886 1825 et
2912 1782 3056 1824 cum
3078 1764 3288 1843 aliqua
3318 1764 3541 1843 maj0ri
3571 1763 4042 1824 moderatione:

2505 1858 2753 1919 Praelati
2783 1857 2970 1918 etiam
2997 1858 3324 1935 regulares
3353 1856 3432 1917 de
3463 1856 3646 1917 bonis
3673 1854 4044 1917 monasterii

2504 1968 2643 2031 quae
2674 1949 3140 2021 administrant3
3171 1953 3410 2010 tutores
3435 1953 3650 2009 tamen
3669 1949 3770 2008 vel
3789 1952 4048 2008 curato-

2503 2062 2603 2104 res
2629 2059 2851 2120 parum
2876 2087 2891 2116 ,
2941 2042 3040 2102 vel
3072 2040 3221 2102 nihil
3254 2041 3406 2102 dicit
3450 2059 3632 2119 posse
3660 2041 3748 2101 ita
3774 2041 4041 2114 donare,

2501 2136 2621 2198 nisi
2653 2136 2827 2195 dives
2855 2134 3038 2195 valde
3078 2139 3241 2196 esset
3281 2134 3589 2213 pupillus,
3642 2138 3706 2194 et
3745 2133 4048 2212 spectatis

2501 2226 2982 2291 circumstantiis
3006 2273 3021 2303 ,
3062 2226 3454 2306 judicaretur
3483 2226 3777 2305 expedire
3827 2243 3906 2286 ac
3933 2225 4049 2285 de-

2500 2342 2661 2399 cere,
2697 2319 3044 2399 praesertim
3085 2320 3140 2379 si
3170 2319 3500 2380 accederet
3526 2319 3743 2380 titulus
3774 2317 4045 2379 eleemo-

2497 2434 2671 2496 synae
2717 2412 3116 2491 congruentis
3172 2412 3381 2491 potius
3428 2428 3619 2491 quam
3673 2411 4044 2471 donationis

2495 2508 2796 2588 profanae.

2575 2603 2721 2662 Haec
2748 2596 2994 2661 Molinae
3023 2596 3310 2658 doctrina
3328 2595 3480 2656 mibi
3502 2596 3729 2674 placet,
3751 2596 3803 2655 si
3822 2600 4040 2657 tamen

2496 2691 2952 2771 aliquantulum
2973 2689 3315 2767 explicetur
3334 2688 3431 2748 vel
3460 2689 3817 2767 amplietur.
3853 2686 4036 2760 Quod

2496 2786 2661 2845 enim
2691 2783 2842 2843 dicit
2868 2782 2947 2842 de
2976 2781 3385 2842 retributione
3416 2780 3642 2859 aequali
3683 2799 3798 2859 pro
3846 2781 4037 2841 bene-

2496 2877 2653 2938 ficiis
2674 2924 2690 2953 ,
2750 2876 2803 2936 si
2844 2874 3231 2953 intelligatur
3281 2872 3358 2933 de
3403 2873 3762 2953 aequalitate
3789 2874 4032 2948 stricta,

2494 2971 2581 3031 ita
2610 2975 2679 3030 ut
2704 2987 2816 3049 pro
2849 2968 3068 3028 decem
3097 2966 3392 3045 acceptiS,
3424 2985 3534 3027 seu
3567 2985 3680 3045 pro
3710 2966 4036 3047 obsequiis

2496 3062 2849 3124 valentibus
2890 3061 3108 3120 decem
3158 3059 3585 3121 retribuantur
3631 3059 3754 3119 alia
3783 3060 4030 3136 decem,

2495 3156 2679 3217 nimis
2703 3155 2988 3216 strictum
3018 3152 3269 3215 videtur
3322 3173 3335 3214 :
3389 3170 3535 3212 nam
3566 3153 3618 3214 si
3649 3152 3819 3213 servi
3848 3152 4035 3214 obse-

2493 3250 2640 3328 quia
2668 3248 2963 3308 valebant
3005 3264 3225 3306 necem
3254 3250 3317 3307 et
3357 3245 3614 3306 totidem
3648 3245 3897 3324 accepit
3922 3262 4035 3323 pro

2492 3341 2802 3421 stipendio
2828 3389 2842 3415 ,
2870 3338 3006 3418 jam
3035 3337 3190 3398 nihil
3221 3338 3387 3399 ultra
3417 3338 3803 3416 stipendium
3834 3338 3899 3397 in
3931 3356 4036 3416 pa-

2492 3440 2662 3495 ctum
2685 3433 3025 3494 deductum
3053 3437 3267 3510 posset
3286 3431 3342 3491 ei
3363 3449 3399 3489 a
3427 3434 3634 3492 tutore
3666 3449 3739 3490 ex
3769 3432 4037 3510 gratitu-

2490 3528 2634 3588 dine
2664 3527 2832 3598 dari;
2867 3524 3034 3604 quod
3066 3524 3297 3585 durum
3318 3523 3586 3585 videtur.
3622 3526 3783 3583 Nam
3812 3542 4034 3584 servus

2488 3619 2711 3695 fidelis,
2746 3618 2853 3698 qui
2885 3637 2993 3696 per
3019 3617 3249 3678 multos
3290 3633 3490 3677 annos
3513 3662 3528 3692 ,
3587 3615 3905 3694 stipendio
3934 3634 4033 3676 ac-

2488 3717 2693 3792 cept0,
2728 3711 2961 3790 pupillo
2991 3709 3334 3786 inservivit,
3355 3713 3561 3788 potest
3588 3714 3759 3770 certe
3789 3729 3867 3770 ex
3894 3727 4036 3788 gra-

2486 3804 2753 3867 titudine
2780 3801 3017 3881 aliquid
3059 3819 3094 3861 a
3140 3805 3344 3862 tutore
3389 3800 3675 3879 accipere
3722 3801 3894 3862 ultra
3919 3803 4030 3862 sti-

2486 3896 2784 3977 pendium
2813 3895 3085 3955 solutum
3118 3910 3132 3956 :
3167 3893 3355 3954 debet
3382 3911 3533 3971 ergo
3565 3893 3671 3952 illa
3699 3893 4032 3973 oequalitas

2486 3988 2809 4050 moraliter
2837 3986 3121 4066 intelligi,
3154 3986 3240 4045 ita
3270 3990 3341 4047 ut
3366 3985 3563 4064 possit
3588 3991 3761 4047 tutor
3789 3985 4032 4065 aliquid

2488 4082 2676 4143 etiam
2704 4081 2869 4142 ultra
2895 4078 3275 4158 stipendium
3293 4078 3551 4157 aequalis
3583 4077 3815 4138 valoris
3842 4079 4033 4140 retri-

2485 4177 2702 4250 buere,
2739 4177 3041 4252 quantum
3071 4171 3308 4233 scilicet
3332 4169 3668 4250 prudentia
3696 4170 3920 4246 dictat,
3953 4190 4029 4232 ex

2484 4267 2866 4347 gratitudine
2895 4284 3077 4345 posse
3107 4265 3297 4327 etiam
3317 4263 3398 4324 ab
3428 4281 3525 4340 eo,
3551 4264 3661 4343 qui
3687 4282 3903 4325 merus
3916 4267 4030 4325 ad-

2484 4361 2875 4421 ministrator
2900 4363 2995 4419 est
3027 4378 3039 4419 :
3084 4357 3234 4437 quia
3259 4360 3462 4418 totum
3493 4356 3613 4417 hoc
3640 4358 3918 4435 pertinet
3943 4357 4028 4418 ad

2483 4454 2857 4534 prudentem
2913 4456 2975 4513 et
3028 4451 3356 4512 decentem
3412 4449 4027 4511 administrationem

2482 4563 2694 4606 rerum
2723 4544 2982 4625 pupilli,
3037 4548 3103 4606 ut
3149 4561 3274 4604 non
3322 4542 3403 4604 sit
3432 4542 3627 4602 durus
3669 4546 3734 4603 et
3760 4549 4027 4605 exactus

2480 4637 2821 4699 retributor
2849 4636 3294 4716 obsequiorum
3314 4681 3329 4712 ,
3372 4635 3481 4696 sed
3529 4634 3815 4695 attendat
3842 4636 3927 4696 ad
3960 4637 4025 4696 id

2482 4731 2647 4811 quod
2677 4730 2964 4792 decentia
2991 4732 3188 4790 status
3215 4727 3441 4807 pupilli
3464 4727 3675 4805 exigit,
3702 4734 3772 4788 ut
3797 4728 4028 4790 famuli

2480 4842 2623 4883 eum
2653 4823 2862 4903 aliqua
2908 4821 3370 4901 ingratitudinis
3413 4825 3562 4882 nota
3588 4820 3843 4881 afficere
3893 4841 4024 4883 non

2478 4917 2736 4994 possint.
2789 4916 2967 4978 Unde
3013 4918 3378 4976 occurrente
3406 4931 3556 4975 casu
3585 4913 3674 4974 ita
3700 4915 4019 4977 consului.

2478 5012 2631 5071 Cum
2660 5010 2829 5069 enim
2858 5008 3114 5088 quidam
3144 5007 3476 5084 religiosus
3505 5010 3649 5066 ante
3678 5006 4025 5085 professio-

2477 5120 2621 5163 nem
2650 5102 2860 5163 omnia
2880 5119 2991 5162 sua
3011 5101 3176 5161 bona
3193 5099 3490 5161 fratribus
3508 5099 3638 5160 suis
3664 5099 4021 5161 secundum

2476 5213 2729 5256 carnem
2766 5193 3108 5255 liberaliter
3149 5192 3604 5265 renuntiasset,
3657 5208 3798 5270 quae
3849 5193 4022 5253 vale-

836 5298 1074 5354 storum
1097 5336 1114 5367 ,
1149 5289 1245 5349 vel
1279 5287 1400 5347 alia
1441 5287 1661 5347 similis
1710 5286 2001 5347 intentari
2044 5287 2369 5366 potuisset,
2472 5288 2627 5349 bant
2653 5288 2778 5348 duo
2807 5286 3000 5347 millia
3046 5303 3413 5361 aureorum,
3464 5289 3683 5363 postea
3712 5284 4022 5345 fratribus

835 5386 1063 5446 fatetur
1106 5387 1381 5444 tutorem
1421 5398 1604 5459 posse
1635 5397 1774 5440 eam
1814 5380 2031 5458 procul
2061 5379 2251 5439 dubio
2283 5380 2374 5439 fa-

2471 5380 2757 5457 mortuiS,
2791 5384 2855 5441 et
2878 5378 3109 5440 relictis
3154 5377 3298 5439 filiis
3329 5376 3606 5455 parvulis
3635 5376 3751 5438 sub
3777 5378 4019 5438 tutori-

835 5495 977 5541 cere
1006 5495 1082 5537 ex
1108 5474 1290 5536 bonis
1332 5472 1573 5552 pupilli.
1633 5472 1809 5545 Quod
1850 5472 2018 5533 idem
2066 5472 2251 5534 docet
2295 5473 2372 5532 de
2472 5472 2609 5549 buS,
2643 5471 2968 5551 religiosus
2997 5470 3325 5547 dubitavit,
3352 5488 3431 5530 an
3460 5474 3598 5532 tuta
3625 5469 4020 5533 conscientia
