4263 6376
1032 373 1501 433 DISPUTATIO
1545 371 1843 448 xxxvu,
1895 371 2167 432 SECTIO
2214 373 2315 432 xl.

106 559 345 632 longum
377 551 563 614 faciat
605 551 684 612 ad
724 551 934 611 locum
974 549 1307 611 distantem
1338 566 1461 628 quo
1491 547 1623 626 ipsc

107 652 188 709 ire
217 666 336 708 non
363 648 723 718 tenebatur;
770 645 869 705 vel
912 643 1149 723 aliquid
1181 643 1349 702 aliud
1383 641 1626 701 indebi-

108 751 227 804 tum
256 740 438 808 facit:
494 741 702 818 potest
729 757 841 816 pro
890 736 1197 816 ejusmodi
1239 736 1454 795 labore
1486 751 1628 811 pre-

111 835 253 895 tium
276 833 514 912 justum
563 831 870 909 accipere,
927 829 1025 889 vel
1054 847 1356 908 expensas
1386 827 1625 887 secluso

113 925 417 1001 scandale,
451 929 512 985 et
538 927 774 985 statuto
804 922 985 983 aliter
1013 921 1492 1001 praescribentc3
1527 936 1628 978 so-

112 1021 228 1079 lent
254 1018 418 1078 enim
448 1034 561 1096 pro
584 1015 893 1096 ejusmodi
912 1011 1420 1076 extraordinariis
1441 1011 1629 1071 actio-

115 1112 285 1173 nibus
317 1115 487 1172 certa
515 1110 704 1172 etiam
734 1109 933 1189 pretia
959 1107 1281 1188 praescribi
1314 1111 1376 1166 ct
1402 1103 1624 1178 taxari,

116 1225 184 1265 ne
213 1204 394 1265 detur
439 1203 638 1264 facilis
669 1202 914 1263 occasio
960 1218 1293 1261 munerum
1340 1202 1403 1260 et
1442 1196 1630 1275 largi-

115 1298 340 1359 tionum
368 1296 485 1358 sub
523 1295 643 1357 hoc
686 1299 1010 1373 praetextu.
1054 1293 1358 1356 Videatur
1400 1290 1630 1352 Molina

119 1391 210 1450 ubi
241 1407 450 1468 supra,
485 1393 546 1450 et
566 1391 827 1449 Navarr.
862 1387 924 1448 in
954 1384 1404 1448 commentario
1434 1383 1503 1444 de
1531 1380 1632 1441 da-

118 1483 182 1543 tis
207 1491 258 1543 et
284 1481 530 1563 acceptis
571 1500 686 1562 pro
699 1479 940 1560 justitia
985 1487 1040 1540 et
1066 1479 1265 1558 qratia
1319 1495 1492 1537 num.
1526 1478 1625 1535 47.

120 1581 172 1637 et
200 1579 291 1637 48.

189 1668 463 1727 Diximus
480 1667 651 1742 item,
682 1665 914 1746 quando
930 1673 1012 1726 est
1033 1665 1400 1726 constitutum
1399 1661 1633 1742 justum

115 1761 378 1841 pretium.
450 1761 610 1820 Nam
659 1759 713 1819 si
765 1763 937 1819 certo
992 1762 1307 1820 constaret
1361 1754 1634 1833 pretium

120 1853 257 1914 illud
279 1854 417 1932 lege
444 1857 727 1915 taxatum
749 1870 873 1911 non
905 1870 1038 1912 esse
1053 1851 1314 1930 justum,
1347 1847 1630 1924 accipere

120 1951 311 2026 potest
339 1964 535 2025 usque
582 1944 663 2005 ad
706 1944 1010 2006 terminos
1048 1944 1201 2024 justi
1228 1941 1432 2021 pretii,
1477 1957 1635 2019 prae-

119 2039 319 2100 sertim
372 2038 424 2098 si
471 2037 534 2097 id
576 2037 710 2117 jam
756 2036 1206 2098 consuetudine
1249 2034 1329 2095 sit
1354 2032 1636 2095 introdu-

121 2138 295 2193 ctum.
359 2130 568 2192 Potuit
612 2130 778 2190 enim
827 2129 1190 2207 contingere
1237 2127 1405 2207 quod
1437 2125 1639 2205 pretia

120 2229 313 2285 taxata
342 2224 577 2285 fuerint
619 2227 899 2301 tempore
930 2221 1208 2301 antiquo,
1262 2238 1385 2300 quo
1432 2217 1637 2279 viliori

121 2318 305 2396 pretio
336 2305 734 2377 habebafitur
761 2332 836 2374 ea
866 2332 1005 2394 quae
1037 2315 1117 2374 ad
1138 2314 1331 2375 vitam
1361 2316 1507 2373 sunt
1532 2329 1639 2371 ne-

121 2410 377 2470 cessaria
410 2427 425 2474 :
459 2412 671 2487 postea
701 2426 873 2484 vero,
899 2412 1216 2468 crescente
1238 2405 1502 2486 pecunia
1533 2422 1638 2464 au-

122 2508 374 2581 geantur
400 2501 603 2580 pretia
642 2500 907 2560 aliarum
932 2518 1164 2576 rerum,
1199 2504 1261 2561 et
1288 2518 1401 2578 per
1429 2515 1641 2558 conse·

125 2615 305 2676 quens
332 2594 492 2655 illud
521 2592 792 2672 pretium
838 2612 961 2654 non
999 2593 1233 2654 sufficit
1270 2610 1383 2671 pro
1407 2590 1640 2671 judicis

123 2689 314 2750 officio
343 2685 810 2767 compensando
845 2705 858 2746 z
892 2689 1042 2746 tunc
1070 2690 1281 2746 autem
1310 2687 1516 2763 potest
1543 2701 1640 2743 ac-

124 2783 314 2861 cipere
344 2781 547 2842 donec
568 2779 835 2858 attingat
862 2778 1088 2839 limites
1108 2777 1288 2857 pretii
1308 2776 1484 2857 justi.
1519 2776 1641 2836 Ad-

122 2877 296 2937 vertit
347 2880 560 2936 tamen
605 2871 858 2948 Molina,
908 2889 1033 2931 non
1082 2870 1261 2930 facile
1291 2868 1641 2930 conceden-

125 2970 258 3029 dam
282 2967 601 3029 licentiam
650 2963 769 3024 hoc
810 2962 1079 3024 faciendi
1130 2963 1204 3023 iis
1245 2961 1433 3040 regiis
1459 2959 1643 3020 mini-

124 3061 254 3123 stris
281 3061 412 3121 sive
436 3057 794 3139 judicibus;
848 3055 950 3134 qui
1001 3055 1148 3117 licet
1184 3053 1495 3133 stipendio
1525 3049 1642 3113 sibi

126 3156 429 3234 assignato
474 3170 597 3214 non
624 3149 868 3230 possint
894 3148 1127 3225 vivere,
1171 3146 1405 3208 habent
1430 3150 1642 3207 tamen

126 3249 263 3309 talia
309 3246 518 3307 officia
562 3262 703 3324 quae
750 3242 855 3302 alii
885 3240 1065 3302 multi
1094 3240 1533 3319 acceptabant,
1585 3240 1648 3298 et

126 3344 502 3421 exequentur
545 3354 659 3416 pro
705 3334 926 3395 eodem
955 3333 1302 3413 stipendi03
1354 3350 1428 3393 eo
1476 3330 1644 3410 quod

125 3434 296 3494 simul
325 3432 603 3493 habeant
623 3427 920 3508 adjuncta
937 3426 1135 3488 multa
1155 3426 1503 3504 privilegia,
1539 3422 1646 3484 ho·

125 3546 296 3588 nores
338 3530 405 3587 et
433 3521 824 3597 eminentia8‚
885 3537 1024 3600 quae
1073 3519 1284 3580 omnia
1329 3526 1475 3579 sunt
1500 3534 1646 3596 pars

131 3620 385 3698 praemii.
446 3617 663 3679 Solent
714 3615 867 3675 item
923 3612 1160 3673 habere
1206 3629 1383 3691 spem
1429 3628 1647 3671 ascen-

125 3712 299 3772 dendi
333 3710 418 3772 ad
446 3708 769 3788 superiora
799 3705 1024 3782 officia,
1058 3704 1181 3765 alia
1200 3723 1449 3784 quoque
1479 3722 1645 3763 emo-

125 3806 420 3881 lumenta,
455 3808 516 3865 et
544 3801 913 3864 donationes
944 3798 1491 3860 extraordinarias,
1526 3799 1646 3857 De-

127 3901 302 3979 nique
362 3897 655 3975 princeps
707 3912 831 3954 non
887 3896 1140 3953 tenetur
1164 3891 1464 3951 ministris
1494 3890 1646 3950 dare

125 3993 426 4071 integram
456 3986 975 4050 sustentationem
1007 4002 1022 4048 ε
1074 4002 1220 4045 nam
1267 3983 1448 4044 facile
1476 3982 1647 4043 inve-

127 4086 277 4146 niret
298 4083 532 4144 multos
553 4080 798 4155 diviteS,
832 4078 939 4157 qui
960 4096 1072 4155 pro
1093 4076 1403 4157 stipendio
1426 4080 1489 4137 et
1511 4074 1647 4135 aliis

126 4174 666 4239 commoditatibus
688 4171 895 4233 officia
912 4170 1018 4230 illa
1036 4170 1302 4230 libenter
1312 4168 1640 4248 accipient.

127 4272 428 4333 Videatur
453 4267 641 4328 etiam
669 4264 976 4329 Matienzo
1008 4262 1071 4322 in
1098 4260 1351 4342 Dialoqo
1373 4261 1647 4322 relatoris

127 4383 253 4443 par.
285 4364 394 4425 111.
427 4379 481 4422 c.
513 4375 708 4420 xxxu.
741 4357 803 4417 in
827 4356 977 4416 fine.

202 4453 494 4520 Secundo
525 4456 762 4513 certum
794 4454 916 4526 est,
960 4447 1242 4528 judicem
1283 4446 1434 4506 nihil
1465 4464 1647 4525 posse

129 4551 408 4629 accipere
454 4546 518 4606 in
549 4544 822 4625 pretium
869 4542 1002 4620 ejus
1031 4540 1124 4601 rei
1153 4557 1343 4620 quam
1368 4557 1443 4599 ex
1464 4539 1651 4619 justi-

126 4644 209 4704 tia
237 4645 488 4704 tenetur
514 4639 742 4713 facere,
789 4654 849 4696 v.
882 4653 945 4713 g.
979 4633 1028 4694 si
1058 4633 1191 4712 ipse
1223 4650 1297 4692 ex
1328 4632 1532 4692 officio
1560 4637 1649 4694 te-

131 4741 305 4797 netur
353 4735 589 4812 justam
641 4727 1016 4790 sententiam
1071 4725 1374 4804 proferre,
1432 4724 1651 4786 audire

127 4829 460 4907 litigantes»,
489 4827 557 4885 et
585 4822 834 4899 similia,
884 4838 1007 4881 non
1038 4822 1243 4897 potest
1269 4834 1383 4896 pro
1412 4816 1487 4877 iis
1511 4835 1651 4896 pre-

130 4921 280 4983 tium
301 4918 590 4996 accipere
621 4932 637 4978 t
685 4914 856 4995 quia,
899 4916 968 4973 ut
1006 4911 1278 4972 vidimus
1306 4913 1460 4971 sect.
1492 4928 1655 4991 prae-

132 5013 262 5075 ced.
294 5013 610 5091 repugnat
664 5007 833 5087 quod
887 5004 1124 5085 aliquid
1180 5022 1254 5064 ex
1277 5002 1520 5082 justitia
1547 5004 1654 5064 de·

131 5107 350 5167 beatur
379 5102 589 5177 alicui,
630 5105 693 5162 et
730 5105 943 5162 tamen
973 5100 1051 5159 de
1083 5114 1244 5159 novo
1271 5096 1391 5176 ipsi
1418 5097 1656 5157 venda-

130 5202 246 5258 tur.
277 5199 413 5258 Hoc
445 5197 656 5255 autem
697 5192 905 5252 locum
953 5190 1144 5250 habet
1173 5206 1298 5250 non
1327 5191 1528 5250 solum
1556 5208 1656 5250 re-

130 5294 342 5368 spectu
370 5286 534 5347 illius
562 5285 664 5346 cui
694 5284 856 5345 actio
885 5282 1097 5344 debita
1126 5288 1263 5344 erat
1290 5300 1365 5342 ex
1385 5282 1648 5362 justitia,

131 5382 239 5442 sed
266 5380 458 5442 etiam
501 5380 798 5456 respectu
827 5376 1092 5437 aliorum
1123 5393 1138 5434 ε
1188 5392 1305 5436 nec
1351 5373 1520 5435 enim
1547 5392 1655 5453 po-

132 5480 247 5536 test
292 5472 490 5552 judex
541 5471 676 5531 sine
721 5468 1025 5548 injustitia
1070 5467 1355 5545 accipere
1383 5466 1656 5545 pretium

133 5566 206 5627 ab
233 5566 357 5628 alio
387 5564 593 5640 tertio,
626 5567 699 5624 ut
722 5562 998 5641 proferat
1023 5560 1395 5622 sententiam
1419 5560 1656 5639 justam

3144 381 3262 439 719

1727 564 1840 624 pro
1874 548 2079 624 Petr0,
2142 566 2333 628 quam
2389 549 2669 627 proferre
2727 550 3020 614 debebat.
3083 552 3261 626 Quod

1724 640 1949 701 merito
1982 640 2167 701 docet
2195 642 2429 702 Molina
2471 660 2613 703 cum
2645 644 2960 704 communi
2993 648 3118 708 DD.
3156 647 3263 708 ubi

1726 750 1864 810 sup.
1918 738 2139 793 contra
2182 734 2428 794 Domin.
2483 735 2702 796 Sotum
2751 738 2856 798 lv.
2909 736 2981 797 de
3020 737 3263 818 justitia

1727 842 1787 903 q.
1824 841 1936 885 vn.
2000 830 2118 886 art.
2156 829 2212 885 1.
2245 826 2324 885 ad
2355 830 2413 886 2.
2477 827 2581 906 qui
2612 827 2845 906 docuit,
2907 849 3033 891 non
3061 831 3259 892 teneri

1726 917 2054 979 restituere
2110 918 2216 997 qui
2275 920 2519 998 accepit
2569 939 2609 981 a
2637 922 2819 982 Petro
2867 923 3103 1002 aliquid
3147 943 3261 1003 pro

1727 1009 1951 1088 pretio,
1985 1029 2062 1070 ne
2091 1010 2408 1073 occideret
2429 1013 2740 1073 Joannem
2784 1033 2972 1094 quem
3008 1016 3263 1078 volebat

1730 1101 2242 1182 occidere.Cujus
2268 1105 2647 1166 sententiam
2690 1106 2770 1167 ab
2803 1108 3092 1170 omnibus
3121 1110 3265 1170 reli-

1728 1198 1893 1255 ctam
1922 1196 2247 1274 amplexus
2294 1201 2388 1257 est
2427 1216 2628 1276 nuper
2653 1200 2836 1260 Joan.
2890 1200 2965 1260 de
3006 1202 3068 1262 la
3096 1204 3262 1265 Crux

1730 1287 2176 1349 Dominicanus
2220 1289 2281 1348 in
2309 1288 2616 1350 director-io
2651 1292 3010 1355 conscientiae
3051 1296 3115 1354 in
3146 1312 3258 1358 vn.

1731 1383 2065 1458 praecepto,
2098 1384 2216 1442 art.
2251 1382 2326 1442 V.
2360 1380 2510 1444 dub.
2547 1399 2642 1444 111.
2677 1385 2876 1446 concl.
2903 1388 2962 1446 3.
2998 1388 3145 1467 quia
3178 1388 3266 1448 ni-

1730 1471 1980 1549 mirum,
2012 1472 2162 1534 licet
2188 1473 2289 1533 ille
2309 1479 2628 1537 teneretur
2650 1494 2775 1537 non
2797 1478 3107 1553 occidere,
3138 1499 3264 1543 non

1728 1567 1940 1624 tamen
1967 1566 2301 1627 tenebatur
2328 1565 2392 1626 id
2421 1567 2631 1628 facere
2659 1569 2725 1628 in
2752 1571 3024 1648 gratiam
3055 1574 3220 1634 Petri
3243 1592 3259 1644 ς

1732 1674 1882 1735 ergo
1911 1661 2169 1736 propter
2189 1656 2306 1720 hoc
2334 1660 2565 1737 poterit
2590 1660 2844 1741 aliquod
2864 1664 3136 1742 pretium
3164 1684 3264 1727 ac-

1733 1765 1963 1826 cipere.

1812 1843 1961 1901 Haec
1985 1846 2198 1903 tamen
2227 1842 2535 1904 sententia
2564 1845 2764 1923 aperit
2779 1846 3007 1908 ostium
3032 1847 3261 1928 usuris»,

1732 1933 1934 2010 furtis,
1966 1934 2224 2014 rapinis,
2258 1939 2374 1996 etc.
2400 1939 2606 2014 potest
2622 1937 2788 1998 enim
2812 1939 3034 2020 aliquis
3057 1942 3265 2004 dicere

1733 2044 1801 2086 se
1830 2026 2115 2104 accipere
2144 2027 2417 2106 pretium
2450 2046 2575 2089 non
2604 2030 2685 2090 ab
2712 2031 2817 2092 illo
2849 2034 2947 2093 cui
2976 2041 3266 2096 mutuum

1735 2117 1864 2195 dat,
1915 2137 2033 2180 nec
2063 2137 2176 2197 pro
2206 2125 2447 2197 mutu0,
2498 2121 2609 2182 sed
2651 2124 2732 2184 ab
2778 2125 2899 2185 alio
2930 2129 3138 2206 tertio,
3191 2147 3265 2189 eo

1736 2211 1902 2290 quod
1931 2211 1993 2271 in
2025 2211 2161 2291 ejus
2189 2212 2458 2290 gratiam
2487 2213 2595 2275 det
2613 2220 2901 2277 mutuum
2926 2221 3129 2284 Petro,
3162 2223 3267 2283 Sic

1736 2303 1925 2365 etiam
1952 2308 2161 2382 potest
2212 2305 2313 2365 fur
2366 2305 2597 2384 dicere,
2656 2326 2723 2369 se
2777 2310 2937 2370 velle
2980 2313 3268 2374 occidere

1736 2413 1948 2456 meum
1986 2397 2283 2474 amicum,
2335 2397 2451 2458 uisi
2501 2401 2557 2459 ei
2586 2400 2819 2462 dedero
2852 2403 3126 2484 aliquam
3156 2423 3268 2485 pe·

1738 2488 1938 2549 cuniae
1967 2507 2302 2566 summam,
2358 2495 2421 2553 et
2465 2491 2554 2552 sic
2583 2492 2662 2553 cle
2700 2495 2857 2556 aliis,
2909 2497 2996 2557 De
3025 2497 3146 2559 hoc
3173 2504 3272 2561 ta-

1737 2598 1882 2642 men
1913 2581 2182 2642 diximus
2225 2582 2386 2661 disp.
2418 2599 2596 2646 xvm.
2644 2591 2796 2648 sect.
2829 2589 2890 2649 3.
2944 2591 3110 2669 quod
3143 2610 3268 2653 non

1740 2677 1986 2751 oportet
2013 2679 2321 2752 repetere.

1755 2799 1758 2800 ν
1818 2766 2025 2828 Tertio
2056 2768 2457 2830 consentiunt
2507 2770 2790 2851 plerique
2837 2774 3149 2854 loquendo
3192 2778 3269 2839 de

1732 2858 1876 2938 jure
1928 2859 2220 2936 naturali,
2278 2862 2555 2939 pretium
2613 2870 2939 2944 acceptum
2997 2887 3034 2928 a
3054 2869 3269 2949 judice

1741 2970 1854 3031 pro
1909 2953 2220 3014 sententia
2260 2953 2512 3033 injusta,
2570 2957 2671 3016 vel
2726 2976 2839 3035 pro
2895 2961 3105 3041 aliquo
3148 2964 3269 3024 alio

3420 2795 3529 2855 127

3371 2919 3479 2972 Quid
3527 2919 3561 2961 si

3345 2953 3588 3082 ”aazia

3434 3081 3460 3123 ι.

1740 3049 1887 3106 actu
1910 3043 2164 3124 injusto,
2199 3063 2321 3105 non
2343 3046 2575 3107 debere
2596 3049 2860 3128 restitui,
2895 3052 3057 3115 sicut
3083 3055 3133 3116 si
3163 3055 3274 3116 ali·
3383 3093 3431 3124 ac
3451 3093 3543 3123 mne

1743 3137 1880 3219 quis
1910 3137 2178 3217 accipiat
2206 3139 2479 3218 pretium
2516 3159 2630 3220 pro
2678 3142 3017 3207 homicidio
3046 3147 3274 3210 facien-

1745 3232 1824 3292 do
1857 3251 1873 3291 t
1908 3249 2056 3291 nam
2080 3232 2229 3293 licet
2256 3250 2330 3293 ea
2350 3235 2631 3313 acceptio
2659 3236 2741 3298 sit
2764 3239 3122 3319 culpabilis3
3158 3260 3276 3304 cae-

1742 3329 1946 3387 terum
1975 3343 2101 3385 non
2131 3329 2228 3386 est
2253 3344 2369 3404 pro
2401 3326 2610 3407 aliquo
2641 3329 2874 3408 debito,
2919 3337 2981 3395 et
3024 3335 3274 3396 aliunde

1745 3437 1901 3498 opus
1955 3418 2163 3497 ipsum
2218 3424 2354 3480 erat
2401 3421 2603 3499 pretio
2661 3424 3050 3504 aestimabile,
3126 3446 3274 3507 ergo

1744 3528 1934 3590 opere
1963 3517 2199 3587 secuto,
2250 3529 2379 3573 non
2427 3518 2521 3575 est
2565 3515 2861 3594 obligatio
2907 3520 3275 3582 restituendi

1744 3604 2044 3684 pretium3
2099 3604 2262 3666 sicut
2304 3623 2421 3666 nec
2466 3609 2757 3669 meretrix
2808 3614 3059 3673 tenetur
3104 3615 3277 3675 resti-

1742 3703 1917 3758 tuere
1965 3696 2232 3775 pretium
2276 3703 2604 3777 acceptum
2651 3720 2764 3780 pro
2835 3722 2949 3764 sua
3004 3706 3278 3785 turpitu-

1742 3789 1911 3865 dine,
1970 3789 2260 3850 videatnr
2310 3792 2481 3851 Less.
2527 3792 2633 3854 lib.
2669 3795 2744 3855 H.
2790 3813 2844 3856 c.
2877 3813 3009 3860 xlv.
3074 3818 3135 3859 n.
3170 3803 3269 3860 52.

1745 3883 1849 3963 qui
1878 3882 2033 3943 alios
2063 3882 2277 3957 affert,
2328 3887 2393 3945 ct
2419 3901 2559 3963 quae
2590 3885 2862 3948 diximus
2890 3888 3077 3951 latius
3107 3891 3276 3953 dicta

1745 3980 1895 4037 sect.
1927 3992 2021 4037 111.

1823 4070 1933 4132 His
1962 4069 2322 4148 suppositiS,
2369 4074 2565 4133 restat
2591 4071 2925 4135 difficultas
2978 4076 3057 4136 de
3097 4093 3280 4139 acce-

1746 4163 1957 4243 ptione
1987 4180 2342 4239 munerum,
2377 4181 2516 4242 qnae
2539 4183 2662 4225 non
2688 4169 2992 4246 tanquam
3005 4172 3279 4250 pretium

1744 4258 1995 4334 dantur,
2025 4256 2137 4316 sed
2185 4254 2264 4315 ad
2306 4257 2688 4318 movendum
2733 4259 3010 4323 animum
3049 4263 3281 4343 J’udicis

1744 4350 1808 4410 in
1838 4351 2100 4412 alteram
2116 4353 2382 4429 partem,
2405 4368 2486 4410 an
2509 4354 2572 4411 et
2589 4353 2904 4430 quomodo
2932 4356 3013 4417 sit
3030 4356 3285 4419 illicita?

1746 4445 1825 4505 Et
1850 4442 2054 4523 primo
2080 4442 2353 4503 dubitari
2380 4447 2606 4522 potest,
2652 4464 2733 4505 an
2786 4446 2911 4508 sint
2945 4448 3159 4512 illicita
3202 4451 3283 4511 de

1740 4537 1884 4617 jure
1912 4534 2203 4608 naturali,
2234 4553 2314 4594 an
2342 4552 2491 4595 vero
2522 4536 2725 4597 solum
2767 4538 2845 4600 de
2883 4541 3026 4620 jure
3071 4542 3285 4622 positi-

1748 4629 1868 4690 vo?
1895 4628 2103 4708 Aliqui
2133 4628 2348 4689 dicunt
2368 4645 2502 4689 esse
2542 4628 2757 4691 illicita
2795 4632 2872 4692 de
2910 4634 3055 4712 jure
3102 4640 3286 4697 natu-

1750 4740 1868 4795 τως
1892 4721 2085 4801 judex
2119 4721 2308 4797 enim,
2341 4725 2413 4782 ut
2442 4721 2596 4782 dixit
2621 4722 2855 4784 Baldus
2883 4726 2946 4784 in
2990 4727 3116 4806 leg.
3150 4728 3287 4789 Hac

1751 4816 1891 4896 leye.
1961 4815 2027 4877 C.
2083 4813 2155 4875 de
2207 4814 2486 4888 sententia
2528 4833 2603 4874 ez·
2638 4817 2904 4897 pent-ulo
2962 4820 3282 4899 recitanda,

1754 4909 1912 4969 duos
1940 4908 2100 4968 sales
2129 4907 2361 4967 habere
2391 4905 2580 4968 debet
2606 4908 2688 4968 ad
2713 4910 2806 4970 sui
2835 4913 3113 4974 muneris
3141 4932 3287 4976 exe-

1756 5001 2091 5077 cutionem,
2123 5000 2361 5061 scilicet
2385 5000 2661 5061 scientia-2
2709 5020 2786 5061 ne
2824 5003 2905 5065 sit
2957 5005 3283 5086 insipiduS,

1756 5097 1819 5156 et
1846 5092 2241 5155 conscientiae
2271 5111 2349 5153 ne
2396 5093 2478 5153 sit
2521 5092 2885 5174 diabolicuS,
2936 5100 3104 5176 quod
3151 5100 3290 5164 aliis

1756 5186 1964 5247 verbis
1991 5184 2150 5247 dixit
2177 5187 2241 5247 S.
2275 5185 2392 5245 Th.
2428 5184 2488 5243 in
2517 5183 2622 5245 Ps.
2647 5202 2759 5248 vn.
2793 5187 3075 5267 judicem
3130 5193 3289 5254 indi-

1758 5297 1905 5359 gere
1937 5277 2245 5356 sapientia
2273 5281 2334 5338 et
2355 5276 2599 5356 justitia
2632 5298 2646 5339 ε
2681 5280 2843 5341 sicut
2869 5286 3080 5344 autem
3096 5286 3293 5347 scien-

1756 5372 1861 5434 tiae
1892 5371 2227 5452 opponitur
2254 5370 2631 5450 ignorantia,
2664 5371 2751 5432 ita
2777 5375 3137 5439 rectitudini
3181 5398 3291 5442 seu

1748 5464 2006 5545 justitiae
2075 5464 2397 5525 adversari
2440 5462 2689 5526 videtur
2725 5483 3058 5530 muncrum
3119 5491 3296 5536 rece·

1755 5559 1908 5639 ptio,
1935 5559 2072 5639 quia
2103 5577 2343 5618 munera
2396 5556 2567 5618 etiam
2623 5571 2919 5622 eoecoecant
2954 5564 3288 5643 prudentes,

3430 4118 3545 4178 128

3372 4241 3585 4287 Hunorum

3357 4298 3540 4351 acceptio
3557 4308 3608 4340 an

3331 4351 3385 4393 sit
3425 4352 3626 4405 prohibita

3393 4404 3445 4445 de
3469 4416 3563 4458 jure

3404 4463 3573 4501 natum.
