4263 6376
733 1165 809 1223 39

666 1293 728 1332 An
748 1290 893 1332 debeat

639 1343 931 1437 Γοάἀίιήευυέ

639 1399 770 1440 sobna
814 1401 900 1449 pan

715 1449 858 1492 debui.

973 328 1092 386 542

2133 321 2236 381 DE·
2275 320 2627 382 JUSTITIA
2674 319 2776 379 ET
2816 320 3017 382 JURE

978 521 1054 564 ex
1083 501 1375 582 aequitate
1405 518 1594 579 quam
1641 516 1713 559 ex
1759 498 1916 577 legis
1960 498 2186 576 rigore.
2223 500 2341 573 Qui
2381 500 2504 560 late
2603 503 2849 561 tantum
2881 499 3114 575 debite,
3150 500 3248 561 vel
3293 499 3608 578 emptori,
3656 500 3700 559 si
3739 503 3988 565 tantumdem

978 597 1259 675 disputat
1301 595 1379 655 de
1428 612 1494 653 rc
1551 593 1833 672 pluribus
1889 592 2305 653 creditoribus
2351 592 2509 653 obli-

978 694 1146 767 gata,
1200 687 1451 767 quando
1508 685 1710 765 primo
1765 684 2193 763 adjudicatur,
2247 704 2509 764 quomo-

2605 610 2717 671 pro
2750 593 2948 671 pretio
2977 592 3169 669 dedit,
3186 592 3611 672 velquantum
3631 591 3990 674 dcdit,reliquum

2611 703 2756 746 vero
2787 686 3104 746 creditori.
3154 685 3215 746 Si
3260 689 3474 746 tamen
3521 691 3750 763 emptor
3785 687 3900 745 bona
3924 690 3989 749 fide

980 783 1059 844 do
1086 800 1229 842 cum
1258 780 1394 840 aliis
1422 798 1489 841 se
1518 797 1738 857 gerere
1785 779 2044 854 debeat,
2097 778 2266 858 quod
2307 784 2508 841 totum
2601 778 2735 857 jam
2776 778 3302 857 praescripsisset,
3359 778 3611 839 debitor
3647 777 3851 840 habebit
3877 782 3990 841 solum

977 875 1059 936 ad
1102 875 1305 935 forum
1353 877 1677 934 externum
1732 870 2021 951 pertinet,
2080 875 2144 932 et
2198 889 2312 932 nos
2355 870 2509 930 dixi·

977 987 1117 1032 mus
1146 967 1390 1046 agendo
1421 965 1499 1026 de
1519 966 1883 1045 praelatione
1921 964 2304 1027 creditorum
2342 965 2509 1025 dicta

979 1063 1416 1214 segg-debet
1451 1150 1723 1213 creditor
1768 1150 1995 1228 pignus
2039 1151 2345 1227 reddere,
2393 1150 2512 1210 nisi

980 1245 1180 1308 soluto
1211 1249 1341 1306 toto
1371 1242 1604 1318 debito,
1625 1243 1773 1321 quia
1792 1241 1895 1320 jus
1912 1242 2158 1320 pignori
2175 1243 2510 1304 indivisum

981 1343 1076 1401 est
1104 1357 1215 1417 pro
1240 1340 1371 1400 toto
1401 1336 1635 1412 debito,
1668 1335 1709 1395 1.
1739 1333 2047 1410 Quamdiu,
2069 1337 2135 1395 C.
2157 1333 2228 1395 de
2242 1335 2505 1397 destruct.

970 1432 1142 1513 piqn.
1195 1432 1236 1492 l.
1293 1429 1409 1504 Qua·
1440 1429 1708 1510 piqnori‚
1760 1429 1823 1488 ff.
1883 1426 1954 1488 de
1996 1427 2238 1508 piqnor.
2297 1432 2511 1509 Neque

980 1525 1226 1588 etiamsi
1254 1542 1417 1584 unus
1444 1542 1519 1583 ex
1550 1520 1905 1581 haeredibus
1953 1520 2256 1581 debitoris
2286 1522 2507 1597 solvat,

982 1636 1183 1698 neque
1201 1620 1463 1677 econtra
1483 1615 1528 1674 si
1546 1613 1649 1675 uni
1669 1632 1743 1672 ex
1761 1612 2137 1690 haeredibus,
2159 1613 2508 1690 creditoris,

980 1729 1127 1790 pars
1180 1708 1371 1771 debiti
1416 1709 1698 1769 solvatur
1743 1724 1882 1785 quoe
1911 1705 1992 1766 ad
2048 1725 2190 1766 cum
2246 1707 2515 1785 pertinet

980 1804 1282 1864 liberatur
1298 1818 1442 1881 pars
1458 1798 1913 1877 pignoris,quia
1933 1803 2154 1875 totum,
2176 1803 2240 1859 et
2252 1799 2512 1877 singulae

981 1901 1190 1977 partes
1209 1894 1487 1973 pignoris
1515 1910 1627 1971 pro
1671 1895 1800 1952 toto
1846 1891 2057 1952 debito
2083 1938 2099 1968 ,
2148 1896 2209 1953 et
2254 1892 2513 1971 singulis

980 1991 1116 2070 ejus
1163 1988 1443 2068 partibus
1486 1985 1879 2064 obligantur,
1934 1988 2123 2063 atque
2164 1985 2352 2046 etiam
2399 2003 2512 2064 pro

983 2083 1269 2162 expensis
1323 2080 1503 2141 factis
1558 2079 1724 2138 circa
1761 2078 1964 2156 ipsum
2012 2078 2272 2156 pignuS,
2307 2078 2403 2138 vel
2453 2078 2513 2137 in

983 2177 1090 2239 lite
1119 2177 1275 2255 ipsa.
1311 2172 1596 2235 Creditor
1615 2175 1865 2244 tamen,
1913 2171 1965 2229 si
2009 2171 2208 2230 multa
2252 2172 2515 2249 pignora

986 2271 1217 2330 habeat
1257 2286 1371 2346 pro
1419 2283 1543 2325 uno
1586 2263 1830 2336 debito,
1893 2281 2016 2324 non
2059 2267 2266 2341 potest
2306 2264 2518 2324 omnia

985 2361 1335 2424 distrahere
1401 2358 1453 2418 si
1522 2375 1716 2417 unum
1769 2356 2075 2431 sufficiat,
2151 2375 2266 2417 nec
2331 2357 2519 2418 debet.

985 2456 1292 2536 optimum
1321 2450 1667 2512 distrahere
1692 2494 1707 2525 ,
1759 2449 1869 2508 sed
1898 2448 2080 2508 vilius
2109 2448 2158 2508 si
2193 2448 2313 2509 hoc
2349 2449 2517 2508 suffi-

985 2551 1088 2625 cit,
1123 2548 1271 2627 quia
1301 2544 1489 2605 debet
1516 2542 1577 2602 id
1609 2541 1740 2602 fieri
1772 2559 1915 2601 cum
1938 2540 2195 2601 minimo
2218 2540 2517 2602 debitoris

985 2643 1382 2704 detrimento,
1434 2635 1726 2714 Alioquin
1773 2653 1959 2712 agere
2002 2636 2234 2713 poterit
2273 2635 2520 2696 debitor

987 2737 1068 2798 ad
1104 2736 1403 2796 interesse
1433 2732 1652 2791 contra
1680 2728 2094 2804 creditorem,
2149 2728 2328 2807 quasi
2375 2728 2516 2789 dolo

986 2830 1051 2892 id
1074 2826 1311 2890 fecerit.

1071 2921 1354 2986 Creditor
1397 2917 1626 2997 pignus
1670 2914 1950 2975 vendens
1994 2914 2054 2973 in
2105 2913 2356 2974 casibus
2401 2915 2518 2976 sibi

991 3013 1331 3096 permissiS,
1381 3009 1674 3072 transfert
1718 3005 1853 3086 ejus
1899 3007 2248 3066 dominium
2295 3008 2358 3067 in
2388 3026 2519 3067 em-

840 3090 889 3173 ‘2‘
990 3115 1257 3188 ptorem‚
1289 3105 1435 3164 licet
1460 3101 1592 3181 ipse
1622 3100 1912 3160 dominus
1934 3119 2054 3160 non
2082 3100 2181 3175 sit,
2209 3101 2357 3178 quia
2375 3120 2520 3161 ven-

990 3203 1083 3265 dit
1121 3206 1189 3262 ut
1232 3200 1605 3277 procurator
1644 3193 1882 3255 domini
1927 3194 2006 3253 ab
2058 3194 2193 3271 ipso
2237 3195 2515 3271 domin0,

869 3305 911 3335 ¹¹¹
989 3297 1088 3357 vel
1116 3292 1386 3373 ajudice
1417 3292 1527 3350 aut
1566 3288 1704 3366 lege
1752 3286 2143 3347 constitutus,
2199 3288 2262 3348 Si
2309 3294 2521 3348 autem

987 3389 1131 3450 dolo
1161 3383 1444 3447 vendidit
1471 3381 1697 3441 minori
1728 3381 1928 3459 pretio
1953 3425 1968 3454 ,
2021 3384 2083 3440 et
2119 3384 2366 3459 emptor
2393 3382 2521 3442 doli

990 3480 1275 3544 conscius
1302 3476 1439 3551 fuit,
1473 3480 1581 3536 aut
1607 3474 1673 3533 in
1701 3474 1844 3534 dolo
1873 3472 2309 3551 participavit;
2345 3473 2520 3533 debi-

989 3582 1091 3639 tor
1116 3591 1306 3653 agere
1335 3572 1538 3648 potest
1564 3566 1867 3628 adversus
1895 3565 2288 3626 venditorem
2317 3566 2398 3626 ad
2427 3566 2520 3625 in-

989 3676 1223 3732 teresse
1243 3711 1259 3743 ,
1304 3668 1368 3726 et
1412 3663 1474 3722 in
1522 3660 1657 3739 ejus
1704 3660 2016 3721 defectum
2062 3658 2365 3719 adversus
2395 3678 2521 3719 em-

988 3768 1234 3843 ptorem
1258 3805 1274 3835 ‚
1308 3761 1378 3819 ut
1407 3754 1631 3815 reddat
1670 3771 1803 3813 rem
1833 3756 2109 3830 emptam
2139 3770 2282 3812 cum
2310 3752 2520 3813 fructi-

988 3858 1129 3932 bus,
1162 3852 1366 3915 soluto
1398 3849 1456 3909 ei
1484 3846 1685 3928 pretio
1719 3845 1887 3925 quod
1928 3862 2043 3924 pro
2088 3863 2162 3904 ea
2193 3845 2387 3921 dedit,
2425 3864 2520 3905 us-

989 3968 1109 4029 que
1134 3946 1215 4008 ad
1244 3941 1637 4005 latitudinem
1665 3938 1856 3999 debiti
1905 3938 2006 3997 cui
2053 3937 2281 4016 pignus
2310 3937 2520 4017 subja-

988 4043 1205 4113 eebat3
1254 4037 1565 4115 reliquum
1616 4050 1765 4095 vero
1822 4049 2198 4110 recuperare
2251 4031 2440 4091 debet
2484 4050 2523 4091 a

989 4133 1301 4197 creditore
1328 4130 1438 4209 qui
1479 4127 1537 4189 ei
1577 4124 1897 4197 vendidit;
1950 4141 2066 4184 nec
2114 4124 2345 4202 poterit
2389 4143 2521 4185 em-

990 4232 1134 4307 ptor
1159 4222 1428 4285 retinere
1456 4219 1705 4298 pignus,
1742 4216 1951 4278 oblato
1975 4221 2315 4293 augmento
2336 4217 2520 4296 pretii

990 4336 1189 4399 usque
1218 4315 1298 4375 ad
1326 4312 1555 4374 limites
1593 4310 1785 4390 justi,
1839 4309 1957 4369 nisi
1985 4308 2233 4369 debitor
2259 4327 2521 4369 consen-

990 4413 1125 4489 tiat,
1159 4415 1229 4471 ut
1256 4409 1499 4470 constat
1527 4422 1601 4466 ex
1628 4404 1669 4464 l.
1705 4419 1748 4464 1.
1783 4406 1846 4464 et
1873 4419 1968 4463 111.
2005 4404 2074 4463 G.
2096 4401 2151 4460 si
2169 4400 2331 4462 vend.
2345 4402 2515 4483 piqn.

991 4515 1150 4587 aqut.
1187 4502 1253 4566 Si
1280 4517 1429 4562 vero
1460 4500 1708 4575 emptor
1734 4496 1863 4557 doli
1892 4496 2205 4574 particeps
2234 4514 2357 4556 non
2378 4495 2515 4571 fuit,

992 4597 1146 4661 nihil
1173 4598 1391 4657 contra
1419 4608 1563 4654 eum
1593 4588 1692 4668 agi
1721 4592 1927 4667 potest
1949 4634 1964 4664 ,
2000 4588 2111 4648 nisi
2143 4588 2305 4648 infra
2335 4588 2523 4648 dimi-

992 4693 1165 4755 dium
1188 4686 1342 4770 justi
1369 4683 1552 4765 pretii
1583 4682 1858 4756 emisset,
1889 4682 1931 4742 l.
1964 4680 2042 4742 Si
2067 4690 2339 4758 cessante,
2365 4684 2432 4741 C.
2453 4680 2523 4742 de

992 4785 1255 4851 decr-act.
1284 4779 1452 4861 piqn.
1489 4776 1663 4839 Sicut
1689 4793 1724 4835 e
1752 4778 2004 4851 contra,
2056 4775 2309 4853 quando
2342 4774 2522 4834 dolus

993 4899 1118 4942 non
1138 4877 1256 4939 fuit
1285 4893 1360 4935 ex
1386 4872 1564 4952 parte
1594 4867 1936 4929 venditoris
1959 4913 1974 4944 ,
2027 4868 2136 4928 sed
2169 4868 2359 4928 solius
2388 4885 2520 4927 em-

991 4972 1211 5054 ptoris,
1242 4968 1376 5046 ipse
1404 4964 1573 5025 solus
1600 4965 1848 5023 tenetur
1875 4964 1938 5021 et
1966 4979 2091 5021 non
2114 4960 2425 5035 venditor,
2455 4963 2524 5020 ut

995 5070 1216 5129 contra
1236 5060 1517 5125 Glossam
1547 5054 1772 5134 probat
1799 5071 1941 5113 cum
1992 5053 2128 5112 aliis
2155 5054 2387 5114 Molina
2415 5051 2525 5113 ubi

993 5175 1186 5237 supra
1212 5156 1268 5233 ἓ.
1305 5148 1545 5228 Quando
1572 5146 1824 5208 creditor
1850 5146 1983 5208 rite.
2033 5146 2094 5206 Si
2142 5151 2353 5208 autem
2382 5164 2523 5206 cre-

996 5253 1164 5315 ditor
1187 5248 1412 5327 pignus
1441 5240 1724 5304 vendidit
1741 5239 1804 5300 in
1825 5239 2070 5300 casibus
2097 5239 2214 5299 sibi
2246 5258 2369 5300 non
2391 5257 2525 5318 per-

996 5343 1202 5407 missis
1222 5388 1238 5420 ,
1289 5338 1536 5401 debitor
1589 5337 1794 5414 potest
1845 5350 2035 5412 agere
2073 5332 2175 5392 vel
2226 5332 2528 5393 adversus

996 5440 1227 5519 ipsum,
1258 5433 1360 5494 vel
1388 5430 1578 5492 etiam
1606 5428 1910 5489 adversus
1952 5429 2301 5504 emptorem
2325 5472 2340 5503 ,
2375 5444 2528 5486 ven-

999 5527 1269 5593 dicando
1299 5524 1418 5587 sibi
1444 5541 1581 5584 rem
1603 5538 1784 5583 suam
1813 5538 1955 5581 cum
1974 5518 2302 5597 fructibus,
2322 5520 2524 5581 soluto

2608 871 2920 932 actionem
2949 875 3170 933 contra
3198 871 3598 933 venditorem
3629 870 3666 931 l.
3700 886 3758 930 11.
3783 875 3830 932 et
3850 876 3987 950 penult

2609 967 2675 1026 C.
2708 964 2764 1024 si
2785 963 2952 1026 vend.
2979 965 3147 1045 piqn.
3180 972 3414 1044 aqatur.

2689 1058 2754 1118 Si
2782 1058 3010 1136 pignus
3038 1063 3177 1118 erat
3200 1058 3485 1132 minoriS,
3537 1057 3638 1117 vel
3685 1058 3990 1132 Εοοῑωὶεωεί
4059 1057 4073 1132 t

2609 1150 2863 1211 alterius
2892 1149 3225 1228 gaudentis
3253 1149 3562 1210 beneficio
3620 1151 3934 1211 restitutionis
3961 1155 3992 1212 in
4040 1183 4073 1234 Ἀ

2609 1243 2946 1321 integrum,
2969 1247 3176 1321 potest
3203 1242 3318 1302 rite
3352 1259 3465 1321 pro
3497 1241 3704 1303 debito
3729 1243 3888 1316 vendi,
3908 1247 3994 1305 sicut
4016 1249 4073 1346 ,ῃ

2610 1335 2877 1414 pignora
2907 1336 3193 1412 aliorum,
3242 1335 3496 1413 quando
3550 1334 3784 1410 scilicet,
3827 1336 3995 1414 legitime
4040 1349 4073 1388 d

2611 1447 2711 1488 res
2739 1428 3154 1507 oppignorata
3181 1428 3315 1488 fuit.
3351 1427 3413 1489 Si
3448 1434 3658 1488 tamen
3686 1446 3750 1487 ex
3768 1430 3995 1490 venditione

2613 1520 2968 1580 inveniatur
2995 1520 3286 1581 dominus
3342 1520 3697 1581 notabiliter
3727 1521 3886 1597 laesus,
3919 1523 3999 1601 qnia

2613 1613 2774 1673 infra
2842 1613 3081 1693 justum
3139 1614 3412 1691 pretium
3488 1613 3759 1673 infimum
3798 1615 3999 1675 venditum

2611 1705 2746 1782 fuit,
2782 1706 3146 1767 conceditur
3171 1706 3548 1766 beneficium
3597 1706 3922 1767 restitut-ionis
3951 1708 3999 1767 in

2612 1804 2709 1861 tra
2739 1799 3224 1879 quadriennium
3243 1817 3282 1858 a
3308 1798 3640 1859 venditore
3667 1799 3819 1873 facta,
3846 1800 3910 1858 vel
3928 1801 4000 1858 af>

2614 1894 2744 1954 nita
2770 1891 2996 1952 minori
3027 1897 3232 1969 aetate,
3266 1896 3375 1953 aut
3402 1911 3437 1950 a
3497 1910 3767 1971 regressu
3803 1892 3916 1951 illius
3945 1895 3999 1971 qui

2612 1985 2972 2066 reipublicae
3002 2004 3192 2046 causa
3220 1986 3463 2062 aberat,
3497 1989 3558 2047 et
3603 1986 3687 2045 sic
3730 1985 3795 2044 de
3830 1986 3936 2048 aliis
3970 1995 4002 2044 et

2614 2085 2762 2141 tunc
2800 2084 3063 2159 possunt
3089 2097 3223 2138 rem
3254 2097 3431 2139 suam
3474 2097 3818 2157 recuperare
3858 2078 4000 2137 reddito

2615 2171 2877 2251 emptori
2897 2172 3096 2251 pretio
3126 2190 3324 2250 usque
3373 2170 3456 2231 ad
3487 2172 3845 2232 latitudinem
3865 2171 3996 2230 debiti,

2615 2267 2657 2328 l.
2692 2265 2768 2326 Si
2790 2264 3061 2338 creditor,
3093 2265 3151 2343 ἓ.
3184 2263 3349 2325 Illud
3395 2263 3709 2338 sciendum,
3762 2266 3811 2326 fl.
3858 2263 3905 2322 de
3941 2263 4002 2320 ἀι

2616 2367 2786 2420 tract.
2812 2359 3056 2440 piqnor,

2694 2453 2924 2515 Ultimo
2954 2451 3409 2512 advertendum
3467 2456 3566 2514 est
3609 2451 3923 2520 creditorem,
3946 2451 4004 2527 qui

2619 2552 2687 2608 ut
2713 2545 2987 2606 creditor
3013 2549 3076 2605 et
3102 2563 3227 2605 non
3256 2547 3325 2604 ut
3352 2544 3648 2605 dominus
3675 2545 3860 2624 pignus
3882 2544 4007 2601 vendi·

2618 2640 2729 2715 dit,
2764 2657 2887 2698 non
2916 2637 3115 2698 teneri
3132 2639 3400 2716 emptori
3430 2637 3508 2697 de
3559 2638 3850 2711 evictione,
3878 2636 3907 2695 l.
3929 2643 4003 2693 iet
4055 2629 4060 2630 ⁷

2619 2750 2686 2793 11.
2723 2733 2788 2794 C.
2825 2729 3187 2791 creditorem
3216 2729 3548 2790 evictionem
3598 2731 3837 2811 pipant-is
3857 2749 3932 2787 non
3949 2727 4004 2783 le
4027 2795 4051 2820 ι

2619 2825 2767 2896 bere,
2802 2823 2843 2884 l.
2879 2821 3237 2895 Periculum,
3275 2824 3337 2883 ff.
3372 2821 3442 2883 de
3481 2823 3725 2904 pz'qnor.
3765 2822 3851 2882 sed
3889 2821 4004 2880 solun

2618 2918 2966 2978 debitorem
2995 2915 3230 2976 teneri:
3266 2915 3411 2994 quia
3456 2921 3612 2977 tunc
3639 2916 3868 2977 creditor
3886 2913 4007 2972 vendi

2619 3011 2710 3073 dit
2732 3016 3032 3088 tanquam
3064 3007 3198 3089 ejus
3218 3014 3610 3088 procurator,
3644 3018 3707 3069 ut
3731 3009 3909 3068 dictum
3933 3013 4006 3064 est:

2617 3108 2936 3166 teneretur
2964 3106 3174 3162 tamen
3232 3101 3529 3178 creditor,
3566 3103 3776 3181 primo,
3802 3102 3839 3161 si
3875 3098 4012 3158 vende-

2617 3203 2714 3260 ret
2731 3204 3033 3275 tanquam
3085 3196 3175 3255 rei
3228 3196 3547 3271 dominus,
3606 3196 3718 3257 hoc
3759 3193 3909 3269 est‚si
3942 3209 4008 3249 nnn

2618 3294 2863 3352 constat
2890 3289 3157 3367 emptori
3188 3308 3320 3349 rem
3351 3295 3419 3350 ut
3446 3290 3673 3369 pignus
3692 3289 3906 3349 alienum
3925 3303 4011 3342 mu

2620 3385 2706 3445 di.
2740 3382 3030 3445 Secundo
3061 3382 3109 3440 si
3142 3400 3267 3442 nou
3323 3383 3554 3461 probat
3607 3402 3731 3442 rem
3769 3381 3862 3440 sibi
3901 3379 4008 3437 fusse

2621 3477 2983 3555 obligatam.
3017 3474 3249 3551 Tertio,
3285 3476 3332 3534 si
3366 3494 3492 3535 non
3523 3481 3756 3536 constat
3781 3470 4008 3534 cumini&

2621 3569 3001 3631 anteriorem
3054 3569 3456 3645 creditorem,
3491 3568 3600 3629 sed
3643 3567 3906 3646 aliusjure
3923 3580 4010 3641 pr&

2616 3661 2865 3722 lationis
2894 3678 3034 3721 eam
3063 3661 3399 3722 evinceret.
3434 3662 3688 3734 Quarto,
3717 3662 3763 3720 si
3800 3658 3921 3718 mala
3943 3654 4008 3714 fida

2617 3753 2921 3828 vendidit,
2955 3753 3159 3813 sciens
3189 3772 3312 3813 non
3346 3771 3481 3813 esse
3538 3752 3831 3813 debitoris,
3857 3751 4007 3821 Quinto.

2618 3846 2667 3907 si
2686 3845 2966 3906 vendidit
2993 3845 3244 3924 quando
3275 3864 3391 3906 nec
3412 3865 3487 3905 ex
3516 3851 3694 3926 pacto
3721 3863 3819 3905 nec
3843 3862 3898 3903 ex
3918 3841 4009 3916 lege.

2620 3943 2728 3999 aut
2739 3937 2971 4017 judicis
2996 3937 3246 3998 decreto
3278 3938 3554 3999 vendere
3584 3944 3823 4017 poterat,
3842 3936 3923 3996 nisi
3936 3935 4012 4011 jus·

2619 4036 2680 4092 to
2698 4049 2910 4090 errore
2932 4030 3230 4111 deceptus
3260 4031 3659 4105 vendidisset,
3686 4028 3912 4105 Sexto,si
3933 4043 4012 4105 prn-

2619 4124 2788 4184 misit
2804 4124 2905 4184 vel
2925 4124 3091 4184 cavit
3117 4125 3381 4203 emptori
3415 4125 3494 4185 de
3525 4125 3825 4186 evictione.
3853 4125 4014 4195 Semper

2620 4221 2857 4292 tamen,
2895 4216 3149 4296 quando
3205 4217 3284 4276 de
3341 4218 3642 4278 evictione
3693 4236 3802 4277 non
3843 4220 4010 4276 tenetur.

2619 4310 2806 4369 debet
2834 4308 3098 4387 emptori
3156 4328 3223 4368 re
3286 4310 3511 4387 evicta,
3571 4311 3777 4371 cedere
3815 4309 3896 4387 jus
3918 4304 4010 4384 qnid

2619 4402 2894 4463 habebat
2949 4402 3251 4462 adversus
3298 4402 3639 4466 debitorem
3693 4404 3791 4483 qni
3825 4408 3932 4462 tune
3973 4396 4012 4453 df

2621 4495 2927 4557 evictionc
2955 4495 3290 4558 tenebitur.

2700 4588 2893 4649 Addit
2919 4588 3064 4649 Mol.
3101 4590 3306 4649 colum
3348 4591 3581 4668 penult.
3624 4591 3675 4651 si
3725 4588 3923 4650 debitor
3947 4582 4014 4642 sn!-

2620 4681 2824 4742 vendo
2859 4699 2980 4742 non
3012 4682 3111 4758 sit,
3139 4682 3517 4743 creditorem
3560 4684 3616 4742 in
3661 4682 3784 4762 ejus
3809 4681 4012 4740 desei-tm
4036 4706 4069 4803 J

2623 4775 2854 4835 debere
2893 4775 3160 4853 emptori
3209 4776 3481 4836 reddere
3510 4776 3779 4855 pretium,
3826 4773 3867 4834 si
3902 4772 4012 4829 extet.
4049 4822 4069 4861 1

2623 4867 2723 4927 vel
2752 4867 2803 4926 si
2834 4885 2907 4926 ex
2930 4866 3035 4927 illo
3065 4867 3266 4928 factus
3296 4869 3376 4929 sit
3400 4868 3753 4948 locupletior
3779 4883 3792 4927 2
3821 4865 3930 4944 qnia
3963 4878 4016 4918 sw-

2622 4960 2773 5021 lutio
2806 4964 2866 5020 et
2901 4960 3237 5021 satisfactio
3270 4961 3367 5020 sui
3395 4961 3585 5023 debiti
3608 4960 3734 5020 fieri
3762 4880 4069 5023 debebam-3

2622 5053 2664 5113 li
2696 5072 2770 5111 ex
2792 5052 2971 5114 bonis
3000 5052 3319 5129 debitoris,
3355 5073 3478 5114 non
3509 5072 3643 5115 vero
3690 5072 3760 5113 ex
3799 5071 3854 5111 re
3895 5048 4012 5107 aliena
4039 5036 4069 5129 Ἰ

2624 5145 2847 5221 evicta,
2882 5164 2996 5205 nec
3026 5165 3102 5206 ex
3131 5148 3331 5225 pretio
3362 5148 3554 5219 illius;
3584 5164 3768 5226 quare
3791 5152 4011 5225 postquam

2625 5242 2870 5300 constat
2900 5258 3034 5299 rem
3078 5240 3268 5300 fuisse
3325 5241 3607 5315 ahenam,
3664 5259 3772 5299 nec
3819 5255 3918 5297 rem
3954 5246 4012 5289 ab*

2628 5332 2901 5411 pretium
2948 5337 3157 5411 potest
3201 5333 3473 5395 retinere
3527 5335 3583 5393 in
3635 5334 3729 5392 sui
3767 5329 3916 5390 debiti
3957 5339 4011 5379 se
4067 5394 4068 5409 ζ

2625 5425 2952 5502 lutionem,
2987 5426 3098 5486 sed
3129 5445 3168 5487 a
3196 5427 3327 5487 solo
3376 5428 3645 5489 debitore
3697 5430 3874 5503 potest
3908 5430 4012 5478 sum!

2626 5518 2908 5580 debitum
2958 5520 3229 5599 exigere.
3275 5523 3414 5582 Hoc
3449 5526 3645 5583 tamen
3691 5508 4010 5578 difficilem&
