4263 6376
548 717 668 775 270

803 244 920 303 140

798 418 1004 497 quoad
1035 420 1421 496 servitutem,
1473 439 1661 500 quam
1716 420 1993 483 habebat
2047 422 2108 482 in
2167 422 2322 502 ipsa,

798 515 1089 587 censetur
1106 512 1273 572 enim
1302 512 1496 592 legari
1526 514 1808 594 subjecta
1838 515 2041 576 eidem
2073 516 2331 578 servitu·

795 605 864 681 ti,
897 604 938 665 l.
978 603 1124 665 Cum
1149 604 1333 685 filius,
1365 607 1421 683 ἓ.
1454 605 1763 683 Dominus,
1800 610 1860 668 ff.
1895 606 1966 668 (Ie
1995 607 2202 688 leqalis
2257 627 2324 670 11.

878 701 1110 771 Quarta
1136 699 1354 777 regula
1382 699 1496 775 sit,
1551 656 1805 779 quando
1835 719 1935 761 res
1962 701 2173 806 legata
2206 720 2332 762 non

797 809 866 850 ei
867 794 933 852 at
960 789 1214 869 quidem
1246 791 1490 868 aliena,
1539 792 1652 852 sed
1679 797 1892 855 tamen
1922 799 2057 855 erat
2084 794 2332 874 pignori

452 842 591 937 03¹2,st
594 842 730 951 dig?
707 901 747 939 aa
796 884 893 943 vel
924 882 1297 962 hypothecae
1326 885 1622 964 obligata,
1645 886 1695 945 si
1716 890 1978 948 testator
1997 887 2158 948 hanc
2179 888 2335 948 obli-

794 976 1113 1055 gationem
1155 977 1427 1053 sciebat,
1479 983 1768 1039 censetur
1804 979 2123 1041 haeredem
2180 980 2338 1041 obli-

794 1088 947 1149 gare
994 1068 1076 1131 ad
1122 1088 1258 1131 rem
1287 1069 1554 1131 liberam
1583 1071 1857 1131 dandam
1884 1073 2210 1151 legatario,
2271 1074 2336 1135 Si

793 1181 944 1224 vero
984 1162 1356 1242 ignorabat,
1407 1164 1488 1224 ad
1518 1164 1893 1242 legatarium
1923 1166 2194 1244 pertinet
2220 1166 2337 1227 sol-

793 1274 964 1333 vere,
999 1259 1069 1318 ut
1094 1275 1196 1316 res
1223 1256 1547 1334 liberetur,
1570 1257 1685 1317 nisi
1707 1262 1871 1319 esset
1896 1277 2166 1337 persona
2195 1277 2341 1320 con-

785 1349 1007 1430 juncta
1027 1395 1043 1425 ,
1095 1349 1195 1409 vel
1226 1368 1301 1409 ex
1328 1350 1466 1409 aliis
1494 1351 1977 1412 circumstantiis
2004 1370 2341 1431 praesuma-

792 1446 917 1520 tur,
978 1442 1029 1503 si
1083 1446 1346 1504 testator
1397 1444 1699 1520 scivisset,
1761 1445 2152 1506 tantumdem
2206 1446 2340 1507 sine

797 1536 1180 1615 obligatione
1208 1536 1512 1614 legatario
1542 1537 1904 1598 relicturum
1927 1585 1941 1613 ,
1996 1541 2064 1599 ut
2091 1543 2340 1600 constat

795 1649 873 1689 ex
900 1629 943 1690 l.
977 1628 1058 1690 Si
1077 1648 1169 1689 res
1203 1627 1494 1709 obliquiu,
1542 1632 1641 1691 60.
1678 1633 1741 1691 ff.
1793 1630 1863 1690 de
1890 1631 2066 1711 [ερατ.
2102 1648 2146 1692 1.
2208 1631 2337 1692 Ad-

798 1723 955 1783 dunt
994 1723 1228 1784 Molina
1267 1723 1426 1801 disp.
1477 1739 1596 1783 cer.
1641 1723 1703 1783 in
1733 1724 1998 1803 princip.
2052 1730 2114 1785 et
2141 1727 2335 1804 Vasq.

796 1814 948 1876 dub.
982 1831 1067 1875 lx.
1103 1834 1210 1876 nu.
1240 1818 1340 1877 85.
1391 1833 1534 1875 cum
1562 1815 1699 1876 aliis
1729 1817 2181 1890 communiter,
2231 1817 2341 1876 de-

794 1908 944 1968 bere
975 1907 1164 1969 etiam
1213 1907 1293 1967 ab
1322 1907 1574 1967 haerede
1603 1908 1894 1984 liberari,
1946 1909 2198 1988 quando
2241 1928 2341 1969 res

797 2020 909 2081 pro
938 2004 1115 2063 tanta
1144 2018 1391 2061 summa
1420 2001 1695 2080 obligata
1725 2007 1927 2075 esset,
1979 2005 2048 2062 ut
2083 2003 2135 2062 si
2171 2002 2342 2080 lega-

798 2095 995 2157 tarius
1024 2093 1336 2155 redimere
1364 2094 1585 2166 vellet,
1639 2094 1792 2154 nihil
1822 2094 1981 2155 lucri
2028 2112 2101 2154 ex
2130 2094 2339 2173 legato

799 2190 1189 2259 remaneret;
1240 2191 1302 2247 et
1328 2185 1449 2246 hoc
1478 2186 1694 2246 dicunt
1732 2205 1865 2246 esse
1891 2233 1906 2262 ,
1958 2205 2037 2246 ne
2065 2187 2343 2266 legatum

798 2280 1015 2341 inutile
1047 2279 1165 2355 sit,
1216 2278 1384 2357 quod
1424 2279 1641 2341 dicunt
1669 2279 1884 2339 haberi
1916 2280 1980 2339 in
2009 2280 2177 2341 dicta
2205 2281 2343 2360 lege

797 2373 876 2434 Si
896 2392 989 2434 res
1016 2371 1297 2452 obliqata.
1332 2374 1479 2433 Haec
1500 2376 1709 2434 tamen
1740 2372 2025 2434 doctrina
2053 2373 2190 2433 aliis
2218 2373 2346 2433 dis-

797 2467 1027 2546 plicet,
1061 2471 1133 2527 ut
1156 2469 1425 2527 testatur
1451 2466 1681 2528 Molina
1706 2512 1721 2542 ,
1774 2471 1838 2528 et
1880 2465 2036 2526 mihi
2083 2466 2342 2545 quidem

796 2561 952 2621 falsa
989 2560 1269 2637 videtur,
1327 2562 1390 2622 et
1442 2559 1505 2619 in
1562 2558 1729 2620 dicta
1783 2559 1922 2638 lege
1970 2577 2096 2620 non
2144 2560 2344 2622 conti-

803 2672 958 2714 nex-1.

875 2750 1069 2808 Porro
1101 2746 1325 2806 falsam
1356 2763 1491 2806 esse
1524 2745 1694 2804 illam
1724 2744 2160 2822 exceptionem
2197 2765 2343 2825 pro·

798 2840 985 2901 batur
1031 2840 1197 2900 clare
1245 2857 1321 2898 ex
1367 2838 1600 2916 regulis
1649 2856 1840 2917 supra
1895 2838 2133 2916 positiS,
2197 2840 2343 2917 quia

796 2932 1048 3013 quando
1104 2935 1368 2993 testator
1424 2930 1772 3010 ignorando
1828 2948 1963 2991 rem
2020 2950 2153 2992 esse
2197 2932 2343 2992 alie-

801 3044 948 3087 nam
973 3071 988 3101 ,
1035 3043 1174 3084 eam
1220 3023 1455 3102 legavit
1491 3040 1778 3101 personae
1808 3041 1933 3083 non
1964 3024 2339 3104 conjunctae,

798 3120 1077 3199 legatum
1108 3135 1233 3178 non
1260 3117 1546 3194 debetur,
1566 3133 1683 3177 nec
1703 3115 1905 3177 haeres
1935 3120 2183 3178 tenetur
2208 3136 2344 3178 rem

801 3231 1011 3275 emere
1036 3258 1051 3289 ,
1098 3211 1343 3273 etiamsi
1369 3210 1647 3289 legatum
1675 3210 1977 3271 reddatur
2001 3211 2220 3272 inutile
2258 3213 2347 3272 le-

798 3306 1072 3387 gatario:
1094 3305 1262 3364 idem
1279 3308 1490 3365 autem
1518 3306 1615 3364 est
1642 3303 1723 3364 ad
1751 3304 2143 3382 propositum
2172 3304 2346 3384 igno-

799 3419 941 3461 rare
970 3417 1103 3459 rem
1135 3416 1270 3458 esse
1300 3398 1592 3472 alienam,
1626 3400 1689 3458 et
1716 3397 2008 3473 ignorare
2034 3416 2170 3457 rem
2201 3416 2347 3475 pro-

799 3493 1004 3572 priam
1035 3510 1170 3551 esse
1201 3490 1377 3552 alteri
1409 3490 1753 3569 obligatam
1782 3507 1896 3568 pro
1932 3495 2060 3551 toto
2091 3509 2203 3551 suo
2235 3509 2346 3550 va-

799 3586 954 3647 lore.
1013 3585 1082 3646 Si
1121 3602 1271 3663 ergo
1319 3583 1525 3664 prima
1568 3583 1930 3662 ignorantia
1969 3583 2120 3644 facit
2176 3583 2346 3662 quod

797 3682 1217 3759 praesumatur
1261 3680 1523 3738 testator
1566 3675 1839 3736 noluisse
1889 3675 2168 3754 obligare
2216 3676 2348 3736 1133-

799 3772 1019 3834 redem
1048 3771 1128 3831 ad
1158 3769 1492 3831 emendam
1540 3787 1674 3829 rem
1720 3769 2015 3846 allenam,
2076 3787 2191 3830 cur
2247 3788 2346 3829 se-

799 3866 1007 3927 cunda
1036 3863 1395 3944 ignorantia
1421 3880 1548 3923 non
1578 3861 1768 3923 faciet
1810 3862 1979 3942 quod
2007 3881 2348 3942 praesuma-

797 3964 900 4021 tur
934 3961 1198 4020 testator
1237 3955 1511 4017 noluisse
1561 3954 1842 4034 obligare
1899 3955 2218 4016 haeredem
2267 3955 2346 4016 ad

802 4070 934 4111 rem
978 4049 1449 4125 redimendam,
1504 4049 1705 4109 soluto
1750 4048 1978 4128 aequali
2009 4048 2224 4109 valore
2266 4048 2351 4109 ad

801 4144 968 4205 hunc
998 4144 1292 4205 effectum
1347 4164 1362 4203 :
1413 4160 1557 4202 cum
1589 4160 1714 4202 non
1742 4141 1950 4202 minus
1977 4145 2351 4221 gravaretur

800 4238 1002 4298 haeres
1033 4256 1108 4297 ex
1136 4235 1243 4298 tali
1276 4234 1731 4314 redemptione,
1766 4253 1956 4314 quam
1977 4234 2027 4295 si
2048 4254 2184 4295 rem
2205 4234 2348 4294 alie-

802 4349 948 4391 nam
972 4329 1142 4411 justo
1172 4329 1387 4389 valore
1435 4327 1642 4388 denuo
1698 4331 2025 4406 empturus
2082 4327 2351 4388 fuisset?

807 4425 972 4485 Sane
1021 4441 1145 4483 non
1194 4424 1289 4482 est
1336 4420 1766 4500 excogitabilis
1821 4420 1948 4480 ulla
1995 4420 2351 4481 verleimilis

803 4517 963 4579 ratio
1021 4515 1392 4576 differentiae
1470 4513 1635 4574 inter
1688 4517 2025 4594 utrumque
2081 4531 2297 4575 casum
2331 4533 2345 4575 :

805 4628 1003 4690 quare
1043 4609 1191 4670 licet
1232 4607 1444 4668 hocin
1475 4607 1643 4668 dicta
1670 4606 1810 4685 lege
1859 4625 1895 4665 a
1916 4606 2349 4686 jureconsulto

804 4704 1040 4764 dietum
1070 4702 1289 4763 fuisset
1308 4748 1323 4776 ,
1366 4719 1490 4761 non
1521 4700 1898 4760 deberemus
1939 4699 2074 4778 ejus
2102 4703 2353 4760 senten-

803 4798 907 4859 tioe
939 4796 999 4856 in
1029 4815 1094 4858 re
1126 4799 1339 4875 aperte
1369 4795 1547 4870 falsa,
1582 4796 1646 4855 et
1674 4811 1817 4854 cum
1847 4792 2177 4854 manifesta
2207 4810 2353 4854 con-

806 4890 1181 4952 tradictione
1210 4893 1397 4950 stare.

887 4987 1233 5059 Coeterum,
1269 4982 1320 5041 si
1350 4981 1517 5042 dicta
1544 4980 1644 5041 lex
1676 4982 1911 5042 attente
1940 4980 2224 5058 legatur,
2258 4978 2353 5038 ni-

810 5078 894 5138 hil
925 5078 1047 5139 tale
1078 5078 1142 5137 in
1172 5094 1247 5136 ea
1276 5073 1663 5149 invenietur,
1715 5073 1842 5132 imo
1873 5071 1925 5132 si
1953 5072 2032 5131 de
2055 5071 2174 5132 hoc
2204 5091 2354 5150 age-

743 5185 758 5215 ¹
808 5176 925 5246 ret,
961 5168 1316 5250 oppositum
1343 5168 1552 5247 potius
1581 5166 1776 5226 verba
1804 5168 2121 5227 sonarent.
2158 5167 2356 5245 Opor-

806 5268 896 5325 tet
924 5264 1134 5341 itaque
1165 5260 1299 5340 ejus
1328 5261 1520 5321 verba
1539 5260 1605 5328 in
1632 5259 1912 5319 medium
1939 5259 2186 5319 afferre.
2231 5279 2259 5314 α
2288 5258 2353 5319 Si

808 5374 931 5430 reS‚
993 5353 1230 5432 inquit,
1290 5353 1567 5432 obligata
1621 5369 1738 5431 per
1791 5350 2351 5411 fideicommissum

807 5448 997 5509 fuerit
1024 5446 1262 5521 relicta,
1321 5446 1369 5507 si
1429 5445 1687 5525 quidem
1744 5443 1860 5506 scit
1905 5462 2047 5504 eam
2089 5447 2353 5506 testator

1960 247 2061 306 Dr:
2103 245 2459 309 JUSTITIA
2504 247 2605 308 ET
2647 246 2847 308 JURE

2429 423 2791 502 obligatam,
2823 423 2902 483 ab
2933 423 3184 484 haerede
3212 425 3446 484 luenda
3475 427 3591 501 est,
3629 424 3754 484 nisi
3780 426 3831 485 si
3858 427 3959 486 alio

2428 517 2637 577 animo
2668 516 2875 577 fuerit.
2911 517 2977 578 Si
3008 518 3267 594 nesciat,
3301 537 3338 578 a
3365 516 3957 581 fideicommissario:

2429 610 2549 670 nisi
2575 610 2628 671 si
2656 610 2754 669 vel
2783 610 2967 686 hanc,
3002 611 3101 669 vel
3134 610 3321 671 aliam
3352 611 3698 672 relicturus
3741 611 3958 689 suisset,

2430 702 2480 762 si
2510 703 2728 764 scisset
2756 702 3101 781 obligatam
3147 723 3161 765 ε
3209 701 3309 762 vel
3338 706 3546 781 potest
3574 703 3822 783 aliquid
3850 722 3963 766 esse

2430 797 2818 874 superfluum
2847 814 2923 856 ex
2952 795 3156 857 soluto
3186 813 3312 856 aere
3342 796 3572 871 alieno,
3609 797 3789 876 quod
3817 798 3866 857 si
3891 801 3967 858 te-

2431 893 2629 950 stator
2656 906 2729 949 eo
2757 888 2967 948 animo
2999 887 3149 965 tuit,
3197 892 3269 950 ut
3297 906 3696 969 quamquam
3727 889 3968 950 liberan-

2431 982 2656 1042 dorum
2713 981 3098 1060 praediorum
3154 999 3311 1042 onus
3367 981 3447 1041 ad
3505 982 3804 1042 haeredes
3846 1001 3968 1042 suos

2434 1074 2748 1153 pertinere
2776 1074 3046 1136 voluerit
3069 1120 3084 1150 ,
3119 1092 3245 1135 non
3273 1077 3488 1135 tamen
3518 1075 3749 1154 utique
3781 1083 3970 1154 aperte

2436 1168 2514 1227 de
2544 1166 2640 1227 his
2671 1166 3012 1227 liberandis
3041 1167 3304 1228 senserit
3333 1186 3346 1228 t
3398 1168 3635 1246 poterit
3663 1167 3967 1228 fideicom-

2435 1259 2758 1320 missarius
2789 1279 2903 1338 per
2929 1259 3053 1319 doli
3087 1260 3527 1338 exceptionem
3575 1279 3614 1321 a
3663 1260 3973 1321 creditori-

2434 1353 2552 1413 bus
2576 1399 2591 1429 ,
2640 1353 2746 1432 qui
2776 1351 3232 1431 hypothecaria
3260 1371 3477 1413 secum
3508 1357 3814 1432 agerent,
3845 1372 3972 1414 con-

2437 1445 2611 1524 sequi
2643 1449 2713 1506 ut
2737 1445 3019 1506 actiones
3047 1444 3164 1504 sibi
3198 1444 3676 1522 exhiberentur,
3713 1450 3832 1506 etc.
3864 1468 3888 1501 u
3922 1446 3971 1504 in

2438 1538 2665 1618 quibus
2691 1538 2899 1598 verbis
2924 1585 2938 1612 ‚
2973 1542 3041 1599 ut
3069 1541 3356 1614 constat,
3390 1538 3548 1598 nihil
3582 1543 3683 1600 est
3714 1538 3879 1618 quod
3903 1540 3972 1598 si-

2435 1631 2692 1711 gnificet
2719 1631 3041 1691 haeredem
3070 1630 3300 1691 debere
3339 1631 3586 1691 solvere
3632 1636 3701 1692 et
3726 1631 3973 1691 liberare

2434 1726 2693 1806 pignuS,
2744 1723 2996 1803 quando
3026 1727 3290 1786 testator
3328 1723 3791 1802 obligationem
3819 1724 3971 1803 igno-

2435 1818 2639 1893 ravit,
2692 1822 2754 1877 et
2782 1836 2881 1877 res
2911 1817 3187 1895 obligata
3219 1820 3354 1878 erat
3381 1835 3494 1896 pro
3524 1806 3660 1878 toto
3693 1818 3792 1877 sui
3821 1817 3969 1876 valo·

2436 1929 2503 1971 re
2534 1930 2547 1971 :
2582 1929 2728 1971 nam
2756 1910 2902 1971 licet
2919 1911 3112 1970 verba
3141 1910 3268 1986 illa,
3290 1909 3384 1969 vel
3396 1919 3598 1990 potest
3626 1908 3860 1991 aliquid
3878 1929 3972 1970 esse

2434 2002 2793 2084 superfluum
2820 2049 2835 2079 ,
2871 2007 2989 2064 etc.
3027 2021 3102 2062 ex
3132 2003 3360 2081 quibus
3390 2001 3587 2063 illlam
3617 2003 3972 2063 sententiam

2440 2096 2838 2156 deduxerunt
2866 2095 3251 2171 adversarii,
3303 2096 3760 2174 conjungenda
3788 2100 3970 2158 esseut

2441 2208 2587 2250 cum
2617 2188 3118 2267 praecedentibus
3141 2234 3157 2265 ‚
3208 2193 3396 2266 prout
3423 2189 3541 2267 ipsi
3572 2189 3968 2268 conjungunt,

2440 2282 2528 2344 ita
2558 2286 2628 2344 ut
2651 2282 2774 2343 sint
2797 2281 3075 2342 secunda
3103 2281 3387 2359 exceptio
3412 2300 3486 2341 ex
3500 2281 3796 2342 doctrina
3825 2282 3969 2361 prius

2439 2375 2670 2439 tradita
2693 2421 2708 2451 ,
2761 2375 2825 2434 id
2855 2393 2982 2434 non
3009 2374 3353 2452 probarent
3399 2393 3516 2435 nec
3542 2375 3741 2434 talem
3774 2394 3972 2452 excep-

2442 2467 2678 2529 tionem
2706 2466 3179 2546 signifiearent:
3231 2485 3380 2526 nam
3426 2467 3724 2528 doctrina
3765 2468 3967 2529 tradita

2440 2564 2603 2636 erat,
2653 2559 2823 2638 quod
2871 2559 3036 2620 facto
3079 2560 3288 2637 legato
3337 2577 3482 2618 eum
3525 2560 3884 2638 ignorantia
3908 2559 3970 2619 de

2440 2653 2819 2729 obligatione
2845 2699 2860 2728 ‚
2911 2651 3112 2711 hoeres
3142 2670 3268 2711 non
3298 2651 3486 2713 debet
3530 2671 3670 2711 rem
3705 2653 3965 2727 liberare,

2439 2744 2549 2805 sed
2582 2745 2923 2824 legatarius
2946 2790 2962 2821 ,
3014 2763 3124 2805 seu
3157 2745 3807 2805 fideicommissarius.
3863 2748 3972 2806 Sta·

2438 2838 2553 2900 tim
2580 2837 2917 2917 apponitur
2945 2838 3250 2916 exceptio,
3278 2837 3392 2897 nisi
3418 2841 3689 2899 testator
3708 2839 3972 2899 credatur

2439 2931 2834 2993 tantumdem
2864 2930 3216 3006 relicturuS‚
3252 2931 3499 2992 etiamsi
3529 2932 3732 2993 sciret
3760 2930 3968 3010 obliga-

2442 3024 2677 3085 tionem
2711 3043 2724 3084 ε
2766 3024 2961 3084 verba
2988 3027 3200 3084 autem
3237 3023 3605 3085 immediate
3638 3024 3964 3104 sequentia,

2441 3117 2493 3178 si
2533 3117 2877 3177 secundam
2923 3117 3358 3196 exceptionem
3404 3117 3844 3194 continerent,
3885 3117 3969 3176 illa

2443 3210 2698 3290 quidem
2728 3215 2893 3272 esset
2921 3210 3129 3288 potius
3154 3209 3494 3288 contraria,
3531 3230 3788 3291 nempe,
3822 3208 3968 3290 quod

2441 3307 2692 3365 tenetur
2736 3303 2927 3364 etiam
2957 3302 3160 3364 haeres
3188 3303 3252 3362 in
3281 3320 3432 3364 casu
3463 3303 3838 3381 ignorantiae
3867 3302 3970 3362 sol-

2443 3415 2611 3473 vere,
2644 3396 2694 3456 si
2725 3397 2952 3458 solutio
2983 3414 3108 3456 non
3140 3396 3436 3476 adaequat
3464 3397 3751 3458 valorem
3782 3397 3969 3476 pigno·

2442 3490 2527 3550 ris
2559 3510 2573 3549 ε
2598 3488 2659 3549 id
2691 3490 2859 3550 enim
2887 3489 3245 3568 significant
3274 3490 3468 3549 verba
3496 3491 3603 3550 illa
3625 3537 3641 3566 ,
3694 3491 3788 3551 vel
3807 3497 3968 3571 potest

2443 3582 2672 3663 aliquid
2721 3601 2836 3643 esse
2886 3583 3245 3663 superfluum
3299 3583 3538 3643 exoluto
3598 3602 3724 3644 cere
3777 3582 3962 3643 olieaew.

2444 3679 2677 3740 Sensus
2707 3675 2872 3737 enim
2904 3694 3027 3737 non
3056 3680 3267 3757 posset
3295 3696 3431 3737 esse
3463 3677 3646 3752 aliuS,
3685 3676 3799 3737 nisi
3831 3676 3918 3735 hie
3945 3694 3957 3733 ε

2441 3772 2606 3833 facto
2636 3770 2843 3849 legato
2887 3788 2963 3830 ex
2989 3769 3348 3848 ignorantia
3379 3769 3822 3848 obligationis,
3866 3768 3968 3827 hae-

2443 3882 2543 3924 res
2572 3880 2697 3923 non
2729 3866 2978 3924 tenetur
3005 3863 3232 3942 pignus
3259 3862 3530 3923 liberare
3555 3883 3570 3935 ;
3620 3863 3745 3923 nisi
3773 3863 3864 3923 vel
3894 3861 3968 3920 le·

2443 3957 2721 4036 gatarius
2757 3956 2838 4018 sit
2871 3956 3011 4016 talis
3051 3956 3153 4016 cui
3190 3960 3454 4017 testator
3483 3956 3875 4018 tantumdem
3898 3954 3969 4012 le·

2445 4052 2655 4128 gasset
2682 4048 2733 4108 si
2766 4067 2889 4108 non
2919 4049 3310 4126 ignorasset,
3353 4049 3454 4109 vel
3502 4049 3618 4109 nisi
3650 4050 3850 4109 soluto
3877 4045 3967 4105 de-

2445 4143 2576 4202 bito
2627 4141 2835 4202 adhue
2881 4145 3077 4202 restat
3103 4141 3344 4221 aliquid
3371 4141 3513 4220 plus
3542 4141 3778 4202 valoris
3802 4140 3862 4199 in
3888 4136 3965 4217 pi-

2445 4253 2642 4314 gnore
2671 4234 2934 4295 liberato
2970 4255 2982 4296 :
3019 4252 3159 4313 qnae
3191 4239 3404 4297 tamen
3433 4235 3723 4314 exceptio
3745 4237 3954 4319 contra·

2443 4329 2540 4389 ria
2594 4331 2688 4388 est
2734 4327 2820 4387 illi
2870 4346 3061 4407 quam
3090 4326 3435 4388 adversarii
3466 4327 3836 4401 intendunt,
3879 4320 3966 4402 qui

2447 4422 2666 4483 volunt
2720 4420 3036 4481 haeredem
3090 4438 3216 4481 non
3273 4420 3504 4482 debere
3546 4421 3823 4496 solvere,
3869 4413 3966 4476 nisi

2452 4514 2705 4595 quando
2751 4513 2961 4574 debito
3008 4513 3211 4574 soluto
3260 4513 3416 4573 nihil
3464 4513 3606 4592 plus
3633 4514 3868 4573 valeret
3891 4508 3966 4587 pi-

2450 4627 2645 4687 gnuS,
2697 4624 2887 4686 quam
2917 4624 3029 4684 pro
3061 4624 3135 4667 eo
3168 4605 3497 4667 liberando
3551 4607 3771 4666 datum
3800 4604 3958 4665 esset.

2452 4699 2777 4773 Quomodo
2809 4718 2958 4777 ergo
2991 4717 3066 4758 ex
3096 4698 3304 4758 verbis
3350 4698 3469 4759 illis
3517 4701 3854 4777 potuerunt
3878 4712 3964 4754 ex·

2451 4793 2805 4872 ceptionem
2834 4792 3023 4852 talem
3054 4791 3349 4870 colligere
3377 4792 3585 4853 verbis
3622 4792 3772 4871 ipsis
3811 4794 3866 4849 et
3889 4805 3965 4846 ra·

2450 4886 2603 4949 tioni
2635 4884 3059 4947 contrariam?
3087 4885 3184 4945 Ad
3214 4884 3389 4946 illum
3430 4886 3598 4945 enim
3627 4900 3870 4945 sensum
3893 4880 3963 4939 fa-

2453 4978 2746 5039 ciendum
2777 4996 2899 5039 non
2932 4977 3207 5039 debebat
3235 4978 3478 5055 (licere,
3512 4978 3607 5039 vel
3621 4985 3841 5060 potest,
3872 4969 3960 5033 sed

2455 5073 2660 5151 pot-ius
2681 5119 2696 5148 ,
2745 5070 2840 5131 vel
2864 5091 2974 5130 non
2994 5079 3190 5152 potest
3217 5069 3449 5152 aliquid
3472 5091 3588 5132 esse
3613 5069 3959 5153 superfluum,

2453 5170 2521 5226 ut
2541 5164 2722 5244 juxta
2768 5182 2987 5225 omnes
3034 5164 3204 5242 leges
3251 5166 3681 5243 grammaticae
3711 5176 3957 5239 comper-

2453 5263 2587 5320 tum
2617 5262 2731 5319 est.

2534 5353 2737 5424 Quare
2767 5351 2959 5411 alium
2987 5350 3304 5412 diversum
3354 5356 3506 5431 puto
3565 5371 3699 5412 esse
3744 5359 3958 5410 sensum

2450 5445 2698 5505 illorum
2727 5444 3067 5506 verborum
3086 5490 3102 5521 ,
3138 5463 3256 5507 nec
3285 5445 3479 5505 verba
3508 5444 3613 5504 illa
3638 5490 3655 5521 ,
3699 5441 3790 5504 vel
3805 5439 3962 5521 pom?
