4263 6376
1258 355 1729 417 DISPUTATIO
1773 354 1989 429 XXVI,
2040 354 2315 415 sEcho
2357 354 2430 414 11.
3352 355 3432 416 59

288 536 556 617 quii-endi
583 536 795 617 plures
823 553 1012 615 quam
1044 535 1204 595 duos
1226 580 1242 610 ,
1288 534 1387 594 vel
1436 536 1562 594 tres
1606 536 1795 595 testes

286 631 356 690 ad
381 630 653 690 valorem
670 628 1027 690 testamenti
1058 628 1326 688 alienam
1354 645 1488 688 esse
1517 646 1557 688 a
1584 626 1794 687 divina

285 724 427 802 lege,
458 728 520 783 et
546 726 910 782 sanctorum
943 724 1198 782 Patrum
1227 720 1524 781 institutis
1549 766 1562 795 ,
1620 719 1795 779 ideo-

286 834 393 894 que
418 814 897 892 improbandam
921 860 937 888 ,
987 813 1099 873 sed
1141 813 1426 873 sufficere
1455 813 1509 872 si
1535 816 1796 873 testator

283 927 476 970 coram
504 925 616 968 suo
643 907 917 985 parocho
949 910 1011 966 et
1039 906 1235 966 tribus
1264 905 1362 965 vel
1392 905 1637 965 duabus
1658 922 1794 983 per-

283 1002 432 1061 sonis
456 1000 698 1061 idoneis
724 1003 1170 1061 testamentum
1199 997 1408 1057 faciat.
1444 999 1648 1069 Quare
1677 999 1794 1056 Pa-

282 1083 674 1168 normitamiS,
709 1095 776 1152 et
802 1091 994 1170 aliqui
1024 1090 1127 1150 alii
1159 1089 1489 1165 dixerunt,
1532 1088 1789 1150 Pontifi-

281 1204 402 1246 cem
427 1186 773 1246 correxisse
804 1185 979 1262 leges
1008 1183 1243 1260 civileS‚
1280 1187 1465 1262 atque
1495 1182 1637 1242 ideo
1668 1198 1790 1241 non

280 1278 385 1338 illis
426 1278 534 1338 sed
584 1278 733 1337 huic
780 1276 1081 1337 decisioni
1118 1275 1413 1337 standum
1451 1294 1608 1335 esse.
1670 1273 1792 1335 Sed

280 1371 385 1432 hoc
401 1369 822 1432 communiter
840 1369 1144 1449 rejicitur,
1166 1369 1313 1446 quia
1335 1368 1505 1446 leges
1523 1368 1645 1428 illae
1668 1385 1792 1426 non

278 1466 406 1523 sunt
431 1461 763 1522 contrarias
802 1461 927 1539 legi
957 1460 1223 1533 divinae,
1275 1465 1338 1521 et
1383 1460 1529 1521 licet
1556 1457 1791 1539 aliquid

278 1555 510 1632 exigant
534 1554 702 1614 ultra
747 1553 809 1613 id
857 1553 1027 1633 quod
1075 1554 1173 1612 lex
1220 1551 1431 1612 divina
1473 1551 1666 1630 exigit
1711 1552 1791 1611 ad

278 1649 507 1726 plenam
537 1645 983 1724 probationem
1005 1692 1019 1720 ,
1054 1645 1171 1706 hoc
1200 1663 1326 1706 non
1356 1645 1563 1706 reddit
1588 1645 1792 1722 legem

276 1741 427 1800 illam
454 1739 739 1818 iniquam
762 1785 777 1814 ,
824 1756 970 1798 cum
997 1738 1129 1816 ipse
1163 1738 1443 1799 Pontifex
1472 1737 1555 1797 ibi
1586 1737 1796 1815 exigat

274 1831 675 1893 assistentiam
697 1831 978 1909 parochi,
1008 1849 1148 1910 quaa
1177 1830 1256 1890 de
1275 1830 1412 1908 lege
1436 1829 1649 1890 divina
1668 1846 1792 1889 non

275 1925 541 2003 exigitur.
578 1924 762 1986 Sicut
788 1924 980 1984 etiam
1008 1923 1339 1982 concilium
1359 1922 1794 1983 Tridentinum

274 2017 544 2078 eamdem
575 2015 841 2096 parochi
872 2015 1270 2095 praesentiam
1299 2015 1493 2093 exigit
1518 2015 1599 2076 ad
1629 2015 1795 2075 valo-

276 2129 391 2170 rem
412 2109 804 2171 matrimonii
833 2108 913 2167 ad
945 2107 1267 2168 vitandam
1296 2107 1611 2183 fraudem,
1651 2106 1798 2167 licet

273 2202 498 2281 dejure
545 2201 765 2261 divino
798 2218 923 2261 non
955 2201 1330 2278 exigeretur.
1375 2199 1478 2261 Sic
1520 2216 1669 2277 ergo
1697 2198 1797 2258 lex

272 2295 451 2356 civilis
479 2294 561 2354 ad
593 2293 923 2354 vitandam
952 2293 1240 2353 fraudem
1260 2296 1467 2372 potest
1486 2291 1653 2372 juste
1675 2291 1798 2352 exi-

272 2406 403 2465 gere
454 2388 534 2447 ad
580 2387 864 2448 valorem
912 2386 1273 2447 testamenti
1314 2385 1525 2466 plures
1579 2389 1791 2462 testeS‚

273 2499 456 2560 neque
508 2481 660 2541 ideo
716 2480 934 2560 iniqua
983 2483 1120 2540 erat
1153 2478 1252 2538 vel
1301 2478 1493 2557 digna
1516 2524 1531 2554 ‚
1593 2497 1732 2557 quse
1762 2496 1798 2537 a

273 2574 553 2634 Pontifice
602 2591 719 2652 pro
766 2577 897 2633 toto
929 2572 1078 2633 orbe
1108 2571 1467 2649 abrogetur,
1500 2588 1644 2631 cum
1674 2588 1797 2631 non

271 2665 339 2726 sit
363 2667 679 2728 contraria
704 2664 889 2725 bonis
916 2664 1215 2725 moribus.

340 2759 451 2818 Alii
479 2758 727 2833 dicunt,
775 2758 859 2818 ibi
891 2776 1241 2818 sermonem
1286 2775 1421 2818 esse
1469 2757 1670 2818 solum
1718 2757 1797 2817 de

272 2849 665 2929 dispositione
694 2849 775 2908 ad
806 2850 939 2928 pias
968 2868 1210 2910 causaS.
1247 2849 1371 2910 Sed
1401 2849 1522 2908 hoc
1550 2853 1799 2911 contra-

272 2942 406 3003 dicit
427 2941 633 3004 textui
660 2941 1044 3020 generaliter
1086 2940 1395 3019 loquenti,
1448 2959 1563 3001 nec
1611 2941 1797 3001 etiam

270 3054 470 3095 verum
498 3040 621 3105 est,
656 3034 891 3113 requiri
922 3033 1001 3092 ad
1033 3033 1310 3093 valorem
1339 3033 1503 3093 illius
1533 3033 1799 3112 disposi-

272 3128 439 3188 tionis
466 3127 877 3208 praesentiam
905 3124 1186 3206 parochi.
1248 3127 1452 3198 Quare
1494 3125 1595 3186 alii
1627 3144 1799 3187 com-

271 3221 526 3282 muniter
554 3224 624 3281 et
652 3219 875 3280 melius
903 3220 1153 3296 dicunt,
1201 3219 1287 3278 ibi
1318 3236 1442 3278 non
1472 3220 1798 3297 reprobari

274 3313 428 3372 illam
456 3312 985 3373 consuetudinem
1017 3316 1086 3373 ut
1123 3312 1503 3373 contrariam
1531 3312 1795 3390 positive

272 3405 379 3484 legi
406 3405 664 3481 divinae,
724 3404 834 3465 sed
865 3405 1013 3484 quia
1059 3404 1262 3464 aliena
1317 3409 1452 3465 erat
1480 3406 1791 3484 negative,

271 3498 563 3576 exigendo
595 3496 834 3557 scilicet
854 3496 994 3576 plus
1015 3514 1204 3575 quam
1231 3497 1329 3556 lex
1351 3496 1560 3556 divina
1593 3497 1796 3576 exige-

270 3590 369 3652 bat
389 3589 715 3669 abrogari,
773 3589 982 3668 quoad
1012 3590 1149 3649 loca
1195 3588 1309 3668 ipsi
1338 3589 1621 3651 Pontifici
1652 3590 1799 3650 sub-

273 3683 388 3743 dita
411 3684 475 3743 in
502 3681 988 3761 temporalibuS,
1039 3685 1226 3760 prout
1252 3686 1386 3742 erat
1411 3682 1796 3743 territorium

271 3776 610 3851 Rostiense,
669 3776 735 3834 in
780 3773 1008 3853 quibus
1051 3774 1203 3835 locis
1247 3773 1531 3836 Pontifex
1575 3775 1792 3848 voluit,

273 3869 421 3947 quod
450 3868 779 3929 sufficeret
819 3867 1134 3946 parochus
1166 3885 1308 3927 cum
1355 3867 1601 3928 duobus
1629 3868 1795 3929 testi-

272 3961 396 4022 bus.
450 3963 547 4022 Ita
579 3959 781 4036 multi,
843 3977 1001 4038 quos
1028 3960 1240 4036 refert,
1270 3964 1332 4021 et
1359 3959 1643 4039 sequitur
1669 3961 1797 4022 Mo·

270 4054 385 4113 lina
408 4054 577 4133 disp.
604 4055 741 4115 ¹33.
773 4054 989 4113 Testes
1018 4056 1226 4114 autem
1255 4052 1340 4112 illi
1372 4056 1634 4131 possunt
1661 4072 1796 4114 esse

273 4146 525 4223 feminae,
563 4151 637 4208 ut
663 4147 883 4206 contra
912 4146 1361 4206 Covarruviam
1391 4163 1533 4206 cum
1564 4148 1799 4207 Panor-

270 4240 490 4301 mitano
519 4240 714 4300 docet
728 4238 961 4300 Molina
984 4238 1071 4299 ibi
1105 4256 1119 4301 :
1156 4239 1303 4318 quia
1324 4240 1419 4299 hae
1444 4239 1633 4300 etiam
1653 4243 1800 4301 sunt

273 4336 447 4393 testes
472 4332 689 4393 idonei
717 4332 800 4392 ad
827 4332 1223 4411 probandum
1237 4332 1417 4411 juxta
1444 4334 1614 4411 leges
1639 4332 1798 4393 divi-

273 4444 393 4485 nas.

338 4521 428 4578 An
454 4536 611 4579 vero
642 4518 706 4577 in
726 4518 859 4579 foro
882 4518 1301 4580 ecclesiastico
1336 4518 1609 4580 debeant
1626 4518 1796 4579 deci-

274 4611 329 4670 di
382 4612 523 4673 lites
556 4612 727 4671 circa
776 4611 1057 4671 valorem
1113 4611 1561 4691 cujuscumque
1608 4614 1799 4672 testa-

272 4704 449 4764 menti
483 4704 674 4783 juxta
700 4703 1084 4763 decisionem
1113 4703 1285 4763 illam
1332 4704 1610 4782 capituli,
1647 4702 1697 4765 C
1699 4723 1798 4763 um

272 4814 420 4872 esses,
453 4796 564 4857 alii
596 4796 946 4868 affirmant;
999 4796 1105 4856 alii
1134 4797 1357 4856 melius
1390 4796 1606 4857 dicunt
1635 4797 1799 4856 deci-

273 4887 541 4948 dendum
577 4907 714 4948 esse
732 4889 914 4966 juxta
941 4889 1113 4966 leges
1146 4906 1286 4966 quae
1318 4888 1532 4967 vigent
1569 4888 1634 4947 in
1690 4888 1794 4949 illo

272 4980 419 5056 loco,
450 4981 567 5041 ubi
588 4979 912 5042 conditum
941 4980 1059 5041 fuit
1083 4984 1527 5042 testamentum
1551 5001 1566 5053 ;
1602 4999 1795 5061 quare

274 5091 385 5133 non
413 5074 619 5135 solum
678 5073 731 5133 si
792 5078 1015 5152 agatur
1043 5073 1121 5133 de
1153 5077 1528 5135 testamento
1557 5073 1699 5134 laici
1732 5074 1795 5134 id

275 5185 479 5228 verum
510 5168 655 5242 erit,
693 5166 882 5229 etiam
909 5166 1160 5246 quando
1184 5165 1445 5227 clericus
1465 5166 1798 5245 praetendit

274 5260 746 5336 successionem,
779 5259 890 5319 sed
938 5260 1127 5320 etiam
1176 5258 1428 5337 quando
1484 5259 1689 5338 agitur
1718 5260 1795 5319 de

274 5353 636 5415 testamento
666 5353 877 5413 clerici
920 5352 1202 5431 degentis
1232 5352 1295 5411 in
1322 5352 1460 5412 loco
1488 5398 1502 5427 ,
1551 5353 1616 5412 in
1667 5370 1792 5431 quo

276 5445 668 5522 requiruntur
695 5445 906 5524 plures
962 5448 1169 5506 testes,
1205 5446 1272 5505 In
1305 5463 1493 5524 quam
1549 5450 1793 5524 partem

278 5539 463 5618 magis
528 5539 787 5600 inclinat
840 5538 1091 5615 Melina,
1150 5539 1401 5619 quando
1450 5540 1658 5619 agitur
1713 5538 1792 5599 de

1894 535 2271 595 testamento
2296 531 2528 607 clerici,
2569 532 2717 610 quia
2769 532 2994 593 horum
3039 530 3226 594 etiam
3282 550 3426 593 con-

1892 629 2129 688 tractus
2160 625 2393 685 debent
2429 625 2560 686 fieri
2585 625 2765 705 juxta
2791 625 2964 704 leges
3009 624 3131 686 loci
3183 625 3247 685 in
3301 642 3424 704 quo

1892 719 2070 792 fiunt,
2104 717 2357 797 quando
2387 717 2557 796 leges
2603 718 2790 796 justte
2820 721 3004 777 sunt:
3038 716 3291 796 quando
3321 734 3425 776 ve-

1893 829 1963 871 ro
1993 809 2200 887 agitur
2228 809 2306 869 de
2335 813 2711 870 testamento
2740 808 2880 869 laici
2903 827 3028 869 non
3062 808 3325 869 dubitat.

1972 903 2305 964 Dubitatur
2332 901 2688 977 undecimo,
2715 920 2792 961 an
2811 902 3034 962 eadem
3060 901 3423 962 solemnitas

1891 995 2268 1074 requiratur,
2303 994 2552 1074 quando
2583 997 2842 1055 testator
2861 993 3138 1072 disponit
3166 993 3245 1053 ad
3269 1012 3421 1054 cau-

3567 905 3636 964 21

3523 1029 3630 1082 Quid
3659 1029 3710 1073 td

1891 1105 1993 1148 sas
2021 1088 2199 1166 pias?
2244 1089 2332 1146 De
2363 1086 2481 1146 hoc
2502 1091 2711 1147 tamen
2756 1085 2883 1145 dixi
2917 1086 3040 1146 late
3070 1086 3229 1165 disp.
3263 1102 3415 1147 xxn.
3492 1095 3633 1126 οδω·
3651 1083 3763 1138 ⁹¹⁸⁵·

1891 1179 1960 1239 de
2013 1177 2402 1239 contractibus
2455 1178 2516 1237 in
2570 1178 2875 1254 communi,
2950 1180 3100 1239 sect.
3176 1194 3260 1239 1x.
3312 1179 3421 1239 ubi

1893 1273 2081 1333 etiam
2128 1272 2252 1333 late
2318 1270 2692 1350 agitavimus
2749 1271 3159 1351 quaestionem
3223 1270 3415 1348 illam,

1892 1383 2032 1444 quae
2094 1364 2197 1424 hic
2239 1362 2569 1424 tractanda
2616 1365 2798 1438 esset,
2850 1381 2932 1422 an
2981 1362 3207 1424 scilitet
3233 1362 3297 1422 in
3333 1363 3422 1423 fo-

1891 1476 1960 1518 ro
1992 1455 2389 1517 conscientiae
2421 1455 2629 1516 valida
2656 1455 2735 1516 sit
2775 1454 3099 1534 dispositio
3157 1458 3419 1516 testato-

1891 1551 1998 1626 ris,
2024 1549 2101 1609 de
2122 1548 2300 1628 cujus
2328 1549 2647 1610 voluntate
2675 1551 2942 1625 constat,
2976 1548 3307 1610 deficiente
3325 1566 3422 1609 so-

1892 1643 2234 1718 lemnitate,
2270 1646 2333 1702 et
2360 1659 2620 1703 numero
2663 1639 2889 1720 maJ‘ori
2931 1641 3181 1701 testium
3211 1641 3421 1720 requi-

1894 1736 2032 1812 sito,
2068 1740 2129 1796 et
2159 1753 2236 1794 an
2268 1734 2470 1794 haeres
2498 1733 2814 1795 institutus
2844 1733 3040 1812 possit
3066 1738 3203 1794 tuta
3237 1751 3420 1794 cons-

1894 1827 2122 1889 cientia
2152 1827 2317 1887 bona
2344 1826 2450 1886 illa
2481 1826 2772 1902 retinere,
2807 1844 2999 1904 quare
3026 1829 3224 1887 totam
3253 1826 3423 1886 illam

1895 1921 2287 2001 questionem
2329 1919 2449 1980 hoc
2525 1919 2663 1979 loco
2720 1920 3100 1995 omittemuS‚
3139 1918 3298 1980 sicut
3364 1922 3426 1980 ct

1895 2014 2306 2093 quaestionem
2336 2012 2505 2071 illam
2532 2012 2609 2071 de
2639 2015 3012 2073 testamento
3042 2010 3334 2072 inchoato
3363 2013 3427 2071 et

1895 2126 2018 2167 non
2046 2106 2352 2182 absoluto,
2388 2123 2464 2164 an
2496 2105 2704 2166 valeat
2725 2104 2932 2184 quoad
2955 2104 3081 2181 illa,
3124 2122 3264 2182 quae
3287 2102 3421 2182 jam

1894 2200 2157 2261 testator
2184 2197 2447 2274 dixerat,
2487 2197 2566 2257 de
2596 2214 2719 2276 quo
2768 2197 2956 2258 etiam
3011 2197 3232 2257 eodem
3288 2197 3424 2257 loco

1896 2291 2134 2352 dictum
2164 2295 2277 2351 est.

1980 2382 2182 2459 Quaeri
2214 2382 2585 2444 duodecimo
2631 2385 2836 2461 potest
2883 2381 2960 2442 de
3014 2381 3304 2443 libertate
3332 2400 3426 2441 re-

1898 2475 2125 2555 quisita
2154 2475 2234 2535 ad
2264 2474 2661 2536 condendum
2692 2477 3157 2551 testamentum,
3192 2474 3270 2534 de
3301 2492 3425 2553 quo

1898 2568 2129 2630 Melina
2158 2567 2318 2646 disp.
2353 2570 2488 2629 135.
2524 2568 2583 2627 in
2619 2566 2739 2627 hoc
2767 2570 2979 2628 tamen
3009 2585 3133 2629 non
3172 2570 3267 2628 est
3319 2566 3427 2627 ali·

1900 2661 2051 2740 quid
2079 2660 2349 2739 speciale
2380 2659 2750 2721 dicendum:
2784 2675 2925 2719 cum
2955 2659 3121 2720 enim
3165 2659 3245 2720 sit
3264 2676 3430 2738 quae-

1899 2754 2045 2814 dam
2065 2753 2341 2832 gratuita
2353 2751 2672 2831 dispositio
2693 2752 3028 2826 testatoriS,
3050 2750 3273 2811 eodem
3293 2769 3429 2811 mo·-

1898 2847 1979 2907 do
2001 2846 2416 2926 judicandum
2445 2845 2565 2906 erit
2588 2843 2665 2904 de
2694 2843 2907 2917 valore
2945 2843 3129 2920 illius,
3161 2843 3321 2904 sicut
3348 2842 3426 2903 de

1899 2938 2111 3000 valore
2141 2937 2498 2998 donationis
2525 2937 2706 2997 factae
2728 2955 2803 2996 ex
2831 2936 2998 3012 dolo,
3034 2954 3267 3011 errore,
3299 2953 3428 2995 me-

1896 3037 1987 3108 tu,
2023 3036 2133 3092 aut
2159 3031 2219 3092 vi
2249 3031 2436 3091 dante
2466 3048 2722 3091 causam
2770 3027 3138 3104 contractui,
3174 3028 3252 3089 de
3285 3027 3425 3106 qui-

1897 3125 2014 3185 bus
2042 3125 2167 3185 late
2185 3123 2453 3184 diximus
2483 3123 2643 3203 disp.
2677 3122 2781 3185 cit.
2802 3125 2952 3182 sect.
2987 3123 3088 3184 VI.
3126 3125 3188 3182 et
3209 3121 3340 3183 vll.
3367 3123 3432 3183 et

1898 3219 2057 3296 disp.
2092 3234 2271 3279 xxm.
2306 3221 2456 3278 sect.
2495 3220 2550 3277 1.

1976 3310 2359 3373 Ultimoloco
2406 3308 2596 3390 quaeri
2629 3312 2836 3389 potest
2888 3308 2967 3368 de
3015 3307 3424 3386 obligatione,

3574 3317 3650 3375 22

1897 3423 2087 3484 quam
2117 3402 2380 3483 quisque
2402 3403 2592 3464 habet
2619 3402 2927 3463 condendi
2955 3406 3421 3464 testamentum:
3491 3441 3554 3484 A„
3575 3445 3760 3484 teneatur

1897 3498 1974 3557 de
2005 3516 2128 3576 qua
2158 3497 2432 3557 breviter
2459 3496 2797 3556 dicendum
2840 3499 2954 3571 est,
2988 3499 3139 3556 tunc
3164 3496 3426 3556 interce·

3531 3507 3711 3591 <232¹aess

1897 3591 2043 3650 dere
2096 3590 2289 3650 talem
2344 3589 2790 3667 obligationem
2831 3606 3110 3667 gravem,
3172 3587 3425 3667 quando
3478 3605 3762 3645 testamentum

1895 3682 1976 3743 ad
1997 3681 2462 3743 exonerandam
2492 3680 2958 3758 conscientiam,
2991 3681 3072 3742 ad
3108 3680 3430 3740 declaran-

1894 3774 1976 3834 da
2006 3774 2238 3850 debita,
2274 3774 2500 3853 quibus
2528 3775 2709 3836 aliter
2737 3793 2861 3834 non
2890 3774 2977 3834 ita
3025 3776 3196 3835 certo
3254 3772 3436 3832 satis-

1895 3869 2023 3944 fiet,
2054 3868 2154 3927 vel
2195 3885 2322 3928 non
2373 3867 2507 3928 sine
2562 3867 2914 3947 sumptibus
2970 3870 3081 3927 aut
3133 3864 3428 3926 molestia

1897 3959 2300 4033 creditorum,
2322 3959 2743 4020 necessarium
2770 3962 2936 4020 esset
2950 3960 3423 4034 testamentum,

1896 4052 1993 4113 vel
2026 4050 2104 4111 ad
2135 4052 2422 4112 vitandas
2450 4052 2612 4127 lites,
2646 4051 2963 4127 scandala,
3009 4055 3071 4111 et
3100 4050 3243 4128 alia,
3289 4068 3430 4130 quae

1896 4146 1957 4206 in
1993 4146 2294 4204 damnum
2333 4144 2499 4205 tertii
2528 4144 2881 4205 redundare
2937 4148 3215 4223 possunt.
3261 4143 3433 4204 Alio-

1897 4239 2044 4317 quin
2076 4238 2236 4298 sicut
2269 4241 2482 4316 posset
2519 4238 2705 4297 homo
2763 4236 3046 4297 haeredes
3102 4236 3428 4298 instituere

1897 4349 2004 4391 eos
2031 4330 2137 4409 qui
2194 4329 2275 4390 ab
2320 4330 2613 4391 intestato
2667 4329 3006 4390 succedere
3060 4329 3311 4404 debent,
3345 4329 3433 4389 ita

1897 4426 2101 4501 potest
2127 4422 2456 4483 intestatus
2486 4421 2814 4497 decedere,
2839 4420 3110 4484 utiidem
3132 4421 3212 4481 ab
3241 4420 3431 4482 intes-

1900 4520 2025 4577 tato
2056 4513 2417 4575 succedant.
2450 4516 2584 4574 Non
2614 4517 2823 4576 tamen
2875 4518 3058 4575 vacat
3098 4513 3264 4574 omni
3297 4513 3432 4575 cul-

1897 4627 1975 4687 pa
2008 4607 2377 4685 regulariter
2424 4606 2739 4686 loquendo
2794 4607 2881 4668 ita
2938 4607 3267 4683 decedere,
3303 4607 3432 4667 sal-

1897 4705 2025 4761 tem
2079 4703 2338 4779 propter
2393 4700 2740 4777 periculum
2780 4700 3180 4779 negligentia}
3225 4699 3429 4761 haere-

1896 4795 2047 4853 dum
2068 4794 2131 4853 in
2159 4792 2518 4872 adjuvando
2558 4792 2849 4854 defuncto
2898 4793 3214 4872 suffragiis
3244 4793 3430 4871 spiri-

1895 4887 2191 4963 tualibuS,
2266 4885 2383 4946 nisi
2459 4904 2536 4946 ex
2606 4889 2982 4948 testamento
3037 4890 3376 4947 teneantur
3411 4906 3425 4947 z

1897 4999 2091 5059 quare
2121 4979 2573 5040 consulendum
2605 4978 2894 5039 omnibus
2941 4984 3036 5040 est
3064 4979 3233 5058 quod
3280 4978 3431 5040 illud

1898 5074 2150 5147 iaciant,
2214 5076 2276 5134 et
2305 5071 2558 5152 quidem
2616 5071 2867 5151 quando
2917 5072 3078 5132 bene
3108 5071 3341 5147 valent,
3373 5077 3435 5134 et

1896 5165 2117 5246 majori
2173 5165 2516 5226 attentione
2557 5168 2816 5243 possunt
2845 5164 3069 5225 melius
3103 5164 3181 5224 de
3238 5165 3426 5226 rebus

1896 5260 2022 5320 suis
2051 5259 2419 5338 disponere3
2456 5257 2534 5318 de
2565 5257 2791 5336 quibus
2850 5257 3082 5318 Molina
3137 5256 3199 5317 d.
3263 5257 3423 5337 disp.

1978 5445 2214 5518 Quibus
2234 5444 2378 5504 addi
2416 5448 2622 5523 potest
2649 5443 2875 5522 primo,
2926 5442 3264 5522 aliquando
3294 5461 3433 5521 pos-

1890 5557 1958 5601 se
1981 5538 2425 5619 obligationem
2454 5556 2589 5599 esse
2644 5536 2957 5601 condendi
2993 5541 3432 5600 testamentum
