4263 6376
594 2728 712 2787 208

535 2850 758 2895 Solvuntur

520 2910 762 2957 argumenta

531 2959 748 3003 contraria.

850 329 971 389 affl

848 502 1044 580 gratis
1067 548 1084 577 ‚
1130 502 1241 563 sed
1272 521 1382 580 pro
1419 507 1636 564 mutuo
1667 508 1729 565 et
1755 505 2057 565 beneficio
2087 508 2369 582 accepte,

850 594 1018 674 quod
1065 595 1211 655 licet
1238 612 1362 655 non
1407 596 1485 655 sit
1531 614 1603 655 eo
1651 597 1852 674 pretio
1881 596 2141 674 dignum
2176 644 2191 671 ,
2242 598 2376 657 vult

846 690 1058 747 tamen
1088 705 1200 765 pro
1229 706 1297 746 re
1336 687 1594 748 minoris
1612 689 1841 748 valoris
1871 689 2021 748 dare
2041 690 2374 767 plusquam

846 780 1053 853 valet,
1105 780 1253 856 quia
1283 779 1344 837 id
1374 780 1707 857 promisit:
1753 781 1915 842 sicut
1958 783 2064 859 qui
2106 782 2376 842 scienter

847 871 999 932 emit
1048 889 1182 930 rem
1237 870 1512 950 aliquam
1567 872 1763 950 pretio
1822 873 2136 934 excessivo
2185 892 2373 952 supra

840 962 1103 1041 justum,
1140 963 1287 1041 quia
1314 981 1388 1021 ea
1417 982 1483 1023 re
1511 962 1773 1042 indiget,
1804 983 1929 1024 non
1959 966 2154 1026 donat
2180 966 2373 1041 gratis

846 1055 1023 1115 illum
1054 1073 1398 1129 excessum,
1419 1055 1528 1114 sed
1545 1055 1654 1116 dat
1673 1075 1785 1134 pro
1815 1076 1881 1116 re
1903 1075 2043 1135 quae
2064 1075 2186 1116 non
2208 1058 2375 1119 valet

846 1151 1127 1223 tantum,
1163 1151 1225 1207 et
1252 1147 1439 1208 totius
1467 1147 1648 1223 pretii
1679 1147 2024 1208 dominium
2054 1150 2368 1211 transfert.

846 1238 1026 1301 Unde
1083 1257 1207 1298 non
1265 1243 1358 1299 est
1418 1238 1596 1298 nobis
1666 1241 2016 1300 necessaria
2085 1241 2368 1320 quaestiO,

848 1349 1037 1409 quam
1068 1331 1187 1391 hoc
1214 1331 1351 1390 loco
1383 1335 1612 1392 tractat
1641 1333 1903 1408 Molina,
1946 1334 2123 1393 Salas
2154 1338 2215 1394 et
2244 1334 2368 1410 alii,

848 1422 1163 1502 quomodo
1213 1422 1493 1501 pecuniae
1538 1425 1842 1484 usurariae
1891 1443 2003 1502 per
2051 1426 2375 1486 admistio-

845 1532 991 1574 nem
1022 1531 1162 1574 cum
1193 1515 1328 1574 aliis
1357 1518 1680 1575 transeant
1708 1515 1768 1575 in
1800 1516 2147 1577 dominium
2178 1518 2372 1595 ipsius

847 1605 1112 1666 usurarii
1138 1653 1153 1683 ,
1216 1606 1292 1666 de
1350 1625 1473 1685 qua
1531 1607 1872 1685 quaestione
1926 1608 2049 1670 late
2104 1610 2374 1672 diximus

845 1717 1036 1777 supra
1065 1699 1224 1778 disp.
1259 1715 1342 1759 vl.
1380 1699 1457 1758 de
1487 1699 1675 1760 modo
1697 1701 2065 1779 acquirendi
2086 1703 2368 1780 dominii,

845 1796 995 1851 sect.
1030 1791 1140 1852 ult.
1177 1794 1409 1852 Verum
1439 1791 1501 1851 in
1532 1809 1679 1851 casu
1711 1798 1945 1867 nostro,
1982 1798 2050 1855 ut
2078 1794 2368 1872 diximuS,

846 1901 968 1943 non
1000 1886 1094 1942 est
1120 1883 1475 1944 necessaria
1514 1883 1621 1943 illa
1650 1883 1940 1945 admistio
1965 1904 1980 1957 ;
2029 1890 2091 1946 et
2118 1887 2372 1965 quidem

845 1975 907 2034 in
937 1976 1114 2053 praxi
1138 2022 1153 2051 ,
1201 1975 1421 2035 saltem
1465 1976 1705 2035 ratione
1749 1976 2140 2037 admistionis
2169 1998 2372 2039 usurae

843 2070 1171 2128 transeunt
1210 2068 1271 2126 in
1302 2068 1648 2127 dominium
1679 2070 1942 2128 usurarii
1968 2090 1983 2142 ε,
2031 2089 2173 2130 cum
2203 2090 2374 2131 com-

843 2159 1117 2220 muniter
1169 2178 1375 2219 usurae
1419 2160 1744 2221 solvantur
1797 2160 1981 2221 simul
2036 2181 2180 2222 cum
2234 2164 2373 2242 ipsa

845 2255 1010 2312 sorte
1034 2297 1049 2327 ,
1103 2270 1241 2330 quae
1272 2270 1415 2312 cum
1456 2253 1659 2329 major
1687 2271 1933 2312 summa
1960 2253 2059 2330 sit,
2095 2259 2373 2317 transeat

844 2343 907 2403 in
937 2343 1074 2422 ejus
1100 2343 1479 2420 dominium,
1514 2344 1773 2407 trahunt
1799 2346 1984 2406 simul
2015 2347 2094 2406 ad
2125 2367 2192 2408 se
2224 2368 2372 2409 usu-

842 2454 945 2495 ras
967 2441 1221 2515 propter
1240 2437 1699 2514 admistionem,
1733 2442 1796 2499 et
1813 2439 1920 2514 ita,
1954 2442 2373 2503 communiter

842 2528 1179 2607 loquendo,
1213 2548 1434 2608 parum
1454 2530 1766 2592 deserviet
1793 2549 1905 2609 pro
1928 2532 2106 2609 praxi
2125 2542 2372 2595 contra-

845 2620 940 2680 ria
970 2623 1300 2683 sententia.

921 2716 1210 2792 Arguunt
1234 2715 1435 2793 primo
1466 2714 1810 2775 adversarii
1838 2734 1913 2776 ex
1938 2715 1982 2777 l.
2025 2715 2365 2799 Nunquam,

843 2806 906 2867 ff.
938 2804 1008 2866 de
1035 2806 1384 2886 acquirendo
1428 2826 1624 2867 rerum
1674 2805 1945 2881 dominio,
1981 2809 2086 2868 ubi
2117 2810 2363 2887 dicitur,

841 2898 1010 2958 nuda
1062 2898 1396 2958 traditione
1452 2917 1572 2960 non
1628 2900 1951 2960 transferri
1996 2901 2365 2977 dominium,

839 2990 959 3050 nisi
1005 2990 1321 3068 praecedat
1354 2991 1628 3052 venditio
1659 2992 1756 3051 vel
1786 2992 1908 3051 alia
1928 2994 2098 3071 justa
2126 3011 2316 3054 causa
2351 3014 2364 3055 :

836 3082 900 3141 in
933 3087 1143 3143 nostro
1173 3087 1380 3143 autem
1412 3102 1558 3143 casu
1589 3084 1757 3144 nulla
1795 3084 1968 3162 justa
1995 3103 2184 3144 causa
2212 3105 2371 3163 prae-

838 3175 1023 3251 cedit,
1075 3175 1185 3235 sed
1233 3176 1435 3236 solum
1482 3176 1732 3256 injusta.
1768 3179 1898 3237 Hoc
1929 3183 2370 3255 argumentum

837 3268 915 3328 ab
962 3268 1335 3329 adversariis
1380 3269 1747 3329 solvendum
1800 3273 1911 3344 est,
1945 3271 2052 3349 qui
2095 3270 2370 3332 fatentur

834 3378 948 3439 per
975 3359 1411 3422 admistionem
1439 3361 1760 3422 transferri
1779 3361 2122 3422 dominium
2142 3363 2200 3422 in
2220 3383 2367 3424 usu-

834 3451 1105 3524 rarium;
1139 3453 1388 3530 quando
1408 3453 1574 3512 enim
1603 3455 2017 3515 mutuatarius
2038 3454 2221 3515 simul
2251 3456 2368 3517 sol-

834 3545 924 3605 vit
950 3549 1181 3604 sortem
1230 3549 1293 3605 et
1343 3564 1584 3623 usuras,
1645 3565 1766 3607 non
1814 3547 2014 3625 magis
2069 3548 2367 3625 praecedit

829 3636 997 3717 justa
1027 3654 1237 3711 causa,
1274 3655 1462 3715 quam
1481 3638 1730 3716 quando
1760 3639 2181 3700 solvitusuras
2200 3659 2364 3701 seor-

832 3727 972 3804 sim,
1006 3732 1067 3789 et
1096 3730 1290 3790 multo
1337 3728 1565 3806 minus,
1599 3731 1850 3810 quando
1880 3731 2010 3810 ipse
2043 3733 2364 3793 usurarius

833 3841 907 3882 ex
936 3822 1239 3882 industria
1268 3822 1572 3884 admiscet
1599 3826 1668 3884 ut
1685 3823 2033 3883 dominium
2051 3825 2354 3902 acquirat.

831 3917 1061 3976 Omnes
1119 3932 1267 3992 ergo
1326 3915 1705 3993 respondere
1757 3915 2079 3992 debemuS,
2130 3918 2365 3996 requiri

824 4005 1061 4085 justam
1092 4024 1367 4081 causam,
1414 4005 1476 4065 id
1521 4011 1634 4083 est,
1695 4026 1952 4068 causam
1993 4009 2137 4085 jure
2185 4009 2360 4069 suffi-

830 4098 1095 4160 cientem
1125 4098 1206 4158 ad
1237 4098 1737 4159 transferendum
1767 4099 2136 4176 dominium,
2163 4102 2363 4179 qualis

829 4209 979 4252 sane
1022 4196 1116 4250 est
1139 4190 1426 4251 voluntas
1472 4190 1705 4250 domini
1734 4191 1997 4251 volentis
2025 4193 2362 4253 transferre

828 4283 1176 4343 dominium
1195 4302 1323 4342 suae
1344 4283 1624 4361 pecuniae
1652 4283 1717 4342 in
1743 4283 1954 4360 alium,
1981 4286 2266 4363 quamvis
2287 4304 2360 4345 ea

826 4376 1113 4436 voluntas
1131 4394 1203 4434 ex
1232 4374 1463 4454 injuria
1489 4375 1809 4452 procedat.
1845 4379 2002 4436 Nam
2037 4377 2157 4438 hoc
2192 4379 2360 4457 quod

827 4469 1272 4547 estprocedere
1290 4487 1365 4527 ex
1380 4466 1734 4546 injuria‚est
1749 4469 1897 4547 quid
1916 4469 2354 4547 extrinsecum,

827 4566 890 4622 et
917 4579 1043 4621 non
1073 4561 1233 4622 tollit
1270 4560 1582 4640 justitiam
1614 4565 1675 4620 et
1703 4560 2045 4621 efficaciam
2077 4561 2361 4621 intrinse-

826 4672 962 4713 cam
975 4652 1168 4731 ipsius
1184 4658 1488 4727 causae,ut
1512 4656 1776 4727 constat,
1799 4653 2051 4732 quando
2065 4657 2359 4713 mutuans

825 4745 1084 4807 deduxit
1100 4745 1162 4805 in
1186 4749 1438 4823 pactum
1455 4744 1623 4824 quod
1642 4745 2057 4806 mutuatarius
2073 4749 2360 4805 teneatur

822 4844 1039 4918 postea
1071 4838 1189 4917 ipsi
1213 4838 1451 4916 aliquid
1472 4838 1879 4913 vendere,vel
1909 4837 1987 4897 ab
2008 4856 2081 4898 eo
2113 4857 2354 4898 emere:

822 4951 947 5010 quo
978 4950 1123 4992 casu
1163 4931 1462 5006 venditiO,
1510 4934 1618 4990 aut
1646 4929 1878 5007 emptio
1921 4949 1996 4990 ex
2040 4931 2145 4990 illo
2176 4937 2356 5008 pacto

819 5024 1033 5104 iniquo
1063 5024 1394 5085 subsecuta
1442 5023 1649 5082 valida
1680 5027 1791 5099 est,
1826 5027 1887 5083 et
1929 5022 2225 5083 transfert
2253 5024 2359 5083 do-

818 5117 1084 5177 minium
1130 5116 1335 5193 pretii,
1396 5119 1506 5176 aut
1552 5114 1640 5175 rei
1689 5115 1982 5191 venditae,
2015 5120 2085 5175 ut
2130 5115 2359 5176 fatetur

819 5210 950 5288 ipse
981 5209 1156 5272 Salas
1185 5227 1357 5269 num.
1377 5213 1435 5268 7.
1466 5208 1525 5267 in
1559 5209 1960 5285 responsione
1984 5208 2060 5267 ad
2085 5212 2350 5284 sextum,

819 5303 968 5381 quia
1016 5301 1347 5362 intrinsece
1395 5301 1586 5362 habet
1617 5301 1856 5379 justum
1884 5301 2135 5361 titulum
2167 5321 2180 5360 :
2215 5301 2358 5361 licet

819 5394 1160 5455 extrinsece
1190 5393 1270 5453 sit
1298 5392 1456 5454 actio
1479 5391 1728 5471 injusta.
1758 5393 1930 5453 ldem
1960 5411 2109 5470 ergo
2143 5393 2351 5455 dicen-

2010 332 2112 390 ΒΕ
2154 331 2507 393 ,ιυετιτιΑ
2553 331 2654 391 ΕΤ
2695 288 2893 393 suaa

2474 505 2625 564 dum
2653 508 2748 564 est
2776 504 2853 564 de
2882 504 3199 567 voluntate
3217 504 3632 567 transferendi
3661 504 3991 564 dominium

2475 614 2663 675 quam
2690 598 3105 658 mutuatarius
3137 597 3345 658 habet.

2555 688 2842 749 Secundo
2871 693 3166 767 arguunt,
3216 689 3363 766 quia
3393 689 3716 749 usurarius
3763 693 3992 749 tenetur

2473 781 2799 841 restituere
2854 780 3091 840 fructus
3147 781 3235 839 rei
3283 781 3620 843 fructiferae
3662 799 3851 859 quam
3896 798 3993 857 per

2474 890 2728 931 usuram
2758 872 3027 951 accepitt,
3082 892 3230 951 ergo
3263 874 3410 952 quia
3440 893 3538 933 res
3569 873 3779 933 adhuc
3806 872 3994 932 aliena

2474 970 2608 1025 erat
2638 982 2652 1028 :
2684 965 2961 1043 alioquin
3006 984 3129 1025 non
3173 971 3491 1027 teneretur
3518 966 3638 1026 nisi
3666 966 3748 1025 ad
3776 966 3995 1026 fructus

2473 1056 2908 1132 restituendOS,
2962 1076 3118 1135 quos
3146 1058 3560 1118 mutuatarius
3605 1062 3995 1136 percepturus

2471 1147 2708 1209 fuisset.
2770 1150 3234 1226 Respondetur,
3298 1150 3504 1228 quoad
3558 1151 3801 1210 fructus
3855 1168 3995 1229 quos

2473 1246 2764 1301 mutuans
2793 1248 3196 1319 percepturus
3226 1247 3380 1317 erat,
3406 1243 3534 1302 sive
3555 1243 3880 1302 usurarius
3903 1260 3995 1301 eos

2472 1332 2845 1411 perceperit,
2877 1333 3006 1392 sive
3039 1352 3162 1393 non
3192 1334 3561 1411 perceperit,
3595 1335 3722 1394 imo
3749 1334 3895 1393 licet
3910 1353 3996 1393 res

2474 1425 2748 1503 perierit,
2776 1443 2910 1484 esse
2938 1426 3386 1503 obligationem
3407 1426 3783 1487 restituendi
3801 1432 3998 1499 eOS,ut

2475 1518 2890 1577 mutuatarius
2938 1516 3089 1576 nihil
3147 1518 3295 1576 mali
3342 1518 3619 1597 patiatur
3667 1537 3744 1577 ex
3789 1518 4000 1596 injusta

2475 1608 2746 1681 laesione,
2782 1626 2906 1669 non
2936 1609 3083 1688 quia
3111 1628 3213 1669 res
3242 1610 3304 1669 in
3333 1609 3468 1688 ejus
3515 1610 3797 1671 dominio
3836 1628 3998 1668 man-

2474 1700 2644 1761 serit.
2681 1701 2900 1772 Quoad
2930 1701 3066 1762 illos
3096 1720 3243 1762 vero
3273 1702 3534 1778 fructuS,
3568 1721 3731 1781 quos
3764 1708 3996 1762 mutua·

2471 1793 2666 1853 tarius
2697 1811 2819 1853 non
2867 1798 3031 1853 esset
3070 1798 3501 1871 percepturuS,
3547 1794 3748 1871 aliqui
3777 1793 3994 1867 dicunt,

2472 1884 2714 1946 etiamsi
2743 1903 2842 1945 res
2871 1884 2933 1943 in
2964 1885 3240 1945 dominio
3265 1886 3626 1946 mutuatarii
3659 1885 3993 1959 mansisset,

2473 1997 2596 2038 non
2626 1977 2855 2036 debere
2884 1995 2995 2056 pro
3026 1977 3100 2036 iis
3130 1977 3396 2050 restitui,
3430 1982 3502 2038 ut
3546 1978 3789 2038 indicat
3829 1979 3997 2039 Sotus

2470 2071 2575 2132 VI.
2607 2068 2843 2149 dejust.
2879 2088 2941 2148 q.
2975 2086 3019 2131 1.
3054 2073 3171 2130 art.
3206 2073 3265 2130 2.
3300 2070 3363 2128 in
3393 2070 3540 2145 fine,
3576 2074 3657 2129 de
3679 2070 3848 2130 omni
3878 2088 4001 2148 pos·

2470 2179 2709 2221 sessore
2731 2161 2911 2221 malae
2931 2162 3099 2238 fidei,
3118 2167 3181 2222 et
3208 2161 3287 2221 de
3306 2161 3606 2222 fructibus
3634 2181 3709 2222 ex
3728 2162 3998 2221 meliora-

2469 2253 2694 2315 mentis
2722 2255 3030 2332 perceptis
3062 2254 3272 2315 Salon.
3307 2272 3369 2333 q.
3398 2255 3582 2315 LXII.
3618 2258 3739 2314 art.
3765 2272 3849 2315 vi.
3881 2272 3999 2313 con-

2471 2354 2713 2406 trovers.
2743 2350 2802 2406 4.
2836 2346 2898 2405 in
2928 2347 3072 2422 fine,
3110 2350 3171 2407 et
3201 2345 3375 2407 Sairo
3406 2346 3470 2406 in
3505 2344 3692 2407 Clare
3720 2346 3990 2426 reqialib.

2472 2440 2547 2500 X.
2581 2442 2761 2499 tract.
2794 2454 2863 2500 11.
2897 2456 2951 2498 c.
2986 2454 3080 2498 111.
3120 2457 3292 2498 num.
3326 2443 3383 2500 2.
3418 2439 3480 2497 iu
3508 2441 3659 2500 fine.
3695 2441 3763 2499 In
3792 2444 3995 2500 nostro

2472 2534 2681 2591 autem
2736 2549 2883 2591 casu
2951 2530 3232 2591 absolute
3294 2530 3659 2609 negandum
3703 2536 3827 2606 est,
3898 2531 4003 2590 de-

2471 2622 2619 2682 bere
2661 2622 2741 2682 ab
2771 2623 3053 2682 usurario
3101 2622 3408 2701 ejusmodi
3451 2623 3690 2683 fructus
3735 2624 3997 2697 restit-ui,

2474 2733 2616 2775 cum
2645 2715 2767 2775 sint
2795 2732 2872 2773 ex
2924 2733 2991 2774 re
3029 2733 3163 2790 sua,
3198 2718 3258 2775 et
3327 2714 3530 2775 solum
3588 2715 3821 2775 debeat
3874 2734 4000 2774 mu·

2472 2811 2752 2868 tuantem
2808 2805 3170 2866 indemnem
3238 2825 3487 2866 servare
3520 2852 3537 2882 ,
3621 2808 3794 2885 quod
3865 2807 4001 2866 facit

2469 2898 2854 2960 restituendo
2914 2899 3152 2958 fructus
3209 2917 3365 2977 quos
3417 2898 3526 2959 ille
3595 2904 3998 2978 percepturus

2474 2996 2627 3053 erat.

2551 3083 2759 3144 Tertio
2790 3087 3081 3162 arguunt,
3111 3083 3257 3162 quia
3288 3102 3408 3144 non
3438 3083 3649 3143 minus
3674 3085 3995 3163 requirunt

2473 3176 2552 3237 ad
2611 3176 3112 3238 transferendum
3169 3176 3515 3236 dominium
3571 3176 3662 3236 rei
3729 3176 3998 3238 usurario

2473 3288 2664 3348 quam
2733 3269 2813 3329 ad
2862 3268 2966 3348 jus
3028 3268 3197 3329 illam
3272 3269 3777 3329 transferendum
3836 3290 3849 3330 ε
3899 3268 3997 3328 sed

2469 3360 2883 3421 mutuatarius
2940 3378 3063 3421 non
3110 3359 3360 3421 abdicat
3421 3379 3457 3420 a
3502 3379 3570 3420 se
3599 3363 3708 3439 ,ius
3751 3362 3835 3421 ad
3876 3379 3998 3421 rem

2468 3454 2673 3530 illam,
2732 3453 2840 3512 sed
2897 3453 3103 3512 adhuc
3155 3453 3308 3512 illud
3362 3453 3625 3525 retinet;
3686 3471 3834 3532 ergo
3898 3473 3999 3513 vo-

2466 3546 2674 3606 luntas
2746 3545 2850 3604 illa
2919 3544 3124 3604 minus
3180 3544 3409 3605 sufficit
3462 3545 3544 3604 ad
3589 3545 3995 3605 abdlcandum

2469 3637 2816 3699 dominium
2837 3686 2851 3712 ,
2936 3654 3079 3696 cum
3155 3636 3259 3714 jus
3315 3636 3396 3696 ad
3459 3655 3593 3696 rem
3647 3638 3853 3697 minus
3927 3636 3997 3696 sit

2470 3748 2661 3808 quam
2716 3729 2848 3807 ejus
2895 3728 3265 3789 dominium.
3340 3729 3799 3807 Respondetur,
3864 3730 4001 3790 licet

2469 3823 2607 3901 plus
2651 3822 2730 3883 sit
2768 3821 3115 3882 dominium
3163 3839 3352 3899 quam
3391 3821 3497 3898 jus
3544 3821 3624 3880 ad
3658 3840 3821 3894 rem,
3866 3822 3995 3900 plus

2466 3919 2675 3977 tamen
2705 3914 2937 3994 requiri
2977 3914 3058 3974 ad
3115 3912 3536 3972 abdic-andum
3569 3913 3676 3991 jus
3724 3913 3804 3972 ad
3844 3932 3990 3988 rem,

2469 4025 2658 4085 quam
2687 4005 2765 4065 ad
2787 4005 3207 4066 abdicandum
3228 4005 3595 4065 dominium.
3619 4006 3794 4066 Sicut
3818 4006 3994 4065 etiam

2467 4099 2528 4159 in
2560 4099 2943 4159 naturalibus
2971 4097 3213 4158 facilius
3257 4097 3585 4174 expellitur
3611 4098 3872 4158 intensio
3895 4117 3993 4158 ca-

2465 4192 2635 4267 loriS,
2673 4210 2863 4270 quam
2893 4192 3131 4269 primus
3159 4190 3384 4251 caloris
3411 4190 3671 4267 gradus,
3706 4192 3786 4251 ad
3816 4209 3993 4269 quem

2470 4284 2903 4362 expellendum
2949 4283 3289 4361 requiritur
3327 4301 3522 4359 agens
3560 4302 3806 4344 summe
3833 4284 3994 4361 frigi·

2470 4377 2642 4437 dum.
2686 4376 2863 4437 Ratio
2895 4379 3104 4435 autem
3136 4379 3248 4451 est,
3288 4374 3434 4453 quia
3472 4376 3553 4434 ad
3585 4376 3993 4437 abdicandum

2461 4468 2566 4549 jus
2596 4468 2673 4527 ad
2704 4486 2858 4543 rem,
2881 4486 3133 4527 necesse
3173 4471 3267 4527 est
3296 4485 3418 4526 non
3447 4468 3653 4527 solum
3671 4468 3821 4529 dare
3849 4487 3989 4542 rem,

2466 4561 2577 4622 sed
2608 4560 2793 4620 etiam
2825 4560 3179 4620 condonare
3207 4559 3522 4637 injuriam,
3544 4579 3619 4619 ex
3652 4579 3777 4638 qua
3797 4579 3995 4621 neces-

2468 4655 2630 4714 sario
2663 4653 2857 4713 oritur
2913 4652 3194 4713 debitum
3250 4653 3677 4713 satisfaciendi
3707 4673 3822 4732 pro
3853 4655 3942 4713 illa
3974 4673 3987 4712 :

2468 4747 2603 4806 haec
2633 4751 2842 4807 autem
2872 4744 3270 4818 condonatio,
3306 4744 3356 4804 si
3387 4763 3512 4804 non
3542 4746 3622 4805 sit
3638 4751 3989 4822 spontanea,

2466 4840 2575 4899 sed
2609 4842 2825 4898 coacta
2842 4856 2953 4916 per
2968 4837 3355 4897 coactionem
3379 4837 3700 4914 injustam,
3727 4846 3824 4900 est
3850 4856 3993 4897 nova

2466 4931 2694 5011 injuria
2750 4931 3017 5008 ipsamet
3082 4929 3457 4990 condonatio
3506 4935 3777 5006 extorta,
3822 4937 3990 5008 atque

2467 5024 2606 5084 ideo
2639 5042 2711 5082 ex
2742 5023 2879 5101 ipsa
2908 5023 3256 5083 necessario
3301 5023 3500 5083 oritur
3519 5022 3627 5101 jus
3659 5024 3743 5083 ad
3774 5023 3989 5085 satisfa-

2467 5115 2737 5176 ctionem
2800 5103 3151 5174 habenda'm
3190 5135 3202 5175 :
3240 5118 3442 5192 potest
3488 5134 3642 5192 ergo
3691 5116 3991 5176 voluntale

2464 5226 2576 5269 sua
2621 5207 3035 5268 mutuatarius
3062 5207 3399 5267 transferre
3437 5207 3815 5282 dominium,
3848 5209 3989 5268 sicut

2468 5304 2531 5362 et
2570 5300 2721 5360 dare
2773 5297 3232 5379 possessionem
3268 5300 3359 5358 rei
3398 5318 3565 5371 suae;
3631 5320 3759 5360 nou
3804 5305 3989 5379 potest

2453 5397 2667 5453 autem
2712 5392 3008 5453 abdicare
3066 5389 3164 5469 jus
3211 5392 3292 5451 ad
3334 5393 3821 5470 restitutionem,
3874 5390 3985 5449 nisi
