4263 6376
1205 344 1675 406 DISPUTA'rlo
1718 344 1964 420 XXXV,
2014 342 2289 404 SECTIO
2333 341 2435 403 vl.

3274 343 3391 403 603

235 519 365 579 dem
393 518 689 596 impediat
727 518 1080 597 digniorem
1106 562 1121 593 ‚
1176 518 1273 578 vel
1321 517 1512 578 etiam
1560 536 1741 596 aeque
1834 517 1942 595 jus
1975 534 2053 577 ne
2081 533 2194 594 per
2223 516 2350 576 vim
2381 515 2476 577 vel
2505 515 2792 577 fraudem
2839 514 3218 594 impediatur
3245 515 3382 593 ejus

233 611 493 688 dignum,
525 615 773 672 tenetur
807 612 862 671 ei
893 611 973 671 ad
1001 610 1457 672 restitutionem
1487 615 1744 690 propter

231 702 503 781 injuriam
531 703 789 765 illatam.

300 796 558 856 Dubium
586 803 698 872 est,
735 816 816 856 an
847 797 896 857 si
927 816 1040 877 per
1067 797 1194 856 vim
1225 796 1323 857 vel
1352 795 1638 856 [raudem
1656 796 1743 856 fe-

231 888 382 963 cisti,·
406 889 572 967 quod
603 907 728 949 non
769 891 1106 968 eligeretur
1146 890 1374 967 dignus
1399 935 1414 965 ,
1469 890 1743 950 tenearis

165 993 189 1021 ‘¹
231 982 301 1041 ad
327 981 816 1043 restitutionem?
843 986 919 1045 Et
949 983 1226 1063 quidem,
1261 983 1312 1042 si
1341 983 1543 1044 solum
1567 983 1744 1043 fecis-

165 1108 187 1118 ·
229 1092 317 1134 ses
343 1074 401 1132 vi
422 1074 518 1133 vel
548 1074 769 1134 fraude
793 1122 808 1152 ,
845 1076 1012 1155 quod
1061 1095 1185 1136 non
1226 1075 1561 1154 eligeretur
1588 1076 1744 1136 indi-

166 1154 174 1182 ”
227 1185 372 1244 gnus
398 1166 507 1226 sed
536 1167 763 1244 dignus
787 1214 802 1244 ,
861 1187 985 1229 non
1032 1169 1263 1231 teneris
1292 1168 1372 1228 ad
1412 1168 1747 1230 restituen-

228 1259 362 1318 dum
390 1259 671 1338 indigno,
708 1261 854 1322 licet
872 1261 1148 1342 alioquin
1171 1260 1461 1340 injuriam
1482 1263 1745 1322 fortasse

230 1352 277 1410 ei
307 1352 584 1412 intuleris
615 1354 996 1431 imponendo
1038 1355 1097 1415 ei
1123 1354 1275 1414 vitia
1305 1372 1444 1433 quae
1475 1373 1600 1415 non
1630 1354 1742 1414 ha-

226 1444 446 1505 bebat:
495 1463 690 1524 quare
751 1446 1010 1506 debebis
1062 1452 1279 1524 postea
1316 1448 1644 1508 restituere
1689 1447 1744 1507 ei

224 1537 442 1596 famam
472 1537 700 1616 injuste
730 1539 1028 1615 ablatam,
1064 1539 1145 1600 ad
1175 1558 1366 1620 quam
1393 1540 1526 1617 ipse
1557 1541 1748 1601 habe·

226 1629 322 1690 bat
339 1629 460 1708 juS,
505 1631 658 1690 nihil
691 1636 904 1692 tamen
934 1632 1126 1693 debes
1159 1650 1268 1710 pro
1299 1633 1604 1693 beneficio
1635 1633 1745 1692 ab-

223 1722 357 1797 lato,
399 1721 482 1782 ad
523 1724 690 1801 quod
739 1725 979 1785 nullum
1009 1725 1283 1785 habebat
1322 1727 1467 1804 jus;
1508 1728 1576 1785 ut
1603 1742 1746 1785 cum

222 1815 425 1875 Ledes,
459 1818 716 1879 Covarr.
747 1818 1001 1879 Meread
1022 1824 1085 1880 et
1103 1819 1239 1878 aliis
1260 1819 1489 1879 docent
1509 1818 1742 1880 Sanch.

223 1907 278 1966 d.
309 1907 453 1968 dub.
491 1925 652 1970 mx.
689 1929 861 1972 num.
902 1915 995 1973 12.
1031 1911 1097 1973 Si
1123 1916 1336 1972 autem
1364 1930 1477 1990 per
1510 1911 1633 1972 vim
1648 1912 1747 1972 vel

223 1999 496 2059 fraudem
527 2001 730 2063 fecisti
760 2003 929 2082 quod
960 2022 1083 2064 non
1127 2004 1464 2082 eligeretur
1491 2005 1740 2084 dignuS,

220 2091 321 2152 sed
349 2091 622 2171 dignior,
658 2093 1171 2172 distinguendum
1220 2100 1353 2169 est;
1402 2116 1547 2156 nam
1580 2097 1641 2156 in
1672 2097 1747 2158 iis

221 2183 455 2244 casibus
480 2231 497 2261 ,
559 2185 623 2244 in
670 2186 896 2265 quibus
948 2188 1324 2249 beneficium
1381 2208 1456 2248 ex
1504 2188 1748 2268 justitia

223 2278 663 2340 commutativa
693 2279 1044 2341 debebatur
1071 2280 1376 2360 digniori,
1424 2300 1547 2342 non
1579 2287 1747 2343 tene-

221 2369 297 2430 ris
323 2371 400 2429 ad
430 2371 892 2432 restituendum
924 2373 1116 2452 digno
1136 2420 1151 2450 ,
1195 2375 1301 2454 qui
1331 2394 1476 2435 vere
1509 2375 1748 2435 nullum

210 2463 307 2540 jus
349 2463 627 2525 habebat
672 2469 740 2526 ut
786 2465 1145 2543 eligeretur,
1193 2472 1259 2528 ut
1305 2468 1536 2529 fatetur
1580 2468 1749 2527 idem

218 2555 437 2616 Saneh.
474 2575 649 2617 num.
688 2561 784 2619 13.
817 2565 879 2618 et
907 2560 1097 2638 Vasq.
1148 2559 1296 2621 dub.
1331 2578 1432 2621 xx.
1467 2580 1571 2620 nu·
1610 2565 1743 2621 154.

217 2649 270 2708 in
300 2649 373 2709 iis
401 2653 617 2710 autem
655 2650 940 2727 casibu3‚
992 2655 1101 2712 aut
1146 2653 1467 2732 supposita
1503 2658 1749 2715 senten-

219 2743 317 2814 tia,
345 2743 406 2801 in
439 2761 566 2822 qua
599 2761 722 2803 non
754 2748 847 2804 est
874 2743 937 2803 in
959 2744 1331 2806 electoribus
1353 2746 1651 2825 obligatio
1675 2766 1748 2806 ex

213 2835 449 2913 justitia
491 2836 945 2896 commutativa
990 2838 1072 2897 ad
1115 2838 1474 2916 eligendum
1504 2840 1749 2918 dignio-

218 2948 364 3003 rem,
400 2928 637 2990 Sanch.
674 2948 735 2989 n.
773 2932 868 2990 14.
903 2929 1075 3006 dicit,
1111 2949 1235 2990 non
1265 2950 1400 2991 esse
1419 2932 1749 3010 obligatio-

217 3040 353 3081 nem
383 3021 759 3082 restituendi
789 3022 980 3100 digno
1033 3042 1147 3101 per
1175 3024 1303 3083 vim
1331 3025 1430 3084 vel
1464 3026 1748 3086 fraudem

214 3113 406 3174 fecisti
438 3113 614 3195 quod
644 3114 984 3193 eligeretur
1012 3115 1260 3195 dignior
1295 3137 1307 3177 :
1344 3117 1491 3197 quia
1523 3118 1749 3198 dignus

216 3212 502 3286 respectu
559 3208 862 3285 dignioris
920 3210 1160 3269 nullum
1218 3210 1490 3272 habebat
1530 3211 1654 3291 juS,
1690 3218 1752 3275 et

214 3300 587 3361 beneficium
616 3301 768 3361 illud
815 3302 1096 3363 debitum
1140 3308 1277 3365 erat
1317 3303 1586 3382 digniori
1633 3306 1749 3365 sal-

217 3396 333 3453 tem
364 3412 439 3452 ex
459 3393 710 3473 justitia
741 3394 1163 3458 distributiva.

290 3488 436 3547 Haec
469 3490 683 3548 tamen
713 3487 1002 3548 doctrina
1027 3489 1298 3550 difficilis
1328 3494 1447 3563 est,
1485 3510 1749 3570 eamque

215 3583 442 3657 negant
472 3582 667 3640 Henr.
702 3584 765 3641 et
810 3580 915 3640 alii
959 3581 1127 3660 apud
1175 3584 1469 3643 eumdem
1517 3584 1745 3645 Sancb.

213 3691 272 3732 n.
306 3675 401 3734 13.
439 3671 761 3749 dicenteS,
818 3692 952 3733 esse
982 3678 1130 3735 tunc
1176 3675 1623 3754 obligationem
1653 3696 1754 3737 re-

213 3765 513 3827 stituendi
547 3765 739 3842 digno
769 3771 1028 3845 propter
1055 3767 1181 3828 vim
1202 3770 1300 3829 vel
1329 3769 1753 3849 fraudemque

211 3858 553 3937 impeditus
610 3858 747 3919 fuit.
801 3860 1059 3920 Omissis
1108 3866 1319 3921 autem
1379 3863 1747 3940 rationibus,

213 3951 437 4029 quibus
499 3950 618 4011 boc
672 3952 976 4028 probant,
1025 3953 1213 4015 debet
1257 3954 1509 4032 probari
1551 3954 1752 4033 impu·

209 4044 466 4121 gnando
524 4043 1005 4118 fundamentum
1061 4046 1478 4123 contrarium,
1526 4066 1751 4126 nempe

213 4156 329 4197 non
374 4155 517 4197 esse
571 4137 1027 4198 restituendum
1074 4139 1287 4217 digno,
1341 4140 1487 4217 quia
1516 4141 1752 4201 benefi-

211 4230 372 4290 cium
414 4249 494 4290 ex
541 4229 786 4309 justitia
840 4229 1236 4292 distributiva
1283 4233 1632 4294 debebatur
1658 4234 1753 4293 di-

210 4322 411 4400 gniori
436 4369 452 4399 ,
505 4326 569 4383 et
612 4321 780 4382 nullo
812 4324 1001 4383 modo
1050 4328 1186 4385 erat
1221 4325 1503 4385 debitum
1531 4326 1744 4404 digno,

211 4418 360 4493 Hoc,
399 4416 701 4495 inquam,
745 4415 1222 4477 fundamentum
1271 4418 1426 4477 nihil
1473 4419 1700 4496 probat
1733 4439 1745 4479 ε

211 4528 355 4569 nam
406 4506 718 4586 imprimis
743 4555 757 4584 ,
794 4508 962 4588 quod
994 4526 1113 4568 non
1147 4514 1310 4571 esset
1338 4510 1620 4571 debitum
1650 4512 1749 4571 di-

208 4621 332 4680 gno
366 4601 525 4661 nihil
556 4600 766 4676 refert,
806 4601 956 4681 quia
1000 4601 1147 4662 licet
1193 4604 1455 4681 pauperi
1506 4623 1629 4665 non
1674 4605 1754 4666 sit

210 4695 425 4756 debita
485 4694 925 4772 eleemosyna;
973 4695 1023 4754 si
1072 4701 1283 4756 tamen
1331 4715 1447 4775 ego
1486 4716 1598 4776 per
1625 4698 1751 4758 vim

210 4788 307 4848 vel
338 4787 632 4848 fraudem
661 4787 821 4846 facio
853 4805 929 4846 ne
960 4787 1016 4847 ei
1061 4787 1265 4864 detur,
1318 4789 1517 4849 debeo
1567 4790 1621 4849 ei
1655 4809 1752 4851 re-

209 4882 473 4942 stituere
517 4880 581 4939 in
629 4880 909 4939 omnium
965 4880 1306 4956 sententia,
1358 4885 1420 4942 et
1464 4882 1631 4942 idem
1659 4888 1752 4944 est

210 4973 471 5055 quando
501 4973 725 5034 eodem
766 4972 955 5034 modo
997 4972 1271 5051 impedio
1297 5020 1312 5049 ,
1365 4993 1443 5034 ne
1486 4979 1753 5037 testator

207 5069 376 5147 leget
406 5070 593 5128 Petro
623 5070 899 5128 centum.
937 5067 1114 5127 Ratio
1162 5072 1374 5127 autem
1423 5074 1555 5145 est,
1604 5070 1751 5148 quia

208 5162 355 5222 licet
383 5161 479 5221 eis
509 5178 636 5220 non
667 5159 973 5220 debeatur
1001 5159 1404 5239 eleemosyna
1433 5162 1532 5222 vel
1583 5163 1750 5241 lega-

207 5260 366 5331 tum,
404 5254 644 5315 habent
671 5257 882 5314 tamen
914 5254 1021 5332 jus
1052 5271 1127 5312 ne
1159 5271 1270 5330 per
1300 5254 1427 5314 vim
1455 5255 1554 5316 vel
1580 5256 1751 5317 frau-

210 5348 357 5407 dem
416 5347 499 5406 ab
555 5347 675 5407 alio
729 5346 1186 5424 impediantur,
1248 5351 1315 5408 ut
1365 5348 1635 5408 vidimus
1682 5349 1743 5411 d.

208 5441 374 5519 disp.
412 5457 594 5501 xvm.
628 5443 778 5500 sect.
812 5443 872 5501 5.
909 5440 1202 5513 Quamvis
1223 5460 1371 5521 ergo
1403 5442 1592 5521 digno
1624 5461 1749 5504 non

210 5534 528 5596 debeatur
556 5532 961 5611 beneficium,
1022 5532 1258 5595 hahere
1307 5538 1518 5597 tamen
1547 5539 1752 5616 potest

1844 609 2088 672 electiO.

1927 704 2160 763 Rursus
2188 719 2312 762 non
2342 702 2567 778 obstat,
2589 701 2759 781 quod
2786 701 3159 762 beneficium
3191 719 3266 761 ex
3281 698 3381 780 ju·

1844 795 2011 857 stitia
2057 794 2459 856 distributiva
2507 795 2843 856 deberetur
2883 794 3196 874 digniori:
3233 794 3382 873 quia

1845 887 1898 947 si
1926 887 2196 948 secludis
2225 906 2409 948 omne
2440 887 2720 949 debitum
2742 906 2817 947 ex
2838 887 3081 966 justitia
3101 904 3375 946 commu·

1844 980 2071 1057 tativa,
2125 986 2188 1042 et
2222 981 2521 1060 supponis
2568 1000 2643 1042 ex
2691 980 2935 1059 justitia
2982 979 3381 1041 distributiva

1844 1090 1972 1132 non
2001 1073 2151 1133 oriri
2180 1073 2462 1134 debitum
2487 1073 2772 1152 obligans
2794 1073 2872 1133 ad
2891 1072 3373 1147 restitutionem,

1846 1166 1956 1226 ut
1941 1185 2004 1225 111
2034 1166 2141 1226 illa
2170 1166 2479 1226 sententia
2507 1166 2899 1245 supponitur,
2925 1165 3207 1226 debitum
3228 1163 3380 1224 illud

1847 1276 1920 1318 ex
1943 1258 2239 1336 justititia
2266 1258 2664 1319 distributiva
2693 1277 2817 1319 non
2846 1258 3004 1320 tollit
3039 1259 3144 1337 jus
3173 1276 3249 1318 ex
3277 1256 3384 1336 ju-

1847 1351 2015 1412 stitia
2054 1351 2547 1429 commutativa,
2600 1351 2681 1411 ad
2721 1351 2843 1412 hoe
2883 1356 2952 1412 ut
2989 1370 3101 1433 per
3128 1349 3254 1412 vim
3284 1349 3384 1409 vel

1845 1444 2131 1504 fraudem
2188 1463 2313 1505 non
2370 1442 2676 1522 impedias
2730 1448 2942 1505 actum
2997 1442 3382 1505 contrarium

1848 1537 1934 1597 illi
1965 1537 2200 1600 debito.
2239 1538 2417 1610 Quod
2463 1538 2719 1616 probari
2764 1541 2970 1617 potest
3019 1535 3383 1596 inductione

1848 1630 2113 1690 aliarum
2142 1630 2466 1705 virtutum,
2500 1649 2560 1693 v.
2593 1649 2655 1708 g.
2690 1630 2741 1690 si
2771 1632 2990 1692 Petrus
3021 1629 3250 1689 habeat
3278 1646 3388 1688 vo-

1848 1727 1983 1784 tum
2013 1722 2317 1784 castitatis
2344 1722 2443 1782 vel
2474 1722 2792 1801 religionis
2812 1769 2827 1798 ,
2881 1728 2945 1782 et
2970 1722 3090 1782 hoc
3119 1740 3247 1781 non
3276 1720 3387 1781 ob-

1847 1819 2072 1890 stante,
2109 1815 2260 1876 velit
2287 1815 2517 1876 ducere
2534 1816 2762 1876 Titiam
2793 1832 3135 1893 pauperem
3158 1813 3219 1872 in
3241 1832 3389 1873 uxo-

1847 1927 1981 1968 rem
2016 1929 2028 1969 :
2065 1927 2255 1987 quam
2287 1913 2376 1984 tu,
2413 1912 2480 1970 ut
2509 1908 2682 1968 illum
2709 1926 3037 1970 removeas
3060 1954 3075 1984 ,
3109 1906 3265 1967 falso
3297 1906 3387 1966 di·

1848 2001 1936 2061 eis
1966 2019 2090 2061 non
2121 2020 2255 2062 esse
2289 2002 2617 2080 virginem,
2651 2002 2761 2062 sed
2790 2001 3092 2062 feminam
3122 1999 3387 2077 impudi-

1848 2112 2010 2171 cam,
2040 2099 2102 2156 et
2130 2094 2218 2155 ita
2245 2095 2396 2155 facis
2427 2093 2596 2174 quod
2626 2094 2869 2155 omissis
2899 2093 3151 2171 nuptiis,
3172 2097 3387 2153 votum

1849 2187 2161 2262 observet,
2196 2187 2438 2249 inducis
2468 2187 2723 2266 quidem
2751 2187 2926 2248 illum
2943 2187 3024 2246 ad
3041 2186 3105 2245 id
3121 2185 3201 2246 ad
3218 2185 3388 2264 quod

1851 2299 1927 2340 ex
1970 2280 2274 2359 religione
2316 2281 2675 2354 tenebatur;
2733 2280 2842 2341 sed
2903 2284 3112 2342 tamen
3167 2297 3388 2357 peccas

1848 2377 2063 2434 contra
2091 2371 2402 2450 justitiam
2429 2374 2493 2432 in
2522 2373 2751 2434 Titiam
2772 2419 2787 2449 ,
2823 2372 2922 2433 eui
2954 2391 3068 2451 per
3095 2371 3386 2431 fraudem

1850 2465 2167 2543 impedisti
2195 2464 2433 2530 bonum
2465 2464 2615 2526 illud
2653 2465 3033 2526 matrimonii
3078 2463 3375 2543 opulenti.

1848 2557 2020 2618 Idem
2051 2559 2147 2617 est
2173 2557 2226 2616 si
2252 2557 2479 2637 aliquis
2508 2562 2726 2618 votum
2772 2557 3004 2618 habeat
3032 2555 3386 2617 abstinendi

1852 2668 1887 2709 a
1918 2649 2235 2722 carnibuS‚
2269 2655 2331 2711 et
2358 2650 2586 2712 volenti
2619 2669 2726 2711 eas
2753 2651 3105 2726 comedere,
3142 2655 3207 2710 ιιι
3255 2649 3389 2728 pri·

1849 2746 1996 2803 vata
2024 2743 2395 2804 auctoritate
2429 2742 2556 2802 vim
2595 2743 2846 2819 inferaS‚
2882 2747 2945 2804 et
2988 2760 3280 2804 coerceas
3321 2745 3389 2803 ut

1850 2835 2196 2906 abstineat;
2247 2834 2515 2913 impedis
2544 2835 2801 2914 quidem
2829 2835 2892 2894 id
2940 2834 3108 2914 quod
3139 2854 3216 2894 ex
3243 2838 3388 2896 voto

1852 2928 2083 2989 debeat
2108 2928 2497 3006 relinquere;
2533 2928 2644 2988 sed
2677 2933 2886 2989 tamen
2918 2946 3143 3007 peccas
3173 2932 3392 2989 contra

1844 3020 2175 3100 justitiam,
2224 3021 2622 3099 impediendo
2671 3020 2756 3081 illi
2798 3040 2980 3082 usum
3010 3021 3102 3081 rei
3131 3038 3260 3081 suae
3281 3068 3297 3096 ,
3330 3025 3394 3083 et

1850 3114 2106 3194 quidem
2135 3132 2279 3174 cum
2310 3114 2689 3193 obligatione
2720 3114 3112 3191 restituendi,
3147 3113 3196 3173 si
3226 3113 3386 3175 forte

1850 3226 2071 3268 earnes
2101 3208 2159 3267 ei
2187 3227 2300 3286 per
2342 3207 2469 3267 vim
2510 3207 2819 3270 abstulisti
2874 3213 2937 3269 et
2982 3207 3297 3287 projecisti
3325 3207 3392 3268 ιιι

1850 3303 2106 3361 flumen.
2152 3303 2290 3361 Non
2336 3305 2430 3362 est
2476 3306 2625 3380 ergo
2675 3320 2917 3377 verum,
2972 3301 3140 3380 quod
3170 3319 3295 3361 non
3322 3302 3394 3362 fit

1851 3396 2069 3453 contra
2091 3392 2399 3472 justitiam
2430 3411 2654 3472 cogere
2683 3412 2796 3472 per
2823 3394 2951 3453 vim
2975 3393 3074 3454 vel
3102 3394 3392 3454 fraudem

1850 3486 1930 3546 ad
1961 3486 2441 3565 relinquendum
2471 3486 2535 3545 id
2566 3487 2734 3566 quod
2765 3506 2840 3548 ex
2869 3487 3249 3565 obligatione
3267 3486 3394 3547 vir-

1853 3578 1999 3639 tutis
2043 3579 2297 3640 alterius
2328 3579 2599 3642 debebat
2642 3580 2936 3658 relinqui.
2970 3581 3267 3659 Alioquin
3292 3627 3307 3657 ,
3340 3580 3390 3641 si

1850 3671 1972 3732 hoe
2017 3673 2334 3734 sufficeret
2383 3673 2462 3732 ad
2511 3672 2931 3733 excusandam
2984 3671 3279 3751 injuriam
3331 3677 3394 3734 et

1853 3764 2298 3842 obligationem
2341 3765 2772 3841 restitutionis,
2831 3766 2995 3825 idem
3054 3765 3392 3825 dicendum

1852 3862 2036 3933 esset,
2087 3858 2336 3936 quando
2385 3858 2448 3918 id
2477 3858 2558 3918 ad
2589 3859 2757 3937 quod
2799 3876 2911 3935 per
2938 3858 3066 3918 vim
3094 3857 3193 3918 vel
3221 3860 3394 3919 frana

1851 3950 1996 4010 dem
2026 3954 2085 4010 te
2115 3950 2367 4026 induco,
2394 3955 2558 4011 esset
2586 3970 2623 4010 a
2643 3955 2703 4012 te
2735 3950 3015 4012 debitum
3031 3950 3252 4013 saltem
3275 3952 3390 4013 sub

1852 4047 2107 4122 peccato
2140 4043 2389 4119 veniali,
2422 4062 2495 4104 ac
2523 4062 2636 4122 per
2663 4062 3053 4123 consequens
3073 4044 3127 4104 si
3155 4044 3391 4107 volenti

1851 4136 1959 4198 tibi
1990 4136 2194 4196 facere
2221 4140 2687 4213 testamentum,
2715 4142 2778 4199 et
2804 4138 3161 4216 relinquere
3192 4138 3394 4199 heere-

1852 4229 2110 4292 ditatem
2140 4233 2322 4292 Petro
2353 4250 2428 4291 ex
2455 4232 2579 4291 fine
2600 4231 2812 4310 aliquo
2841 4231 3081 4309 gloriae‚
3116 4231 3214 4292 vel
3244 4231 3394 4292 ami-

1852 4324 2014 4385 citiae
2038 4324 2329 4384 humanae
2362 4325 2609 4400 veniali,
2641 4325 2740 4384 vel
2764 4342 2910 4385 cum
2938 4324 3149 4403 aliqua
3179 4324 3392 4404 prodi-

1851 4418 2107 4496 galitate
2138 4417 2398 4494 veniali,
2457 4437 2572 4497 ego
2614 4417 3027 4497 persuadeam
3075 4418 3232 4479 falsa
3260 4437 3394 4478 sce-

1850 4511 1982 4572 lera
2011 4511 2293 4590 ejusdem
2343 4512 2548 4588 Petri,
2600 4512 2826 4591 quibus
2869 4516 2929 4572 te
2958 4512 3038 4572 ab
3070 4529 3144 4571 ea
3172 4511 3395 4572 volun-

1852 4610 1978 4667 tate
2009 4622 2303 4665 removeo
2330 4651 2345 4680 ,
2382 4604 2536 4665 nihil
2565 4605 2863 4665 deberem
2894 4607 3074 4665 Petro
3104 4605 3393 4667 restitue-

1854 4717 1945 4774 re,
1980 4698 2129 4777 quia
2159 4697 2326 4758 suasi
2370 4697 2479 4758 tibi
2534 4697 2599 4757 id
2642 4697 2813 4776 quod
2855 4698 2972 4758 sub
3000 4702 3258 4776 peccato
3290 4716 3391 4758 ve-

1854 4790 2002 4850 niali
2028 4791 2236 4850 facere
2267 4789 2564 4850 debebas
2600 4793 3005 4869 Consequens
3035 4794 3247 4851 autem
3277 4809 3391 4850 ne-

1854 4902 1959 4944 mo
2004 4883 2339 4944 admittet:
2375 4882 2494 4943 hoe
2542 4884 2709 4942 enim
2756 4887 2941 4962 paeto
2989 4884 3392 4961 quamplures

1852 4981 1996 5057 post
2024 4976 2257 5036 similes
2298 4976 2553 5036 fraudes
2600 4981 3049 5037 excusarentur
3077 4994 3114 5035 a
3143 4976 3392 5037 restitu-

1852 5071 2043 5145 tione,
2077 5070 2392 5146 dicenteS,
2438 5088 2505 5129 se
2546 5069 2914 5130 dissuasisse
2956 5069 3019 5129 id
3047 5068 3227 5148 'quod
3258 5073 3393 5130 erat

1852 5164 2072 5225 saltem
2125 5163 2453 5226 venialiter
2519 5163 2777 5223 malum.
2851 5163 3032 5223 Ratio
3087 5166 3300 5224 autem
3355 5181 3392 5221 a

1852 5257 2044 5337 priori
2075 5261 2206 5332 est,
2243 5256 2388 5336 quia
2417 5257 2600 5318 toties
2626 5256 2854 5335 aliquis
2902 5255 3198 5334 injuriam
3236 5255 3390 5334 pati·

1851 5353 1972 5425 tur,
2008 5350 2251 5430 quoties
2280 5349 2522 5428 privata
2552 5349 2921 5411 auctoritate
2951 5353 3013 5409 et
3041 5348 3255 5409 nonin
3286 5348 3390 5409 de-

1848 5444 2220 5520 fensionem,
2282 5443 2651 5522 prohibetur
2694 5443 2782 5504 uti
2827 5460 2895 5502 re
2954 5459 3069 5502 sua
3097 5442 3197 5501 vel
3252 5440 3389 5520 jure

1849 5554 1960 5600 suo
1998 5557 2010 5599 :
2045 5535 2275 5615 injuria
2303 5535 2470 5598 enim
2498 5540 2592 5598 est
2606 5553 2745 5616 quae
2772 5534 2946 5598 laedit
2963 5534 3069 5614 jus
3091 5534 3385 5597 alterius:

3529 701 3605 759 99

3431 823 3489 867 Mi
3493 832 3567 866 nus
3545 825 3730 880 sdignus

3496 879 3688 973 ughbcat

3427 933 3557 987 1ῇιι.*»,ιι

3504 985 3562 1026 fra
3566 985 3644 1027 ude

3450 1038 3624 1093 iimpcda
3586 1044 3693 1081 tatur

3602 932 3727 982 η’,νοι
