4263 6376
636 2067 716 2124 60

518 2190 654 2286 Atti?

657 2191 730 2233 ssit
746 2192 812 2233 lex

658 2258 727 2286 are
745 2246 795 2287 ad

517 2298 812 2342 restituendum

555 2364 784 2395 excessum.

616 3841 682 3898 61

573 3964 675 4016 Quid
710 3966 760 4006 de

514 4019 675 4073 justitia
711 4019 814 4072 legis

570 4073 623 4115 de
655 4073 762 4114 racio

554 4126 788 4168 dicendum.

855 307 972 366 282

856 479 1112 551 sissent;
1172 480 1280 541 sed
1311 468 1496 541 etiam
1547 482 1797 559 quando
1841 483 2007 559 juste
2039 486 2100 542 et
2133 501 2207 541 ex
2236 482 2387 560 ipsis

857 573 1244 633 naturalibus
1266 574 1747 634 circumstantiis
1770 576 2038 653 pretium
2060 575 2388 635 subortum

858 672 1038 725 esset.
1073 667 1194 725 Lex
1226 665 1390 724 enim
1422 670 1627 744 potest
1654 667 1818 726 circa
1847 667 2151 742 subditos,
2190 672 2250 729 et
2282 686 2388 726 eo-

852 777 993 817 rum
1022 758 1184 816 bona
1214 762 1484 819 statuere
1516 777 1589 818 ea
1636 759 1847 819 omnia
1877 779 2016 838 quae
2046 759 2122 819 ad
2158 760 2389 819 bonam

852 849 1211 929 reipublicae
1240 850 1764 928 gubernationem
1808 858 1871 913 et
1899 854 2033 930 ejus
2064 871 2283 929 pacem
2315 871 2389 911 ac

853 943 1368 1022 tranquillitatem
1399 944 1752 1005 necessaria
1773 950 1938 1019 sunt,
1977 944 2226 1023 quando
2251 964 2391 1022 gra·

853 1035 1027 1095 viora
1047 1035 1214 1095 mala
1244 1054 1320 1095 ex
1348 1035 1451 1095 illa
1481 1036 1617 1115 lege
1649 1055 1773 1097 non
1795 1036 2113 1098 timentur.
2151 1037 2214 1097 Si
2240 1056 2388 1116 ergo

855 1127 1259 1206 experientia,
1319 1129 1419 1189 vel
1447 1134 1620 1188 recta
1673 1129 1829 1190 ratio
1874 1130 2066 1190 dictet
2111 1148 2390 1189 necessa-

852 1220 1017 1280 rium
1046 1240 1180 1281 esse
1230 1221 1307 1281 ad
1354 1221 1591 1281 bonum
1621 1221 2004 1300 reipublicae,
2057 1227 2118 1282 et
2147 1222 2227 1281 ad
2258 1224 2392 1301 ejus

852 1313 1387 1392 tranquillitatem,
1423 1315 1590 1392 quod
1623 1333 1745 1374 non
1769 1314 2057 1376 obstante
2088 1316 2391 1375 mercium

855 1406 1139 1484 penuria,
1202 1412 1262 1467 et
1290 1407 1470 1485 copia
1519 1414 1872 1486 emptorum
1905 1408 2175 1485 pretium
2203 1408 2390 1469 tritici

856 1517 983 1559 non
1014 1499 1313 1560 ascendat
1365 1517 1555 1578 supra
1584 1501 1772 1560 talem
1803 1519 2137 1576 summam,
2191 1520 2391 1579 neque

858 1610 935 1652 ex
975 1592 1289 1653 taxatione
1336 1592 1625 1670 graviora
1679 1593 1847 1653 mala
1902 1593 2223 1668 timentur,
2283 1593 2393 1653 sed

858 1685 1023 1745 bona
1043 1684 1304 1764 majora,
1340 1686 1556 1763 negari
1581 1705 1704 1745 non
1731 1691 1937 1765 potest
1964 1686 2301 1748 auctoritas
2330 1686 2391 1745 in

856 1777 1212 1856 legislatore
1242 1779 1321 1838 ad
1351 1778 1412 1837 id
1439 1782 1634 1840 totum
1667 1779 2180 1857 praecipiendum,
2225 1779 2393 1857 quod

859 1871 939 1930 ad
970 1871 1203 1931 bonum
1231 1872 1696 1932 communitatis
1717 1868 2148 1949 gubernandae
2183 1890 2397 1932 neces-

860 1963 1093 2024 sarium
1124 1964 1534 2025 existimatur.

943 2057 1175 2127 Quarto
1206 2075 1328 2117 non
1373 2057 1617 2116 videtur
1669 2057 2052 2135 negandum,
2115 2059 2285 2138 quod
2332 2059 2395 2118 iu

862 2147 968 2208 tali
1017 2167 1163 2207 casu
1192 2149 1389 2226 possit
1441 2149 1540 2208 lex
1579 2166 1701 2209 non
1760 2150 1962 2209 solum
2019 2149 2302 2229 obligare
2335 2151 2392 2211 in

863 2241 1243 2301 conscientia
1274 2241 1555 2303 subditos
1611 2261 1684 2301 ex
1733 2241 2088 2303 obedientia
2139 2243 2219 2302 ad
2249 2263 2398 2304 con-

862 2333 1236 2393 servandam
1281 2334 1684 2410 taxationem,
1746 2340 1815 2396 ut
1871 2335 2123 2396 dicebat
2177 2337 2391 2398 Molin.

863 2426 1023 2504 disp.
1056 2429 1196 2487 365.
1228 2428 1284 2503 ἓ.
1317 2426 1426 2485 Ea.-
1453 2425 1541 2486 Izis
1563 2436 1618 2486 et
1649 2445 1723 2486 eac
1750 2427 2022 2507 quinque,
2067 2429 2176 2488 sed
2208 2430 2396 2489 etiam

862 2519 1140 2598 obligare
1170 2538 1243 2579 ex
1266 2519 1530 2597 justitia,
1584 2519 1667 2581 ita
1697 2525 1766 2580 ut
1794 2526 2287 2599 transgressores
2316 2522 2397 2582 ad

859 2612 1313 2672 restitutionem
1345 2630 1417 2671 ex
1441 2611 1682 2691 justitia
1710 2617 2061 2688 teneantur,
2098 2615 2265 2692 quod
2297 2615 2397 2675 ille

860 2704 1133 2783 negabit.
1171 2704 1349 2766 Ratio
1379 2709 1588 2765 autem
1620 2706 1887 2766 sumitur
1916 2724 1990 2764 ex
2012 2706 2215 2782 dictis,
2251 2707 2398 2785 quia

858 2797 953 2858 lex
986 2797 1066 2857 ob
1092 2796 1295 2877 justas
1341 2816 1563 2857 causas
1591 2801 1798 2875 potest
1844 2798 2121 2858 dominia
2152 2798 2396 2877 privata

859 2890 1252 2951 subditorum
1281 2890 1570 2964 alterare,
1616 2890 1832 2968 eisque
1855 2889 1961 2967 jus
1992 2890 2263 2967 auferre,
2299 2893 2398 2952 vel

861 2982 1011 3043 dare
1038 2983 1246 3061 aliqua
1276 2983 1461 3058 bona,
1493 2986 1562 3043 ut
1590 3001 1806 3043 omnes
1828 2984 2139 3055 fatentem
2173 2984 2222 3043 si
2247 3002 2397 3063 ergo

861 3075 981 3135 hoc
1009 3075 1219 3153 exigat
1269 3075 1506 3135 bonum
1560 3093 1892 3135 commune
1947 3076 2026 3135 ad
2075 3076 2308 3137 bonam
2339 3082 2401 3138 et

860 3167 1260 3248 tranquillam
1313 3165 1672 3246 reipublicoe
1716 3168 2244 3248 gubernationem
2292 3188 2400 3250 po-

860 3266 982 3323 test
1012 3264 1223 3321 taxare
1254 3260 1522 3339 pretium
1577 3261 1738 3321 intra
1768 3261 2052 3322 infimum
2108 3264 2394 3342 vulgare,

862 3359 925 3415 et
953 3353 1197 3414 auferre
1235 3353 1541 3413 venditori
1581 3352 1684 3432 jus
1715 3355 1885 3432 quod
1928 3374 2000 3415 ex
2042 3374 2109 3415 se
2140 3355 2404 3418 haberet

863 3447 944 3507 ad
970 3446 1348 3524 exigendum
1405 3445 1607 3526 majus
1661 3447 1953 3525 pretium,
2014 3454 2077 3509 et
2135 3450 2403 3528 emptori

863 3541 1015 3601 dare
1039 3539 1144 3619 jus
1171 3539 1251 3599 ad
1284 3539 1435 3599 illud
1499 3559 1621 3600 non
1676 3540 2071 3616 solvendum,
2134 3547 2197 3603 et
2222 3560 2404 3622 repe-

863 3632 1123 3695 tendum
1151 3633 1446 3708 solutum,
1500 3632 1668 3711 quod
1697 3633 1971 3694 breviter
2021 3639 2240 3696 contra
2268 3636 2402 3696 Mo·

862 3726 1057 3788 linam
1086 3725 1445 3786 observavit
1474 3725 1651 3787 Salas
1681 3745 1741 3786 n.
1776 3730 1833 3787 6.

943 3821 1100 3879 Tota
1130 3836 1280 3896 ergo
1318 3818 1651 3878 difficultas
1691 3818 1771 3877 ad
1811 3818 1930 3878 hoc
1977 3818 2195 3878 reduci
2224 3819 2399 3879 vide-

864 3916 999 3986 tur,
1036 3916 1104 3972 ut
1133 3911 1496 3971 dicebamus
1528 3930 1608 3970 an
1631 3900 1947 3989 ejusmodi
1975 3911 2147 3988 leges
2186 3911 2245 3970 in
2280 3911 2397 3988 his,

863 4006 964 4065 vel
996 4005 1114 4065 illis
1145 4003 1625 4065 circumstantiis
1639 4003 1825 4082 justae
1848 4004 1988 4077 sint,
2027 4004 2145 4064 hoc
2175 4009 2288 4080 est,
2322 4024 2403 4064 an

870 4097 1207 4158 necessitas
1236 4097 1381 4157 boni
1415 4096 1764 4158 communis
1795 4097 2003 4176 exigat
2032 4097 2200 4176 quod
2231 4103 2405 4158 taxe-

869 4195 970 4251 tur
1025 4190 1294 4270 pretium
1352 4190 1511 4250 infra
1567 4189 1851 4250 infimum
1901 4191 2176 4269 vulgare,
2237 4191 2405 4270 quod

867 4302 1108 4344 merces
1138 4287 1419 4362 tempore
1448 4283 1791 4344 sterilitatis
1821 4301 1894 4343 ac
1916 4283 2192 4361 penuriae
2216 4284 2405 4344 babe-

869 4381 1044 4451 rent,
1091 4376 1176 4436 ita
1209 4381 1275 4437 ut
1303 4380 1558 4455 propter
1600 4376 1749 4436 illud
1782 4376 2016 4435 bonum
2047 4395 2401 4453 commune,

870 4471 968 4530 cui
1002 4470 1183 4530 aliter
1212 4470 1526 4547 provideri
1558 4489 1683 4529 non
1706 4475 1926 4548 potest,
1955 4470 2125 4547 justa
2157 4470 2237 4530 sit
2264 4470 2407 4532 talis

869 4562 1198 4623 diminutio
1229 4563 1432 4641 pretii,
1470 4582 1582 4623 nec
1606 4563 1899 4642 graviora
1921 4563 2232 4623 sintmala
2264 4581 2408 4642 quae

869 4676 944 4717 ex
972 4656 1083 4717 tali
1109 4657 1246 4734 lege
1277 4664 1659 4735 sequuntur,
1711 4676 1901 4735 quam
1934 4676 2004 4716 ca
2040 4676 2179 4736 qum
2210 4657 2409 4735 impe-

872 4751 1150 4810 diuntur.
1202 4749 1319 4821 Qui
1349 4749 1513 4808 enim
1544 4750 1716 4828 leges
1747 4750 1883 4810 illas
1911 4751 2289 4828 reprobant,
2341 4748 2406 4808 in

872 4843 991 4903 hoc
1022 4841 1416 4921 potissimum
1447 4842 1758 4917 insistunt,
1792 4849 1862 4903 ut
1878 4843 2144 4921 probent
2170 4842 2411 4920 majora

871 4936 1036 4997 mala
1080 4934 1428 5013 spiritualia
1470 4939 1533 4996 ct
1577 4936 1948 5015 temporalia
2005 4955 2076 4995 ex
2120 4936 2231 4995 tali
2272 4936 2412 5012 lege

869 5030 1068 5109 sequi,
1105 5034 1167 5089 et
1185 5048 1217 5089 e
1240 5033 1463 5089 contra
1484 5028 1664 5089 malis
1681 5029 2011 5089 contrariis
2032 5048 2213 5108 posse
2235 5029 2416 5089 aliter

869 5123 1116 5184 facilius
1171 5141 1362 5201 quam
1410 5122 1519 5182 tali
1564 5122 1702 5200 lege
1733 5122 1971 5182 obviari
1998 5170 2013 5198 ,
2075 5123 2243 5201 quod
2292 5123 2413 5183 late

868 5217 1098 5295 probat
1127 5216 1359 5278 Molina
1391 5215 1553 5293 disp.
1590 5218 1730 5276 365.
1763 5217 1818 5293 ἓ.
1853 5215 2225 5296 Βιέεε,’ᾳια”ά
2248 5235 2409 5296 erqo,

873 5308 1098 5387 quibus
1150 5309 1414 5368 fortasse
1457 5309 1806 5369 rationibus
1852 5309 2005 5369 moti
2061 5317 2243 5384 sunt,
2308 5309 2414 5388 qui

871 5403 1078 5478 legem
1110 5402 1281 5462 illam
1311 5402 1532 5464 saltem
1556 5403 1762 5484 quoad
1794 5402 2101 5484 agricolas
2130 5403 2414 5465 revocari

2016 305 2117 364 DE
2161 306 2513 365 JUSTITIA
2560 306 2659 366 ΕΤ
2699 306 2899 366 JURE

2488 482 2806 558 fecerunt,
2850 502 2996 542 nam
3043 489 3112 543 ut
3151 484 3320 561 apud
3353 483 3638 544 Sanchez
3682 485 3778 544 ubi
3818 505 3985 564 supra

2489 575 2638 637 dub.
2675 592 2760 636 vl.
2799 575 2858 635 in
2903 578 3027 636 fine
3057 582 3343 651 notatur,
3384 595 3552 636 anno
3597 580 3760 637 1620.
3801 580 3987 638 ablata

2489 669 2669 728 suita
2706 687 2856 745 rege
2886 669 3174 746 Philippo
3207 671 3310 729 111.
3361 674 3503 729 taxa
3556 687 3665 746 pro
3705 672 3983 746 agricolis,

2490 765 2551 822 et
2579 779 2874 820 concessa
2918 760 3032 821 suit
3078 762 3166 820 eis
3208 761 3524 839 generalis
3574 760 3821 821 facultas
3860 782 3989 821 ven-

2490 853 2676 912 dendi
2717 854 2992 913 triticum
3039 872 3220 912 suum
3252 854 3452 930 pretio
3485 854 3792 921 currenti,
3845 858 3989 933 quod

2488 947 2729 1025 possint
2758 946 3056 1006 invenire.
3095 946 3312 1018 Quoad
3342 946 3457 1005 hos
3486 946 3697 1023 itaque
3724 952 3783 1006 et
3807 950 3987 1025 quoad

2491 1043 2774 1114 materne,
2850 1057 2925 1097 an
2984 1038 3471 1099 circumstantias
3533 1047 3596 1099 et
3647 1041 3992 1117 experientia

2491 1129 3065 1191 inconvenientium
3090 1130 3438 1207 justificent
3462 1131 3638 1207 leges
3681 1131 3839 1205 illas,
3886 1152 3989 1193 non

2489 1241 2820 1301 possumus
2850 1241 2974 1282 non
2997 1223 3286 1301 judicare
3311 1270 3328 1298 ,
3393 1223 3506 1283 sed
3539 1223 3622 1282 illi
3657 1223 3755 1301 qui
3794 1225 3991 1284 utrius·

2493 1335 2615 1395 que
2646 1315 2840 1393 partis
2888 1316 3284 1377 incommoda
3333 1316 3399 1375 in
3426 1314 3682 1394 publica
3718 1317 3990 1393 guberna·

2489 1410 2657 1469 tione
2690 1407 3115 1486 experiuntur.

2571 1502 2704 1560 Hoc
2734 1519 2882 1577 ergo
2914 1500 3257 1579 suppositO,
3292 1500 3491 1561 multa
3523 1500 3793 1561 dubitari
3820 1502 3991 1561 soleat

2493 1592 2659 1653 circa
2678 1593 2922 1671 praxim
2953 1593 3259 1671 ejusmodi
3281 1593 3517 1671 legum,
3553 1612 3694 1671 quae
3714 1593 3992 1652 deservire

2491 1690 2771 1764 possunt,
2798 1685 3032 1760 utdixi,
3060 1686 3139 1744 ad
3161 1685 3331 1763 leges
3354 1685 3510 1745 alias
3528 1686 3790 1764 pretium
3812 1705 3989 1745 rerum

2494 1779 2757 1838 aliarum
2786 1783 3096 1840 taxanteS.

2577 1871 2780 1931 Primo
2814 1889 2963 1949 ergo
2997 1870 3322 1931 dubitatur
3348 1917 3364 1945 ,
3428 1871 3686 1949 quando
3731 1871 3820 1931 lex
3864 1872 3988 1930 indi·

2493 1965 2671 2043 genis
2702 1964 2849 2024 solis
2878 1970 3089 2025 taxam
3118 1963 3371 2037 indicit,
3408 1982 3536 2024 non
3569 1964 3790 2026 exteris
3818 1984 3993 2042 aspor-

2494 2057 2772 2118 tantibus
2811 2056 2888 2116 de
2918 2057 3068 2117 foris
3098 2057 3373 2118 triticum
3398 2102 3415 2131 ‚
3451 2057 3553 2116 vel
3584 2056 3739 2117 alias
3766 2077 3989 2117 merces.

2494 2169 2575 2210 an
2604 2149 2771 2210 licite
2800 2149 3041 2227 possint
3088 2148 3280 2210 exteri
3338 2149 3595 2226 exigere
3653 2154 3717 2209 et
3765 2150 3992 2209 retinere

2496 2260 2818 2303 excessum
2848 2260 3039 2320 supra
3067 2241 3338 2320 pretium
3364 2287 3378 2315 ,
3433 2259 3560 2319 quo
3615 2261 3693 2301 cx
3724 2242 3993 2302 taxatione

2495 2334 2807 2412 indigenae
2850 2333 2934 2393 ihi
2974 2333 3295 2394 vendunt?
3332 2335 3512 2393 Ratio
3560 2334 3876 2394 dubitandi
3902 2334 3994 2394 ori-

2496 2433 2599 2489 tur
2641 2446 2715 2486 ex
2744 2426 2966 2501 dictis,
3019 2427 3169 2504 quia
3214 2427 3266 2486 si
3311 2428 3587 2505 pretium
3637 2432 3995 2487 taxatumest

2489 2520 2765 2600 justum,
2818 2519 2986 2598 quod
3030 2538 3218 2598 supra
3267 2519 3419 2579 illud
3454 2519 3775 2597 accipiunt
3813 2518 3993 2578 exteri.

2498 2613 2724 2691 injuste
2757 2610 3117 2690 accipiunt:
3165 2611 3214 2670 si
3262 2629 3408 2670 vero
3453 2630 3582 2670 non
3642 2617 3737 2671 est
3770 2610 3991 2687 justum.

2495 2704 2605 2765 sed
2627 2704 2787 2763 insra
2796 2702 2820 2781 j
2831 2709 3058 2777 ustum,
3077 2703 3176 2762 lex
3199 2721 3319 2762 non
3345 2701 3655 2780 obligabit
3684 2703 3992 2779 indigenas.

2498 2797 2938 2875 Respondetur
2975 2795 3155 2875 juxta
3196 2814 3382 2873 supra
3414 2795 3588 2855 dicta
3616 2841 3631 2870 ,
3684 2796 3737 2854 si
3766 2796 3990 2873 pretium

2498 2889 2651 2951 illud
2681 2908 2806 2969 quo
2840 2889 3036 2948 exteri
3063 2888 3346 2948 vendunt
3376 2893 3470 2948 est
3481 2886 3731 2965 justum
3756 2887 3992 2964 vulgum.

2499 3002 2621 3043 non
2652 2978 2979 3042 fraudibus
3000 2998 3115 3041 nec
3142 2980 3516 3059 monopoliis
3537 2980 3881 3053 inductum,
3910 2979 3992 3038 sed

2499 3075 2825 3138 sterilitate
2856 3079 2919 3135 et
2944 3074 3210 3153 penuria
3232 3120 3247 3148 ,
3306 3073 3525 3151 procul
3558 3073 3755 3133 dnbio
3791 3078 3993 3133 extens

2499 3187 2681 3249 posse
2726 3172 2923 3229 totum
2982 3167 3133 3228 illud
3192 3166 3442 3245 exigere
3479 3187 3493 3226 :
3557 3184 3674 3245 pro
3731 3164 3997 3243 indigenis

2499 3267 2711 3324 autem
2740 3261 2841 3321 lex
2869 3261 2973 3321 illa
3000 3259 3165 3340 justa
3196 3260 3314 3321 erit
3346 3307 3361 3334 ,
3418 3259 3470 3320 si
3522 3260 3711 3338 juxta
3758 3260 3995 3336 regulam

2499 3355 2795 3418 traditam
2841 3354 3078 3415 bonum
3108 3371 3440 3414 commune
3484 3353 3567 3412 ad
3621 3353 3871 3414 vitanda
3894 3370 3994 3409 ma-

2494 3449 2637 3528 jora
2675 3447 2842 3506 mala
2887 3446 3219 3525 permittit,
3266 3450 3336 3506 ut
3381 3445 3841 3522 prohibeantur
3880 3463 3994 3503 vrn-

2501 3541 2647 3601 dere
2698 3540 2811 3600 nisi
2865 3539 3024 3598 infra
3079 3538 3361 3598 infimum
3416 3538 3693 3615 pretium
3751 3537 3989 3615 vulgare.

2502 3634 2671 3714 quod
2726 3634 2788 3692 in
2845 3632 3158 3711 aliquibus
3213 3630 3704 3691 circumstantiis
3750 3628 3995 3707 expedire

2502 3731 2727 3807 potest,
2760 3730 2830 3787 ut
2857 3726 3149 3785 diximnS.

2581 3820 2911 3880 Dubitatur
2938 3818 3237 3892 secundo,
3272 3836 3349 3878 an
3381 3817 3431 3877 si
3462 3820 3610 3876 taxa
3641 3817 3721 3877 sit
3749 3816 3928 3894 major
3950 3815 3990 3871 in

2505 3932 2631 3974 una
2678 3912 2964 3986 civitate,
3014 3931 3071 3971 v.
3107 3930 3203 3989 gr.
3257 3909 3571 3983 Perusiaee‚
3630 3915 3694 3970 et
3734 3909 3920 3969 minor
3949 3906 3991 3962 in

2503 4007 2647 4080 alia,
2682 4023 2904 4082 nempe
2936 4007 3147 4064 Romae
3172 4050 3187 4080 ,
3252 4003 3445 4081 possit
3492 4002 3740 4062 babens
3767 4001 3991 4062 triticum

2506 4102 2743 4174 Romae,
2776 4097 3050 4157 vendere
3080 4097 3232 4156 illud
3255 4095 3641 4174 portandum
3671 4096 3799 4156 suis
3818 4110 3997 4172 expen-

2503 4192 2587 4253 sis
2616 4191 2974 4264 Perusiam,
3037 4196 3106 4250 ut
3142 4190 3226 4249 ibi
3260 4189 3441 4268 juxta
3484 4191 3792 4266 majorem
3830 4195 3992 4247 laxam

2505 4285 2831 4346 solvatur?
2863 4283 3336 4361 Respondctur,
3370 4300 3555 4360 posse
3589 4282 3656 4341 id
3690 4282 3816 4341 tie-ri
3844 4281 3886 4339 si
3912 4294 3995 4337 suo

2505 4377 2782 4458 periculo
2815 4380 3042 4454 portet,
3079 4375 3279 4436 donec
3308 4375 3587 4435 Perusiae
3618 4373 3874 4453 emptori
3899 4376 3992 4430 tra·

2507 4472 2693 4531 datur
2727 4489 2739 4529 z
2778 4474 2927 4528 tunc
2957 4468 3123 4527 enim
3146 4472 3507 4528 contractus
3536 4486 3665 4528 nou
3692 4471 3887 4527 Romae
3911 4461 3991 4520 scd

2512 4562 2782 4625 Perusiae
2813 4561 3160 4640 perficitur3
3195 4561 3246 4620 si
3266 4579 3415 4619 vero
3440 4565 3802 4621 contractus
3830 4561 3994 4619 Rome

2512 4656 2764 4717 omnino
2799 4654 3193 4733 perficiatur,
3235 4657 3297 4713 et
3335 4654 3551 4713 statim
3584 4654 3912 4732 periculum
3938 4645 3994 4706 ad

2512 4753 2862 4827 emptorem
2891 4748 3237 4826 pertineat,
3271 4745 3459 4805 debet
3491 4747 3733 4806 servari
3763 4751 3890 4806 taxa
3916 4745 3997 4800 llo·

2511 4860 2723 4918 mana,
2758 4840 2873 4900 nisi
2906 4841 3063 4900 forte
3086 4839 3374 4899 venditor
3395 4838 3769 4899 decreverat
3787 4840 3901 4916 jam
3927 4831 3999 4893 ui·

2513 4936 2707 4997 ticum
2764 4933 2914 4993 illud
2948 4933 3269 4993 Perusiam
3296 4933 3646 4992 transferre
3678 4932 3798 4992 suis
3825 4943 4000 5004 expen-

2512 5030 2617 5105 sis,
2655 5027 2826 5088 utibi
2857 5026 3195 5097 venderem
3231 5029 3379 5085 tunc
3402 5024 3570 5084 enim
3595 5025 3758 5086 ultra
3783 5022 3997 5101 pretium

2518 5125 2906 5196 Romanum,
2953 5123 3015 5178 et
3042 5122 3327 5196 sumptus
3359 5118 3807 5189 translationis,
3846 5115 3999 5192 polest

2514 5215 2796 5293 accipere
2816 5261 2831 5290 ,
2867 5217 3171 5293 quantum
3202 5211 3459 5272 arbitrio
3492 5211 3815 5289 prudentis
3840 5205 3998 5266 valer?

2516 5311 2721 5387 potest
2775 5325 2915 5384 spes
2965 5306 3143 5381 lucri,
3206 5305 3375 5384 quod
3434 5323 3509 5363 ex
3562 5304 3752 5365 tritici
3796 5295 3999 5361 transla-

2517 5401 2684 5462 tione
2700 5418 2952 5478 sperare
2972 5401 3235 5477 poterat.
3263 5398 3354 5459 lta
3370 5397 3590 5459 Molin.
3627 5397 3690 5458 d.
3710 5398 3841 5456 365.
3858 5392 3904 5469 g.
3921 5405 3999 5467 pe·
