4263 6376
478 2464 582 2522 ¹67

697 255 775 314 42
1853 260 1954 321 DE
1994 260 2351 322 JUSTITIA
2393 259 2495 321 ΕΤ
2535 260 2735 322 JURE

1147 774 1569 861 SEGTIO
1658 780 1769 864 XI.

797 1075 862 1136 E
860 1095 906 1138 ,ι’
931 1076 1135 1157 quibus
1162 1097 1350 1139 causis
1375 1078 1608 1141 donatio
1632 1100 1895 1144 revocari
1912 1083 2119 1164 possit.

780 1341 1123 1424 Loquimur
1151 1343 1229 1404 de
1258 1344 1594 1407 donatione
1624 1348 1957 1426 completa,
1992 1354 2055 1412 et
2071 1353 2235 1429 post-

702 1452 892 1514 quam
921 1454 1022 1496 res
1049 1436 1553 1499 donata-transiit
1580 1438 1642 1498 in
1672 1438 2017 1501 dominium
2046 1441 2238 1502 dona-

702 1527 868 1604 tarii,
901 1529 1067 1589 unde
1096 1548 1135 1589 a
1162 1529 1405 1591 fortiori
1451 1532 1763 1592 constabit
1791 1532 1868 1593 de
1901 1533 2237 1595 donatione

704 1625 1048 1700 acceptata,
1080 1622 1189 1682 sed
1221 1622 1501 1683 nondum
1522 1625 1833 1702 completa
1854 1630 1915 1688 et
1936 1627 2235 1705 perfecta,

708 1731 845 1793 quae
867 1713 947 1773 ob
979 1714 1231 1774 easdem
1260 1733 1483 1777 causas
1515 1721 1577 1777 et
1601 1717 1844 1779 facilius
1887 1720 2115 1799 poterit
2145 1739 2242 1781 re-

709 1806 947 1868 vocari.
1007 1807 1214 1868 Prima
1261 1826 1412 1888 ergo
1454 1828 1645 1871 causa
1694 1810 1774 1870 ad
1821 1812 2244 1874 revocandam

707 1898 1107 1961 donationem
1138 1900 1445 1979 assignari
1464 1902 1623 1963 solet
1642 1902 2021 1980 ingratitudo
2052 1905 2243 1967 dona·

707 1991 873 2068 tarii,
907 2011 1048 2071 quae
1077 2010 1268 2054 causa
1293 1994 1502 2055 locum
1532 1994 1724 2057 habet
1752 1995 1815 2056 in
1846 1996 2126 2077 quinque
2150 2017 2248 2060 ca-

711 2084 881 2145 sibus
912 2086 1293 2147 enumeratis
1334 2087 1396 2147 in
1444 2088 1565 2166 leg.
1611 2089 1810 2151 ultim.
1856 2092 1921 2151 C.
1970 2090 2037 2151 de
2080 2110 2248 2153 revo-

711 2176 878 2238 cand.
911 2176 1109 2239 donat.
1146 2183 1207 2240 et
1233 2179 1296 2238 in
1335 2180 1392 2258 ἓ.
1439 2179 1751 2241 Sciendum
1794 2182 1984 2245 instit.
2030 2182 2101 2244 de
2139 2182 2245 2244 do-

711 2278 836 2330 nat.
872 2275 935 2330 et
963 2275 1235 2350 quatuor
1262 2273 1499 2350 priores
1529 2275 1937 2353 ponunturin
1976 2295 2115 2356 cap.
2163 2276 2251 2337 ul-

714 2363 849 2424 tim.
883 2362 953 2425 de
979 2362 1403 2428 donationibus.

799 2457 1040 2517 Primus
1060 2476 1240 2520 casus
1270 2464 1384 2536 est,
1417 2459 1468 2520 si
1500 2460 1863 2523 donatarius
1893 2465 2137 2524 atroces
2158 2461 2252 2522 in-

372 2588 418 2631 1„
436 2587 582 2642 quam,
601 2597 670 2628 ω,
709 2551 909 2630 Jurias
936 2551 1001 2611 in
1031 2551 1398 2614 donatorem
1428 2553 1726 2630 effundat,
1759 2553 1928 2635 quod
1958 2554 2253 2634 intelligi-

370 2642 485 2684 cibus
502 2652 669 2683 rovoca-

372 2696 409 2739 ri
435 2694 566 2749 possit
583 2692 667 2735 do-

393 2748 504 2790 natio
524 2747 577 2789 ob
595 2747 658 2789 in·

374 2801 664 2856 gratitudinem

717 2647 819 2704 tur
847 2643 925 2704 de
954 2644 1159 2706 verbis
1187 2645 1524 2725 injuriosiS,
1560 2651 1623 2707 et
1649 2646 1791 2722 hoc,
1825 2647 1956 2708 sive
1987 2648 2253 2710 donato-

719 2754 786 2798 re
815 2741 1120 2816 praesente
1145 2783 1160 2812 ‚
1195 2738 1325 2798 sive
1354 2737 1612 2800 absente
1647 2759 1660 2799 :
1696 2739 1990 2802 atrocitas
2016 2746 2249 2817 autem,

720 2832 784 2892 et
808 2830 1085 2907 gravitas
1116 2830 1375 2891 arbitrio
1406 2831 1732 2909 prudentis
1753 2831 2101 2911 judicanda
2136 2837 2249 2910 est,

721 2926 785 2983 et
804 2922 1038 3001 regulae
1083 2922 1310 3001 aliquae
1355 2922 1691 2985 traduntur
1719 2924 1780 2984 in
1808 2926 1865 3004 ἓ.
1901 2927 2134 3003 Atrox,
2170 2926 2258 2987 in-

721 3014 846 3076 stit.
880 3014 950 3075 de
975 3014 1229 3093 injuriis.
1283 3016 1348 3077 Si
1378 3020 1587 3078 autem
1638 3035 1761 3078 non
1794 3019 2002 3079 verbis
2031 3019 2140 3080 sed
2170 3020 2259 3079 fa-

722 3107 838 3170 ctis
865 3106 1094 3187 injuria
1116 3107 1286 3168 illata
1315 3108 1432 3185 sit,
1485 3112 1555 3169 ut
1593 3109 1643 3168 si
1670 3128 1910 3171 cornua
1949 3130 2078 3192 prae
2107 3111 2261 3172 sori-

722 3201 838 3263 bus
883 3201 1173 3264 donantis
1219 3202 1699 3282 appendantur,
1735 3204 1937 3266 videri
1987 3206 2260 3267 fortasse

721 3300 951 3377 posset,
988 3314 1112 3357 non
1143 3295 1599 3375 comprehendi
1628 3296 1691 3357 in
1723 3296 1842 3358 hoc
1873 3316 2021 3359 casu
2048 3344 2063 3375 ,
2114 3298 2266 3378 quia

723 3389 917 3450 verba
959 3389 1092 3450 sola
1136 3388 1431 3450 dicuntur
1470 3388 1712 3468 effundi.
1773 3390 2004 3452 Molina
2052 3396 2263 3452 tamen

722 3481 883 3561 disp.
919 3485 1052 3543 181.
1090 3501 1151 3543 n.
1188 3484 1243 3542 1.
1295 3499 1438 3542 cum
1482 3482 1618 3542 aliis
1664 3482 1940 3544 affirmat
1980 3501 2267 3563 compre-

726 3573 940 3650 hendi,
974 3573 1142 3653 quod
1172 3574 1338 3635 idem
1387 3579 1549 3636 esset
1578 3575 1656 3637 de
1700 3594 2094 3655 quacumque
2145 3576 2268 3636 alia

727 3671 946 3728 contra
957 3666 1256 3728 honorem
1274 3666 1593 3728 donatoris
1608 3669 1806 3730 atroci
1821 3668 2070 3749 injuria.
2090 3667 2268 3742 Quod

729 3777 873 3820 cum
901 3760 1199 3838 Gregorio
1231 3762 1436 3840 Lopez
1478 3761 1703 3839 probat
1730 3781 1803 3822 ex
1835 3762 1958 3840 leg.
1993 3762 2268 3839 Hispana

732 3853 806 3913 X.
839 3852 935 3914 tit.
970 3869 1057 3914 lv.
1092 3852 1293 3931 partia
1325 3870 1383 3914 v.
1419 3853 1855 3932 quamdicunt
1883 3855 1964 3916 ad
1996 3855 2113 3916 hoc
2137 3873 2269 3915 esse

733 3944 1339 4018 commendandam3
1374 3946 1522 4025 quia
1550 3947 1627 4007 de
1649 3948 1796 4026 jure
1812 3948 2128 4008 communi
2147 3966 2267 4007 non

736 4041 872 4098 erat
897 4036 1057 4097 adeo
1093 4055 1476 4115 expressum.
1527 4039 1652 4100 Sed
1700 4040 2006 4118 potuisset
2051 4041 2275 4101 melius

734 4130 812 4191 de
832 4128 977 4209 jure
1006 4129 1197 4190 etiam
1235 4132 1552 4191 communi
1598 4131 1662 4191 id
1693 4131 1947 4210 probari
1993 4151 2068 4193 ex
2109 4133 2275 4194 dicto

737 4241 877 4301 cap.
914 4222 1026 4283 ult.
1074 4219 1144 4281 de
1183 4220 1381 4282 donat.
1434 4223 1540 4284 uhi
1587 4242 1712 4284 non
1756 4224 1950 4285 utitur
1995 4225 2278 4286 Pontifex

737 4315 932 4376 verbo
987 4313 1340 4394 effundendi,
1400 4316 1510 4376 sed
1565 4316 1947 4395 generaliter
1992 4317 2181 4392 dicit,
2230 4317 2286 4377 si

736 4408 893 4488 sorte
917 4406 1031 4468 sibi
1055 4417 1277 4468 atroces
1305 4407 1553 4488 injurias
1574 4408 1794 4490 inferre
1809 4409 2281 4491 proesumpserit,

744 4518 886 4581 quae
916 4501 1112 4562 verba
1136 4499 1272 4561 illas
1302 4501 1490 4563 etiam
1518 4502 1674 4563 alias
1701 4501 1969 4581 injurias
2001 4521 2284 4581 compre-

745 4592 1054 4655 hendunn

830 4686 1157 4750 Secundus
1187 4705 1369 4748 casus
1414 4690 1546 4761 est,
1594 4687 1643 4747 si
1692 4687 2187 4767 manusimpias
2218 4688 2281 4748 in

747 4781 1087 4843 donantem
1121 4779 1380 4857 inferat,
1414 4780 1586 4860 quod
1611 4781 1980 4860 intelligitur
2015 4782 2091 4842 de
2139 4801 2288 4861 qua·

753 4874 846 4936 vis
904 4872 1305 4954 percussione
1329 4920 1345 4948 ,
1404 4874 1536 4934 sive
1592 4893 1782 4935 manu
1808 4921 1824 4949 ,
1898 4875 2029 4935 sive
2086 4875 2283 4951 ferro,

748 4968 878 5029 sive
921 4967 1044 5028 telo
1070 5013 1085 5042 ‚
1136 4966 1266 5027 sive
1309 4965 1428 5027 alio
1477 4966 1890 5029 instrumento
1933 4968 2077 5045 fiat,
2129 4968 2291 5029 sicut

751 5060 878 5122 dici
931 5059 1092 5122 solet
1151 5059 1229 5120 de
1284 5077 1588 5120 manuum
1633 5059 1968 5139 injectione
2017 5060 2291 5122 violenta

753 5154 818 5215 in
860 5153 1155 5215 clericum
1185 5154 1267 5213 ad
1295 5152 1737 5214 incurrendam
1782 5154 2293 5214 excommunica-

755 5247 1014 5310 tionem.

838 5340 1086 5402 Tertius
1115 5356 1298 5401 casus
1328 5342 1442 5415 est,
1474 5339 1528 5401 si
1556 5339 1829 5402 notabile
1846 5338 2294 5401 detrimentum

761 5431 942 5495 bonis
973 5430 1292 5493 donatoris
1326 5431 1689 5496 donatarius
1717 5431 1949 5513 injuste
1977 5433 2288 5495 intulerit:

2328 455 2453 499 non
2502 437 2670 497 enim
2717 436 3164 516 quodcumque
3201 435 3649 498 detrimentum
3689 436 3857 497 suffi-

2326 530 2498 591 ciens
2525 530 2680 591 alias
2699 529 2781 590 ad
2809 533 3137 608 peccatum
3159 529 3427 590 mortale
3454 528 3719 600 sufficit;
3751 526 3859 589 sed

2326 621 2668 701 requiritur
2697 621 2992 693 notabile,
3066 622 3188 681 uod
3219 622 3316 681 lex
3346 621 3452 681 illa
3473 620 3693 681 ultima
3711 620 3862 681 dixit

2325 721 2441 762 non
2470 701 2647 762 levem
2689 720 2914 762 sensum
2956 720 3023 761 su
3059 701 3293 762 stantioe
3336 700 3633 762 donatoris
3673 701 3860 782 impo-

2326 803 2431 855 nat
2450 813 2473 856 .·
2494 796 2598 873 jus
2629 799 2839 855 autem
2869 793 3235 855 canonicum
3270 794 3334 852 in
3364 793 3465 854 illo
3494 811 3634 871 cap.
3661 793 3859 855 ultim.

2330 886 2485 947 dixit
2515 905 2698 964 ‚orave
2732 904 2930 947 rerum
2974 904 3215 946 suarum
3243 884 3563 960 dmnnum;
3608 904 3733 948 non
3776 889 3865 946 ta-

2330 997 2475 1039 men
2502 978 2873 1058 requiritur,
2927 984 2996 1039 ut
3040 978 3234 1058 aliqui
3283 979 3650 1055 valuerunt,
3698 977 3866 1057 quod

2333 1072 2646 1151 pertingat
2671 1071 2753 1133 ad
2783 1070 3187 1132 medietatem
3231 1070 3542 1132 bonorum
3561 1118 3579 1147 ,
3629 1071 3739 1132 sed
3768 1089 3870 1132 ar-

2332 1164 2517 1225 bitrio
2555 1164 2788 1243 judicis
2816 1164 3210 1243 pensandum
3239 1169 3368 1239 est,
3403 1164 3637 1226 Molina
3669 1167 3865 1241 putat,

2334 1256 2451 1318 sub
2481 1255 2575 1316 his
2603 1256 2809 1317 verbis
2840 1256 3292 1335 comprehendi
3321 1275 3465 1317 eum
3489 1303 3505 1332 ,
3539 1256 3646 1336 qui
3678 1255 3871 1317 dona·

2336 1349 2563 1411 tarium
2592 1354 2846 1411 accusat
2874 1348 2951 1409 de
2981 1349 3240 1410 crimine
3268 1396 3284 1424 ,
3326 1349 3407 1410 ob
3437 1349 3607 1429 quod
3637 1367 3762 1410 non
3788 1348 3872 1409 le-

2338 1460 2483 1503 vem
2510 1441 2816 1521 jacturam
2861 1442 2925 1501 in
2966 1442 3096 1502 suis
3138 1441 3320 1504 bonis
3348 1442 3619 1504 externis
3663 1442 3745 1501 sit
3778 1442 3873 1501 in-

2340 1553 2656 1596 cursurus,
2691 1536 2823 1595 Hoc
2848 1538 3059 1595 tamen
3081 1580 3097 1610 ,
3144 1534 3197 1595 si
3226 1534 3610 1614 intelligatur
3635 1534 3716 1595 de
3744 1535 3876 1595 sola

2343 1626 2759 1702 accusatione,
2794 1644 2917 1687 non
2948 1631 3164 1689 secuta
3196 1632 3416 1706 postea
3443 1626 3757 1688 bonorum
3778 1626 3876 1707 ja-

2342 1723 2541 1795 ctura,
2573 1719 2797 1780 falsum
2828 1718 3076 1782 videtur
3098 1766 3113 1795 ‚
3147 1719 3371 1781 stando
3402 1720 3623 1780 saltem
3649 1719 3714 1779 in
3737 1718 3877 1798 jure

2344 1811 2660 1873 communi
2702 1830 2715 1872 :
2764 1830 2911 1872 nam
2956 1812 3055 1872 lex
3103 1812 3300 1873 civilis
3338 1818 3403 1874 et
3440 1812 3745 1873 canonica
3787 1812 3879 1873 lo-

2346 1908 2623 1985 quuntur
2648 1904 2727 1964 de
2757 1904 2985 1966 damno
3016 1904 3078 1965 in
3109 1905 3374 1967 fortunis
3401 1905 3572 1966 illato
3597 1951 3613 1981 ,
3647 1923 3774 1966 non
3800 1904 3879 1965 de

2346 1997 2548 2059 solum
2589 2000 2894 2059 attentato
2920 2043 2935 2073 ,
2986 1996 3189 2075 magis
3231 1997 3503 2059 dubitari
3550 2003 3763 2077 posset
3802 1997 3880 2057 de

2346 2090 2467 2151 alio
2498 2089 2687 2150 verbo
2717 2089 2781 2149 in
2809 2089 2947 2167 lege
2977 2090 3199 2169 posite,
3234 2108 3460 2168 nempe
3486 2110 3500 2151 :
3526 2108 3600 2151 es:
3627 2089 3877 2166 insidiis,

2349 2201 2473 2263 quo
2502 2182 2752 2242 videtur
2780 2181 2945 2262 exigi
2974 2181 3140 2260 quod
3171 2181 3470 2244 damnum
3493 2182 3641 2243 illud
3664 2201 3776 2260 per
3795 2183 3883 2242 in-

2348 2275 2539 2336 sidias
2585 2274 2906 2336 inferatur.
2971 2274 3095 2336 Sed
3154 2275 3414 2335 verbum
3459 2275 3613 2336 illud
3658 2277 3883 2338 merito

2352 2367 2651 2429 omissum
2682 2366 2798 2427 fuit
2836 2366 2900 2426 in
2940 2366 3079 2444 lege
3126 2368 3466 2444 canonica,
3513 2374 3577 2429 et
3619 2368 3883 2430 fortasse

2351 2479 2465 2541 per
2491 2477 2769 2521 errorem
2797 2458 3045 2539 irrepsit
3088 2460 3151 2519 in
3182 2464 3420 2521 textum
3450 2461 3777 2541 vulgatum
3804 2462 3887 2521 le-

2352 2554 2448 2633 gis
2477 2553 2675 2614 civilis
2696 2599 2712 2628 ,
2757 2570 2903 2612 nam
2943 2552 3007 2612 in
3035 2551 3171 2613 aliis
3214 2552 3533 2616 codicibus
3562 2572 3687 2616 non
3715 2555 3890 2614 inve-

2355 2647 2555 2722 nitur,
2602 2644 2708 2705 sed
2740 2645 2877 2705 loco
2908 2644 3070 2705 illius
3099 2645 3306 2706 verbis
3330 2692 3346 2721 ,
3396 2665 3471 2707 ex
3498 2645 3723 2708 insidiis
3746 2646 3884 2721 suis,

2352 2739 2581 2819 legitur
2609 2756 2682 2798 esc
2708 2737 2942 2813 injuriis
2964 2737 3103 2813 suiv,
3136 2743 3208 2800 ut
3233 2743 3485 2801 notatur
3512 2738 3576 2799 in
3605 2740 3889 2818 margine

2356 2832 2438 2893 ad
2491 2835 2731 2893 textum
2784 2831 2960 2890 illum
3012 2851 3026 2893 2
3078 2850 3218 2910 quae
3265 2832 3459 2893 verba
3514 2832 3889 2893 universalia

2356 2928 2521 2999 sunt,
2569 2927 2632 2985 et
2676 2921 3217 3002 comprehendunt
3256 2924 3583 3004 quodlibet
3621 2924 3892 2986 notabile

2360 3016 2805 3077 detrimentum
2832 3016 3062 3095 injuste
3106 3016 3347 3077 illatum
3375 3017 3440 3077 in
3486 3016 3667 3078 bonis
3704 3017 3896 3078 dona-

2361 3109 2534 3171 toris.

2444 3204 2713 3277 Quartus
2740 3221 2922 3263 casus
2951 3207 3080 3279 est,
3131 3203 3183 3263 si
3214 3203 3356 3266 vitae
3408 3202 3756 3281 periculum
3786 3201 3891 3263 do·

2364 3296 2563 3357 natori
2595 3295 2819 3371 intulit,
2854 3295 3023 3374 quod
3054 3295 3441 3374 intelligitur,
3478 3295 3530 3356 si
3557 3295 3767 3357 intulit
3785 3314 3899 3375 per

2364 3408 2430 3450 se
2458 3388 2555 3449 vel
2586 3407 2698 3466 per
2723 3388 2918 3448 alium
2940 3435 2956 3464 ‚
2991 3406 3108 3449 nec
3152 3388 3492 3468 requiritur
3520 3389 3690 3467 quod
3730 3406 3900 3450 mors

2366 3481 2687 3542 donatoris
2716 3486 2930 3542 secuta
2969 3481 3085 3557 sit,
3138 3481 3367 3543 sufficit
3411 3481 3578 3560 quod
3628 3481 3904 3543 intulerit

2369 3573 2717 3652 periculum
2741 3619 2757 3649 ,
2810 3591 2934 3634 non
2964 3577 3173 3634 tamen
3204 3574 3435 3635 sufficit
3462 3574 3631 3653 quod
3664 3573 3904 3651 pericu-

2364 3667 2497 3726 lum
2523 3665 2801 3727 intulerit
2826 3666 3273 3743 mutilationis,
3307 3685 3451 3728 cum
3499 3666 3601 3726 lex
3648 3667 3727 3727 de
3772 3667 3903 3728 solo

2370 3759 2513 3820 vitae
2543 3758 2819 3836 periculo
2849 3758 3163 3836 loquatur.

2453 3851 2717 3925 Quintus
2745 3869 2927 3912 casus
2957 3856 3050 3913 est
3077 3897 3093 3925 ,
3133 3851 3184 3913 si
3215 3851 3580 3913 donatarius
3607 3869 3731 3912 non
3763 3852 3911 3913 velit·

2376 3944 2630 4023 implere
2686 3944 3133 4005 conventiones
3158 3989 3173 4019 ,
3240 3962 3352 4004 seu
3408 3944 3778 4022 gravamina
3830 3944 3910 4004 ad

2376 4056 2516 4119 quae
2545 4038 2776 4115 scripto
2807 4041 2918 4098 aut
2946 4038 3136 4097 verbo
3182 4055 3249 4097 se
3293 4037 3357 4097 in
3387 4037 3724 4099 donatione
3748 4037 3911 4098 obli-

2376 4135 2657 4211 gaverat.
2694 4129 2809 4203 Qui
2850 4148 3031 4190 casus
3073 4130 3428 4191 continetur
3473 4129 3536 4189 in
3566 4129 3742 4192 dicta
3787 4129 3909 4209 leg.

2379 4225 2491 4285 ult.
2526 4223 2589 4283 in
2619 4222 2784 4283 dicto
2816 4227 3026 4284 autem
3068 4241 3206 4300 cap.
3243 4221 3351 4283 ult.
3385 4220 3456 4282 de
3495 4220 3693 4283 donat.
3727 4223 3917 4283 omis-

2378 4337 2484 4379 sus
2515 4320 2608 4377 est
2640 4336 2653 4377 :
2690 4317 2953 4377 fortasse
2981 4315 3130 4395 quia
3175 4315 3276 4376 hic
3326 4333 3447 4375 non
3487 4320 3616 4376 tam
3647 4317 3921 4395 pertinet

2380 4409 2461 4473 ad
2490 4408 2959 4489 gratitudinem,
2994 4427 3184 4487 quam
3214 4408 3295 4468 ad
3314 4407 3658 4486 justitiam,
3690 4428 3765 4469 ex
3795 4428 3920 4488 qua

2382 4502 2745 4565 donatarius
2801 4501 3116 4563 tenebitur
3161 4502 3497 4562 observare
3553 4502 3922 4579 gravamina

2385 4615 2525 4676 quae
2552 4596 2996 4674 spoponderat.
3028 4593 3280 4673 Aliquid
3310 4597 3520 4654 tamen
3549 4593 3720 4654 aliud
3748 4594 3924 4655 addi-

2383 4693 2486 4750 tur
2527 4692 2756 4768 praeter
2809 4686 3256 4764 obligationem
3310 4685 3479 4746 illam
3525 4703 3924 4746 communem

2378 4781 2677 4861 justitiae3
2711 4799 2857 4841 nam
2890 4799 2963 4841 ex
2998 4779 3243 4859 justitia
3281 4779 3484 4839 solum
3514 4778 3658 4856 cogi
3685 4777 3925 4858 potuis-

2386 4878 2483 4935 set
2511 4873 2875 4935 donatarius
2918 4873 2998 4933 ad
3047 4870 3441 4932 observanda
3469 4871 3817 4949 promissa;
3852 4889 3928 4930 ex

2390 4967 2451 5027 vi
2480 4972 2691 5028 autem
2720 4965 3036 5046 praedictae
3064 4964 3222 5042 legis
3266 4965 3497 5044 poterit
3536 4963 3802 5025 donator
3830 4982 3932 5025 re-

2390 5078 2615 5121 vocare
2644 5059 2833 5121 etiam
2863 5058 3269 5119 donationem
3297 5057 3360 5116 in
3381 5073 3641 5135 poenam
3672 5056 3933 5135 promis-

2391 5153 2583 5214 sionis
2613 5171 2735 5213 non
2768 5152 3115 5214 observatae
3134 5197 3151 5227 ‚
3185 5168 3325 5228 quae
3354 5153 3450 5210 est
3477 5149 3716 5228 species
3741 5150 3930 5211 etiam

2393 5245 2603 5325 aliqua
2630 5243 3120 5324 ingratitudiniS,
3154 5249 3225 5305 ut
3251 5242 3495 5303 notavit
3522 5242 3683 5303 bene
3713 5241 3932 5303 Rebel-

2393 5337 2492 5398 lus
2523 5337 2631 5398 lib.
2666 5338 2882 5399 XVIII.
2919 5357 2980 5416 q.
3015 5353 3100 5398 lx.
3134 5355 3197 5397 n.
3231 5338 3291 5397 3.

2477 5430 2654 5494 Circa
2680 5431 2794 5492 hos
2824 5430 3099 5512 quinque
3121 5426 3587 5507 ingratitudinis
3617 5445 3798 5489 casus
3828 5427 3934 5488 ad·

4086 5435 4183 5498 168
