4263 6376
601 1023 681 1085 60

480 1151 547 1194 Λα

602 4020 675 4080 61

508 4145 613 4200 Quid
638 4144 805 4188 inam-

508 4199 806 4299 enar

816 378 937 437 696

813 551 1029 630 Jndice
1079 551 1509 630 interrogante
1555 549 1933 632 generaliter
1985 548 2108 610 hoc
2154 548 2369 609 incon-

822 645 1081 706 veniens
1138 649 1381 707 cessat:
1414 645 1469 705 si
1522 646 1736 705 autem
1768 645 1991 723 postea
2029 660 2146 721 per
2189 641 2367 702 testis

823 738 1279 817 depositionem
1308 738 1667 813 infametur,
1702 737 1839 815 jam
1867 740 2018 798 tunc
2047 754 2173 796 non
2210 734 2367 795 infa-

822 835 1033 893 matur
1060 831 1386 908 innocens,
1420 829 1533 891 sed
1571 829 1815 909 00111115,
1852 829 1913 892 10
1958 846 2082 910 quo
2125 827 2369 890 nullum

828 927 921 985 est
937 924 1409 987 inconveniens

907 1016 1118 1079 Tertia
1143 1017 1364 1096 regula
1415 1016 1771 1079 communis
1813 1014 1984 1075 circa
2010 1013 2366 1093 inquisitio-

713 1160 780 1192 em
828 1129 973 1171 nem
1002 1110 1341 1190 specialem
1391 1115 1506 1189 est,
1556 1129 1681 1171 non
1721 1126 1906 1189 posse
1945 1107 2229 1188 J’udicem
2274 1107 2373 1166 in·-

525 1203 782 1313 quffiffim
830 1204 1081 1284 quimre
1112 1203 1192 1264 de
1235 1222 1509 1283 persona
1556 1200 1941 1288 particulari,
1987 1200 2107 1261 nisi
2139 1217 2370 1280 1111000-

496 1311 769 1409 m·-
831 1297 1018 1359 dente
1067 1296 1279 1377 aliqua
1319 1296 1601 1372 infamia,
1651 1296 1740 1356 ita
1785 1294 2067 1374 theologi
2113 1312 2258 1355 cum
2300 1294 2363 1355 S,

830 1391 1075 1454 Thoma
1103 1389 1275 1469 apud
1305 1390 1541 1452 Suarez
1567 1387 1674 1451 ubi
1708 1406 1896 1467 supra
1934 1405 2073 1468 cap.
2110 1404 2222 1449 ΧΠ.
2258 1405 2365 1447 nu.

832 1488 890 1546 1.
924 1488 988 1546 01
1012 1482 1299 1545 Lessium
1329 1481 1479 1544 duh.
1513 1498 1617 1544 xv.
1683 1481 1967 1544 Sumitur
1997 1484 2209 1542 autem
2236 1479 2372 1539 haec

827 1577 1049 1655 regula
1088 1595 1164 1637 ex
1191 1594 1330 1656 cap.
1364 1574 1784 1657 Inquisitionis,
1842 1574 1896 1654 g.
1931 1590 2032 1636 111.
2075 1573 2146 1636 de
2174 1571 2367 1654 judic.

832 1669 941 1731 ubi
983 1668 1211 1730 dicitur
1270 1688 1283 1729 ε
1355 1689 1384 1726 (ι
1411 1667 1664 1730 Nullum
1720 1685 1856 1727 esse
1907 1686 2020 1748 pro
2082 1665 2368 1742 crimine,

833 1781 1023 1841 super
1049 1779 1173 1842 quo
1222 1778 1348 1822 non
1377 1761 1624 1824 laboret
1651 1760 1929 1830 infamia,
1984 1779 2097 1822 seu
2142 1760 2373 1821 clamo-

833 1874 977 1917 rosa
1005 1855 1342 1924 insinuatio
1364 1873 1491 1916 non
1507 1853 1921 1934 praecesserit,
1951 1853 2367 1934 puniendum,

834 1949 1115 2032 quinimo
1140 1967 1332 2028 super
1364 1948 1484 2009 1100
1514 1946 1936 2028 depositiones
1980 1950 2200 2008 contra
2230 1963 2374 2007 eum

833 2043 1032 2122 recipi
1071 2061 1196 2103 non
1224 2041 1480 2119 debere,
1537 2058 1682 2102 cum
1725 2039 2047 2120 inquisitio
2095 2039 2233 2101 fieri
2264 2039 2376 2100 de-

834 2138 984 2199 beat
1012 2133 1408 2196 solummodo
1456 2151 1644 2212 super
1688 2132 1809 2194 illis
1865 2132 1943 2193 de
1974 2131 2201 2214 quibus
2248 2132 2375 2193 ela·

835 2248 1045 2291 mores
1072 2227 1270 2306 aliqui
1297 2226 1757 2308 praecesserint.
1790 2248 1820 2284 υ
1881 2226 2060 2287 Idem
2107 2225 2376 2287 habetur

838 2322 902 2383 in
959 2339 1102 2400 cap.
1152 2319 1302 2381 Cum
1358 2327 1649 2401 oporteat,
1700 2322 1763 2381 et
1808 2314 1971 2398 cap.'
2011 2318 2272 2394 Qualiter
2323 2325 2382 2378 et

838 2412 1094 2496 qnando,
1128 2411 1323 2474 eodem
1352 2411 1542 2489 titulo,
1592 2411 1702 2472 uhi
1731 2413 2140 2473 confirmatur
2167 2429 2378 2484 exem-

838 2508 943 2586 plo
996 2505 1185 2568 villici
1244 2504 1612 2584 evangelici,
1672 2504 1774 2565 cui
1816 2505 2119 2566 Dominus
2172 2505 2327 2566 dixit
2359 2524 2373 2566 ε

843 2598 999 2677 Quid
1012 2598 1118 2660 1100
1143 2596 1318 2660 audio
1345 2596 1414 2659 de
1432 2606 1487 2659 te
1507 2596 1536 2657 ἱ)
1553 2595 1752 2660 Redde
1778 2599 2064 2660 rationem
2076 2597 2377 2659 villicatio-

837 2693 928 2754 nis
947 2700 1105 2769 luoe;
1130 2695 1194 2754 et
1208 2711 1284 2752 ex
1302 2691 1410 2753 illo
1432 2692 1654 2754 610005.
1687 2694 2000 2768 xvn1,20;
2032 2691 2141 2752 uhi
2172 2690 2379 2753 Domi-

842 2805 958 2847 nus
989 2786 1066 2846 de
1095 2785 1324 2847 delicto
1353 2784 1776 2847 Sodomorum
1807 2784 1894 2847 ait
1928 2804 1944 2846 :
1995 2783 2373 2858 Descendam,

839 2889 894 2941 et
918 2877 1140 2956 videbe,
1183 2885 1383 2937 utrum
1425 2877 1757 2951 clamorem,
1808 2876 1912 2957 qui
1964 2876 2123 2938 venit
2162 2876 2243 2939 ad
2264 2896 2374 2951 me,

841 2992 1013 3055 opere
1064 2971 1495 3053 compleverint.
1559 2971 1741 3034 Ratio
1797 2974 2009 3033 autem
2055 2975 2171 3050 est,
2233 2971 2382 3052 quia

843 3065 1146 3145 quamdiu
1176 3063 1402 3144 aliquis
1432 3063 1623 3125 habet
1662 3064 1899 3125 honum
1950 3082 2202 3142 nomen,
2254 3083 2381 3125 non

843 3163 1050 3241 potest
1086 3157 1192 3219 illo
1242 3156 1378 3217 sine
1424 3173 1617 3217 causa
1661 3155 1955 3235 spoliari;
2010 3155 2382 3219 redderetur

845 3256 1056 3314 autem
1099 3253 1427 3331 suspectus
1469 3252 1533 3312 et
1559 3249 1773 3329 aliquo
1819 3249 2008 3311 modo
2054 3249 2382 3312 deterioris

847 3348 1032 3407 famae
1078 3362 1194 3425 per
1243 3342 1580 3422 ipsammet
1621 3341 2092 3423 inquisitionem
2147 3343 2385 3423 specia-

846 3440 972 3501 lem
1023 3458 1037 3500 :
1087 3454 1304 3499 omnes
1335 3435 1504 3496 enim
1532 3435 1754 3497 merito
1804 3436 2272 3516 suspicarentur
2310 3436 2385 3497 il-

845 3532 1001 3608 lum,
1033 3529 1112 3590 de
1143 3546 1267 3609 quo
1297 3527 1634 3608 inquiritur
1658 3546 1739 3589 an
1766 3528 1849 3591 sit
1874 3547 2097 3608 magus
2125 3529 2228 3590 vel
2255 3529 2386 3591 1110-

846 3624 1101 3699 reticus,
1136 3622 1412 3702 aliquam
1438 3638 1700 3700 gravem
1722 3622 2117 3684 occasionem
2137 3622 2383 3684 dedisse

849 3717 932 3779 ad
959 3716 1134 3776 illam
1163 3713 1631 3795 inquisitionem
1661 3712 2038 3776 faciendam.
2073 3715 2277 3789 Quare
2304 3715 2384 3776 ad

848 3810 1055 3871 minus
1087 3808 1164 3868 de
1186 3806 1329 3888 jure
1360 3806 1550 3868 etiam
1568 3809 1808 3869 naturae
1835 3806 2176 3887 requiritur
2194 3826 2383 3871 causa

850 3921 1082 3981 gravis.

933 3994 1197 4056 Nomine
1227 3996 1440 4056 autem
1467 3992 1765 4071 infamiae,
1821 4010 1962 4073 quae
2010 3994 2383 4076 (10ὴο111101-

852 4088 1099 4164 cedere,
1150 4086 1510 4166 intelligunt
1554 4104 1908 4147 communem
1956 4087 2282 4168 opinionem
2311 4107 2386 4150 ex

849 4180 1169 4263 suspicione
1185 4188 1543 4261 qeneratam,
1563 4181 1746 4259 Juxta
1764 4180 2193 4242 definitionem
2208 4183 2377 4243 Bart.

852 4274 917 4335 in
945 4275 1067 4350 leg.
1102 4272 1191 4333 De
1219 4272 1460 4348 minore,
1496 4274 1553 4353 ἓ.
1595 4272 1925 4348 Tormenta,
1970 4292 2076 4335 nu.
2111 4278 2170 4335 7.
2218 4275 2282 4335 ff.
2318 4273 2387 4335 de

853 4364 1217 4449 quaestionib.
1268 4365 1470 4447 qualis
1522 4370 1733 4428 autem
1780 4365 2009 4429 debeat
2064 4385 2202 4429 esse
2249 4367 2386 4430 haec

852 4459 1203 4522 communis
1233 4459 1471 4539 opinio,
1524 4459 1715 4539 aliqui
1764 4460 2099 4539 explicant,
2152 4459 2384 4522 dehere

853 4572 988 4615 esse
1016 4552 1273 4633 majoris
1300 4553 1497 4632 partis
1524 4553 1791 4630 viciniae,
1842 4554 1942 4614 vel
1970 4553 2238 4633 collegii,
2285 4555 2386 4616 vel

850 4644 1297 4724 universitatis,
1346 4647 1413 4707 in
1443 4664 1567 4727 qua
1612 4651 2059 4709 commoratur.
2111 4648 2206 4709 Ita
2232 4650 2382 4710 Les-

852 4741 979 4801 sius
1009 4739 1117 4800 ubi
1146 4758 1339 4818 supra
1366 4758 1472 4801 nu.
1505 4742 1640 4801 123.
1675 4757 1820 4801 cum
1851 4738 2171 4820 Caietam,
2204 4742 2379 4817 Soio,

854 4836 917 4894 et
944 4832 1101 4894 aliis,
1164 4832 1290 4894 Alii
1334 4832 1581 4910 dicunt,
1630 4851 1756 4894 non
1796 4832 2033 4914 requiri
2076 4831 2385 4913 majorem

852 4930 1117 5005 partem,
1164 4925 1275 4987 sed
1307 4925 1565 4988 arbitrio
1608 4925 1934 5005 prudentis
1962 4926 2378 5005 pensandum,

856 5037 936 5079 an
966 5019 1199 5081 haheat
1224 5023 1534 5100 quantum
1561 5019 1813 5096 sufficit,
1845 5022 1916 5080 ut
1942 5018 2192 5080 dicatur
2220 5038 2387 5082 com-

852 5111 1059 5174 munis
1107 5130 1324 5173 rumor
1372 5115 1436 5175 et
1478 5111 1789 5191 puhlicuS,
1841 5112 1930 5173 ita
1959 5113 2194 5174 Suarez
2238 5131 2377 5193 cap.

851 5222 963 5270 x11.
997 5224 1061 5268 n.
1085 5209 1183 5266 22.
1220 5209 1283 5266 et
1309 5204 1660 5286 sequentib.
1693 5203 2039 5283 etquidem
2060 5225 2186 5266 non
2215 5206 2385 5268 vide-

850 5304 953 5361 tur
999 5298 1121 5359 alia
1163 5298 1385 5378 regula
1429 5298 1492 5358 in
1540 5297 1663 5359 1100
1711 5297 2093 5374 adhihenda,
2149 5299 2267 5360 nisi
2309 5318 2385 5362 ea

849 5410 987 5472 quae
1007 5390 1323 5453 sufficiant
1343 5392 1422 5453 ad
1446 5392 1867 5453 excusandam
1888 5391 2343 5454 detractionem
2362 5413 2377 5468 ;

847 5503 994 5546 nam
1022 5485 1184 5546 sicut
1208 5484 1450 5548 malitia
1469 5484 1869 5547 detractionis
1899 5489 2101 5547 cessat
2129 5485 2381 5566 quando

848 5578 1150 5656 defectus,
1182 5579 1292 5658 qui
1311 5578 1560 5657 dicitur,
1594 5582 1687 5642 est
1707 5577 2025 5661 publicus;
2050 5580 2186 5659 jam
2208 5579 2378 5640 enim

1987 370 2090 431 DE
2131 359 2490 431 JUS'PI'PIA
2533 370 2636 430 m*
2678 369 2879 431 JURE

2472 552 2625 611 tunc
2652 566 2779 610 non
2823 547 3074 611 laeditur
3102 548 3273 610 fama
3328 569 3344 611 2
3403 550 3495 611 sic
3531 550 3723 613 etiam
3768 549 4020 612 bonum

2464 641 2651 703 famae
2676 641 3127 705 conservandae
3156 661 3285 704 non
3326 643 3695 718 attenditur,
3751 643 4017 724 quando

2466 734 2703 795 crimen
2753 735 2924 815 quod
2969 735 3674 814 judicimanifestatur,
3735 740 3877 798 erat
3924 737 4023 798 ita

2467 827 2775 907 publicus,
2827 831 2898 890 ut
2924 828 3061 889 sine
3100 828 3249 891 vitio
3297 829 3705 893 detractionis
3750 832 4020 909 possent

2467 920 2757 983 homines
2786 922 2865 981 de
2893 921 3000 984 illo
3030 923 3452 998 communiter
3474 924 3672 1004 loqui.

2547 1014 2903 1076 Advertunt
2941 1018 3156 1077 tamen
3198 1016 3263 1077 in
3309 1017 3603 1097 praesenti
3659 1017 3811 1079 duo.
3873 1017 4023 1079 Pri-

2474 1124 2652 1168 mum
2679 1106 2844 1168 hanc
2860 1107 3098 1169 famam
3121 1108 3355 1171 dehere
3386 1109 3626 1173 attendi
3656 1108 4022 1172 secundum

2468 1200 2790 1274 radicem;
2851 1219 2932 1261 an
2971 1201 3208 1264 scilicet
3253 1202 3493 1264 oriatur
3538 1222 3615 1263 ex
3655 1202 4018 1279 malevolis,

2469 1293 2569 1356 vel
2601 1312 2677 1353 ex
2702 1293 3033 1356 levissimis
3060 1294 3423 1357 hominihus
3456 1314 3473 1361 :
3518 1296 3656 1357 haec
3682 1297 3855 1358 enim
3884 1313 4023 1356 non

2469 1390 2778 1465 generant
2802 1406 3021 1448 veram
3069 1388 3416 1451 infamiam.
3480 1390 3846 1452 Secundum
3891 1392 4016 1465 est,

2470 1497 2652 1559 posse
2681 1498 2816 1540 esse
2855 1480 3131 1559 aliquem
3176 1480 3551 1544 infamatum
3597 1482 3676 1545 (10
3722 1500 3851 1544 1100
3896 1481 4035 1544 cri-

2470 1573 2661 1650 mine,
2709 1577 3012 1635 ettamen
3040 1573 3162 1635 hoc
3187 1593 3315 1636 non
3345 1575 3655 1653 sufficere,
3710 1579 3783 1638 ut
3806 1574 4025 1655 inqui-

2470 1669 2644 1727 ratur
2672 1665 2749 1726 de
2778 1666 2916 1726 aliis
2948 1666 3284 1745 disparatis
3332 1687 3348 1729 :
3395 1669 3564 1729 tama
3592 1669 3764 1729 enim
3794 1672 3896 1729 est
3926 1667 4022 1727 di-

2469 1758 2755 1836 visibiliS,
2807 1764 2869 1821 01
2897 1763 3104 1838 potest
3154 1760 3366 1822 adhuc
3391 1761 3456 1822 in
3499 1761 3622 1826 alio
3668 1761 3820 1825 vitio
3867 1760 4025 1822 reti-

2471 1870 2621 1913 nere
2651 1852 2891 1914 bonum
2920 1871 3153 1914 nomen
3194 1858 3260 1925 et
3299 1854 3850 1917 existimationem.
3907 1855 4026 1916 Se-

2471 1963 2582 2007 cus
2611 1950 2775 2009 esset
2803 1946 2882 2007 (10
2911 1944 3078 2008 vitiis
3104 1947 3385 2025 annexis,
3438 1965 3708 2027 quorum
3733 1945 4019 2026 suspicio

2470 2042 2811 2118 generatur
2838 2057 2914 2100 ex
2952 2039 3112 2117 aliis,
3159 2058 3351 2119 super
3380 2039 3606 2120 quibus
3626 2039 3768 2119 jam
3796 2042 3895 2100 est
3924 2037 4023 2099 in-

2471 2131 2767 2211 famatus,
2801 2137 2872 2195 ut
2898 2135 3121 2212 postea
3148 2132 3523 2195 videbimus,

2553 2224 2651 2286 Ab
2680 2224 2802 2286 hac
2846 2224 3029 2287 tertia
3060 2226 3282 2305 regula
3325 2225 3604 2306 generali
3658 2224 3868 2304 excipi
3912 2242 4018 2286 so-

2473 2318 2606 2378 lent
2631 2317 2812 2379 multi
2840 2335 3042 2396 casus,
3075 2317 3142 2379 in
3172 2318 3398 2398 quibus
3419 2319 3552 2380 sine
3569 2317 3833 2379 infamia
3858 2336 4021 2397 prae-

2475 2410 2721 2472 cedenti
2753 2413 2961 2489 potest
2978 2410 3176 2491 judex
3206 2411 3559 2491 specialiter
3586 2411 3910 2492 inquirere
3940 2411 4020 2473 de
4088 2433 4212 2484 mr!

2476 2503 2690 2583 aliqua
2717 2522 3012 2581 persona.
4120 2487 4212 2571 ΞΕ

2560 2597 2804 2657 Primus
2832 2601 2928 2658 est
2972 2597 3035 2658 in
3084 2597 3347 2659 crimine
3394 2598 3652 2660 haeresis
3698 2601 3765 2660 et
3795 2598 4021 2660 simili·

2476 2691 2594 2752 hus
2644 2710 2658 2752 ε
2720 2691 2786 2751 10
2814 2690 2911 2751 1115
2940 2691 3107 2752 enim
3155 2691 3290 2752 sine
3318 2691 3580 2753 infamia
3622 2691 3861 2772 inquiri
3907 2709 4023 2770 po-

2477 2788 2628 2860 test,
2689 2787 2947 2863 propter
2996 2783 3338 2846 maximam
3391 2785 3763 2865 perniciem,
3825 2801 4022 2864 quam

2480 2877 2750 2939 afferunt
2789 2875 3173 2955 reipublicae,
3237 2881 3299 2941 et
3343 2878 3696 2958 periculum
3741 2879 4024 2940 eversio-

2480 2988 2596 3032 015.

2561 3062 2887 3126 Secundus
2916 3080 3099 3125 casus
3126 3068 3241 3140 est,
3274 3063 3513 3125 crimen
3540 3064 3708 3127 laesae
3725 3065 4023 3146 majesta-

2478 3157 2579 3235 tis,
2638 3160 2709 3220 ut
2755 3156 3049 3219 statuitur
3094 3156 3157 3217 in
3204 3157 3654 3237 Exti-evaganti
3698 3159 4017 3238 Federici,

2481 3268 2622 3331 quae
2675 3250 2899 3329 incipit
2940 3249 3049 3311 Ad
3105 3250 3568 3332 repr-immdum,
3630 3255 3696 3314 et
3746 3253 4026 3316 habetur

2479 3345 2624 3423 post
2664 3342 2895 3404 librum
2938 3343 3293 3406 feudorum.
3352 3344 3632 3408 Adverte
3664 3350 3907 3423 tamen,
3958 3346 4022 3411 in

2481 3436 2579 3498 his
2599 3435 2865 3512 (10110115,
2898 3436 3048 3498 licet
3066 3454 3193 3498 non
3211 3438 3710 3518 praerequil‘atur
3731 3439 4017 3519 infamia,

2477 3528 2716 3609 requiri
2742 3532 2954 3590 tamen
2982 3529 3194 3611 aliqua
3223 3530 3459 3592 indicia
3510 3530 3606 3592 vel
3633 3531 4023 3609 suspiciones

2481 3641 2606 3685 non
2634 3622 2806 3683 leves
2833 3642 2850 3694 ;
2883 3622 3160 3703 alioquin
3190 3624 3269 3684 de
3296 3624 3563 3703 singulis
3589 3624 4025 3688 indifferenter

2480 3719 2695 3796 posset
2719 3714 2854 3776 fieri
2885 3715 3204 3794 inquisitio
3246 3735 3371 3778 non
3405 3718 3540 3778 sine
3589 3717 3871 3779 maximo
3918 3737 4022 3779 00·

2481 3827 2623 3871 rum
2651 3808 3050 3871 detrimento.
3111 3809 3291 3872 Ratio
3348 3816 3564 3871 autem
3606 3830 3743 3873 esse
3788 3818 4018 3891 potaet,

2483 3902 2632 3983 quia
2658 3901 2739 3962 ad
2767 3901 3006 3963 honum
3032 3902 3217 3964 valde
3248 3904 3522 3984 expedit,
3573 3904 3745 3984 quod
3796 3923 3874 3965 ea
3902 3906 4025 3966 cri-

2481 3995 2652 4056 mina
2680 4013 2808 4056 non
2835 3999 3137 4058 maneant
3183 3997 3431 4058 occulta
3458 4000 3528 4058 ut
3572 3997 3810 4060 subditi
3840 4016 4022 4059 coer-

2487 4091 2769 4151 ceantur.
2806 4088 3011 4160 Quare
3023 4089 3160 4169 jam
3187 4088 3438 4150 videtur
3466 4107 3603 4151 esse
3629 4094 3895 4169 propter
3919 4110 4023 4170 pe-

2482 4181 2752 4243 riculum
2781 4180 3116 4242 imminens
3163 4182 3384 4243 saltem
3426 4182 3491 4243 in
3529 4184 3876 4262 communi,
3922 4184 4024 4247 cui

2482 4274 2689 4336 modis
2718 4274 3011 4336 omnihus
3040 4292 3371 4336 occurrere
3399 4293 3657 4337 necesse
3687 4281 3804 4339 est.

2562 4368 2806 4431 Tertius
2875 4386 3056 4430 casus
3120 4372 3262 4446 est,
3348 4368 3599 4449 quando
3683 4370 4026 4451 inquiritur

2483 4465 2703 4523 contra
2756 4478 2971 4522 servos
3032 4460 3109 4521 de
3163 4465 3367 4524 morte
3420 4462 3702 4540 domini,
3751 4464 3861 4543 qui
3933 4465 4025 4525 in-

2482 4556 2707 4616 ventus
2762 4556 2856 4615 est
2906 4556 3214 4630 mortuae,
3276 4558 3342 4615 et
3393 4554 3725 4634 ignoratur
3771 4561 4018 4634 auctor,

2475 4647 2656 4727 juxta
2710 4646 2830 4725 leg.
2879 4648 2935 4706 1.
2996 4647 3061 4706 ff.
3121 4644 3204 4707 ad
3242 4645 3313 4708 S.
3352 4644 3422 4709 C.
3458 4646 3858 4722 Silanianum,
3925 4649 4021 4711 vel

2485 4739 2676 4801 etiam
2703 4742 2924 4801 contra
2968 4742 3191 4802 nautas
3228 4739 3294 4799 in
3334 4739 3511 4801 navis
3555 4741 4017 4819 submersione,

2475 4832 2658 4913 juxta
2682 4831 2724 4892 l.
2777 4830 3024 4907 QuotieS,
3079 4834 3147 4895 C.
3180 4831 3251 4893 de
3274 4832 3612 4913 naufraqitls
3648 4834 3758 4897 lib.
3791 4835 3902 4897 xl.
3955 4840 4024 4897 ut

2483 4943 2628 4987 cum
2676 4926 2954 4986 Navarro
2992 4924 3178 4987 docet
3222 4926 3452 4988 Sanch.
3504 4926 3675 4990 dicto
3721 4946 3859 5007 cap.
3918 4945 4014 4992 111.

2483 5018 2638 5080 duh.
2672 5034 2758 5080 IX.
2809 5036 2915 5079 nu.
2949 5020 3047 5081 20.
3100 5018 3206 5098 qui
3237 5018 3453 5080 dicunt
3494 5020 3809 5083 rationem
3854 5040 4017 5099 esse,

2482 5111 2632 5192 quia
2676 5111 2777 5173 lex
2818 5129 2926 5173 eos
2964 5128 3185 5175 omnes
3230 5116 3559 5193 suspectos
3609 5113 3818 5177 habet.
3883 5117 4020 5195 Ego

2482 5204 2781 5283 dicerem,
2814 5205 3126 5268 rationem
3155 5224 3290 5267 esse
3320 5205 3469 5286 quia
3493 5205 3542 5266 ii
3569 5225 3647 5269 ex
3675 5207 3885 5271 officio
3915 5209 4020 5271 de-

2479 5298 2718 5361 bebant
2768 5298 3116 5360 dominium
3167 5299 3267 5360 vel
3339 5297 3553 5361 navim
3622 5301 3943 5364 custodire
3996 5321 4012 5362 ε

2484 5410 2679 5472 quare
2707 5410 2853 5454 cum
2880 5409 3007 5456 non
3035 5392 3468 5470 custodierint,
3500 5393 3725 5457 merito
3754 5394 4018 5475 inquiri·

2480 5490 2584 5548 tur
2607 5485 2685 5548 de
2714 5485 2918 5565 gradu
2951 5486 3152 5567 culpae
3178 5487 3530 5550 commissae
3577 5487 3645 5548 in
3677 5488 4010 5551 omissione

2480 5579 2802 5643 custodiae.

4088 2366 4212 2421 Αιὶιμ
