4263 6376
120 784 177 840 53

100 910 187 960 cua.
202 909 231 950 si

97 969 217 1023 resistit

96 1021 231 1055 maer

69 1075 265 1110 emesam

126 5502 173 5560 5¹1

1285 321 1758 382 DISPUTATIO
1802 321 2017 394 XXIV,
2067 320 2342 381 SECTIO
2385 320 2489 380 111.

320 505 615 560 mentum.
662 499 954 579 Alioquin
1017 500 1070 560 si
1112 499 1299 560 nullae
1344 499 1469 560 sint
1523 497 1842 578 conjectu-

317 611 432 666 ris,
480 592 779 652 standum
822 593 940 654 erit
987 592 1195 653 verbis
1225 592 1285 652 in
1319 595 1692 654 testamento
1732 609 1843 670 ap·-

316 683 542 765 positiS.

392 779 660 850 Quartus
689 796 869 839 casus
919 782 1051 853 est,
1099 779 1349 859 quando
1396 781 1843 839 testamentum

317 870 478 949 prius
506 870 788 931 validum
832 877 894 932 et
940 871 1287 950 legitimum
1311 919 1326 949 ,
1378 873 1459 932 ab
1492 871 1624 950 ipso
1656 873 1839 932 testa-

319 971 441 1023 tore
468 964 745 1024 scienter
788 964 1189 1040 cancellatur,
1223 965 1565 1042 rumpitur,
1599 963 1697 1023 vel
1737 962 1840 1022 de-

317 1055 496 1130 letur,
549 1056 765 1135 quoad
810 1063 1054 1135 partem
1095 1057 1571 1118 substantialem
1621 1056 1835 1136 ipsius,

317 1149 502 1226 qualis
533 1156 702 1210 esset
730 1150 1103 1229 subscriptio
1129 1197 1143 1226 ,
1177 1150 1275 1210 vel
1305 1150 1553 1229 signum
1584 1148 1833 1224 notarii,

310 1241 398 1299 vel
428 1241 684 1320 quando
720 1246 1163 1304 testamentum
1193 1243 1475 1303 clausum
1504 1247 1690 1321 rupta
1710 1259 1843 1302 cor-

313 1334 449 1392 dula
476 1334 886 1412 dissolveret,
936 1335 1062 1396 dixi
1107 1339 1369 1407 scienter,
1407 1335 1555 1415 quia
1583 1335 1635 1394 si
1663 1352 1834 1411 casu,

311 1431 368 1487 et
393 1431 622 1504 praeter
648 1428 1061 1489 intentionem
1091 1429 1200 1490 fiat
1222 1475 1237 1505 ,
1274 1447 1398 1489 non
1430 1433 1719 1490 censetur
1747 1446 1840 1488 re-

309 1524 591 1579 vocatum
626 1539 640 1580 :
677 1520 805 1580 dixi
835 1521 986 1581 item
1016 1520 1088 1581 ab
1117 1521 1240 1603 ipso
1268 1531 1541 1582 testatore
1562 1568 1579 1598 ,
1613 1521 1759 1601 quia
1789 1520 1841 1580 si

309 1610 534 1690 absque
585 1611 727 1690 ejus
772 1612 1071 1674 mandato
1121 1614 1201 1674 ab
1248 1614 1370 1673 alio
1400 1613 1463 1672 id
1500 1614 1643 1689 fiat,
1686 1612 1839 1672 nibil

309 1703 567 1764 nocebit.
603 1705 674 1765 Si
704 1723 853 1765 vero
885 1705 1053 1784 quod
1083 1706 1515 1780 cancellatum,
1548 1707 1646 1766 vel
1676 1705 1841 1766 dele·

309 1801 428 1856 tum
460 1800 597 1873 est,
635 1816 763 1858 non
793 1798 875 1858 sit
924 1816 1071 1876 pars
1117 1797 1541 1859 substantialis
1564 1843 1580 1874 ,
1611 1797 1844 1858 valebit

310 1889 508 1948 adhue
536 1893 993 1952 testamentum
1036 1890 1243 1969 quoad
1274 1890 1417 1950 alia.
1450 1892 1606 1951 Item
1634 1890 1684 1951 si
1714 1890 1838 1950 duo

306 1981 687 2060 exemplaria
717 1981 1003 2061 ejusdem
1049 1983 1408 2044 testamenti
1456 1982 1841 2044 habebatte-

305 2079 508 2152 stator,
542 2080 736 2154 rupto
767 2076 996 2151 altero,
1030 2094 1153 2136 non
1183 2081 1474 2137 censetur
1501 2080 1839 2137 testamen-

304 2171 426 2226 tum
455 2186 816 2242 revocasse,
840 2167 950 2227 sed
971 2173 1039 2228 ut
1064 2170 1448 2245 superfluum
1463 2168 1614 2227 illud
1636 2187 1841 2228 exem·

305 2257 465 2338 plum
519 2259 854 2338 abjecisse.
910 2261 972 2321 Si
1016 2279 1163 2320 vero
1212 2266 1466 2339 rumpat
1522 2262 1840 2340 exemplar

303 2351 729 2412 authenticum
759 2352 931 2432 quod
960 2352 1222 2431 apud-se
1255 2354 1547 2428 habe-bat,
1582 2372 1839 2413 manen-

306 2444 676 2524 teoriginali
728 2445 897 2524 apud
952 2446 1301 2522 notarium,
1351 2446 1560 2525 plures
1607 2450 1840 2524 negant

303 2538 529 2597 censeri
561 2542 955 2613 revocatum,
990 2557 1148 2618 quos
1177 2540 1357 2599 affert
1376 2543 1438 2601 et
1464 2539 1746 2618 sequitur
1764 2557 1837 2599 ex

304 2633 466 2708 parte
511 2630 690 2690 idem
732 2630 881 2691 Mol.
917 2630 1077 2710 disp.
1113 2648 1280 2693 cun.
1329 2632 1385 2710 ἓ.
1420 2630 1674 2692 Dubium
1703 2651 1838 2692 vero

303 2733 395 2799 est,
439 2724 547 2802 qui
591 2728 808 2785 tamen
867 2725 1090 2785 merito
1140 2725 1398 2801 fatetur,
1446 2726 1838 2805 conjecturas

306 2816 475 2877 etiam
505 2818 673 2877 alias
700 2817 1118 2877 consulendas
1130 2821 1277 2878 tunc
1302 2836 1459 2877 esse.
1484 2818 1561 2879 Et
1583 2818 1838 2897 quidem

304 2911 480 2989 Vasq.
513 2929 570 2970 c.
608 2911 657 2970 1.
696 2909 846 2970 dub.
884 2926 926 2970 1.
965 2929 1025 2971 n.
1059 2912 1117 2970 6.
1150 2927 1293 2969 cum
1323 2910 1461 2970 aliis
1493 2910 1715 2971 merito
1745 2912 1838 2970 fa-

304 3007 477 3079 tetur,
511 3003 1075 3082 praesumptionem
1099 3021 1232 3063 esse
1260 3003 1697 3082 revocationiS,
1730 3004 1838 3083 qui

306 3094 479 3154 etiam
509 3095 587 3154 de
620 3095 723 3155 his
753 3094 1003 3156 casibus
1034 3095 1271 3155 consuli
1304 3099 1527 3174 potest.

376 3190 646 3261 Quartus
677 3206 860 3248 casus
886 3187 1197 3268 generalis
1226 3193 1321 3250 est
1363 3208 1551 3268 supra
1599 3188 1836 3251 indica-

306 3286 414 3357 tuS,
444 3281 706 3361 quando
739 3285 881 3360 post
904 3285 1343 3342 testamentum
1365 3301 1490 3343 non
1509 3283 1835 3343 continens

305 3373 642 3433 clausulam
698 3374 1167 3453 derogatoriam
1214 3377 1573 3436 testamenti
1618 3377 1836 3436 subse-

304 3468 558 3544 quentiS,
600 3466 779 3526 aliud
808 3471 1255 3528 testamentum
1284 3468 1352 3529 sit
1386 3488 1399 3528 :
1433 3487 1580 3529 nam
1604 3488 1677 3530 eo
1700 3468 1833 3548 ipso

305 3559 458 3638 prius
494 3564 860 3621 revocatur.
920 3560 1097 3632 Quod
1151 3578 1369 3621 verum
1425 3566 1540 3638 est,
1591 3561 1836 3622 etiamsi

302 3653 458 3731 prius
484 3653 729 3714 factum
761 3653 951 3714 tuerit
977 3672 1121 3714 eum
1153 3654 1374 3734 maj0ri
1407 3655 1826 3731 solemnitate,

300 3744 344 3804 si
371 3750 577 3805 tamen
634 3745 984 3806 seeundum
1027 3747 1305 3808 debitam
1359 3747 1609 3809 habeat.
1653 3749 1832 3810 Unde

301 3842 737 3899 testamentum
768 3839 941 3918 prius
968 3839 1202 3900 sactum
1231 3858 1449 3900 eoram.
1472 3845 1711 3920 septem
1742 3846 1833 3902 te-

300 3931 483 3992 stibus
512 3933 594 3992 ad
629 3932 767 4011 pias
806 3951 1028 3993 causas
1072 3940 1403 3995 revocatur
1450 3952 1565 4014 per
1610 3954 1831 3996 seeun-

300 4024 437 4083 dum
467 4026 708 4086 factum
739 4025 888 4087 item
920 4026 1000 4085 ad
1029 4026 1164 4107 pias
1194 4045 1416 4088 causas
1436 4046 1646 4089 eoram
1681 4028 1830 4089 duo-

300 4116 403 4177 bus
429 4118 719 4194 testibuS,
755 4137 896 4197 quae
927 4119 1290 4181 solemnitas
1321 4120 1401 4180 ad
1438 4126 1569 4202 pias
1601 4140 1823 4182 causas

299 4211 575 4272 sufficiat.
642 4211 798 4271 Item
854 4215 1299 4274 testamentum
1356 4214 1527 4293 prius
1596 4214 1829 4275 factum

299 4320 495 4363 coram
545 4322 701 4382 rege
742 4304 913 4382 ipso,
966 4309 1296 4365 revocatur
1335 4324 1446 4383 per
1484 4306 1828 4367 seeundum

299 4395 514 4457 sactum
538 4414 760 4458 coram
788 4396 1034 4457 notario
1082 4401 1144 4458 et
1182 4398 1447 4459 testibus
1486 4399 1822 4477 requisitiS,

300 4492 357 4547 ut
383 4494 555 4551 notat
585 4492 780 4568 Vasq.
819 4489 921 4549 ubi
951 4509 1142 4568 supra
1173 4509 1234 4551 n.
1268 4495 1327 4551 7.
1372 4491 1552 4553 Unde
1585 4493 1826 4554 etiamsi

300 4582 670 4642 exsecando
715 4586 1088 4643 testamento
1137 4583 1377 4660 haereS,
1432 4603 1554 4645 non
1603 4585 1828 4647 adierit

302 4673 744 4751 haereditatem,
778 4676 925 4755 quia
957 4675 1190 4751 noluit,
1224 4677 1325 4737 vel
1354 4677 1503 4756 quia
1543 4696 1667 4738 non
1709 4698 1824 4757 po-

299 4767 421 4841 tuit,
455 4769 553 4827 vel
584 4769 737 4847 quia
764 4773 1051 4830 mortuus
1080 4773 1192 4844 est,
1221 4769 1470 4830 vivente
1502 4774 1818 4849 testatore,

298 4860 510 4920 suffieit
534 4861 619 4923 ad
652 4862 1116 4922 revocationem
1149 4861 1395 4941 prioris,
1424 4864 1591 4943 quod
1622 4869 1825 4942 poste-

297 4950 414 5011 rius
439 4954 723 5014 validum
751 4955 957 5016 fuerit.
1014 4954 1078 5015 Si
1122 4960 1325 5016 tamen
1375 4957 1684 5034 posterius
1732 4958 1825 5017 fa·-

297 5049 452 5104 etum
499 5052 600 5108 est
640 5046 758 5108 sub
804 5047 1160 5109 conditione
1211 5048 1288 5109 de.
1334 5049 1687 5127 praeterite,
1722 5050 1822 5111 vel

300 5135 367 5197 de
394 5140 685 5216 praesenti
716 5159 841 5200 non
869 5141 1242 5202 subsistente
1267 5188 1282 5218 ‚
1339 5160 1462 5202 non
1493 5147 1823 5204 revocatur

299 5230 457 5306 prius
495 5249 510 5295 :
552 5250 735 5293 secus
776 5232 827 5292 si
871 5233 989 5293 sub
1035 5234 1391 5295 conditione
1449 5235 1526 5295 de
1582 5235 1815 5311 future,

301 5322 527 5385 etiamsi
556 5324 693 5386 haee
725 5331 941 5404 postea
972 5345 1094 5388 non
1126 5332 1411 5406 ponatur,
1431 5347 1504 5388 ex
1525 5329 1647 5407 leg.
1672 5327 1821 5391 Cum

288 5415 353 5474 ..ἶη
376 5417 635 5492 secundo,
673 5420 736 5480 ff.
771 5418 843 5479 de
870 5420 1107 5501 injuste,
1140 5430 1335 5503 rupto.

374 5511 434 5571 Si
460 5512 813 5573 secundum
853 5517 1299 5576 testamentum
1344 5515 1685 5577 invalidum
1716 5517 1814 5596 sit,

3397 317 3475 376 73

1940 515 2064 558 non
2094 501 2351 558 revocat
2380 496 2649 577 primum
2683 497 2959 576 legitime
2990 497 3221 558 factum
3283 514 3295 556 :

1942 591 2194 670 quando
2224 590 2287 650 in
2335 594 2713 651 testamento
2753 591 2954 669 primo
2993 589 3312 651 institutus
3341 591 3476 650 erat

1940 682 2142 743 haeres
2172 687 2527 758 ext.raneuS‚
2580 687 2642 743 et
2678 683 2740 743 in
2786 683 3060 744 seeundo
3105 683 3326 758 haeres,
3376 680 3474 741 vel

1939 775 2223 836 haeredes
2256 777 2647 837 abintestato
2682 791 2695 837 ε
2731 795 2852 855 quo
2872 795 3018 836 casu
3038 776 3088 836 si
3119 773 3472 835 insecundo

1939 868 2063 929 sint
2092 869 2368 948 quinque
2401 872 2611 946 teste3‚
2654 873 2991 930 revocatur
3018 868 3213 948 priuS,
3260 871 3322 928 et
3349 866 3474 927 hae-

1939 960 2121 1021 redes
2152 962 2517 1036 succedunt,
2551 979 2673 1022 non
2705 980 2780 1021 ex
2815 965 3216 1036 testamentO,
3252 960 3360 1020 sed
3394 959 3474 1019 ab

1937 1053 2254 1129 intestam,
2297 1073 2372 1114 ex
2399 1055 2441 1117 l.
2476 1055 2608 1115 Hae
2636 1054 3078 1130 consultissima,
3124 1054 3180 1132 ἓ.
3216 1053 3293 1113 Si
3318 1051 3469 1134 quis,

1938 1147 2011 1207 C.
2051 1146 2120 1207 de
2148 1155 2373 1209 testam.
2407 1147 2636 1208 sufficit
2664 1148 2853 1208 etiam
2892 1147 2974 1208 ad
3019 1145 3467 1221 revocandum,

1937 1239 1989 1299 si
2019 1239 2159 1318 quis
2188 1258 2396 1300 eoram
2444 1239 2642 1300 tribus
2682 1239 2948 1302 testibus
2992 1258 3099 1301 ore
3129 1239 3348 1300 saltem
3380 1237 3474 1298 di-

1939 1336 2059 1406 cat,
2095 1351 2162 1392 se
2189 1336 2637 1392 testamentum
2665 1332 2817 1393 illud
2849 1350 3167 1407 revocare,
3220 1330 3471 1410 quando

1938 1424 2313 1486 effluxerunt
2357 1426 2578 1486 decem
2605 1424 2775 1501 anni,
2827 1444 2903 1485 ex
2932 1426 2976 1486 l.
3022 1424 3353 1500 Sancimus,
3401 1425 3468 1485 C.

1937 1515 2007 1576 de
2032 1525 2258 1579 testam.
2295 1517 2462 1597 quod
2493 1518 2866 1580 decennium
2898 1518 3088 1598 aliqui
3118 1517 3474 1597 intelllgunt

1937 1626 1975 1667 a
2005 1609 2105 1670 die
2134 1610 2551 1671 revocationis
2593 1611 2982 1687 testamenti,
3030 1609 3132 1671 alii
3173 1609 3393 1670 melius
3436 1627 3472 1668 a

1938 1702 2037 1763 die
2059 1703 2292 1765 conditi
2315 1702 2692 1780 testamenti,
2728 1704 2897 1781 quod
2914 1707 3268 1778 revocatur,
3303 1700 3470 1782 quod

1938 1795 2098 1856 bene
2144 1796 2371 1875 probat
2411 1795 2643 1857 Melina
2683 1796 2744 1856 d.
2806 1795 2968 1875 disp.
3015 1812 3180 1856 cun.
3218 1797 3273 1874 ἓ.
3314 1793 3479 1855 Illud

1936 1906 2071 1949 vero
2126 1896 2210 1948 est
2265 1887 2700 1949 advertendum.
2764 1889 2896 1949 lmo
2946 1892 3009 1948 et
3055 1888 3224 1949 valet
3259 1905 3470 1948 coram

1936 1980 2183 2041 duobus
2226 1980 2488 2042 testibus
2526 1981 2869 2058 revocatio,
2916 1980 3168 2060 quando
3212 1983 3472 2042 testator

1936 2072 2134 2150 addit,
2194 2092 2260 2133 se
2305 2073 2367 2133 id
2410 2073 2649 2149 facere,
2707 2073 2852 2153 quia
2897 2073 3098 2134 haeres
3140 2076 3275 2134 erat
3313 2072 3469 2132 indi-

1933 2184 2115 2244 gnuS,
2150 2165 2260 2226 sed
2292 2165 2627 2228 haereditas
2657 2166 3009 2227 devolvitur
3028 2165 3107 2225 ad
3128 2166 3370 2241 fiscum,
3396 2184 3472 2225 ex

1931 2256 2286 2332 Hoereditas,
2331 2259 2397 2319 C.
2429 2257 2499 2318 de
2527 2258 2616 2331 its,
2653 2257 2858 2339 quibus
2885 2267 2950 2319 ut
2980 2257 3255 2338 indiqnis.
3318 2259 3469 2331 Ouae

1935 2351 2146 2412 omnia
2174 2351 2525 2429 procedunt
2552 2351 2617 2411 in
2659 2351 2796 2412 toro
2843 2355 3095 2412 externo
3157 2365 3172 2412 :
3231 2350 3293 2411 in
3335 2351 3470 2412 foro

1934 2449 2145 2505 autem
2177 2444 2571 2505 conscientiae
2606 2444 2785 2522 juxta
2832 2444 3206 2505 sententiam
3247 2444 3471 2523 proba-

1931 2535 2124 2597 bilem
2156 2535 2468 2597 dicentem
2508 2536 2573 2596 in
2605 2555 2678 2597 eo
2715 2537 2850 2598 foro
2897 2536 3179 2597 ultimam
3210 2535 3470 2615 disposi—

1932 2628 2169 2689 tionem
2213 2628 2449 2708 absque
2492 2629 2704 2691 debita
2750 2629 3143 2691 solemnitate
3194 2625 3468 2688 validam

1934 2740 2090 2799 esse,
2126 2721 2420 2782 standum
2452 2722 2570 2782 erit
2595 2722 2898 2785 voluntati
2930 2720 3266 2798 testatoris,
3310 2737 3469 2799 quo-

1938 2815 2402 2894 modocumque
2455 2815 2532 2876 de
2564 2833 2638 2875 ea
2667 2815 3051 2876 sufficienter
3078 2816 3340 2889 constet,
3401 2815 3469 2873 ut

1934 2906 2210 2968 advertit
2237 2907 2403 2967 idem
2434 2907 2663 2971 Melina
2689 2909 2745 2988 ἓ.
2780 2908 2854 2969 ln
2882 2906 3192 2969 ευεητὶὀιιε.

2015 2999 2309 3072 Quintum
2344 3018 2558 3061 casum
2588 3001 2780 3080 aliqui
2805 3000 3078 3076 addunt,
3126 3018 3248 3081 quo
3279 3003 3464 3062 testa-

1931 3098 2215 3154 mentum
2245 3092 2430 3155 etiam
2479 3098 2678 3155 morte
2725 3093 3162 3156 confirmatum
3206 3110 3464 3153 revoca-

1930 3190 2067 3264 tur,
2114 3187 2367 3267 quando
2410 3190 2673 3249 testator
2711 3191 2854 3267 post
2889 3192 3154 3249 mortem
3194 3185 3466 3266 resurgit

1929 3279 2325 3356 miraculose,
2379 3300 2503 3360 quo
2544 3299 2689 3342 casu
2732 3282 2856 3343 Jul.
2908 3282 3069 3343 Clar.
3117 3300 3180 3360 q.
3214 3296 3459 3342 Lxxxw.

1928 3373 2101 3449 dicit,
2151 3376 2594 3435 testamentum
2629 3375 2858 3453 rumpi,
2906 3375 3067 3436 sicut
3093 3374 3142 3436 si
3176 3391 3467 3434 nascere-

1927 3470 2033 3530 tur
2061 3467 2430 3545 posthumus
2454 3487 2469 3540 ;
2505 3486 2694 3547 quam
2714 3468 3088 3530 sententiam
3111 3465 3464 3548 approbare

1928 3559 2180 3622 videtur
2206 3560 2466 3622 Malder.
2520 3564 2598 3622 tr.
2633 3562 2678 3622 1.
2728 3579 2782 3622 e.
2816 3578 2901 3623 xl.
2940 3560 3010 3621 de
3044 3569 3269 3622 testam.
3310 3559 3458 3620 dub.

1926 3670 1988 3715 x.
2023 3654 2135 3714 sed
2176 3652 2424 3714 videtur
2468 3658 2683 3733 aperte
2724 3654 2951 3715 falsum
3010 3671 3024 3718 ε
3082 3673 3260 3714 mens
3298 3652 3465 3714 enim

1927 3744 2247 3809 testatoris
2273 3746 2409 3821 fuit,
2459 3752 2526 3808 ut
2557 3748 2690 3825 ipso
2721 3747 3087 3824 decedente,
3135 3747 3272 3808 loeo
3303 3745 3464 3806 illius

1928 3840 2069 3901 talis
2100 3840 2300 3900 hoeres
2329 3841 2655 3918 succedat,
2704 3859 2843 3921 quae
2875 3841 3096 3901 eade-m
3126 3859 3304 3901 mens
3332 3859 3466 3901 ma-

1928 3939 2055 4009 net,
2098 3938 2169 3995 ut
2196 3939 2335 4012 post
2362 3934 2704 3995 secundam
2747 3938 3019 3996 mortem
3048 3934 3136 3995 ita
3162 3934 3292 4010 fiat,
3346 3934 3463 3995 nisi

1926 4028 2179 4088 interim
2209 4032 2350 4107 post
2385 4026 2905 4089 resurrectionem
2946 4031 3220 4105 revocet,
3278 4032 3465 4108 prout

1927 4125 2155 4201 potest.

2004 4214 2205 4294 Magis
2234 4213 2507 4275 dubitari
2551 4217 2779 4293 posset,
2832 4233 2912 4275 au
2955 4233 3096 4275 eum
3126 4218 3465 4277 testamen-

1923 4311 2057 4369 tum
2109 4312 2312 4369 morte
2365 4308 2682 4369 testatoris
2734 4310 3170 4370 confirmatum
3227 4309 3340 4386 sit,
3401 4313 3463 4369 et

1924 4399 2125 4460 haeres
2165 4401 2445 4463 absolute
2489 4401 2881 4476 successerit,
2944 4400 3218 4463 debeant
3255 4402 3463 4463 redire

1922 4492 2094 4554 bona
2135 4493 2215 4553 ad
2257 4499 2623 4555 testatorem
2679 4494 3054 4572 redivivum,
3110 4496 3462 4575 praesertim

1923 4604 2065 4647 cum
2100 4604 2299 4667 neque
2331 4588 2508 4648 uxori
2540 4588 2907 4650 restituatur
2945 4588 3210 4650 maritus
3253 4608 3461 4651 resur-

1922 4698 2098 4758 gens,
2135 4699 2249 4741 nee
2277 4681 2662 4741 monasterio
2695 4681 3068 4760 religiosus?
3111 4682 3332 4744 Merito
3362 4687 3457 4745 ta-

1921 4792 2065 4833 men
2098 4775 2380 4835 Navarra
2409 4774 2516 4834 lib.
2552 4775 2598 4835 1.
2633 4773 2702 4835 de
2729 4783 2866 4835 rest.
2899 4793 2954 4835 c.
2989 4791 3057 4835 11.
3094 4793 3266 4835 num.
3301 4779 3360 4835 4.
3399 4780 3461 4837 et

1920 4866 2183 4928 Malder.
2217 4867 2326 4926 ubi
2368 4885 2589 4946 supra,
2652 4866 2874 4929 dicunt
2918 4867 3148 4927 debere
3191 4867 3452 4944 restitui,

1922 4960 2066 5038 quia
2099 4977 2172 5019 ea
2202 4958 2450 5022 videtur
2476 4959 2666 5020 fuisse
2694 4960 3009 5021 testatoris
3037 4979 3244 5037 mem,
3294 4965 3362 5021 ut
3390 4981 3457 5022 se

1921 5052 2211 5112 omnibus
2245 5052 2382 5113 aliis
2412 5053 2737 5132 praeferret
2768 5073 2782 5113 ε
2820 5054 3020 5131 magis
3042 5054 3291 5114 enimse
3319 5052 3454 5114 dili-

1920 5144 2111 5222 gebat
2153 5164 2343 5224 quam
2389 5164 2571 5206 suum
2616 5146 2954 5224 hoeredem,
3015 5166 3203 5227 quem
3255 5150 3457 5210 solum

1915 5238 2055 5299 loco
2103 5238 2203 5299 sui
2242 5240 2583 5300 succedere
2628 5240 2852 5317 voluit,
2913 5243 3081 5322 quod
3138 5261 3172 5302 a
3215 5242 3453 5305 fortiori

1917 5331 2236 5409 procedet,
2285 5332 2535 5411 quando
2575 5337 2859 5395 mortuus
2891 5339 2984 5397 est
3024 5336 3103 5396 ab
3136 5335 3450 5413 intestam,

1919 5441 2064 5485 cum
2092 5424 2230 5503 ipse
2258 5425 2376 5487 sibi
2406 5426 2486 5487 sit
2514 5425 2794 5486 omnium
2822 5429 3163 5507 proximus

2000 5521 2234 5598 Legata
2286 5520 2528 5581 facilius
2584 5530 2961 5585 revocantur
3015 5543 3207 5604 quam
3262 5531 3449 5589 testa·

3357 494 3473 556 nisi
3523 506 3642 560 eafa.
3673 509 3711 552 si
3743 509 3822 553 mu

3555 561 3791 606 invalidum.

3637 3014 3715 3074 58

3569 3138 3687 3191 Quid.
3722 3139 3758 3181 a

3588 3198 3759 3235 testator

3542 3245 3786 3289 miraculoso

3563 3304 3768 3355 resurgat.

3597 5532 3677 5592 50
