4263 6376
1213 336 1684 396 DISPUTATIO
1729 336 1831 395 XX
1851 337 1944 410 vl,
1999 336 2274 396 SECTIO
2320 336 2392 393 V.

235 516 459 597 quando
489 534 613 574 non
647 520 905 591 apparet.
931 512 1096 572 clare
1127 530 1303 572 error
1331 512 1390 571 in
1410 512 1534 588 illa,
1558 517 1743 590 prout

234 611 288 668 in
331 609 439 667 hoc
483 626 631 666 casu
677 605 924 666 videtur
974 606 1140 664 clare
1195 623 1537 683 apparere,
1598 623 1741 665 eum

235 710 448 763 certum
486 699 566 759 sit
610 704 853 758 exteros
899 697 1120 758 eodem
1153 703 1433 775 tempore
1483 717 1607 756 non
1637 715 1742 756 ex-

234 794 434 853 cedere
463 792 728 870 pretium
754 790 992 869 justum
1026 790 1246 864 tritici,
1301 790 1606 867 exigendo
1637 793 1734 851 30.

235 886 435 946 ve140.

305 976 632 1037 Difficultas
675 974 860 1051 hujus
913 975 1358 1035 controversiae
1414 973 1640 1053 majori
1669 993 1740 1033 ex

237 1074 390 1150 parte
419 1068 646 1148 pendet
672 1087 710 1127 a
739 1068 1162 1127 verificatione
1192 1068 1366 1139 facti;
1403 1086 1546 1125 nam
1577 1068 1636 1126 in
1669 1067 1743 1126 iis

240 1182 359 1242 quse
409 1162 717 1240 pertinent
763 1161 840 1218 ad
889 1179 1133 1219 merum
1182 1160 1308 1239 jus.
1372 1177 1494 1219 non
1542 1164 1744 1237 potest

192 1242 196 1251 ⁹
238 1274 352 1315 esse
380 1271 671 1331 magnum
702 1252 1028 1312 dissidium
1049 1299 1063 1327 ‚
1111 1252 1221 1312 sed
1252 1256 1382 1313 tota
1411 1252 1742 1313 difficultas

237 1348 355 1422 erit,
400 1366 474 1405 an
505 1346 582 1404 de
614 1345 775 1406 facto
809 1344 961 1405 tales
990 1345 1088 1404 vel
1126 1346 1283 1404 tales
1338 1344 1744 1406 circumstan-

238 1441 322 1499 tiae
359 1441 750 1512 concurrant,
811 1436 888 1495 de
931 1437 1156 1515 quibus
1188 1456 1308 1497 non
1343 1441 1435 1496 est
1462 1443 1743 1497 nostrum

232 1531 510 1609 judicare.

302 1622 623 1687 convenire
682 1640 833 1700 ergo
893 1640 1112 1681 omnes
1164 1621 1466 1682 dehemus
1513 1622 1738 1701 prime,

236 1717 413 1794 legem
459 1715 804 1774 humanam
863 1733 1042 1792 posse
1093 1721 1305 1774 taxare
1353 1715 1551 1792 pretia
1574 1714 1742 1792 justa

236 1827 438 1878 rerum,
496 1808 679 1885 eique
733 1807 1033 1868 taxationi
1080 1807 1538 1866 indivisibiliter
1577 1812 1745 1867 stan-

238 1903 366 1961 dum
392 1919 517 1959 esse
559 1919 572 1958 ε
610 1899 761 1979 quia
791 1918 934 1959 cum
963 1900 1364 1977 magistratus
1391 1901 1584 1978 possit
1613 1919 1744 1959 me-

239 1994 337 2053 lius
362 1998 414 2052 et
442 2011 581 2052 cum
610 1992 839 2071 majori
871 1993 1089 2054 notitia
1112 1993 1500 2070 perpendere
1526 2010 1740 2053 omncs

239 2085 728 2160 circumstantiae,
790 2104 823 2144 a
882 2085 1109 2165 quibus
1160 2086 1331 2144 valor
1378 2102 1651 2162 praesens
1681 2090 1744 2145 et

238 2178 532 2238 {estimatio
561 2178 793 2237 mercis
822 2178 1155 2255 dependet,
1210 2195 1398 2256 quam
1430 2182 1742 2255 emptores

240 2276 291 2330 et
315 2270 670 2344 venditores,
739 2270 845 2349 qui
893 2270 1146 2349 propria
1192 2271 1457 2331 utilitate
1505 2274 1567 2329 et
1608 2287 1744 2347 pas·

238 2363 385 2422 sione
412 2367 826 2439 excaecantur,
879 2368 1084 2441 potest
1117 2363 1314 2421 valide
1361 2369 1574 2422 taxare
1605 2380 1745 2439 pre-

240 2456 370 2516 tium
389 2455 618 2533 justum
651 2454 989 2533 cujuslibet
1018 2455 1128 2528 rei,
1165 2454 1503 2532 obligando
1535 2454 1743 2513 subdi-

241 2557 319 2607 tos
343 2548 413 2605 ad
439 2548 733 2608 standum
782 2548 889 2607 tali
918 2548 1238 2609 taxationi.
1302 2548 1430 2607 lino
1482 2552 1548 2607 ut
1576 2551 1743 2606 reete

242 2646 388 2700 notat
415 2642 615 2701 Molin.
651 2640 817 2718 disp.
848 2644 985 2701 364.
1018 2642 1073 2719 ἓ.
1107 2640 1367 2721 precium
1398 2639 1737 2719 lefsitimum,

243 2733 452 2793 etiamsi
479 2734 570 2793 lex
603 2734 723 2794 sub
747 2753 931 2813 poena
951 2734 1282 2813 prohibeat
1301 2734 1568 2813 pretium
1591 2733 1740 2792 illud

244 2827 529 2903 excedere,
564 2827 878 2903 venditor,
930 2847 964 2887 a
995 2846 1117 2906 quo
1151 2845 1335 2905 poena
1370 2827 1638 2903 exigitur
1664 2826 1742 2886 ob

244 2937 530 2978 excessum
575 2920 785 2998 pretii,
839 2924 1122 2979 remanet
1168 2920 1374 2978 adhuc
1425 2937 1568 2978 eum
1614 2924 1745 2979 tota

245 3012 586 3091 obligatione
613 3012 988 3073 restituendi
1018 3013 1283 3090 emptori
1314 3030 1634 3071 excessum
1666 3012 1741 3071 il-

244 3105 371 3181 lum,
425 3107 562 3184 quia
618 3124 913 3165 excessus
961 3106 1140 3184 pretii
1183 3105 1337 3184 justi
1383 3104 1501 3165 fuit
1527 3110 1745 3165 contra

241 3198 504 3277 justitiam
537 3204 855 3277 acceptus,
909 3205 1096 3277 atque
1144 3199 1282 3259 ideo
1325 3199 1743 3259 restituendus

247 3291 316 3349 illi
342 3297 441 3366 est,
473 3292 567 3351 cui
599 3291 834 3370 injuria
862 3292 1034 3352 illata
1064 3291 1197 3351 fuit.
1236 3290 1415 3361 Quod
1438 3292 1625 3352 etiam
1657 3292 1744 3352 fa·

246 3389 386 3445 tetur
412 3385 687 3445 Sanehez
718 3384 779 3444 d.
816 3403 910 3444 ea.
945 3386 1074 3445 VII.
1130 3384 1280 3444 dub.
1317 3401 1401 3445 lv.
1459 3404 1517 3445 n.
1556 3388 1650 3445 12.
1684 3388 1746 3444 et

249 3477 331 3534 alii
357 3496 558 3537 omnes
617 3498 631 3539 ε
690 3477 800 3538 sed
844 3485 1053 3538 tamen
1102 3495 1227 3537 non
1274 3480 1444 3537 caret
1480 3477 1743 3537 difficul-

249 3573 372 3630 tate.

317 3662 551 3723 Difficile
580 3663 750 3724 enim
773 3663 1039 3736 videtur,
1076 3663 1415 3743 quomode,
1451 3663 1501 3724 si
1521 3682 1622 3722 res
1643 3681 1746 3722 an·

249 3757 333 3813 tea
359 3755 615 3817 habebat
655 3756 777 3818 tria
806 3756 1004 3835 pretia
1033 3756 1320 3834 vulgaria
1359 3756 1553 3835 justa.
1609 3756 1747 3815 infi-

193 3879 212 3890 -
251 3866 415 3923 mum,
470 3850 765 3917 medium,
828 3854 889 3909 et
916 3867 1252 3923 summum,
1315 3849 1507 3926 possit
1537 3850 1634 3908 lex
1660 3849 1745 3907 fa-

193 3988 195 3994 ,
250 3958 367 3999 cere
393 3943 549 4020 quod
604 3942 810 4003 solum
867 3943 1137 4020 pretium
1184 3942 1468 4001 infimum
1507 3941 1745 4019 justum

251 4034 331 4094 sit.
375 4038 516 4094 Nam
545 4037 667 4112 lex,
719 4041 787 4096 ut
811 4034 977 4115 justa
1006 4036 1103 4110 sit,
1151 4035 1337 4096 dehet
1365 4041 1576 4097 taxare
1605 4054 1749 4115 pre-

248 4126 377 4187 tium
415 4128 584 4207 juxta
637 4129 1118 4190 aestimationem
1171 4148 1360 4208 quam
1410 4148 1509 4188 res
1558 4127 1748 4189 habet

249 4223 654 4284 antecedenter
712 4222 792 4281 ad
826 4223 1024 4301 ipsam
1080 4221 1308 4300 legem,
1370 4226 1432 4282 et
1479 4241 1600 4281 non
1632 4240 1744 4299 pro

249 4313 357 4372 solo
382 4314 566 4376 libito.
602 4316 666 4376 Si
700 4333 847 4392 ergo
871 4333 969 4373 res
988 4314 1158 4393 apud
1190 4314 1529 4392 prudentes
1551 4315 1745 4393 pluris

249 4407 702 4482 aestimabantur,
764 4425 885 4467 non
917 4413 1122 4485 potest
1148 4407 1303 4482 fieri,
1367 4411 1434 4468 ut
1470 4407 1608 4484 lege
1637 4407 1746 4467 ad·

249 4499 498 4560 veniente
551 4502 875 4561 decrescat
921 4500 1117 4575 valor,
1182 4518 1304 4560 non
1345 4501 1744 4561 decrescente

250 4592 616 4655 aestimatione
646 4598 711 4655 et
732 4594 1005 4655 bonitate
1029 4594 1221 4672 ipsius
1243 4594 1485 4654 mercis,
1521 4594 1744 4654 Adhuc

246 4687 425 4746 tamen
452 4706 569 4748 non
602 4693 698 4749 est
726 4687 1177 4748 discedendum
1206 4706 1244 4747 a
1286 4686 1603 4747 communi
1632 4686 1742 4745 do-

248 4781 453 4837 ctorum
483 4799 663 4840 sensu
726 4801 739 4840 :
800 4799 1129 4858 possumus
1175 4785 1383 4840 autem
1413 4778 1743 4857 dupliciter

248 4867 528 4932 declarare
558 4873 722 4933 hane
749 4874 877 4932 vim
925 4874 1078 4950 legis
1108 4873 1186 4933 ad
1233 4872 1741 4932 constituendum

247 4964 480 5037 pretium
501 4965 739 5044 justum
771 4965 1091 5041 mercium,
1139 4966 1223 5026 ita
1257 4970 1322 5025 ut
1352 4965 1484 5024 sine
1515 4963 1742 5044 injuria

247 5052 433 5115 violari
462 5075 575 5117 non
625 5059 840 5136 possit.
892 5058 1120 5134 Prim0,
1155 5058 1301 5137 quia
1335 5055 1577 5136 quoties
1607 5075 1741 5116 sen-

248 5146 409 5207 tentia
434 5148 701 5228 legitime
730 5151 973 5229 prolata
1001 5152 1224 5212 transit
1251 5151 1312 5210 in
1342 5167 1475 5210 rem
1496 5149 1741 5227 judica-

247 5244 374 5315 tam,
426 5243 473 5301 si
499 5243 556 5302 in
586 5262 662 5305 ea
689 5262 863 5303 error
893 5262 1012 5304 non
1044 5248 1367 5324 appareat,
1428 5243 1536 5302 sed
1559 5242 1739 5321 juxta

247 5331 598 5406 probabilem
626 5337 999 5398 sententiam
1047 5339 1168 5399 lata
1216 5343 1329 5412 est,
1383 5337 1493 5398 dat
1519 5353 1738 5395 verum

243 5418 330 5496 jus
355 5426 405 5484 ei
430 5428 487 5486 in
515 5428 690 5508 cujus
718 5430 999 5490 savorem
1026 5432 1271 5510 prolata
1302 5435 1413 5490 est.
1475 5432 1600 5489 Lex
1632 5447 1737 5489 au-

249 5519 376 5594 tem,
420 5538 520 5582 seu
549 5523 867 5585 decretum
909 5523 1172 5602 legitimi
1205 5523 1605 5603 magistratus
1636 5527 1735 5583 ta-

3256 329 3360 385 281

1839 530 1995 570 xans
2025 510 2293 588 pretium
2317 509 2557 587 justum
2587 506 2911 578 mercium,
2962 503 3212 562 videtur
3239 518 3373 561 esse

1842 605 2150 664 sententia
2196 602 2487 681 juridica,
2548 618 2672 678 qua
2710 598 2983 677 pensatis
3028 595 3267 655 meritis
3314 598 3376 654 et

1840 698 2130 758 omnibus
2161 693 2663 767 circumstantiis,
2718 691 3097 763 decernitur,
3150 687 3278 747 sive
3313 687 3371 744 in

1841 790 2110 868 gratiam
2139 788 2457 867 emptoris,
2491 787 2621 846 sive
2641 784 2979 863 aliquando
3014 783 3071 840 in
3105 781 3371 858 gratiam

1841 882 2203 955 venditoris,
2253 880 2565 959 quantitas
2596 879 2775 956 pretii
2806 875 3096 954 exigendi
3126 872 3221 932 vel
3252 872 3376 932 sol-

1840 975 2050 1035 vendi.
2088 976 2290 1048 Quare
2321 974 2465 1033 lieet
2483 976 2665 1032 antea
2683 974 2889 1030 essent
2910 969 3173 1028 diversae
3204 963 3370 1043 vulgi

1844 1069 2165 1147 opiniones
2194 1068 2358 1126 eirca
2402 1066 2669 1144 pretium
2709 1065 2971 1141 justum,
3024 1079 3099 1118 ex
3149 1058 3374 1138 quihus

1843 1161 2161 1221 oriebatur
2189 1159 2515 1217 diversitas
2546 1157 2649 1216 illa
2677 1155 2936 1233 triplicis
2969 1153 3147 1232 pretii
3175 1171 3188 1221 ;
3237 1154 3377 1228 post

1844 1252 2215 1313 sententiam
2251 1256 2454 1311 tamen
2489 1258 2549 1310 et
2589 1251 2795 1326 legem
2824 1248 3037 1320 latam,
3074 1242 3374 1324 quamdiu

1843 1346 1907 1405 in
1937 1363 2010 1405 ea
2041 1363 2215 1404 error
2264 1362 2384 1403 non
2440 1346 2704 1421 apparet
2742 1339 3092 1413 manifeste,
3145 1335 3253 1396 dat
3272 1333 3376 1414 jus

1846 1437 2107 1517 emptori
2159 1455 2235 1495 ne
2266 1435 2468 1514 majus
2499 1435 2767 1513 pretium
2800 1432 3042 1492 solvere
3089 1434 3372 1505 cogatur.

1843 1531 1940 1590 vel
1972 1530 2159 1589 etiam
2183 1528 2521 1607 aliquando
2548 1525 2879 1599 venditori,
2915 1528 2983 1584 ut.
2998 1527 3196 1583 totum
3225 1518 3374 1578 illud

1844 1624 2112 1703 pretium
2159 1630 2221 1682 et
2278 1640 2399 1680 non
2448 1621 2654 1679 minus
2701 1619 2755 1679 ei
2814 1618 3109 1678 solvatur.
3174 1615 3377 1685 Quare

1844 1713 2133 1775 venditor
2160 1715 2299 1791 plus
2328 1713 2604 1791 exigens,
2644 1712 2736 1770 vel
2768 1715 3011 1788 emptor
3032 1708 3239 1766 minus
3260 1704 3376 1764 sol-

1842 1828 2016 1883 vens,
2052 1807 2244 1867 violat
2271 1807 2366 1885 jus
2395 1803 2786 1865 contrahenti
2816 1821 2889 1860 ex
2919 1801 3078 1879 lege,
3132 1799 3263 1857 sine
3295 1798 3377 1855 le-

1844 1900 2061 1979 gitima
2093 1897 2402 1958 sententia
2449 1895 2821 1974 acquisitum
2872 1892 2948 1951 ad
3000 1892 3165 1950 illam
3215 1905 3377 1949 sum·

1838 2012 2009 2053 mam
2039 1992 2245 2071 pretii,
2294 2009 2407 2049 nee
2437 1989 2740 2067 majorem
2771 2004 2885 2046 nec
2914 1985 3219 2043 minorem
3251 1980 3373 2041 sol-

1838 2085 2106 2146 vendam
2158 2084 2253 2143 vel
2302 2082 2751 2160 recipiendam.
2815 2078 3124 2151 Secundo,
3173 2075 3376 2133 deela-

1840 2178 1962 2238 rari
1997 2182 2221 2255 potest,
2284 2175 2429 2255 quia
2458 2175 2577 2249 lex,
2636 2173 2797 2232 sicut
2844 2175 3047 2250 potest
3085 2168 3269 2247 justis
3299 2165 3376 2225 de

1841 2271 2043 2332 causis
2072 2269 2337 2329 reddere
2385 2268 2702 2328 subditum
2749 2263 3088 2343 aliquando
3129 2263 3377 2338 incapa-

1840 2382 1979 2423 cem
2001 2361 2261 2423 dominii
2291 2359 2707 2422 transferendi
2737 2358 2833 2416 vel
2857 2354 3256 2435 acquirendi;
3290 2353 3378 2412 sic

1840 2456 2251 2534 potcstetiam
2274 2454 2536 2513 reddere
2557 2453 2921 2528 incapacem
2944 2468 3008 2508 se
3031 2445 3372 2525 obligandi,

1841 2549 1938 2607 vel
1970 2547 2289 2625 obligandi
2320 2547 2511 2605 alium
2538 2545 2615 2604 ad
2647 2543 2850 2623 majus
2879 2542 2975 2600 vel
3006 2540 3211 2600 minus
3243 2559 3378 2618 pre-

1839 2641 2020 2716 tium,
2075 2644 2136 2699 et
2166 2640 2314 2698 dare
2339 2638 2441 2715 jus
2487 2635 3001 2697 contrahentibus
3032 2638 3250 2693 contra
3278 2637 3373 2693 ta·

1841 2734 2157 2793 xationem
2188 2751 2310 2791 non
2351 2732 2810 2791 observantem.
2873 2728 3075 2800 Quare
3112 2726 3234 2784 dici
3267 2743 3379 2803 po-

1843 2830 1982 2901 test,
2018 2825 2187 2904 quod
2219 2824 2451 2884 taxatio
2481 2822 2759 2897 legitima
2792 2820 2970 2899 pretii
2993 2821 3185 2896 justa,
3222 2838 3379 2897 qua-

1841 2919 1917 2979 lis
1948 2938 2081 2977 esse
2117 2922 2407 2977 censetur
2434 2916 2497 2975 in
2528 2934 2651 2993 qua
2680 2933 2855 2973 error
2896 2913 3222 2971 manifeste
3251 2930 3374 2969 non

1845 3015 2127 3089 apparet,
2191 3010 2300 3070 dat
2328 3010 2404 3069 de
2446 3010 2580 3068 foro
2637 3006 2942 3087 ejusmodi
2984 3005 3088 3084 jus
3133 3009 3375 3064 eontra·

1843 3105 2157 3179 hentibuS,
2216 3102 2293 3161 ad
2325 3119 2649 3162 excessum
2695 3102 2789 3159 vel
2838 3100 3149 3159 defectum
3195 3096 3376 3176 pretii

1844 3197 2308 3276 corrigendum,
2342 3195 2511 3275 quod
2534 3195 2638 3274 jus
2671 3194 2936 3254 violatur
2965 3199 3181 3252 contra
3203 3190 3380 3270 justi-

1842 3291 1994 3352 tiam
2023 3290 2100 3350 ab
2134 3290 2329 3349 altero
2358 3287 2790 3361 contrahente,
2839 3291 2901 3345 et
2930 3285 3071 3344 ideo
3101 3302 3175 3342 ex
3199 3282 3381 3362 justi-

1842 3385 1931 3445 tia
1960 3388 2206 3444 tenetur
2234 3382 2313 3441 ad
2345 3380 2783 3459 corrigendum
2815 3378 3083 3457 pretium
3116 3381 3177 3437 et
3206 3376 3379 3436 resti-

1841 3478 2147 3538 tuendum
2177 3493 2520 3549 excessum,
2555 3474 2653 3533 vel
2684 3473 3019 3533 defectum.

1925 3568 2214 3630 Secundo
2244 3567 2626 3628 conveniunt
2652 3565 2976 3637 doctores;
3011 3562 3213 3641 posita
3240 3562 3377 3640 lege

1842 3667 2096 3724 taxante
2128 3661 2418 3740 pretium,
2474 3659 2528 3718 ei
2558 3658 2620 3717 in
2652 3657 2844 3718 dubio
2889 3655 3184 3716 standum
3215 3672 3374 3722 esse,

1844 3760 2029 3835 prout
2058 3773 2201 3814 cum
2222 3753 2358 3814 aliis
2387 3753 2617 3812 fatetur
2636 3751 2823 3810 etiam
2846 3750 2990 3809 Mol.
3027 3749 3193 3808 dicta
3215 3747 3374 3825 disp.

1844 3852 1981 3909 364.
2015 3848 2070 3925 ἓ.
2108 3845 2467 3906 Conveniunt
2495 3844 2709 3918 etiam;
2770 3843 2918 3920 quia
2947 3842 3007 3900 in
3056 3840 3246 3900 dubio
3277 3858 3381 3899 su-

1845 3940 2069 4020 periori
2101 3937 2485 3999 eredendum
2544 3941 2637 3996 cst
2679 3935 2900 4013 magiS,
2963 3950 3150 4012 quam
3199 3931 3274 3990 iis
3303 3932 3379 3990 de

1846 4051 2112 4113 quorum
2160 4032 2456 4091 interesse
2506 4029 2733 4106 agitur,
2794 4033 2856 4087 et
2903 4026 3051 4104 quia
3096 4024 3382 4103 superior

1845 4126 2066 4186 melius
2096 4129 2321 4204 potest,
2382 4125 2451 4182 nt
2492 4122 2780 4195 diximus,
2844 4118 3230 4198 perpendere
3261 4117 3379 4177 cir-

1843 4218 2251 4279 cumstantias
2280 4233 2518 4290 omnes,
2554 4232 2626 4275 ex
2658 4213 2885 4293 quibus
2913 4212 3117 4292 justus
3148 4211 3236 4270 rei
3266 4229 3376 4268 va-

1841 4312 1937 4372 lor
1967 4310 2324 4390 pensandus
2355 4309 2453 4370 sit.

1921 4405 2128 4465 Tertio
2161 4402 2503 4462 concedere
2533 4401 2765 4460 dehent
2792 4418 3028 4470 onmes,
3078 4415 3258 4476 posse
3287 4401 3375 4458 ta·

1841 4499 1930 4558 les
1960 4496 2458 4557 circumstantias
2488 4511 2881 4567 concurrere,
2930 4493 2993 4551 in
3023 4490 3249 4570 quibus
3279 4490 3377 4549 lex

1833 4592 1999 4669 juste
2033 4594 2243 4649 taxare
2276 4587 2470 4666 possit
2515 4586 2785 4666 pretium
2832 4585 3042 4656 tritici,
3096 4585 3194 4643 vel
3224 4582 3378 4643 alia-

1840 4701 1978 4743 rum
2008 4681 2309 4741 mercium
2345 4681 2532 4741 etiam
2580 4680 2743 4738 infra
2791 4678 3063 4756 pretium
3091 4678 3377 4736 infimum

1838 4776 2118 4852 vulgare,
2174 4773 2342 4853 qnod
2385 4778 2530 4833 ante
2558 4772 2751 4833 talem
2798 4771 3000 4850 legem
3033 4769 3370 4830 habebant.

1838 4870 1916 4929 Et
1944 4868 2063 4928 hoc
2094 4866 2347 4946 quidem
2379 4883 2498 4925 non
2533 4865 2756 4938 solum,
2809 4862 3060 4942 quando
3107 4860 3375 4939 pretium

1836 4962 2096 5040 vulgare
2126 4978 2384 5020 currens
2414 4964 2619 5020 ortum
2651 4957 2914 5017 haberet
2942 4975 3014 5015 ex
3047 4954 3374 5032 iniquitate

1840 5054 2267 5129 vendentium,
2316 5052 2421 5132 qui
2449 5050 2823 5130 monopoliis
2853 5048 2949 5108 vel
2989 5048 3226 5108 artibus
3256 5046 3372 5105 ini-

1838 5148 1977 5228 quis
2007 5148 2275 5226 pretium
2325 5146 2578 5206 adeum
2628 5147 2859 5204 statum
2906 5159 3186 5201 erescere
3215 5140 3376 5200 fece-

1835 5247 2002 5317 runt,
2064 5258 2187 5318 quo
2216 5256 2363 5298 casu
2422 5256 2544 5298 non
2592 5241 2688 5296 est
2732 5233 2995 5295 dubium
3024 5252 3206 5311 posse
3235 5233 3373 5311 lege

1831 5333 2001 5414 justa
2045 5332 2338 5392 infectam
2394 5331 2565 5390 illam
2612 5328 2911 5401 radicem,
2974 5332 3037 5386 et
3066 5327 3199 5405 ejus
3229 5329 3371 5386 effe.-

1836 5432 1972 5487 ctus
2005 5426 2255 5503 corrigi,
2317 5429 2377 5485 et
2405 5422 2622 5483 reduci
2664 5420 2931 5499 pretium
2975 5419 3223 5478 adeum
3255 5425 3376 5480 sta-

1833 5523 1968 5581 tum
1998 5537 2187 5598 quem
2214 5517 2475 5578 haberet
2502 5515 2551 5575 si
2582 5515 2737 5576 tales
2769 5519 2933 5574 artes
2956 5530 3079 5573 non
3110 5531 3374 5592 przeces-

3528 3575 3604 3632 58

3485 3698 3529 3740 ln
3548 3699 3671 3740 dubio

3430 3752 3615 3802 standum
3641 3752 3724 3807 legi

3526 4398 3601 4455 59

3472 4523 3534 4565 Αη
3556 4521 3684 4576 possit

3427 4579 3530 4621 iufra
3550 4575 3721 4630 pretium

3427 4632 3606 4673 intimum
3629 4629 3723 4670 vul-

3446 4697 3543 4740 gare
3561 4690 3702 4724 taxari.
