4263 6376
1138 261 1609 325 DISPUTATIO
1653 261 1955 338 XXXVII,
2004 261 2278 323 SEC'rlo
2322 261 2452 323 Vll.

237 457 426 504 xzvu.
460 455 632 498 num.
671 440 766 500 14.
800 436 1053 517 quando
1082 437 1185 498 via
1214 437 1626 499 accusationis
1656 456 1753 498 es-

3266 267 3371 326 701

1850 440 2101 516 petente
2122 484 2141 510 ,
2193 437 2383 499 debet
2411 437 2705 517 explicari
2736 438 2869 501 dies
2899 443 2962 502 et
3000 439 3176 501 hora.
3214 441 3381 502 Reli-

236 537 317 596 set
341 534 560 594 contra
585 531 822 592 bonum
843 548 1173 592 commune
1208 549 1221 590 ε
1255 534 1397 610 post
1416 529 1753 591 admissam
1852 548 1999 610 qua,
2060 549 2200 609 quae
2253 530 2333 591 ad
2389 535 2819 594 accusatorem
2873 537 3178 612 spectant,
3221 534 3385 595 dice-

236 645 367 690 vero
398 624 594 686 semel
620 624 1090 686 accusationem
1137 623 1304 684 solus
1333 623 1621 703 princeps
1649 641 1754 702 po·
1849 641 1990 684 mus
2019 622 2181 684 infra
2209 624 2632 704 disputatione
2663 627 2987 705 sequenti,
3027 626 3144 703 >ubi
3174 627 3254 688 de
3283 645 3386 689 ac-

235 723 509 782 testeam
538 717 892 778 rescindere
923 720 984 778 et
1011 717 1350 796 reprimere
1375 735 1390 789 3
1417 715 1615 796 judex
1643 734 1755 776 au-

236 816 349 875 tem
377 811 637 872 inferior
664 809 852 871 debet
880 809 1256 872 sententiam
1285 809 1556 886 differre,
1580 813 1642 871 ct
1660 808 1754 868 in-

235 905 406 967 terim
436 904 778 965 admonere
807 901 1192 983 principem,
1246 905 1315 964 ut
1359 901 1490 981 ipse
1536 919 1755 981 supre-

235 1016 325 1057 ma
356 997 728 1058 auctoritate
753 995 816 1055 id
833 995 1042 1057 faciat.
1064 997 1243 1058 Suar.
1264 998 1474 1056 tamen
1488 999 1639 1057 tom.
1663 1010 1749 1056 lv.

234 1091 296 1151 de
319 1089 618 1170 Reliqione
643 1089 751 1150 lib.
787 1091 863 1151 X.
896 1087 967 1149 de
984 1088 1263 1169 reqimine
1275 1088 1584 1149 Societact's
1612 1105 1749 1166 cap.

233 1202 344 1245 xu.
380 1202 554 1245 num.
587 1185 689 1244 45.
726 1182 1010 1244 absolute
1041 1181 1229 1259 dicit,
1263 1182 1318 1242 si
1342 1182 1619 1259 legitime
1646 1181 1757 1243 fiat

233 1277 560 1353 accusatiO,
608 1274 837 1336 debere
886 1275 1075 1336 etiam
1119 1275 1184 1335 in
1231 1274 1533 1353 religione
1579 1277 1641 1337 et
1693 1274 1755 1335 in

233 1374 436 1432 nostra
480 1369 780 1431 societate
838 1368 1171 1448 praelatum
1215 1386 1355 1428 eam
1403 1371 1754 1446 acceptare,

234 1469 288 1526 et
313 1482 425 1543 per
452 1462 768 1523 notarium
796 1461 1096 1541 scriptam
1123 1480 1264 1522 eam
1291 1460 1591 1540 recipere.
1628 1460 1760 1522 Cla-

233 1557 351 1618 rius
379 1556 627 1617 locutus
657 1557 753 1615 est
778 1555 841 1615 in
872 1554 990 1615 hoc
1018 1559 1272 1634 punctO,
1307 1558 1370 1615 et
1395 1554 1616 1615 melius
1647 1557 1761 1614 Pc-

232 1655 354 1712 trus
383 1648 740 1727 Aragonius
767 1647 831 1708 in
862 1648 1156 1726 praesenti
1185 1663 1508 1728 qu.1.x111.
1541 1651 1662 1709 art.
1695 1650 1753 1707 3.

233 1743 291 1804 in
344 1741 762 1822 explicatione
818 1740 1084 1817 articuli,
1145 1741 1361 1801 dicens
1414 1740 1761 1821 principem

233 1854 407 1917 posse
438 1834 906 1897 accusationem
935 1853 1060 1896 non
1076 1838 1425 1913 acceptare,
1448 1840 1637 1914 atque
1660 1851 1763 1893 ac-

233 1932 541 2009 ceptatam
568 1927 926 1989 rescindere
951 1974 966 2004 ,
1017 1927 1269 2006 quando
1312 1926 1377 1988 id
1418 1927 1499 1987 ad
1525 1927 1762 1988 bonum

235 2040 561 2084 commune
600 2020 979 2101 judicaverit
1007 2019 1299 2099 expedire
1323 2066 1339 2098 ,
1373 2019 1761 2099 providendo

235 2120 300 2177 ut
329 2114 682 2176 accusatori
708 2114 889 2175 aliter
915 2113 1197 2189 satisfiat,
1229 2113 1280 2174 si
1311 2112 1462 2193 quid
1493 2111 1551 2173 ei
1578 2111 1766 2172 debe·

233 2213 349 2271 tur.
381 2210 417 2270 J
426 2206 676 2268 udicem
704 2206 895 2268 etiam
921 2206 1278 2267 inferiorem
1324 2225 1507 2287 posse
1543 2205 1760 2286 impri-

232 2301 347 2362 mis
376 2300 740 2362 rescindere
786 2301 1218 2362 accusationes
1247 2300 1501 2362 vitiosas
1536 2320 1548 2361 :
1584 2317 1766 2378 posse

236 2395 422 2455 ctiam
477 2392 834 2454 rescindere
877 2394 1305 2454 accusationes
1344 2412 1484 2472 quoe
1529 2411 1656 2453 non
1686 2391 1767 2451 ad

233 2487 726 2549 satisfactionem
780 2486 1182 2562 accusatoriS,
1239 2486 1350 2548 sed
1399 2486 1479 2546 ad
1529 2486 1769 2547 honum

233 2599 568 2642 commune
596 2579 894 2660 primario
925 2579 1313 2656 ordinantur,
1351 2598 1473 2641 non
1513 2579 1774 2658 quidem

232 2674 480 2753 dejure
509 2673 671 2734 sicut
704 2672 995 2752 princeps
1041 2677 1283 2752 posset,
1329 2671 1440 2733 sed
1484 2692 1598 2752 per
1643 2671 1768 2750 epi-

232 2768 466 2844 keiam,
500 2766 752 2846 quando
782 2768 1023 2827 certum
1054 2770 1148 2828 est
1174 2766 1635 2828 accusationem
1667 2783 1771 2825 no·

229 2862 398 2922 xiam
430 2860 563 2921 tore
592 2861 757 2921 bono
789 2857 1132 2935 communi,
1183 2864 1254 2919 ut
1298 2859 1350 2919 si
1395 2858 1583 2920 sciret
1610 2858 1768 2919 sedi-

227 2954 471 3016 tionem
518 2958 630 3015 aut
671 2952 1093 3014 turbationem
1120 2950 1482 3030 reipublicae
1519 2955 1770 3012 secutu-

226 3067 366 3110 ram
397 3050 661 3127 propter
688 3046 1109 3108 conditionem
1139 3046 1437 3107 accusati.
1467 3044 1646 3108 Unde
1675 3045 1770 3105 in÷

226 3142 385 3220 tero,
422 3158 608 3222 posse
635 3140 702 3201 in
731 3139 940 3220 aliqua
978 3138 1279 3219 religione
1307 3139 1446 3220 lege
1474 3139 1573 3200 vel
1603 3138 1772 3200 ordi-

227 3236 487 3297 natione
518 3234 834 3295 communi
857 3232 1197 3312 prohiberi,
1225 3233 1333 3294 ubi
1353 3233 1416 3294 id
1438 3233 1519 3293 ad
1533 3232 1771 3293 bonum

225 3346 570 3392 commune
591 3326 1019 3389 'necessarium
1059 3325 1473 3406 judicaretur,
1507 3344 1584 3386 ne
1608 3343 1772 3406 prae-

219 3422 335 3485 lati
362 3422 697 3483 inferiores
727 3438 948 3481 causas
978 3418 1395 3481 accusationis
1424 3423 1770 3498 acceptatae

221 3517 717 3596 prosequantur,
754 3513 867 3574 nisi
899 3513 1180 3575 consulto
1198 3512 1475 3592 generali
1511 3533 1524 3575 :
1561 3517 1624 3574 et
1643 3513 1774 3591 qui·

221 3610 372 3671 dem
402 3612 578 3671 Lesa.
612 3608 721 3669 lib.
772 3609 845 3669 11.
881 3625 1019 3687 cap.
1069 3624 1204 3668 xix.
1240 3606 1389 3668 dub.
1427 3609 1521 3668 12.
1554 3606 1616 3666 in
1647 3609 1772 3667 fine

219 3722 292 3764 ex
329 3703 522 3766 Claro
553 3705 617 3762 et
644 3699 779 3761 aliis
799 3692 1083 3777 te’statur,
1116 3699 1180 3760 in
1210 3699 1473 3760 Francia
1493 3698 1772 3778 prohibi-

218 3800 356 3858 tam
418 3814 558 3856 esse
607 3812 857 3855 omnem
905 3793 1368 3854 accusationem
1409 3792 1770 3854 tendentem

218 3890 301 3950 ad
331 3888 690 3950 vindictam
710 3886 1045 3966 publicam.
1081 3886 1259 3958 Quod
1285 3885 1529 3947 facilius
1550 3885 1612 3945 in
1633 3885 1772 3945 reli-

213 3981 419 4062 gione
451 3979 780 4060 prohiberi
822 3983 1066 4059 potest,
1115 3997 1258 4040 cum
1300 3977 1594 4058 praelatus
1634 3997 1773 4057 pro-

214 4080 367 4154 pter
394 4075 642 4137 bonum
671 4072 989 4151 religionis
1033 4071 1231 4151 possit
1256 4070 1595 4149 praecipere
1624 4071 1771 4131 sub·

217 4167 356 4230 dito
391 4171 471 4229 ut
498 4168 578 4227 ab
613 4166 1009 4227 accusatione
1037 4164 1334 4241 desistat,
1367 4164 1611 4243 quoties
1640 4164 1770 4242 ipse

215 4261 530 4329 subditus
557 4259 725 4320 licite
776 4258 1075 4319 desistere
1131 4261 1355 4336 potest.
1413 4257 1769 4319 Notandum

42 4397 126 4440 „b
214 4356 377 4418 item
412 4358 513 4415 est
543 4352 1004 4413 accusationem
1059 4350 1280 4412 saltem
1334 4350 1502 4411 circa
1546 4350 1773 4411 delicta

43 4453 115 4493 ndo

53 4506 146 4548 neri.

209 4448 456 4529 gravia
485 4446 718 4507 debere
747 4445 882 4505 fieri
911 4444 976 4504 in
1023 4443 1290 4523 scriptiS,
1326 4444 1533 4505 oblato
1563 4444 1772 4506 libello

212 4540 627 4603 accusatorio
659 4556 803 4599 cum
844 4536 1300 4616 subscriptione
1348 4537 1764 4612 accusatoris;

209 4632 693 4697 consuetudine
713 4636 923 4692 tamen
941 4629 1170 4691 alicubi
1199 4632 1563 4709 acceptatur
1580 4648 1767 4691 accu-

207 4729 383 4790 satio
451 4724 727 4786 verbalis
780 4742 992 4785 coram
1045 4723 1328 4799 notario,
1388 4725 1458 4783 ut
1510 4725 1773 4785 testatur

205 4825 397 4884 Lesa.
460 4817 629 4880 dicto
687 4835 825 4895 cap.
877 4818 1067 4877 XXX.
1114 4814 1266 4876 dub.
1318 4835 1371 4877 1.
1413 4834 1586 4877 num.
1616 4821 1673 4877 2.
1709 4821 1771 4878 et

204 4912 558 4976 Filliucius
587 4915 665 4971 tr.
698 4912 820 4971 XL.
857 4927 994 4988 cap.
1026 4925 1152 4971 vn.
1193 4927 1365 4970 num.
1410 4913 1548 4970 202.
1583 4910 1773 4971 debet

202 5009 419 5070 etiam
455 5003 727 5083 exprimi
757 5020 984 5063 nomen
1003 5001 1312 5077 accusati;
1361 5001 1529 5082 quod
1557 5002 1606 5062 si
1637 5003 1772 5067 fieri

202 5120 340 5162 non
378 5097 594 5179 possit
619 5097 766 5175 quia
794 5096 1138 5175 ignoratur,
1186 5094 1374 5156 debet
1413 5114 1489 5155 ex
1514 5097 1765 5173 vestitu,

195 5195 406 5268 facie,
449 5189 684 5266 officio,
736 5193 798 5249 et
841 5188 976 5249 aliis
1018 5187 1213 5266 signis
1252 5187 1542 5249 describi.
1574 5189 1773 5250 Debet

197 5287 419 5350 etiam
455 5282 767 5343 declarari
799 5281 1005 5343 delicti
1036 5280 1297 5359 specieS‚
1345 5282 1519 5343 locus
1557 5282 1767 5359 etiam,

194 5384 266 5444 et
297 5386 581 5456 tempus
637 5375 862 5437 saltem
917 5374 1127 5454 quoad
1181 5393 1439 5453 annum,
1501 5379 1563 5437 et
1601 5395 1778 5438 men-

195 5493 372 5548 sem,
414 5473 501 5534 ut
527 5469 724 5550 possit
750 5488 895 5531 reus
931 5487 999 5532 sc
1045 5468 1422 5547 defendere,
1466 5468 1593 5533 imo
1638 5470 1774 5551 ipso

1851 716 2157 778 cusatoris
2186 720 2250 777 et
2276 717 2732 780 denuntiatoris
2764 719 3145 799 obligatione
3173 739 3381 783 sermo

1854 808 1990 872 erit.

1932 903 2332 965 Denuntiatio
2364 903 2663 966 dividitur
2689 904 2752 966 in
2780 904 3125 968 fraternam
3147 912 3209 970 et
3229 907 3384 988 juri-

1854 994 2082 1057 dicam.
2119 998 2440 1071 Fraterna,
2494 1016 2608 1059 seu
2647 1003 2912 1078 paterna
2952 1005 3080 1079 est,
3118 1020 3244 1082 qua
3271 1003 3386 1064 ali·-

1856 1087 1995 1167 quis
2022 1089 2289 1151 recurrit
2313 1088 2393 1149 ad
2428 1090 2760 1170 praelatum
2783 1138 2799 1168 ‚
2851 1112 2977 1155 non
3021 1098 3089 1156 ut
3116 1096 3197 1155 ad
3220 1095 3244 1176 j
3254 1096 3381 1157 udi-

1854 1198 1993 1240 cem
2023 1185 2090 1243 ut
2116 1181 2356 1260 puniat,
2402 1183 2512 1244 sed
2557 1187 2861 1264 tanquam
2907 1186 2990 1248 ad
3032 1191 3276 1267 patrem
3317 1192 3389 1251 ut

1854 1274 2183 1351 provideat
2208 1276 2376 1336 bono
2405 1275 2826 1356 delinquentis
2858 1300 2872 1340 ε
2899 1279 3216 1358 judicialis
3235 1300 3386 1344 vero

1857 1384 1968 1427 seu
1990 1365 2264 1447 juridica
2293 1372 2407 1445 cst,
2452 1387 2570 1449 lua
2596 1372 2939 1433 recurritur
2984 1374 3067 1434 ad
3107 1376 3386 1454 superio·

1855 1477 2013 1536 rem,
2045 1465 2350 1541 tanquam
2395 1463 2478 1522 ad
2515 1462 2818 1542 judicem,
2879 1468 2949 1526 ut
3000 1484 3113 1545 pro
3142 1486 3257 1528 sua
3284 1486 3391 1548 po·

1857 1556 2079 1614 testate
2136 1554 2467 1633 provideat
2521 1555 2683 1617 bono
2750 1559 3217 1621 communitatis
3282 1581 3393 1640 pu-

1858 1645 2088 1708 niendo
2118 1646 2309 1707 etiam
2357 1652 2420 1709 et
2462 1649 2811 1710 exercendo
2860 1670 3042 1712 suum
3069 1671 3300 1713 munus
3328 1654 3393 1714 in

1858 1738 1993 1799 foro
2015 1738 2311 1817 juridico.
2347 1739 2776 1802 Differentiam
2802 1742 2966 1803 inter
3010 1743 3123 1805 has
3152 1746 3395 1806 denun-

1859 1830 2151 1892 tiationes
2197 1831 2320 1893 late
2363 1834 2766 1912 prosequitur
2794 1836 3027 1897 Suarez
3052 1838 3219 1901 dicto
3248 1856 3389 1919 cap.

1859 1939 1996 1987 vm.

1943 2018 2188 2079 Omissa
2216 2036 2366 2098 ergo
2392 2018 2864 2082 denuntiatione
2906 2026 3203 2103 paterna,
3256 2043 3394 2107 quae

1863 2110 2064 2190 magis
2091 2115 2334 2189 spectat
2361 2112 2440 2172 ad
2469 2113 2798 2175 materiam
2821 2114 2900 2174 de
2929 2115 3255 2196 charitate,
3289 2118 3394 2179 ubi

1864 2204 2054 2265 etiam
2082 2203 2419 2265 dicendum
2453 2205 2571 2268 erIt
2611 2225 2691 2267 an
2729 2206 2931 2286 ipsam
2960 2209 3189 2272 debeat
3232 2229 3401 2272 sem-

1869 2312 1982 2377 per.
2037 2297 2394 2377 praecedere
2450 2298 2660 2360 fratris
2715 2301 3057 2377 correcti03
3117 2304 3400 2366 dicemus

1865 2410 2031 2452 nunc
2062 2391 2140 2452 de
2163 2391 2447 2471 judiciali
2477 2410 2618 2472 quae
2638 2397 2734 2455 est
2752 2395 3007 2473 propria
3036 2397 3224 2477 hujus
3251 2399 3394 2474 loci,

1867 2488 1928 2545 et
1956 2483 2157 2563 primo
2188 2482 2463 2544 dubitari
2507 2490 2715 2563 potest
2741 2486 2821 2547 de
2850 2487 2991 2562 illa,
3028 2508 3108 2550 an
3140 2494 3208 2552 ut
3232 2492 3399 2553 licite

1865 2577 1995 2653 fiat,
2028 2576 2308 2656 requirat
2336 2577 2526 2638 etiam
2555 2579 3018 2656 praecedentem
3046 2583 3394 2662 infamiam,

1867 2669 2029 2730 sicut
2054 2668 2396 2748 requiritur
2441 2669 2523 2730 ad
2565 2670 3034 2750 inquisitionem
3064 2678 3400 2755 specialem

1868 2761 2265 2822 faciendam?
2321 2763 2745 2842 supponimus
2811 2770 3023 2828 autem
3085 2770 3401 2830 neminem

1867 2873 2048 2935 posse
2073 2854 2240 2916 licite
2263 2853 2648 2936 judicialiter
2668 2857 3063 2938 denuntiare,
3090 2862 3208 2923 nisi
3234 2865 3402 2942 quod

1868 2949 2036 3010 bona
2062 2948 2187 3008 fide
2216 2952 2395 3028 putat
2420 2949 2687 3027 possein
2710 2951 2949 3029 judicio
2966 2953 3242 3033 legitime
3265 2974 3407 3035 pro—

1868 3041 2035 3116 bari;
2069 3040 2346 3121 alioquin
2393 3042 2527 3103 sine
2574 3043 2698 3104 ullo
2746 3046 2953 3108 fructu
2994 3047 3405 3111 infamaretur

1868 3134 2189 3215 proximus
2217 3152 2332 3214 per
2347 3136 2518 3198 illam
2536 3135 2820 3200 inutilem
2839 3138 3397 3205 denuntiationem.

1869 3232 2002 3291 Hoc
2031 3229 2374 3310 supposito.

1952 3322 2162 3384 Prima
2188 3322 2494 3385 sententia
2522 3323 2726 3401 docet,
2760 3327 3074 3389 neminem
3104 3347 3285 3408 posse
3312 3329 3405 3410 ju·
3549 3341 3626 3400 77

1867 3416 2063 3478 ridice
2081 3415 2447 3478 denuntiare
2459 3422 2788 3495 peccatum
2806 3423 3141 3498 secretum,
3162 3423 3403 3485 etiamsi
3473 3464 3733 3509 namnum„

1868 3509 2067 3589 possit
2095 3508 2259 3569 illius
2287 3509 2524 3570 crimen
2573 3511 2876 3589 probare;
2910 3514 3029 3575 nisi
3059 3515 3295 3577 crimen
3326 3517 3409 3579 sit
3453 3520 3658 3575 iudici*is
3698 3533 3748 3562 ω·

3473 3575 3735 3628 prex-equirat

3501 3627 3704 3670 infamiam
3712 3658 3723 3668 .

3530 929 3607 987 76

3497 1056 3730 1121 otuplexfit

3475 1116 3716 1155 enuntiatio.

1871 3603 1993 3663 tale
2024 3601 2194 3682 quod
2222 3602 2535 3665 redundet
2559 3604 2624 3664 in
2654 3605 3014 3683 reipublicae
3036 3653 3051 3683 ,
3085 3610 3184 3670 vel
3215 3610 3408 3671 alicu-

1865 3694 1970 3776 jus
1999 3694 2349 3756 innocentis
2382 3714 2575 3774 grave
2596 3697 2921 3776 damnum,
2942 3700 3127 3778 juxta
3153 3720 3249 3779 ea,
3268 3720 3407 3781 qua}

1873 3789 1951 3851 de
1979 3788 2384 3868 inquisitione
2412 3789 2665 3868 speciali
2697 3791 2866 3852 dicta
2903 3797 3068 3854 sunt.
3103 3796 3280 3856 Hanc
3306 3796 3407 3856 di-

1873 3883 1957 3946 cit
1985 3901 2118 3943 cssc
2149 3900 2548 3943 communem
2575 3884 2822 3944 Lessius
2855 3904 2994 3964 cap.
3027 3903 3197 3950 xxm.
3233 3907 3404 3950 num.

1877 3977 2014 4037 111.
2049 3980 2112 4037 ct
2139 3975 2280 4036 ideo
2311 3993 2438 4036 non
2467 3976 2659 4038 audet
2685 3976 2765 4037 ab
2798 3995 2872 4038 ea
2887 3980 3211 4041 recedere.
3233 3983 3414 4041 Eam-

1876 4070 2021 4130 dcm
2062 4073 2235 4131 tenet
2279 4068 2595 4129 Malderus
2641 4069 2704 4128 in
2748 4072 3041 4149 praesenti
3086 4078 3269 4136 tract.
3305 4076 3406 4136 v1.

1878 4181 2017 4243 cap.
2049 4178 2094 4225 1.
2128 4162 2280 4223 dub.
2316 4164 2415 4223 18.
2450 4161 2715 4225 Videtur
2764 4165 2956 4225 etiam
3002 4184 3142 4228 eam
3185 4168 3412 4228 docere

1883 4260 2198 4318 Navarrus
2225 4254 2285 4315 in
2314 4255 2578 4316 manuali
2600 4275 2740 4336 cap.
2775 4274 2957 4321 xv111.
2981 4279 3156 4322 num.
3189 4264 3291 4323 56.
3325 4262 3411 4322 at-

1878 4347 2074 4411 fertur
2122 4349 2312 4411 etiam
2340 4348 2654 4410 Adrianus
2698 4351 2762 4411 in
2796 4368 2882 4413 lv.
2916 4352 2981 4413 in
3027 4355 3293 4415 materia
3335 4355 3412 4415 de

1876 4444 2269 4506 restitutione
2298 4444 2483 4504 famae
2509 4445 2566 4523 §.
2601 4444 2726 4506 Sed
2741 4454 2946 4506 contra
2968 4447 3257 4528 praedicta
3277 4494 3292 4524 ,
3326 4448 3413 4509 ibi

1877 4543 2090 4601 tamon
2116 4537 2320 4617 magis
2347 4537 2515 4598 favet
2541 4539 2841 4618 oppositae
2870 4541 3215 4618 sententiae,
3243 4541 3293 4601 si
3323 4545 3412 4603 at-

1880 4635 2049 4695 tente
2076 4631 2343 4710 legatur.
2379 4631 2639 4693 Ratione
2687 4637 2897 4694 autem
2942 4634 3246 4713 probatur
3276 4635 3413 4697 hoec

1879 4724 2208 4801 sententia,
2241 4723 2389 4803 quia
2417 4724 2578 4786 sicut
2595 4726 2792 4803 judex
2821 4744 2948 4788 non
2977 4725 3171 4788 habet
3188 4727 3294 4807 jus
3322 4726 3412 4787 in-

1882 4817 2172 4901 quirendi
2216 4814 2294 4877 de
2351 4821 2607 4897 peccato
2655 4821 2921 4896 occulto,
2969 4820 3272 4899 quamdiu
3301 4838 3409 4881 oc-

1881 4911 2115 4973 cultum
2146 4913 2239 4971 est
2270 4928 2285 4975 ε
2317 4910 2403 4972 ita
2431 4929 2547 4972 nec
2575 4911 2731 4973 alius
2760 4917 2968 4993 potest
2992 4913 3147 4973 illud
3168 4913 3412 4973 denun-

1877 5006 2032 5066 tiare
2063 5007 2126 5065 et
2153 5004 2511 5082 publicare;
2559 5006 2664 5065 illa
2706 5007 2873 5067 enim
2909 5006 3249 5086 publicatio
3300 5006 3413 5068 ha-

1877 5098 2056 5158 beret
2095 5095 2398 5158 malitiam
2442 5096 2846 5160 detractionis
2875 5103 2937 5161 et
2972 5098 3217 5180 injurioe
3263 5118 3412 5163 con-

1876 5193 1975 5252 tra
2014 5191 2285 5267 famam,
2347 5208 2537 5270 quam
2593 5192 2912 5271 proximus
2967 5193 3176 5254 adhuc
3211 5193 3412 5274 possi-

1956 5377 2255 5457 Opposita
2296 5380 2508 5439 tamen
2549 5379 2859 5441 sententia
2895 5379 3147 5442 videtur
3174 5381 3404 5459 verior,

1877 5488 2067 5551 quam
2112 5470 2217 5532 alii
2254 5471 2548 5534 videntur
2602 5490 2957 5551 supponere
3011 5476 3082 5536 ut
3127 5492 3409 5538 commu-

3553 5404 3635 5464 78
