4263 6376
492 523 554 567 Do
590 522 788 568 societat-

517 578 625 620 οἰκ-αι
653 577 763 618 solas

567 644 593 672 0
647 642 713 671 HS

518 643 770 738 ngmffl·
839 689 903 749 in
930 690 1096 751 Urbe
1126 690 1487 752 societatem
1507 693 1790 754 fecerunt
1818 691 2193 765 circalucra,
2232 708 2372 769 quae
2471 707 2629 765 ram,
2681 688 2769 751 ita
2797 694 2868 750 ut
2896 689 3136 750 ratione
3168 708 3377 767 operae
3406 707 3554 768 pars
3583 687 3738 749 lucri
3762 692 3946 768 specia-

840 801 912 842 ex
958 783 1221 861 negotiis
1269 784 1674 862 expediendis
1720 784 2045 859 haberent,
2106 800 2374 862 quorum
2472 781 2615 842 liter
2643 782 2700 840 ei
2743 781 3116 859 assignetur,
3177 786 3240 843 et
3285 788 3506 860 postea
3554 782 3660 841 uni
3708 800 3776 840 ex
3812 785 3946 844 sociis

840 894 1020 950 unuS,
1073 893 1214 935 cum
1243 880 1459 953 postea
1504 878 1686 957 plura
1732 877 1984 956 negotia
2026 875 2368 953 expediret,
2475 891 2664 951 opera
2693 875 3142 950 committatur,
3206 892 3332 935 non
3389 876 3711 952 assignata
3754 875 3949 935 cimer-

840 985 912 1026 eo
946 967 1113 1045 quod
1142 968 1495 1030 interventu
1528 970 1798 1049 plurium
1827 970 2177 1029 amicorum
2214 985 2371 1046 quos
2476 966 2626 1026 cede
2656 984 2768 1045 pro
2797 984 3011 1045 opera,
3061 966 3313 1028 videtur
3331 967 3436 1045 jus
3466 967 3701 1027 habere
3729 967 3800 1025 ad
3823 968 3949 1028 illam

840 1058 1134 1135 habebat,
1184 1061 1323 1139 plus
1352 1062 1433 1121 ad
1479 1062 1685 1140 ipsum
1734 1062 1984 1139 negotia
2031 1079 2146 1121 sua
2175 1066 2376 1122 trans·
2475 1058 2870 1137 exigendam,
2905 1063 2968 1120 ct·
2996 1078 3108 1137 per
3137 1078 3530 1138 consequens
3551 1060 3629 1119 ad
3652 1058 3950 1120 habendum

838 1152 1180 1229 mitterent,
1214 1153 1468 1215 nole-bat
1497 1155 1665 1215 socio
1687 1158 1930 1234 partem
1953 1154 2264 1232 aequalem
2284 1152 2377 1210 lu·
2477 1170 2511 1210 a
2540 1152 2836 1212 societate
2865 1151 3125 1226 victum,
3172 1152 3363 1212 etiam
3392 1152 3652 1231 quando
3680 1152 3831 1213 domi
3855 1173 3952 1212 ma-

840 1244 930 1304 cri
961 1245 1253 1320 tribuere,
1311 1245 1525 1306 dicens
1573 1251 1962 1307 contractum
2012 1264 2134 1307 non
2185 1244 2375 1305 fuisse
2476 1246 2602 1319 net,
2665 1247 2728 1304 et
2756 1243 2990 1323 aliquid
3040 1244 3233 1319 aliud,
3298 1245 3347 1304 si
3379 1248 3585 1306 totum
3636 1244 3698 1303 id
3723 1245 3796 1305 sit
3832 1246 3952 1306 intra

841 1337 1168 1415 aequalem,
1222 1356 1296 1397 eo
1327 1339 1491 1416 quod
1538 1338 1672 1417 ejus
1701 1338 2009 1399 industria
2038 1338 2377 1398 accedente
2475 1335 2775 1396 terminos
2836 1336 3250 1413 competentis
3293 1341 3355 1396 et
3400 1337 3633 1397 debitae
3681 1339 3949 1411 mercedis,

840 1429 1186 1489 amicorum
1216 1430 1673 1507 benevolentia,
1716 1430 1973 1510 majoris
2003 1430 2159 1490 lucri
2188 1448 2378 1490 causa
2476 1428 2595 1487 nisi
2625 1428 2755 1505 ipse
2787 1428 3129 1488 liberaliter
3156 1436 3488 1490 censeatur
3539 1447 3785 1507 operam
3821 1450 3951 1489 suam

843 1525 1025 1582 esset.
1080 1524 1211 1599 Ego
1244 1527 1451 1583 tamen
1484 1524 1631 1600 dixi,
1667 1523 2377 1585 controverSIam-totam
2475 1521 2759 1581 conferre
2792 1521 2950 1580 velle
2983 1522 3046 1580 in
3076 1539 3477 1581 communem
3510 1522 3813 1583 societatis
3839 1524 3954 1582 utili·

843 1614 925 1675 ad
971 1615 1207 1675 factum
1249 1616 1562 1693 pertinere
1612 1617 1815 1695 magis
1863 1634 2053 1694 quam
2098 1616 2179 1675 ad
2219 1614 2324 1693 jus
2360 1635 2373 1675 ε
2477 1617 2691 1674 tatem.
2728 1613 2794 1673 Si
2826 1630 2975 1673 vero
3006 1613 3180 1675 initio
3214 1632 3473 1692 operam
3495 1632 3678 1673 suam
3708 1616 3949 1693 promisit,

844 1706 1117 1784 pendere
1149 1707 1379 1787 quippe
1415 1728 1489 1767 ex
1533 1727 1629 1784 eo,
1682 1728 1765 1768 an
1813 1712 2172 1770 contractus
2222 1711 2380 1768 tem-
2477 1710 2540 1767 et
2569 1705 2810 1766 ratione
2842 1706 3005 1767 illius
3035 1706 3385 1767 admittitur
3427 1706 3512 1765 ad
3555 1711 3794 1786 partem
3818 1708 3949 1780 lucri,

842 1816 994 1877 pore
1043 1817 1332 1859 excessus
1363 1800 1463 1860 hic
1502 1806 1837 1862 constaret.
1906 1801 1971 1862 Si
2015 1801 2184 1859 enim
2229 1804 2378 1860 tunc
2476 1798 2575 1858 vel
2605 1801 2772 1858 certe
2806 1798 2884 1858 ad
2915 1799 3221 1877 maiorem
3253 1804 3534 1878 partem;
3571 1801 3954 1878 tunc-procedit

844 1910 968 1951 non
999 1892 1344 1965 constabat,
1398 1892 1507 1952 sed
1537 1899 1751 1971 postea
1784 1894 2051 1953 decursu
2077 1892 2378 1971 temporis
2477 1890 2788 1951 distinctio
2835 1891 2960 1965 illa,
3021 1895 3091 1952 ut
3130 1909 3419 1968 expensae
3465 1892 3672 1951 solum
3715 1893 3954 1970 speciales

845 1983 1195 2043 differentia
1224 1986 1534 2064 apparuit,
1596 1988 1949 2046 contractus
1983 1987 2191 2063 justus
2236 1985 2373 2060 fuit,
2476 1982 2791 2044 solvendas
2823 1983 2902 2043 ab
2933 1983 3223 2044 omnibus
3255 1983 3405 2055 sint;
3455 1983 3559 2044 hae
3589 1984 3749 2043 enim
3773 1986 3891 2045 solae
3912 1990 3956 2045 et

845 2079 908 2135 et
935 2075 1223 2135 sustineri
1256 2076 1444 2137 debet
1472 2080 1601 2138 toto
1629 2083 1912 2157 tempore
1942 2081 2195 2138 statuto.
2239 2078 2381 2138 Fuit
2477 2095 2602 2135 non
2646 2093 3010 2135 communes
3072 2079 3133 2136 et
3169 2076 3537 2152 ordinariae,
3601 2077 3838 2137 veniunt
3871 2078 3953 2137 sub

846 2167 1013 2226 enim
1042 2172 1400 2229 contractus
1431 2169 1718 2247 fortunae,
1755 2176 1817 2230 et
1842 2171 2148 2249 potuisset
2173 2188 2206 2229 e
2236 2189 2379 2231 con·
2479 2168 2729 2228 nomine
2783 2186 3013 2245 operae,
3080 2168 3160 2227 ad
3222 2187 3410 2246 quam
3470 2188 3550 2227 ex
3598 2176 3882 2230 contractu
3906 2188 3953 2229 se

844 2277 1024 2320 verso
1056 2278 1345 2320 excessus
1374 2261 1531 2321 lucri
1558 2281 1863 2342 apparere
1909 2283 1983 2322 ex
2011 2267 2190 2341 parte
2222 2263 2376 2323 alte·
2479 2260 2800 2338 obligavit.
2866 2260 3110 2321 Debent
3160 2267 3407 2336 autem,
3459 2262 3646 2322 finita
3694 2263 3950 2337 societate,

845 2352 974 2411 rius
1008 2372 1021 2412 :
1058 2370 1249 2431 quare
1280 2352 1540 2430 perinde
1569 2373 1635 2415 se
1664 2355 1918 2427 liabent,
1954 2374 2026 2416 ac
2056 2356 2107 2415 si
2140 2355 2201 2413 in
2229 2355 2378 2416 ludo
2482 2352 2723 2412 extrahi
2757 2353 2957 2431 primo
3015 2353 3154 2413 loco
3216 2372 3508 2431 expensae
3550 2355 3955 2414 communesab

846 2443 1209 2505 societatem
1237 2444 1529 2507 fecissent
1574 2447 1739 2507 circa
1785 2448 1941 2508 lucri
1978 2447 2374 2524 divisionem,
2480 2445 2769 2506 omnibus
2800 2445 3140 2521 solvendae,
3176 2449 3240 2505 et
3260 2450 3479 2523 postea
3511 2446 3589 2506 iis
3608 2446 3859 2518 sublatis
3885 2466 3956 2505 ex·

847 2556 987 2616 quae
1016 2538 1233 2616 procul
1282 2538 1473 2599 dubio
1519 2540 1809 2601 facienda
1854 2545 1969 2616 est,
2028 2541 2174 2601 licet
2218 2561 2381 2601 unus
2478 2537 2643 2598 trahi
2673 2536 2961 2613 capitale,
3009 2541 3072 2598 et
3101 2537 3316 2598 ultimo
3350 2537 3487 2598 loco
3522 2538 3717 2598 dividi
3745 2539 3951 2598 lucrum.

848 2633 1064 2708 postea
1090 2630 1396 2710 majorem
1426 2633 1738 2710 peritiam,
1771 2637 1881 2694 aut
1907 2634 2230 2694 meliorem
2259 2635 2380 2695 for·
2481 2630 2543 2691 Si
2577 2647 2724 2689 vero
2756 2628 2994 2707 aliquid
3016 2629 3094 2691 sit
3122 2630 3493 2690 solvendum
3518 2630 3636 2690 sub
3665 2630 3953 2691 conditione

846 2728 1061 2784 tunam
1090 2722 1385 2785 habuisse
1414 2725 1854 2804 comperiatur.
2480 2720 2795 2800 pendente
2826 2720 2889 2779 in
2920 2721 3225 2797 futurum,
3281 2723 3379 2782 vel
3407 2724 3595 2783 aliter
3623 2724 3684 2783 in
3713 2725 3952 2797 futurum,

2482 2814 2601 2874 hoc
2631 2832 2754 2874 nou
2805 2817 2899 2874 est
2926 2814 3404 2890 extrahendum,
3469 2816 3588 2875 sed
3638 2817 3828 2876 omnia
3851 2822 3955 2876 sunt

2483 2905 2841 2980 dividenda,
2888 2907 3168 2984 praestita
3209 2907 3385 2984 prius
3432 2926 3470 2967 a
3501 2908 3689 2969 sociis
3732 2909 3956 2969 cautione

2483 2999 2561 3075 ei,
2625 2998 2771 3077 quia
2803 2998 3083 3059 omnium
3115 2999 3365 3059 nomine
3423 3020 3489 3060 se
3524 3000 3828 3080 obligavit,
3875 3001 3958 3061 sol·

1340 3102 1382 3182 S
1415 3099 1458 3182 Ε
1488 3102 1535 3184 c
1566 3102 1617 3186 Τ
1647 3100 1671 3184 Ι
1702 3100 1750 3183 0
1844 3102 1960 3188 ¹11·
2481 3092 2669 3151 vendi
2727 3090 2936 3151 debito
2993 3097 3294 3169 tempore,
3359 3111 3438 3152 ex
3474 3093 3517 3153 l.
3558 3094 3759 3154 Omnes
3782 3113 3863 3169 oes,
3908 3095 3952 3152 ff.

2477 3203 2590 3265 pro
2643 3182 2818 3259 socio,
2880 3187 2943 3244 et
2984 3183 3026 3244 l.
3070 3181 3221 3245 Cum
3247 3184 3440 3260 sociiis,
3501 3187 3569 3246 ff.
3617 3183 3956 3250 commmati-

2484 3276 2602 3338 vid.

973 3389 1062 3451 De
1086 3389 1531 3471 obliqatiom·bus
1556 3392 1843 3454 sociorum
1872 3393 1952 3454 ad
1976 3392 2240 3458 invicem.
2563 3370 2894 3431 nubitum?
2926 3369 3127 3448 PsimO
3187 3369 3278 3430 031'
3280 3388 3353 3430 ca
3401 3370 3519 3431 has
3553 3390 3856 3452 expensa-‘³²
3899 3388 3954 3431 ²¹¹
4040 3378 4077 3432 3²²

2485 3463 2735 3543 quando
2769 3464 2936 3524 socio
2969 3463 3296 3524 solvuntur
3323 3482 3620 3543 expensae
3653 3466 3878 3538 itineris,
3915 3470 3958 3522 et
3986 3505 4023 3543 Α,

2485 3575 2606 3617 non
2641 3574 2796 3635 quas
2813 3556 2985 3617 domi
3013 3556 3182 3632 facit,
3217 3556 3686 3619 detrahendum
3703 3559 3776 3619 sit
3796 3577 3856 3618 ex
3881 3575 3955 3616 ex-
4002 3565 4082 3595 ’Ἢ

601 3669 679 3728 23
937 3642 1143 3703 Primo
1201 3643 1503 3722 quaeritur
1556 3644 1634 3705 de
1691 3645 2070 3724 obligatione
2127 3666 2384 3709 concur·
2485 3650 2693 3729 pensis
2724 3648 2984 3723 itineriS,
3034 3648 3096 3707 id
3128 3648 3294 3727 quod
3336 3649 3506 3711 domi
3538 3651 3864 3730 expendere
3885 3649 3957 3707 de·
4002 3661 4084 3712 affl

503 3795 563 3837 Ex
618 3806 703 3836 οη
745 3805 798 3836 an
851 3735 1032 3796 rendi
1058 3735 1139 3796 ad
1188 3754 1514 3822 expensas,
1573 3737 1651 3797 de
1699 3738 1926 3817 quibus
1978 3744 2218 3801 certum
2266 3747 2380 3817 est,
2485 3742 2682 3818 beret,
2716 3742 2769 3802 si
2800 3742 2917 3803 iter
2946 3759 3069 3802 nou
3098 3743 3357 3818 ageret?
3387 3745 3639 3822 Negant
3669 3742 3958 3804 Navarr.in

526 3806 758 3956 §2332ssss
853 3829 1164 3890 servanda
1192 3833 1375 3908 pacta
1396 3829 1567 3909 justa
1612 3831 1787 3892 initio
1836 3832 2152 3894 societatis
2180 3833 2335 3895 inita
2367 3855 2380 3895 ε
2488 3834 2654 3895 Man.
2690 3853 2745 3894 c.
2781 3850 2933 3894 xva.
2971 3853 3030 3893 n.
3065 3835 3202 3894 283.
3238 3834 3472 3894 Molina
3504 3836 3615 3895 ubi
3648 3855 3821 3915 supra
3844 3855 3891 3893 n.
3914 3838 3955 3894 2.

836 331 954 390 476

839 503 1194 581 habuerint,
1228 505 1351 567 sint
1379 507 1757 581 communia,
1792 506 1962 566 nullo
1993 506 2072 566 ab
2099 505 2176 565 iis
2202 504 2374 582 capi-

838 597 946 658 tali
977 599 1220 659 collat0.
1281 602 1360 661 Ut
1389 599 1467 659 de
1515 601 1679 660 facto
1724 618 1924 679 nuper
1952 598 2075 659 duo
2106 597 2372 658 curiales

850 3921 1091 3982 secluso
1148 3928 1358 3983 autem
1411 3923 1668 4002 speciali
1723 3928 1903 4001 pacto
1930 3970 1946 4001 ,
2005 3926 2386 3986 servandam

852 4033 988 4074 csse
1014 4014 1136 4075 loci
1165 4015 1702 4091 consuetudinem,
1748 4015 1930 4094 juxta
1958 4036 2148 4096 quam
2177 4019 2241 4078 in
2271 4019 2389 4079 du-

850 4107 956 4167 bio
985 4111 1276 4168 censetur
1303 4108 1471 4169 facta
1500 4108 1784 4169 societas„
1819 4110 1927 4169 His
1958 4116 2170 4171 autem
2190 4112 2388 4171 omni-

851 4200 968 4260 bus
1016 4199 1422 4276 cessantibus,
1478 4200 1987 4279 distinguendum
2035 4207 2129 4263 est
2171 4204 2248 4264 de
2278 4223 2383 4264 ex-

852 4291 1061 4371 pensis
1120 4311 1133 4352 :
1195 4291 1483 4371 quaedam
1531 4293 1699 4354 enim
1743 4295 1904 4355 fiunt
1950 4296 2119 4356 circa
2144 4315 2387 4358 merces

852 4385 1039 4464 ipsaS,
1073 4404 1131 4444 v.
1158 4403 1220 4463 g.
1251 4404 1364 4464 pro
1394 4387 1894 4464 transportandis
1923 4392 1985 4449 et
2013 4406 2392 4449 conservan-

853 4477 949 4538 dis
996 4477 1312 4538 mercibus
1360 4495 1437 4538 ne
1493 4484 1776 4558 pereant,
1836 4485 1900 4541 et
1944 4480 2041 4541 hae
2099 4500 2389 4561 expensas

852 4589 1217 4632 communes
1262 4575 1408 4632 sunt
1451 4572 1743 4632 omnibus
1790 4573 1996 4634 sociiS.
2057 4575 2212 4635 Aliae
2242 4579 2390 4635 sunt

853 4682 1166 4743 expensae,
1227 4682 1382 4742 quas
1413 4663 1619 4726 socius
1664 4665 1813 4726 facit
1840 4665 1905 4725 iu
1952 4685 2066 4726 sua
2095 4685 2384 4745 persona,

853 4758 1005 4818 dum
1030 4761 1325 4835 operatur
1359 4755 1526 4818 circa
1553 4776 1652 4816 res
1675 4775 2060 4820 communeS.
2094 4761 2171 4820 Et
2192 4760 2269 4820 de
2291 4759 2389 4820 his

853 4850 1070 4911 dicunt
1098 4848 1430 4910 solvendas
1460 4868 1595 4910 esse
1625 4849 1704 4909 ab
1735 4850 2026 4912 omnibus
2057 4870 2386 4931 expensaS,

854 4961 1010 5022 quas
1038 4960 1228 5003 causa
1255 4941 1570 5005 societatis
1600 4960 1868 5021 operans
1897 4944 2102 5004 socius
2122 4945 2293 5020 facit,
2323 4948 2394 5005 ut

853 5037 907 5096 si
936 5036 1054 5097 iter
1100 5040 1269 5114 agat,
1323 5054 1630 5114 expensas
1677 5036 1917 5096 itineris
1964 5042 2391 5117 competentes

856 5134 918 5191 ct
947 5129 1372 5205 rationabileS,
1433 5147 1555 5189 non
1593 5128 2052 5190 irrationabiles
2082 5134 2146 5190 et
2173 5150 2392 5210 super-

849 5225 1030 5299 fluas,
1065 5239 1181 5281 nec
1212 5222 1402 5282 etiam
1434 5221 1603 5301 quod
1632 5222 1806 5282 domi
1835 5240 1964 5283 suae
1998 5224 2296 5302 expendit
2322 5224 2388 5283 in

850 5315 1018 5376 victu
1050 5314 1387 5391 ordinario,
1421 5315 1672 5395 quando
1703 5314 1869 5376 foras
1890 5334 2010 5376 non
2044 5318 2384 5394 egreditur.

851 5408 1155 5470 Videatur
1183 5407 1417 5468 Molina
1446 5406 1607 5486 disp.
1643 5410 1782 5468 418.
1818 5426 1923 5469 nu.
1960 5412 2019 5470 2.
2053 5416 2116 5470 et
2144 5411 2392 5471 Lessius

853 5502 1004 5564 dub.
1038 5516 1126 5564 lv.

1987 329 2091 390 DE
2131 329 2492 391 JUSTJTIA
2535 328 2635 389 ΕΤ
2679 328 2877 390 JURE

2552 503 3073 582 Distinguendum
3103 508 3316 566 tamen
3348 503 3600 564 videtur
3629 523 3644 563 :
3692 503 3740 563 si
3761 503 3813 564 in
3837 523 3945 567 con-

2472 599 2675 657 tractu
2708 614 2890 656 nemo
2920 615 2985 657 se
3009 596 3312 675 obligavit
3330 595 3728 676 peculiariter
3751 597 3817 655 ad
3840 617 3945 676 ope·

2485 3927 2733 3987 Lessius
2762 3946 2868 3986 nu.
2902 3928 3001 3986 35.
3038 3943 3181 3985 cum
3211 3925 3371 3988 aliis,
3435 3929 3618 3999 Quod
3651 3929 3851 4007 probat
3873 3928 3963 3987 Μο-

2484 4020 2613 4079 lina
2645 4038 2720 4078 ex
2764 4018 2808 4078 1.
2846 4017 2991 4080 Cum
3036 4016 3279 4094 duobus,
3318 4021 3375 4096 ξ.
3415 4019 3668 4094 Quidam
3703 4019 3956 4100 sequi-iam,

2485 4113 2527 4173 l.
2564 4112 2641 4173 Si
2663 4112 2904 4192 fratres,
2935 4111 2992 4189 ἓ,
3030 4111 3106 4171 Si
3128 4111 3258 4191 quis
3286 4130 3359 4171 ex
3383 4112 3579 4190 sociis,
3626 4114 3668 4174 1.
3700 4110 3960 4173 secundm

2484 4205 2812 4280 lulianum,
2878 4206 2940 4264 ff.
2984 4222 3096 4284 pro
3136 4204 3290 4264 socio
3345 4222 3370 4264 .·
3421 4205 3487 4264 in
3535 4206 3761 4285 quibus
3795 4223 3894 4265 non
3913 4203 3961 4262 fit

2487 4298 2723 4359 mentio
2753 4297 2893 4358 talis
2927 4296 3350 4358 detractionis
3401 4297 3525 4359 Sed
3559 4299 3662 4359 hae
3685 4299 3838 4376 leges
3862 4313 3961 4374 par·

2486 4390 2598 4452 tim
2628 4408 2752 4450 non
2784 4393 2981 4468 agunt
3036 4388 3115 4448 de
3166 4390 3476 4468 expensiS,
3540 4391 3657 4451 sed
3687 4391 3758 4450 de
3786 4389 3958 4448 damno

2489 4483 2656 4563 quod
2712 4483 2920 4543 socius
2965 4482 3230 4543 incurrit
3283 4487 3542 4561 propter
3598 4482 3916 4544 societatem
3947 4497 3957 4536 :

2488 4575 2719 4636 deinde
2750 4593 2876 4634 non
2905 4574 3249 4654 loquuntur
3281 4575 3359 4635 de
3389 4575 3585 4652 socio,
3640 4576 3740 4654 qui
3770 4594 3831 4633 ex
3853 4590 3961 4632 con·

2487 4671 2687 4729 tractu
2741 4666 2819 4726 ad
2861 4685 3118 4744 operam
3172 4667 3621 4727 conferendam
3678 4666 3958 4734 tenebatur,

2489 4761 2566 4820 de
2599 4777 2722 4839 quo
2785 4777 2953 4819 nunc
2999 4758 3335 4837 loquimur.
3398 4761 3487 4819 De
3531 4759 3637 4821 illo
3667 4765 3852 4820 autem
3874 4757 3959 4816 alio

2490 4853 2597 4932 qui
2628 4871 2752 4913 nou
2781 4852 3116 4913 tenebatur
3141 4851 3222 4912 ad
3244 4870 3524 4930 operam,
3561 4853 3738 4912 facile
3760 4847 3961 4912 concedi

2489 4949 2714 5025 potest,
2749 4945 2917 5024 quod
2952 4944 3181 5005 debeat
3212 4944 3443 5004 habere
3486 4945 3757 5025 integras
3778 4940 3960 5005 itineris

2491 5056 2795 5115 expensas
2823 5036 3061 5115 absque
3090 5037 3214 5095 ulla
3244 5037 3665 5114 detractione,
3722 5037 3848 5117 quia
3867 5039 3959 5096 toto

2492 5149 2564 5191 eo
2608 5134 2890 5208 tempore
2937 5128 2999 5188 in
3044 5147 3376 5189 commune
3426 5130 3664 5190 bonurn
3714 5126 3958 5190 societatis

2491 5223 2817 5283 incumbit.
2866 5223 2995 5282 Imo
3035 5221 3083 5282 si
3116 5221 3286 5281 domi
3315 5240 3581 5282 manens
3609 5229 3794 5285 totum
3819 5221 3956 5281 etiam

2490 5322 2740 5394 tempus
2799 5315 2859 5375 in
2918 5314 3039 5375 hoc
3093 5315 3231 5392 ipso
3291 5315 3665 5393 insumeret,
3720 5330 3956 5394 expensis

2494 5410 2682 5470 etiam
2711 5428 2856 5470 suas
2886 5407 3236 5469 ordinarias
3265 5426 3377 5486 pro
3398 5408 3858 5471 rationelaboris
3879 5407 3957 5465 ha·

2494 5503 2642 5564 bere
2675 5502 3013 5578 debuisset,
3049 5505 3117 5560 ut
3144 5500 3434 5564 diximus·
