4263 6376
1205 389 1675 453 DlsPU'rA‘rlo
1719 391 2019 469 XXXVII,
2068 391 2342 454 SEC'PIO
2385 393 2489 454 vl.

255 573 421 632 ratur
444 569 564 631 nisi
593 569 835 649 praelati
860 588 1079 648 opera,
1111 574 1262 632 tunc
1291 568 1459 630 enim
1497 569 1779 648 obligare

255 666 452 742 potest
490 666 561 724 ut
584 663 1022 727 manifestetur
1047 663 1136 722 illi
1164 680 1288 722 non
1345 666 1648 742 tanquam
1671 662 1778 741 ju-

256 756 392 831 dici,
423 756 535 816 sed
589 761 660 818 ut
712 757 876 836 patri
930 756 1012 816 ad
1069 755 1536 835 corripiendum
1566 755 1783 816 subdi-

255 853 405 912 tum.
433 849 614 911 Unde
655 867 839 929 posse
894 849 1228 929 praelatum
1276 849 1631 927 regularem
1689 849 1783 909 in-

257 943 499 1024 quirere
528 942 610 1003 ad
633 943 833 1004 solam
861 942 1317 1004 correctionem
1344 944 1674 1022 paternam
1702 942 1781 1002 de

257 1036 595 1097 defectibus
620 1035 856 1097 subditi
901 1054 1028 1097 non
1067 1035 1467 1114 praecedente
1498 1034 1776 1110 infamia,

257 1130 602 1191 concedunt
627 1128 828 1205 multi,
864 1146 1021 1209 quos
1043 1129 1312 1189 afferunt
1341 1131 1402 1189 et
1438 1130 1784 1207 sequuntur

258 1223 480 1286 Sanch.
525 1222 632 1282 ubi
661 1240 852 1300 snpra
872 1222 1022 1283 dul).
1059 1239 1204 1284 xxv.
1263 1225 1327 1283 et
1353 1222 1554 1282 Diana
1583 1238 1652 1283 11.
1688 1225 1775 1283 to.

256 1319 428 1379 tract.
463 1332 531 1377 11.
565 1314 638 1376 de
661 1315 797 1377 dub.
832 1315 1116 1396 requlari,
1152 1316 1339 1376 resol.
1375 1318 1477 1376 42.

328 1408 657 1471 Secundus
686 1411 799 1484 est,
837 1408 1090 1487 quando
1111 1407 1409 1469 delictum
1434 1411 1531 1468 est
1557 1407 1621 1466 in
1641 1424 1782 1484 gra-

253 1522 325 1564 ve
351 1505 805 1564 nocumentum
833 1501 1156 1580 publicum
1193 1501 1292 1561 vel
1323 1501 1639 1580 privatum
1669 1500 1784 1561 ali-

255 1595 429 1675 cujus
455 1594 825 1670 innocentis,
860 1598 922 1655 et
948 1594 1231 1673 pendens
1276 1593 1487 1655 adhuc
1515 1593 1578 1653 in
1621 1593 1783 1655 futu-

253 1689 577 1751 rum.Hinc
589 1693 892 1768 est,posse
904 1687 1183 1766 obligare
1195 1687 1274 1748 ad
1292 1686 1784 1748 manifestandos

256 1782 576 1844 haereticos
593 1786 849 1861 propter
875 1781 1225 1860 periculum
1281 1780 1660 1857 infectioniS,
1722 1783 1786 1841 ct

255 1875 692 1956 gravissimum
759 1875 1060 1936 damnum
1148 1873 1509 1952 reipublicae
1541 1919 1557 1949 ,
1617 1871 1785 1953 quod

255 1968 418 2030 idem
448 1973 544 2031 est
562 1969 640 2029 de
670 1968 808 2029 aliis
838 1967 1143 2028 similibus
1175 1967 1441 2029 delictiS.

67 2073 120 2132 58
329 2060 622 2126 Secunda
657 2061 873 2138 regula
903 2058 1252 2121 communis
1310 2060 1477 2122 circa
1530 2058 1784 2138 inquisi-

62 2201 132 2243 ᾖ,
152 2201 212 2243 in-
254 2157 485 2217 tionem
503 2155 753 2215 mistam
767 2153 1142 2233 est‚quando
1172 2152 1466 2215 delictum
1484 2152 1787 2231 estpubli-

62 2254 211 2319 *inuste
255 2267 415 2323 cum,
447 2247 562 2308 sed
590 2251 810 2309 auctor
862 2247 1210 2325 ignoratur,
1237 2245 1433 2325 judex
1460 2248 1668 2323 potest
1692 2244 1789 2304 in-

62 2315 182 2418 mat
254 2341 497 2421 quirere
526 2340 588 2399 in
621 2339 977 2418 particulari
1047 2342 1111 2401 et
1168 2338 1529 2399 examinare
1598 2342 1786 2399 testes

62 2428 197 2471 ΝΜ·
252 2435 414 2494 circa
445 2437 769 2498 auctorem
790 2432 951 2492 illius
985 2431 1220 2506 delicti,
1256 2448 1379 2490 non
1427 2434 1636 2490 tamen
1668 2430 1789 2490 cir-

251 2547 316 2588 ca
348 2527 629 2606 aliquem
657 2526 718 2585 in
751 2525 1135 2603 particulari,
1171 2523 1471 2603 quamdiu
1505 2542 1631 2583 non
1675 2523 1787 2584 ha—

253 2620 354 2682 bet
398 2619 634 2698 aliquid
698 2622 916 2680 contra.
969 2617 1167 2679 illum.
1204 2619 1350 2677 Haec
1409 2618 1627 2694 regula
1696 2621 1789 2678 est

251 2712 602 2776 communis
631 2716 848 2773 contra
877 2711 1244 2791 cajetanum
1275 2713 1337 2771 et
1383 2712 1624 2786 Sotum,
1680 2709 1788 2790 qui

249 2811 504 2885 negant,
537 2806 725 2866 licere
755 2804 926 2865 illam
955 2803 1425 2883 inquisitionem
1442 2803 1608 2881 apud
1639 2806 1783 2864 Les·

246 2901 406 2960 sium
437 2899 548 2959 ubi
592 2917 784 2976 supra
828 2915 1000 2958 num.
1054 2900 1188 2958 113.
1250 2914 1405 2976 quos
1459 2897 1788 2975 impugnat

246 2992 376 3071 ipse
404 2993 657 3053 Lessius
687 2992 773 3051 ibi
801 3009 944 3051 cum
976 2990 1297 3064 Silvestre,
1332 2991 1633 3065 Navarro,
1683 2991 1785 3049 In-

247 3086 558 3162 nocentio,
597 3084 1059 3159 Panormitano,
1095 3088 1156 3143 ct
1208 3082 1348 3142 aliis
1377 3098 1535 3161 quos
1577 3082 1786 3160 sequi-

243 3184 343 3242 tur
371 3178 566 3241 etiam
599 3179 832 3239 Suarez
863 3176 968 3237 ubi
997 3195 1185 3255 supra
1212 3194 1349 3254 cap.
1385 3192 1470 3237 xl.
1508 3194 1592 3237 nu
1628 3179 1688 3239 4.
1726 3179 1788 3238 et

245 3272 530 3334 Sanehez
552 3271 716 3332 dicto
742 3288 879 3348 cap,
915 3285 1007 3330 111.
1039 3269 1189 3329 dub.
1227 3285 1329 3330 xx.

319 3367 548 3429 Dices:
582 3366 696 3425 Illa
749 3362 1068 3441 inquisitio
1117 3362 1431 3439 generalis
1487 3361 1569 3422 ad
1630 3362 1783 3422 nihil

245 3456 549 3534 deservit,
566 3474 711 3518 nam
735 3456 835 3515 vel
863 3456 1285 3531 interrogatus
1311 3457 1559 3516 tenetur
1588 3455 1788 3516 mani-

247 3552 483 3612 festare
513 3567 849 3629 personam
879 3548 941 3608 in
972 3547 1290 3609 communi
1323 3566 1338 3619 ;
1379 3552 1443 3609 et
1487 3547 1607 3608 hoc
1653 3546 1788 3626 jam

241 3644 488 3706 sciebat
509 3643 705 3723 judex
738 3642 837 3703 eui
868 3642 1017 3703 satis
1057 3640 1387 3702 constabat
1427 3642 1506 3701 de
1559 3640 1784 3701 delicto

243 3738 607 3799 commisso,
657 3736 771 3798 Vel
810 3738 1062 3796 tenetur
1117 3734 1527 3795 manifestare
1575 3752 1786 3813 perso-

241 3847 387 3891 nam
434 3829 504 3889 in
534 3827 899 3907 particulari
925 3847 937 3887 :
984 3829 1047 3887 et
1076 3826 1194 3887 hoc
1225 3829 1319 3886 est
1372 3832 1592 3889 contra
1621 3826 1789 3887 ordi-

239 3942 386 3984 nem
408 3922 597 4002 juriS,
621 3940 766 3982 cum
794 3924 1153 3981 auctornon
1174 3922 1338 3980 esset
1364 3919 1649 3997 publicus
1678 3918 1790 3979 sed

238 4022 552 4078 sect-etue.
601 4013 1063 4093 Respondetur,
1127 4030 1254 4072 non
1302 4030 1437 4072 esse
1479 4011 1785 4088 inutilem,

240 4110 389 4188 quia
420 4107 718 4169 subditus
746 4109 995 4168 tenetur
1027 4105 1429 4166 manifestare
1462 4110 1789 4166 auctorem

238 4203 345 4281 qui
367 4201 513 4281 jam
541 4204 704 4261 esset
733 4200 1088 4275 infamatuS,
1116 4202 1178 4260 et
1206 4198 1614 4276 ignorabatur
1629 4218 1668 4258 a
1689 4197 1787 4276 ju-

240 4296 404 4371 dice,
443 4294 544 4353 vel
589 4298 807 4354 contra
853 4311 1041 4372 quem
1098 4295 1243 4352 sunt
1270 4291 1392 4351 alia
1420 4291 1673 4366 indicia,
1709 4290 1785 4350 de

237 4388 480 4469 quibus
510 4386 790 4447 dicemus
819 4390 1056 4464 postea,
1082 4386 1181 4445 vel
1209 4384 1398 4446 etiam
1446 4384 1508 4443 in
1540 4383 1787 4445 casibus

237 4482 300 4541 in
332 4480 572 4561 quibus
603 4484 860 4558 propter
883 4478 1186 4539 damnum
1216 4477 1581 4556 reipublicae
1612 4481 1788 4538 tenc-

235 4593 384 4635 mur
417 4576 802 4652 postponere
833 4571 1101 4651 proximi
1149 4572 1385 4631 famam
1411 4570 1580 4631 bono
1614 4588 1790 4632 com-

239 4666 449 4743 muni,
487 4668 559 4726 ut
585 4668 804 4742 postea
853 4664 1157 4725 dicemus.

320 4758 519 4822 Dices
547 4756 797 4833 iterum,
824 4756 1107 4836 judicem
1134 4775 1262 4818 non
1307 4757 1649 4836 procedere
1678 4755 1793 4817 bo-

241 4872 326 4915 na
355 4851 517 4928 fide,
550 4850 805 4930 quando
857 4849 1225 4929 simpliciter
1252 4849 1604 4929 interrogat
1642 4854 1793 4912 tunc

241 4947 322 5008 de
354 4949 623 5007 auctore
668 4943 980 5006 criminis:
1041 4961 1188 5004 nam
1243 4942 1353 5005 dat
1399 4943 1793 5006 occasionem

131 5072 169 5107 a
242 5038 651 5120 simplicibus
704 5037 1146 5100 manifestandi
1202 5041 1527 5097 auctorem
1584 5056 1796 5098 secre-

243 5138 389 5198 tum
422 5136 648 5193 contra
695 5130 981 5192 ordinem
1027 5129 1210 5209 juris.
1271 5130 1418 5191 Ideo
1477 5132 1794 5191 Navarrus

247 5225 429 5306 apud
463 5225 697 5287 Suarez
728 5224 834 5285 ubi
874 5241 1065 5303 supra
1121 5241 1225 5285 nu.
1283 5228 1346 5284 7.
1401 5222 1499 5283 cui
1549 5223 1796 5284 videtur

242 5319 568 5383 accedere
595 5318 727 5397 ipse
758 5319 1010 5393 Suarez,
1044 5315 1217 5393 dicit,
1251 5316 1587 5394 praelatum
1606 5315 1796 5377 debe-

243 5432 338 5490 re,
373 5412 486 5475 vel
513 5412 665 5472 dare
693 5416 942 5490 tempus
970 5409 1256 5486 subditi3,
1291 5414 1632 5489 antequam
1662 5427 1794 5468 res-

241 5505 605 5587 pondeant,
638 5508 706 5565 ut
725 5502 965 5582 possint
992 5502 1217 5575 instrui
1260 5501 1338 5563 de
1393 5521 1508 5563 sua
1556 5502 1796 5581 obliga-

237 5602 453 5675 tione,
487 5598 586 5659 vel
616 5601 784 5659 certe
814 5597 1045 5659 debere
1076 5614 1184 5658 eos
1215 5596 1545 5673 instruere,
1569 5599 1638 5657 ut
1666 5613 1795 5655 ma-

62 4902 150 5163 ἓὲἔὲξ
62 4775 150 4833 ‘.‘'

3295 398 3412 456 (395

1878 571 2173 632 nifestent
2201 573 2403 633 solum
2434 591 2540 635 eos
2587 591 2745 654 quos
2776 573 3011 636 debent
3055 573 3411 634 manifesta·

1877 683 1967 725 re.
1998 665 2248 726 Lessius
2278 670 2489 728 tamen
2518 667 2624 729 ubi
2674 685 2865 746 supra
2916 687 3022 729 nu.
3076 670 3214 729 115.
3268 685 3412 728 cum

1881 758 2038 834 aliis,
2081 758 2573 837 negatjudicem
2628 759 2827 822 teneri
2872 759 2954 820 ad
3009 760 3413 822 instruendos

1878 853 2067 912 testes
2108 850 2187 911 de
2255 851 2444 914 modo
2509 870 2633 932 quo
2702 852 2937 914 debent
2989 852 3408 932 responderc;

1880 944 2049 1023 quod
2077 943 2130 1004 si
2159 944 2275 1023 ipsi
2297 945 2836 1024 decipiuntur,sibi
2867 947 3177 1024 imputent
3196 950 3258 1007 et
3284 964 3414 1008 suae

1878 1038 2251 1115 ignorantiae
2275 1057 2290 1110 ;
2317 1039 2513 1117 judex
2551 1039 2718 1100 enim
2760 1040 2956 1101 utitur
2975 1041 3121 1119 jure
3150 1058 3301 1113 suo;
3355 1043 3418 1100 et

1879 1129 2157 1210 alioquin
2186 1131 2553 1194 redderetur
2580 1136 2927 1212 suspectus,
2963 1135 3026 1194 et
3048 1133 3210 1192 male
3241 1133 3417 1192 audi-

1880 1229 1977 1286 ret
2015 1222 2184 1302 apud
2239 1225 2563 1304 populum,
2605 1225 2785 1305 quasi
2844 1226 3061 1287 volens
3115 1225 3414 1286 occultari

1880 1317 2108 1379 delicta
2136 1317 2550 1398 potiusquam
2581 1317 2994 1398 deprehendi.
3027 1321 3175 1380 Haeo
3206 1324 3412 1380 lamen

1881 1410 2039 1472 ratio
2063 1428 2186 1470 non
2215 1411 2518 1491 satisfacit
2549 1432 2562 1474 ε
2597 1428 2745 1472 nam
2772 1412 2824 1472 si
2852 1412 2960 1471 illa
2992 1411 3413 1473 manifestatio

1883 1508 1978 1566 est
2007 1510 2226 1566 contra
2272 1505 2603 1584 justitiam,
2640 1509 2702 1566 et
2761 1523 2884 1565 non
2942 1506 3144 1566 solum
3201 1509 3418 1566 contra

1883 1597 2275 1674 charitatem,
2340 1617 2465 1660 non
2513 1602 2850 1676 excusatur
2913 1598 3109 1678 judex
3164 1601 3420 1677 propter

1884 1689 2208 1769 proprium
2252 1685 2759 1756 incommodum:
2822 1709 2936 1752 nec
2992 1691 3131 1752 ideo
3188 1691 3421 1770 poterit

1883 1784 2206 1862 cooperari
2236 1785 2317 1845 ad
2344 1785 2534 1845 talem
2588 1784 3179 1847 manifestationem.
3229 1784 3420 1845 Vide-

1882 1879 1985 1939 tur
2011 1880 2224 1938 autem
2254 1878 2583 1956 cooperari
2603 1896 2727 1939 non
2758 1878 2958 1938 solum
2992 1895 3107 1956 per
3124 1876 3420 1938 accidens

1881 1969 1992 2030 sed
2021 1988 2135 2050 per
2189 1988 2275 2048 se,
2311 1971 2461 2031 dum
2516 1971 2744 2045 talibus
2798 1971 3008 2032 verbis
3036 1971 3405 2048 interrogat,

1884 2080 2025 2142 quse
2056 2063 2158 2123 hio
2200 2068 2262 2125 et
2291 2081 2457 2126 nunc
2486 2063 2634 2124 huic
2685 2063 2923 2124 homini
2979 2081 3103 2124 non
3159 2065 3423 2141 possunt

1885 2156 2054 2217 aliud
2083 2156 2461 2233 significare,
2503 2174 2692 2236 quam
2720 2159 3109 2235 proeceptum
3165 2156 3416 2216 univer-

1880 2250 1939 2310 le
1967 2249 2408 2311 manifestandi
2440 2250 2629 2313 etiam
2659 2254 2940 2324 secreta3
2997 2249 3099 2310 vel
3130 2267 3280 2328 ergo
3313 2249 3417 2310 de·

1882 2344 2036 2404 bent
2062 2346 2255 2404 testes
2291 2342 2636 2404 examinari
2658 2342 2838 2423 juxta
2865 2342 3201 2404 formulam
3232 2361 3422 2422 prass-

1885 2436 2152 2515 criptam
2180 2435 2243 2494 in
2274 2453 2329 2496 c.
2369 2436 2630 2510 Qualiter
2675 2445 2732 2496 ec
2755 2434 3011 2517 quande,
3059 2435 3129 2497 de
3189 2453 3422 2495 aecusa-

1885 2528 2166 2589 tz'onibus:
2221 2529 2327 2589 ubi
2370 2530 2588 2608 jurare
2638 2528 2945 2608 jubentur
3016 2529 3094 2589 de
3154 2528 3423 2590 dicenda

1885 2622 2146 2683 veritate
2177 2640 2366 2700 super
2414 2621 2510 2682 his
2541 2640 2681 2701 quae
2711 2622 2916 2684 sciunt
2971 2621 3067 2683 vel
3126 2621 3415 2698 credunt,

1888 2717 2007 2776 etc.
2041 2715 2316 2792 exceptis
2357 2715 2617 2776 occultis
2645 2714 3054 2776 criminibus:
3087 2714 3257 2794 quod
3286 2714 3424 2774 fieri

1885 2806 2066 2868 facile
2110 2807 2342 2887 poterit
2368 2807 2816 2884 interrogando
2847 2808 3051 2868 solum
3109 2825 3189 2866 an
3218 2807 3419 2867 sciant

1884 2918 2019 2960 esse
2040 2917 2360 2961 rumorem
2388 2899 2487 2959 vel
2530 2917 2819 2959 murmur
2872 2904 3093 2961 contra
3147 2899 3422 2978 aliquem

1884 2994 1945 3052 in
1975 2992 2361 3072 particulari,
2393 2996 2695 3071 tanquam
2726 2996 2945 3054 contra
2973 2996 3298 3053 auctorem
3326 2997 3425 3053 ta-

1882 3086 1959 3146 lis
1976 3085 2207 3162 delicti,
2242 3089 2360 3147 etc.
2389 3085 2500 3146 Vel
2536 3084 2589 3144 si
2618 3084 2959 3145 excusandi
2986 3087 3132 3146 sunt
3150 3083 3419 3164 judices,

1881 3182 2177 3258 poterunt
2196 3177 2481 3240 excusari
2510 3196 2583 3239 eo
2633 3177 2801 3259 quod
2863 3197 2987 3240 non
3031 3180 3424 3259 proesumunt

1882 3276 2074 3335 testes
2102 3272 2478 3350 regulariter
2496 3290 2632 3333 esse
2662 3271 2818 3332 adeo
2849 3272 3126 3350 ignaros,
3159 3272 3261 3332 vel
3299 3289 3423 3332 non

1885 3365 2098 3425 venire
2153 3368 2408 3444 paratos
2463 3368 2526 3426 et
2581 3365 2958 3437 instructos;
3016 3381 3211 3443 quare
3266 3364 3429 3424 sicut

1886 3476 2013 3519 non
2043 3462 2517 3537 praemonentur
2549 3456 2627 3516 de
2659 3475 2784 3519 non
2813 3456 3157 3518 revelanda
3185 3456 3428 3517 confes-

1885 3551 2059 3611 sione
2091 3550 2551 3626 sacramentali,
2585 3550 2684 3609 vel
2713 3549 2791 3609 de
2827 3566 2947 3611 non
2980 3549 3320 3627 prodendis
3360 3566 3428 3608 se

1887 3642 2074 3722 ipsis3
2111 3643 2202 3703 sic
2231 3660 2347 3702 nec
2374 3645 2844 3720 praemonentur
2872 3642 2951 3702 de
2980 3660 3105 3702 non
3135 3642 3428 3702 revelan—

1887 3736 1984 3796 dis
2044 3734 2339 3797 occultis:
2375 3735 2474 3795 vel
2531 3734 2718 3795 etiam
2771 3734 3055 3794 excusari
3106 3737 3424 3811 poterunt,

1893 3828 2040 3907 quia
2069 3828 2431 3906 frequenter
2474 3826 2610 3905 ipsa
2638 3826 2869 3888 delicta
2918 3826 3070 3889 talia
3125 3830 3304 3902 sunt,
3360 3831 3430 3887 ut

1886 3921 2070 3982 valde
2101 3920 2394 4000 expediat
2421 3924 2743 3982 auctorem
2792 3919 3183 3981 manifestari
3210 3919 3293 3980 ad
3340 3920 3429 3979 vi-

1886 4014 2151 4076 tandum
2178 4013 2542 4092 reipublicae
2593 4013 2935 4074 damnum:
2969 4013 3071 4073 vel
3116 4013 3261 4092 quia
3316 4013 3430 4072 ha—

1887 4108 2038 4168 bent
2048 4108 2183 4186 jam
2213 4107 2423 4187 aliqua
2453 4105 2683 4168 indicia
2706 4110 2925 4168 contra
2956 4123 3295 4185 personam
3325 4105 3430 4166 de-

1889 4201 2314 4260 terminatam.
2348 4199 2460 4262 Vel
2509 4198 2781 4278 denique
2810 4198 3251 4277 amplectendo
3283 4216 3424 4259 eam

1891 4294 2292 4368 sententiam,
2345 4309 2484 4372 qum
2532 4292 2736 4368 docet,
2805 4291 3056 4370 quando
3131 4291 3430 4354 delictum

1886 4390 1981 4447 cst
2009 4385 2353 4463 publicum,
2414 4388 2478 4446 et
2530 4384 2869 4465 inquiritur
2922 4385 3299 4464 generaliter
3352 4386 3431 4446 de

1889 4483 2178 4551 auctore;
2226 4478 2425 4538 teneri
2478 4481 2702 4539 testem
2752 4478 2834 4538 ad
2891 4477 3426 4541 manifestandum

1886 4573 2087 4649 illum,
2122 4571 2365 4633 etiamsi
2395 4589 2522 4632 non
2551 4570 2633 4632 sit
2658 4571 3018 4632 infamatus.
3053 4573 3252 4644 Quam
3292 4589 3433 4631 sen-

1889 4665 2153 4728 tentiam
2180 4664 2430 4726 videtur
2457 4664 2712 4725 omnino
2770 4681 3129 4743 supponere
3182 4665 3426 4725 Valent.

1889 4759 1954 4820 in
1998 4757 2296 4838 praesenti
2341 4756 2502 4835 disp.
2547 4774 2608 4817 v.
2645 4776 2705 4835 q.
2747 4772 2880 4817 xlv.
2917 4760 3135 4835 punct.
3171 4760 3227 4819 1.
3260 4755 3440 4836 §.Ad

1886 4852 2148 4934 primum
2190 4870 2357 4932 naqa,
2416 4854 2481 4912 et
2509 4849 2890 4927 Reginaldus
2920 4868 3059 4910 eam
3107 4854 3179 4911 ut
3229 4850 3435 4911 verio-

1892 4963 2028 5006 rem
2072 4943 2474 5023 amplectitur
2520 4942 2583 5001 in
2631 4941 2809 5020 praxi
2864 4941 3280 5021 poenitentiali
3319 4943 3427 5003 lib.

1897 5054 2066 5100 xxlv.
2104 5054 2275 5097 num.
2309 5038 2408 5096 50.
2446 5038 2507 5097 ct
2563 5034 2933 5111 TurrianuS‚
2997 5052 3141 5096 cum
3178 5034 3318 5095 aliis
3370 5035 3435 5095 in

1896 5129 2184 5210 praesenti
2239 5129 2399 5207 disp.
2434 5145 2485 5195 ι..
2521 5127 2670 5189 dub.
2705 5130 2765 5189 5.
2824 5127 3003 5187 Ratio
3040 5131 3251 5188 autem
3299 5146 3434 5188 esse

1896 5226 2118 5302 potest,
2154 5223 2302 5302 quia
2328 5222 2474 5282 licet
2494 5221 2691 5300 judex
2720 5238 2845 5280 non
2871 5220 3069 5299 possit
3109 5220 3425 5299 inquirere

1892 5316 2244 5395 specialiter
2288 5316 2421 5375 sinc
2503 5313 2757 5374 infamia
2834 5312 3209 5392 praecedenti
3252 5313 3417 5373 illius

1896 5428 2219 5489 personae3
2254 5407 2374 5468 hoc
2403 5411 2615 5468 tamen
2660 5410 2755 5469 est
2782 5406 2929 5486 quia
2956 5426 3069 5487 per
3097 5407 3297 5485 ipsam
3326 5408 3422 5466 in-

1899 5502 2302 5582 quisitionem
2331 5500 2666 5580 specialem
2696 5500 2947 5562 videtur
2996 5500 3286 5560 infamari
3340 5500 3435 5559 in-

1898 5595 2185 5674 quisitus,
2217 5613 2361 5656 cum
2412 5598 2622 5667 tamen
2650 5594 2731 5657 sit
2768 5594 3109 5668 innocens;
3159 5596 3226 5654 at
3280 5611 3429 5656 vero
