4263 6376
607 1783 684 1841 45

486 1907 603 1961 Quod
623 1908 674 1949 sit
693 1918 782 1961 prc-

487 1963 588 2003 tium
611 1965 781 2016 iustum,

562 2014 720 2069 quando

541 2069 730 2111 venditur

521 2122 597 2162 snb
616 2123 748 2163 hasta.

839 286 955 343 276

496 484 792 539 sustitinpreui
843 462 1093 523 officina
1135 465 1500 525 mercatoris
1540 464 1767 525 emitur
1816 466 2090 541 quatuor
2138 462 2365 536 aureis,

495 541 677 595 vulgaris
687 539 792 581 unde

509 593 770 656 desumenda,

541 653 743 691 sentenn-

582 704 711 747 Scoti.

844 574 1025 632 posse
1080 560 1426 633 emptorem
1482 561 1775 634 rogatum
1831 572 2039 614 emere
2097 553 2366 629 duobuS,

843 649 990 726 quia
1021 648 1120 707 hic
1143 648 1367 709 modus
1391 650 1704 710 vendendi
1728 647 1963 707 indicat
1989 648 2370 725 paucitatem

841 746 1214 819 emptorum,
1250 747 1312 802 et
1338 743 1649 803 modicam
1679 741 1981 801 mercium
2013 741 2364 801 utilitatem.

839 834 1017 895 Unde
1046 833 1244 913 spolia
1272 854 1310 894 a
1330 836 1630 896 militibus
1659 840 1840 912 capta
1864 849 2057 912 parvo
2072 839 2366 894 veneunt.

839 928 1106 987 Possunt
1149 932 1359 987 tamen
1389 928 1429 987 ii
1462 947 1680 989 omnes
1729 927 1833 1007 qui
1880 928 1940 985 in
1996 927 2368 987 necessitate

837 1018 1139 1094 vendunt,
1173 1019 1421 1097 exigere
1451 1021 1727 1100 pretium
1775 1020 1941 1099 quod
1983 1019 2171 1080 datur
2211 1037 2369 1078 mer-

838 1112 1065 1187 catori,
1126 1113 1272 1191 quia
1331 1118 1536 1191 potest
1591 1113 1747 1172 velle
1811 1112 2086 1172 vendere
2146 1112 2369 1172 eodem

836 1204 1022 1264 modo
1057 1224 1182 1282 quo
1214 1211 1596 1266 mercatores
1627 1204 1899 1264 vendere
1939 1206 2179 1281 solent,
2227 1206 2371 1266 licet

837 1295 966 1374 ipse
997 1316 1301 1375 expensas
1332 1305 1750 1359 mercatorum
1782 1316 1904 1359 non
1933 1299 2152 1359 fecerit
2172 1345 2186 1374 ,
2223 1299 2370 1377 quia

835 1390 1276 1468 undecumque
1320 1391 1381 1449 id
1438 1390 1799 1470 proveniat,
1844 1391 1999 1450 illud
2045 1392 2234 1450 etiam
2277 1395 2370 1451 est

834 1483 1105 1561 pretium
1154 1484 1397 1560 justum
1443 1484 1583 1544 talis
1632 1484 1760 1558 rei,
1809 1503 1951 1543 cum
1997 1484 2152 1544 tanti
2201 1483 2369 1562 apud

835 1579 1216 1634 mercatores
1247 1576 1574 1651 vendatur,
1611 1582 1679 1636 ut
1709 1582 1885 1637 notat
1914 1576 2081 1635 idem
2119 1576 2368 1637 Lessius

836 1687 1008 1727 num.
1041 1672 1139 1728 25.

915 1763 1049 1821 Huc
1077 1761 1343 1838 pertinet
1387 1762 1609 1822 modus
1638 1762 1949 1821 vendendi
2001 1762 2116 1822 sub
2164 1762 2364 1839 hasta,

834 1873 943 1913 seu
976 1854 1036 1912 in
1068 1854 1416 1914 actionibus
1441 1901 1455 1929 ,
1501 1854 1606 1913 ubi
1637 1854 2010 1931 regulariter
2037 1874 2138 1914 res
2170 1855 2370 1915 viliori

834 1948 1028 2007 multo
1060 1947 1255 2025 pretio
1290 1948 1680 2024 venduntur,
1717 1948 1885 2026 quod
1916 1955 2124 2009 tamen
2155 1948 2241 2007 ibi
2264 1948 2369 2026 ju-

833 2044 996 2099 stum
1029 2045 1155 2113 est,
1207 2039 1353 2117 quia
1395 2040 1457 2098 in
1505 2058 1578 2099 eo
1613 2039 1927 2099 vendendi
1974 2040 2163 2100 modo
2212 2040 2364 2100 illud

833 2136 1122 2192 censetur
1163 2149 1295 2191 esse
1344 2132 1610 2208 pretium
1641 2133 1805 2211 quod
1838 2133 2173 2209 invenitur,
2221 2152 2366 2212 pro-

833 2228 970 2301 pter
1023 2222 1402 2300 paucitatem
1460 2228 1811 2301 emptorum
1839 2272 1853 2300 ,
1916 2231 1979 2285 et
2025 2227 2365 2303 gratuitam

831 2316 1133 2374 mercium
1163 2314 1564 2376 oblationem.
1611 2316 1963 2397 Aliquando
1995 2318 2183 2379 etiam
2215 2336 2363 2397 pro-

828 2413 966 2487 pter
993 2412 1346 2485 emptorum
1377 2408 1707 2484 servorem,
1742 2410 2205 2470 contentionem
2229 2458 2244 2486 ,
2305 2416 2367 2472 et

826 2506 1042 2560 contra
1073 2501 1481 2560 licitationem
1508 2547 1522 2575 ,
1576 2502 1822 2563 volente
1871 2503 2065 2563 altero
2095 2505 2363 2564 alterum

825 2610 1142 2669 superare,
1173 2592 1442 2671 pretium
1460 2594 1683 2654 crescit
1701 2596 1964 2656 multum
1987 2615 2175 2674 supra
2199 2615 2365 2657 rom·

826 2704 1035 2745 mnne.
1097 2686 1272 2746 Unde
1303 2685 1481 2746 multi
1514 2686 1766 2761 dicunt,
1828 2688 1888 2747 in
1938 2706 2010 2748 eo
2042 2690 2365 2749 vendendi

824 2777 1010 2837 modo
1040 2778 1309 2857 pretium
1341 2778 1647 2854 infimum,
1681 2784 1741 2839 et
1771 2798 2089 2840 summum
2128 2781 2363 2842 distare

827 2871 1018 2930 multo
1051 2870 1223 2948 pluS,
1277 2890 1464 2949 quam
1498 2871 1558 2930 in
1591 2874 2028 2932 communibus
2058 2875 2366 2936 venditio-

826 2962 1029 3037 nibuS,
1060 2962 1147 3021 ita
1176 2967 1244 3022 ut
1271 2963 1322 3021 si
1351 2962 1618 3040 pretium
1649 2964 1925 3023 medium
1955 2965 2033 3025 sit
2064 2969 2199 3027 100.
2238 2986 2361 3045 quo

827 3055 887 3114 in
919 3055 1049 3114 foro
1083 3073 1180 3114 res
1209 3056 1393 3114 vendi
1425 3056 1618 3131 solet,
1671 3059 1939 3135 pretium
1982 3059 2268 3118 infimum
2300 3061 2362 3120 in

822 3148 1293 3209 subhastatione
1340 3148 1419 3208 sit
1460 3151 1557 3209 50.
1620 3157 1681 3210 et
1726 3151 1995 3228 pretium
2045 3171 2360 3213 summum

827 3245 961 3302 150.
1015 3244 1105 3303 Ita
1136 3243 1446 3317 SaloniuS,
1480 3243 1706 3320 Lopez,
1741 3245 2073 3321 MercatuS,
2110 3248 2354 3323 Garzia,

824 3334 1135 3410 Corduba,
1171 3335 1484 3394 Filliueius
1507 3381 1521 3409 ,
1559 3336 1946 3413 Rodrigucz,
2000 3356 2157 3416 quos
2181 3342 2360 3400 affert

825 3434 886 3488 et
913 3428 1194 3506 sequitur
1223 3428 1418 3486 Diana
1450 3445 1489 3487 ῐ.
1528 3433 1677 3487 tom.
1738 3436 1917 3490 tract.
1951 3429 2020 3489 de
2047 3432 2362 3491 contracti-

823 3520 1200 3579 busresolut.
1237 3523 1335 3580 55.
1392 3525 1453 3580 et
1486 3521 1596 3580 111.
1640 3526 1724 3581 tc.
1776 3527 1960 3583 tract.
1997 3540 2082 3583 lv.
2115 3524 2354 3585 miscell.

821 3614 1077 3673 resolut.
1118 3617 1208 3673 12.
1262 3612 1378 3672 Alii
1411 3613 1684 3688 addunt,
1732 3614 2000 3692 pretium
2025 3615 2265 3693 justum
2293 3618 2357 3678 in

820 3705 1290 3766 subhastatione
1343 3723 1514 3780 esse,
1579 3706 1747 3783 quod
1811 3707 2079 3767 inveniri
2125 3715 2351 3787 potest,

822 3805 1399 3879 quantumcumque
1433 3801 1674 3858 fervore
1707 3806 2059 3878 emptorum
2090 3808 2350 3879 crescat,

823 3893 918 3952 vel
947 3893 1177 3969 frigore
1226 3891 1587 3960 decrescat,
1648 3891 1797 3950 dum
1847 3898 2055 3953 tamen
2104 3895 2355 3955 fraudes

819 3986 1046 4045 absint.
1084 3986 1172 4045 lta
1205 3983 1533 4044 Gordonus
1567 3989 1715 4044 tom.
1753 3986 1797 4043 1.
1855 3985 2126 4066 Theoloq.
2159 4008 2357 4047 mora-

820 4078 890 4138 lis
918 4078 1024 4138 lib.
1061 4093 1144 4136 iv.
1180 4081 1398 4153 quaest.
1435 4093 1494 4135 v.
1530 4094 1667 4154 cap.
1704 4093 1840 4138 vin.
1875 4097 1937 4137 n.
1972 4082 2070 4140 38.
2107 4081 2355 4141 villalo-

818 4172 952 4245 lios,
986 4170 1329 4242 Benacina,
1374 4175 1435 4228 et
1463 4172 1692 4230 Anton.
1730 4170 1807 4228 de
1843 4171 2042 4249 Ripol.
2079 4192 2235 4251 quos
2262 4174 2355 4234 af-

816 4263 939 4322 fert
964 4262 1132 4321 idem
1162 4261 1357 4320 Diana
1389 4260 1450 4319 in
1481 4261 1662 4321 dictis
1684 4262 2188 4340 resolutionibus,
2223 4267 2354 4345 qui-

816 4356 935 4415 hus
964 4354 1313 4415 consentire
1344 4353 1638 4415 videntur
1665 4355 1911 4415 Lessius
1944 4376 2003 4418 n.
2036 4361 2135 4419 35.
2174 4360 2351 4420 Salas

817 4448 982 4509 dicto
1014 4447 1162 4507 dub.
1196 4463 1338 4506 xxv.
1385 4465 1446 4505 n.
1479 4450 1539 4505 4.
1593 4452 1655 4506 et
1696 4448 1800 4506 alii
1851 4467 2006 4526 riuos
2054 4453 2346 4529 afferunt,

816 4541 964 4620 qnia
995 4545 1140 4601 tunc
1169 4557 1267 4597 res
1297 4538 1561 4598 subsunt
1590 4538 1825 4599 incerto
1850 4547 1911 4601 et
1935 4543 2188 4603 fortuito
2211 4562 2352 4623 prc-

816 4635 930 4705 tio,
977 4638 1040 4693 et
1081 4632 1241 4693 sicut
1285 4632 1758 4692 decrementum
1793 4633 1872 4692 ad
1902 4636 2133 4695 malam
2160 4637 2350 4698 fortu-

812 4746 958 4788 nam
983 4773 998 4798 ,
1048 4726 1137 4787 ita
1171 4724 1621 4784 incrementum
1665 4724 1745 4784 ad
1776 4726 2004 4785 bonam
2036 4729 2348 4807 pertinere

809 4826 1119 4881 censetur.
1153 4816 1331 4880 Unde
1360 4817 1676 4877 Malderus
1702 4821 1887 4880 tract.
1923 4823 1995 4881 V.
2050 4823 2239 4900 capit.
2277 4839 2344 4884 11.

810 4915 958 4974 dul).
991 4919 1049 4974 2.
1084 4911 1273 4987 dicit,
1336 4928 1459 4970 non
1509 4927 1643 4969 esse
1691 4910 2138 4988 obligationem
2172 4915 2350 4975 resti-

808 5007 1061 5083 tuendi,
1111 5006 1257 5066 licet
1284 5024 1358 5064 ex
1401 5003 1798 5064 contentione
1830 5005 2206 5068 licitatorum
2237 5009 2350 5068 ha-

809 5109 902 5164 sta
931 5120 1030 5162 res
1060 5099 1249 5177 duplo
1279 5096 1591 5158 vendatur
1620 5115 1808 5175 quam
1837 5100 2044 5161 valeat
2066 5147 2081 5177 ,
2126 5106 2189 5161 et
2217 5101 2343 5179 alii,

807 5194 1076 5275 pretium
1099 5193 1338 5270 justum
1368 5190 1483 5250 sub
1515 5189 1694 5249 hasta
1724 5209 1886 5268 esse,
1940 5194 2109 5272 quod
2142 5201 2348 5255 extor-

808 5288 983 5369 queri
1014 5288 1251 5364 absque
1281 5283 1609 5343 fraudibus
1638 5288 1862 5361 potest.
1908 5288 2103 5346 Fraus
2135 5292 2345 5348 autem

808 5381 1039 5459 injusta
1069 5385 1161 5439 est
1183 5425 1197 5454 ,
1249 5378 1298 5436 si
1329 5377 1621 5436 venditor
1659 5376 1904 5455 aliquos
1935 5397 2009 5438 ex
2037 5380 2346 5442 industria

806 5478 1145 5553 supponat,
1174 5472 1278 5549 qui
1308 5470 1574 5547 pretium
1606 5475 1902 5548 augeant,
1936 5472 2245 5549 fingentes
2276 5492 2343 5535 sc

2000 282 2100 341 ma·
2147 284 2503 343 JUS'rl'rlA
2550 283 2649 342 ΕΤ
2693 282 2890 342 JURE

2470 461 2627 520 velle
2660 478 2891 537 emere,
2927 465 3035 522 aut
3062 460 3167 521 alii
3197 461 3327 521 veri
3359 465 3677 540 emptores
3708 466 3976 538 augeant.

2470 553 2580 614 Vel
2610 553 2659 612 si
2691 553 2932 631 aliquos
2949 553 3278 615 subtrahat
3298 560 3598 615 executor
3629 554 3981 615 venditionis

2470 646 2550 705 ab
2579 647 2869 723 augendo
2894 693 2910 717 ,
2948 651 3017 707 ut
3042 666 3142 706 res
3173 647 3434 707 minoris
3463 653 3713 708 ematur
3741 647 3817 705 ab
3843 647 3982 706 ami-

2469 740 2577 816 ciS,
2611 739 2710 799 vel
2740 744 2948 816 captet
2974 745 3221 817 tempus
3250 739 3403 799 illud
3426 758 3500 799 ex
3528 739 3852 811 industria,
3873 758 3980 817 quo

2468 832 2796 909 pauciores
2828 838 3141 909 emptores
3169 837 3348 907 sunt,
3387 838 3453 893 ut
3482 833 3618 912 ejus
3644 833 3878 892 amicus
3905 833 3982 891 ri-

2467 925 2585 985 lius
2615 930 2803 985 emat.
2838 926 3097 1002 Emptor
3125 925 3313 985 etiam
3340 931 3594 1004 peccat,
3628 926 3681 985 si
3709 926 3858 985 alios
3884 926 3983 984 iiu-

2469 1018 2681 1097 pediat
2708 1018 2789 1077 ab
2819 1019 3107 1095 augendo
3153 1018 3351 1096 pretio
3377 1066 3392 1094 ,
3454 1025 3521 1080 ut
3563 1019 3697 1097 ipse
3726 1024 3887 1079 emat
3910 1018 3983 1077 vi·

2467 1111 2584 1169 lius
2608 1157 2623 1186 ,
2677 1111 2800 1170 imo
2831 1116 2893 1171 et
2923 1129 3181 1188 peccare
3219 1116 3436 1171 contra
3458 1110 3805 1190 justitiam,
3852 1111 3983 1171 dicit

2466 1202 2711 1279 Megala
2739 1202 2799 1261 in
2830 1206 2888 1263 2.
2923 1206 2980 1263 2.
3017 1202 3122 1263 lib.
3158 1204 3258 1264 VI.
3294 1221 3431 1281 cap.
3467 1221 3551 1264 vi.
3590 1223 3697 1282 qu.
3737 1220 3795 1263 v.
3827 1222 3978 1263 num.

2470 1299 2602 1356 146.
2656 1296 2775 1355 Alii
2806 1301 3013 1356 tamen
3047 1294 3299 1371 dicunt,
3352 1314 3474 1355 non
3506 1315 3772 1374 peccare
3813 1297 3861 1356 si
3887 1296 3981 1356 ab·

2466 1407 2620 1467 sque
2652 1389 2710 1447 vi
2740 1393 2801 1448 et
2828 1388 3046 1448 frande
3075 1395 3253 1466 roget
3270 1390 3528 1466 amicOS‚
3570 1408 3646 1450 ne
3663 1407 3850 1468 supra
3871 1408 3981 1449 cer·

2466 1487 2592 1541 tam
2621 1500 2930 1542 summam
2964 1484 3226 1542 offerant
3248 1529 3263 1557 ,
3321 1487 3386 1542 ut
3414 1483 3545 1560 ipse
3579 1483 3779 1560 possit
3806 1484 3980 1561 pretio

2465 1574 2676 1634 intimo
2708 1592 2937 1649 emere,
2973 1593 3083 1652 pro
3115 1592 3235 1653 qua
3268 1575 3579 1635 sententia
3609 1574 3779 1634 idem
3810 1576 3981 1634 Diana

2466 1674 2616 1728 tom.
2654 1683 2695 1727 1.
2731 1673 2909 1728 tract.
2945 1665 3015 1726 de
3042 1676 3323 1728 contract.
3349 1668 3535 1727 resol.
3570 1670 3670 1728 76.
3708 1686 3844 1729 earn
3872 1687 3980 1728 am-

2465 1760 2741 1838 plectens
2770 1760 3051 1837 congerit
3079 1759 3307 1820 multos
3328 1808 3343 1835 ,
3393 1761 3811 1838 Reginaldum
3834 1808 3851 1837 ,
3882 1763 3983 1820 Ve-

2465 1870 2631 1929 gam,
2666 1852 3041 1923 Villalobos,
3094 1852 3499 1927 Benacinam,
3537 1853 3904 1932 Rodriguez,
3930 1858 3981 1914 et

2466 1944 2871 2021 Aragonium.
2918 1945 3245 2004 Rationem
3295 1945 3485 2006 etiam
3516 1945 3700 2006 addit
3729 1948 3980 2005 Navarra

2464 2037 2570 2096 lib.
2606 2038 2707 2096 111.
2742 2036 2811 2097 de
2837 2036 3022 2097 restit.
3059 2056 3195 2114 cap.
3231 2054 3300 2097 11.
3358 2058 3463 2098 nu.
3500 2042 3601 2101 84.
3634 2044 3702 2099 et
3726 2042 3828 2100 85.
3861 2041 3980 2118 quia

2464 2130 2894 2209 monopolium
2926 2149 3049 2190 non
3081 2135 3173 2191 est
3205 2130 3519 2207 illicitum,
3557 2132 3813 2210 quando
3841 2151 3981 2192 mer-

2465 2229 2706 2284 catores
2736 2223 3147 2297 conveniunt‚
3200 2228 3267 2284 ut
3297 2241 3420 2285 non
3456 2225 3577 2284 nisi
3605 2229 3778 2285 certo
3806 2225 3978 2304 pretio

2465 2320 2712 2390 emant,
2760 2315 2808 2374 si
2854 2334 3075 2375 revera
3114 2315 3267 2375 illud
3314 2317 3394 2377 sit
3438 2318 3713 2395 pretium
3736 2318 3973 2396 justum.

2466 2410 2594 2467 Hoc
2642 2413 2852 2469 tamen
2901 2408 3060 2467 infra
3105 2410 3595 2469 examinandum
3640 2410 3802 2486 erit,
3856 2429 3977 2471 cum

2465 2519 2723 2577 agemus
2766 2499 2843 2558 de
2890 2501 3285 2578 monopoliiS.
3340 2502 3602 2575 Quando
3646 2522 3797 2563 vero
3840 2504 3976 2582 ejus-

2462 2592 2630 2652 modi
2662 2598 2845 2670 pacta
2872 2592 2970 2651 vel
3001 2593 3253 2653 fraudes
3281 2595 3547 2671 absunt,
3600 2601 3662 2655 et
3693 2616 3864 2657 error
3886 2603 3977 2656 aut

2464 2685 2747 2762 deceptio
2779 2703 2901 2744 non
2935 2685 3305 2761 intervenit,
3367 2705 3489 2747 non
3535 2693 3631 2747 est
3658 2688 3837 2748 facile
3861 2688 3976 2766 inji-

2462 2778 2719 2838 ciendus
2747 2778 3072 2855 scrupulus
3120 2778 3192 2837 iis
3246 2779 3351 2857 qui
3391 2780 3506 2839 sub
3552 2780 3734 2841 hasta
3762 2786 3972 2856 emunt,

2463 2875 2571 2930 aut
2602 2869 2917 2939 vendunt,
2957 2875 3023 2930 ut
3053 2888 3125 2928 ex
3157 2870 3338 2931 dictis
3369 2878 3616 2933 constat
3637 2919 3654 2948 ,
3712 2873 3856 2951 quia
3892 2873 3975 2932 ille

2460 2963 2684 3022 modus
2714 2962 3027 3021 vendendi
3069 2963 3278 3040 arguit
3322 2965 3744 3025 communiter
3769 2965 3862 3025 vel
3888 2983 3975 3025 co·

2461 3057 2650 3133 piam,
2687 3054 2782 3115 vel
2826 3055 3153 3133 penuriam
3202 3062 3557 3136 emptorum
3600 3059 3691 3118 rei
3723 3059 3971 3119 valorem

2461 3149 2520 3208 in
2553 3149 2657 3209 illo
2689 3153 2852 3209 statu
2883 3148 3128 3209 variare
3175 3167 3357 3228 posse
3410 3170 3423 3211 :
3474 3150 3652 3212 valor
3696 3152 3857 3212 enim
3901 3149 3971 3210 rei

2461 3248 2662 3320 potest
2689 3249 2944 3319 repente
2976 3242 3054 3300 ad
3087 3241 3253 3302 diem
3284 3263 3479 3303 unum
3514 3245 3768 3320 variari,
3801 3252 3861 3305 et
3887 3245 3968 3304 die

2457 3333 2742 3412 sequenti
2772 3333 2974 3393 redire
3005 3334 3166 3394 sicut
3193 3341 3399 3412 antea,
3436 3341 3695 3414 propter
3718 3338 3969 3416 aliquam

2458 3446 2683 3486 novam
2715 3426 3248 3488 circumstantiam
3277 3433 3728 3505 transeuntem,
3762 3437 3831 3490 ut
3854 3449 3971 3490 con·

2456 3519 2640 3596 tingit
2665 3566 2679 3594 ,
2709 3518 2959 3597 quando
2993 3521 3169 3580 multi
3211 3521 3524 3600 peregrini
3556 3525 3874 3584 confluunt
3898 3522 3965 3582 ad

2456 3612 2732 3691 aliquem
2763 3612 2969 3671 locum
3000 3612 3099 3671 die
3130 3613 3361 3692 aliqua,
3392 3633 3517 3693 qua
3546 3617 3748 3693 pretia
3779 3634 3964 3676 rerum

2455 3709 2763 3778 crescunt,
2797 3710 2857 3764 et
2886 3703 2985 3763 die
3016 3705 3301 3783 sequenti
3332 3705 3722 3769 decrescunt.

2536 3797 2815 3858 Dubitari
2846 3797 3003 3858 solet
3035 3799 3257 3874 primu,
3280 3817 3359 3859 an
3392 3819 3490 3860 res
3520 3802 3745 3880 aliqua}
3774 3803 3961 3881 singu·
4060 3814 4104 3871 45

4102 3937 4135 3972 τέ

2453 3989 2730 4045 taxatum
2752 4030 2767 4057 ,
2821 3983 3059 4060 possint
3090 3983 3272 4043 vendi
3305 3986 3520 4063 quanti
3564 3987 3847 4048 venditor
3874 4006 3959 4047 ro·
3995 3939 4133 4096 ἓξ

2454 3891 2636 3966 lareS,
2682 3908 2821 3969 quae
2851 3908 2975 3949 non
3002 3890 3234 3951 liabent
3265 3892 3535 3970 pretium
3572 3894 3710 3972 lege
3748 3897 3841 3955 vel
3867 3912 3957 3954 usu

2451 4077 2658 4152 luerit,
2695 4076 2910 4155 quales
2957 4081 3102 4136 sunt
3128 4095 3395 4154 gemmae
3431 4079 3758 4157 exquisitae
3783 4128 3798 4155 ,
3845 4081 3957 4139 insi·
3998 4081 4003 4090 ²

2451 4190 2606 4249 gnes
2635 4188 2843 4244 canes,
2876 4168 3187 4244 falconeS,
3238 4188 3385 4230 aves
3410 4170 3639 4232 Indicae
3660 4219 3676 4248 ,
3709 4174 3955 4251 pict-nur,

2452 4263 2549 4322 vel
2580 4267 2802 4323 statuat
2831 4262 3127 4340 antiquae.
3165 4263 3749 4342 AffirmantplureS,
3781 4267 3956 4339 SotuS,

2454 4361 2513 4415 et
2544 4359 2856 4429 Navarra,
2894 4374 3052 4433 quos
3084 4357 3263 4417 affert
3294 4357 3535 4417 Lessius
3567 4358 3719 4420 dub.
3755 4377 3841 4420 111.
3870 4377 3954 4417 nu.

2455 4452 2548 4509 15.
2584 4448 2859 4510 Victoria
2882 4494 2896 4522 ,
2947 4448 3195 4507 Bannes
3218 4495 3233 4523 ,
3288 4450 3577 4510 Valentia
3600 4497 3615 4526 ,
3659 4452 3953 4512 Ledesma.

2452 4541 2840 4616 Emmanuel,
2872 4541 2905 4600 J
2914 4559 3053 4599 oan.
3090 4541 3362 4616 Medma,
3398 4547 3460 4603 et
3489 4543 3955 4606 Bartholomaeus

2451 4632 2719 4707 Medina,
2745 4635 2969 4708 CauuS,
3008 4635 3217 4692 Penna
3236 4679 3252 4708 ,
3303 4634 3553 4697 Toletus
3576 4682 3593 4711 ,
3628 4654 3787 4716 quos
3811 4638 3957 4696 affert

2452 4727 2627 4788 Salas
2657 4726 2806 4786 dub.
2844 4725 2897 4786 v.
2940 4744 3000 4785 n.
3037 4729 3092 4785 1.
3130 4725 3549 4805 ReginalduS,
3604 4735 3668 4790 et
3698 4731 3798 4806 Sa,
3829 4744 3954 4808 quos

2451 4821 2650 4894 affert,
2685 4822 2746 4879 et
2775 4818 3058 4896 sequitur
3086 4819 3285 4879 Diana
3306 4824 3455 4881 tom.
3491 4838 3534 4880 1.
3559 4826 3744 4883 tract.
3775 4821 3953 4882 decon-

2450 4920 2623 4972 tract.
2658 4911 2842 4972 resol.
2877 4915 2974 4971 56.
3011 4911 3159 4989 quia
3186 4931 3330 4972 cum
3361 4914 3616 4974 aliunde
3648 4933 3772 4977 non
3798 4915 3867 4975 sit
3890 4913 3953 4973 lr-

2448 5023 2526 5083 ge
2557 5005 2652 5064 vel
2685 5023 2798 5064 usu
2840 5003 3109 5082 pretium
3159 5004 3383 5065 harum
3432 5027 3644 5068 rerum
3684 5014 3947 5079 taxatum,

2449 5099 2529 5158 ad
2550 5096 2992 5158 contrahentes
3014 5098 3284 5175 pertinet
3304 5099 3451 5158 illud
3475 5106 3773 5162 statuere.
3795 5100 3951 5161 Omit-

2448 5196 2509 5253 to
2540 5190 2693 5251 alias
2721 5189 2996 5250 rationes
3024 5190 3273 5251 levioris
3304 5194 3629 5266 momenti,
3653 5213 3787 5273 quae
3811 5188 3947 5273 apud

2448 5284 2780 5365 praedictos
2809 5282 3009 5342 videri
3038 5291 3318 5361 possunt.

2526 5377 2646 5439 Alii
2678 5376 2931 5451 dicunt,
2990 5377 3179 5437 etiam
3229 5377 3341 5438 has
3386 5397 3488 5439 res
3535 5379 3766 5440 habere
3794 5393 3942 5438 snum

2446 5471 2777 5532 limitatum
2805 5469 3099 5547 pretium,
3131 5469 3295 5530 ultra
3329 5471 3500 5550 quod
3536 5491 3664 5533 non
3697 5473 3830 5533 licet
3851 5467 3944 5530 ali·
