4263 6376
608 2802 796 2846 Conditio
842 2800 905 2843 ri-

635 2869 717 2907 ma,
736 2860 782 2898 ut
809 2814 878 2896 K„

609 2921 734 2963 super
766 2907 902 2950 officio

607 2973 708 3004 veto
724 2976 734 2986 ·
886 2983 907 2992 ·

607 2974 906 3056 aci-tbifi'cium

663 3067 856 3110 alienum.

718 5436 797 5495 56

934 271 1054 333 486

937 445 1139 506 solum
1167 450 1363 525 agunt
1390 447 1467 507 de
1496 447 1718 507 officiis
1745 446 1809 508 in
1839 451 2009 509 statu
2040 449 2463 510 ecclesiastico

937 538 1391 617 pertinentibus
1438 539 1520 598 ad
1574 539 2050 618 dispositionem
2109 542 2311 617 Sedis,
2368 541 2469 601 vel

939 647 1205 691 camerae
1237 630 1633 708 Apostolicae,
1686 651 1795 692 seu
1827 633 2180 709 camerarii,
2229 633 2468 693 viceca-

937 721 1211 797 merarii,
1258 722 1707 801 poenitentiarii
1749 724 2029 802 majoriS,
2063 729 2127 785 et
2164 724 2469 784 auditoris

940 832 1271 876 causarum
1318 815 1534 892 palatii
1575 816 1943 894 Apostolici.
1996 818 2278 896 Denique
2308 820 2472 877 Pau-

938 906 1035 966 lus
1062 908 1135 966 V.
1170 907 1235 965 in
1263 908 1701 969 constitutione
1718 927 1893 989 super
1911 909 2219 988 reformat.
2248 908 2465 969 tribua.

940 997 1069 1058 urb.
1105 999 1221 1059 sub
1249 999 1427 1060 titulo
1455 999 1525 1059 de
1551 999 1815 1060 Notariz's
1844 1000 2061 1061 tribua.
2098 1000 2281 1078 urbis,
2318 1020 2473 1079 prae-

942 1091 1109 1169 cepit
1155 1091 1323 1169 quod
1353 1091 1579 1152 notarii
1630 1097 1964 1154 teneantur
2012 1093 2345 1155 disdictam
2376 1111 2480 1153 so-

943 1182 1185 1244 cietatis
1226 1182 1415 1243 officii
1463 1182 1524 1243 in
1571 1183 1849 1244 manuali
1898 1185 2258 1262 registrare,
2306 1190 2367 1246 et
2412 1184 2473 1244 in

940 1275 1224 1352 margine
1278 1276 1674 1337 instrumenti
1728 1276 2043 1338 societatis
2101 1281 2319 1338 notare
2380 1277 2477 1336 his

941 1367 1172 1428 verbis,
1213 1367 1268 1427 T
1263 1367 1350 1427 ali
1374 1366 1466 1427 die
1480 1367 1728 1428 dz‘sdicta
1760 1376 1815 1428 et
1844 1368 1957 1428 tali
1981 1367 2074 1428 die
2102 1367 2474 1448 repr-educta,

945 1462 1004 1520 et
1058 1459 1199 1519 talis
1253 1459 1535 1521 disdictae
1583 1460 2135 1539 reproductionem
2182 1460 2481 1539 prohibet

944 1551 1082 1611 fieri
1107 1551 1171 1611 16
1200 1552 1352 1612 actis
1386 1552 1639 1613 alterius
1662 1553 1890 1613 notarii
1919 1552 1998 1613 de
2025 1553 2324 1614 societate
2353 1571 2480 1614 non

945 1643 1172 1722 rogati,
1251 1650 1313 1704 et
1383 1644 1434 1704 si
1480 1646 1610 1721 fiat,
1695 1645 1894 1706 noluit
1949 1646 2302 1722 suffragari,
2362 1646 2480 1705 nisi

945 1735 1198 1816 quando
1230 1740 1586 1796 contractus
1630 1737 1945 1798 societatis
1976 1741 2234 1816 rogatus
2263 1738 2484 1800 fuisset

947 1831 1122 1889 extra
1167 1828 1423 1904 Urbem,
1458 1828 1557 1887 vel
1589 1829 1843 1907 quando
1875 1830 2062 1890 etiam
2093 1830 2153 1889 in
2186 1830 2353 1892 Urbe
2381 1849 2482 1891 ro-

945 1923 1128 1998 gatus
1156 1923 1252 1980 est
1278 1921 1581 1995 notarius,
1618 1921 1726 1999 qui
1756 1939 1881 1981 non
1905 1921 1988 1982 sit
2016 1923 2336 1982 actuarius
2366 1923 2482 1981 ali-

948 2012 1126 2090 cujus
1196 2012 1562 2085 tribunalis;
1634 2013 1862 2091 quibus
1918 2013 2167 2073 casibus
2219 2013 2484 2074 disdicta

945 2103 1314 2181 registretur
1360 2105 1423 2163 in
1467 2104 1767 2181 manuali,
1821 2109 2129 2183 utsupra.
2180 2105 2482 2185 Idemque

950 2197 1187 2256 servari
1216 2196 1446 2257 debere
1468 2197 1651 2276 jubet
1696 2197 1760 2256 16
1791 2197 2065 2273 nomine,
2100 2202 2164 2261 et
2189 2198 2253 2258 in
2281 2202 2485 2259 trans-

947 2288 1181 2349 latione
1208 2289 1470 2367 periculi
1498 2288 1663 2362 vitae,
1698 2306 1838 2368 quae
1869 2288 2024 2348 nihil
2052 2290 2317 2368 prosint,
2362 2289 2482 2349 nisi

950 2381 1113 2460 parti
1165 2381 1327 2441 intra
1374 2386 1621 2459 tempus
1678 2385 1981 2442 statutum
2036 2382 2361 2458 intimatae,
2423 2385 2486 2443 et

952 2493 1067 2552 per
1109 2474 1444 2550 notarium,
1496 2478 1564 2535 ut
1606 2493 1819 2553 supra,
1872 2474 2106 2536 fuerint
2136 2478 2478 2536 annotatas.

954 2567 1063 2627 His
1092 2567 1451 2646 suppositiS,

1037 2659 1343 2731 Quaeritur
1383 2660 1518 2737 jam
1547 2658 1625 2718 de
1655 2658 2116 2719 conditionibus
2164 2658 2486 2737 requisitis

955 2750 1032 2810 ad
1058 2749 1364 2829 justitiam
1394 2750 1579 2829 hujus
1609 2755 1988 2812 contractuS.
2025 2749 2233 2811 Prima
2262 2750 2481 2810 condi-

955 2843 1041 2903 tio
1096 2847 1210 2919 est,
1270 2847 1339 2903 ut
1408 2843 1519 2904 fiat
1571 2861 1760 2921 super
1813 2843 2016 2904 officio
2089 2859 2262 2919 ver0,
2320 2843 2488 2903 circa

958 2935 1149 3015 quod.

1035 3027 1398 3088 Dubitatum
1429 3031 1523 3089 est
1549 3027 1776 3106 prim0,
1812 3046 1889 3086 an
1918 3026 2113 3105 possit
2131 3025 2270 3085 fieri
2299 3044 2488 3104 super

957 3119 1160 3180 officio
1208 3119 1604 3179 commodato
1644 3118 1799 3177 mihi
1843 3118 1923 3177 ad
1961 3117 2325 3178 societatem
2352 3136 2488 3178 sus-

957 3211 1331 3291 cipiendam,
1393 3210 1645 3290 quando
1703 3229 1819 3288 ego
1877 3210 2001 3271 tale
2039 3210 2313 3270 officium
2361 3229 2487 3270 non

955 3303 1199 3365 habeo?
1243 3303 1451 3382 Aliqui
1498 3308 1752 3381 negant,
1804 3321 1961 3382 quos
2000 3304 2180 3362 affert
2214 3305 2378 3362 Azor
2419 3301 2481 3363 d.

956 3397 1063 3458 lib.
1099 3411 1183 3457 lx.
1231 3413 1286 3457 6.
1323 3411 1460 3457 vm.
1494 3414 1555 3474 q.
1588 3399 1647 3456 3.
1683 3395 1806 3455 Alii
1835 3394 2171 3468 affirmant,
2205 3413 2363 3473 quos
2391 3413 2491 3454 se-

958 3489 1170 3568 quitur
1196 3488 1328 3568 ipse
1356 3491 1539 3564 Azor,
1575 3492 1637 3548 et
1656 3490 1701 3547 F
1705 3487 1894 3547 illiue.
1926 3491 2004 3547 tr.
2038 3503 2303 3549 xxxvm.
2334 3504 2389 3547 c.
2424 3489 2482 3548 6.

956 3601 1019 3643 6.
1065 3585 1200 3642 111.
1255 3581 1378 3642 Sed
1428 3580 1505 3641 de
1548 3599 1617 3640 re
1660 3598 1787 3640 non
1830 3584 2035 3658 potest
2062 3597 2198 3639 6556
2242 3584 2490 3640 contro-

954 3674 1160 3735 versia
1194 3693 1209 3734 :
1241 3679 1393 3754 puto
1424 3673 1612 3748 enim,
1646 3672 1699 3733 si
1726 3678 1791 3733 tu
1824 3691 1947 3734 non
1980 3671 2177 3731 habes
2209 3672 2488 3732 officium

955 3770 1020 3829 et
1072 3766 1301 3845 accipis
1360 3784 1397 3826 a
1450 3768 1632 3826 Petro
1690 3763 2159 3823 commodatum
2216 3763 2490 3823 officium

958 3858 1127 3938 quod
1183 3858 1390 3933 habet,
1444 3861 1513 3917 ut
1559 3875 1748 3936 super
1792 3873 1865 3916 eo
1911 3873 1946 3914 a
1983 3855 2174 3915 Paulo
2219 3856 2490 3933 accipias

957 3954 1094 4012 200.
1122 3951 1202 4010 ad
1232 3949 1628 4021 societatem;
1661 3951 1811 4009 tunc
1841 3947 2096 4026 quidem
2125 3948 2491 4008 societatem

959 4042 1215 4118 directe,
1275 4046 1336 4103 et
1390 4042 1453 4100 in
1494 4042 1703 4120 rigore
1750 4040 1883 4099 fieri
1933 4040 2094 4100 inter
2133 4042 2382 4100 Petrum
2430 4044 2493 4100 et

962 4135 1222 4196 Paulum
1257 4155 1269 4195 :
1303 4138 1369 4196 tu
1402 4138 1612 4195 autem
1654 4151 1728 4193 ex
1758 4151 2068 4193 consensu
2098 4133 2265 4192 Petri
2299 4132 2490 4194 sentis

960 4227 1360 4289 commodum
1386 4229 1527 4289 200.
1549 4229 1975 4302 acceptorum,
2012 4243 2152 4303 quae
2181 4224 2367 4284 etiam
2395 4224 2492 4285 16-

961 4319 1154 4381 craris
1198 4318 1502 4379 moriente
1546 4317 1741 4378 Paulo
1778 4337 1789 4378 :
1824 4321 2013 4395 atque
2061 4317 2251 4377 etiam
2299 4316 2490 4377 sentis

960 4411 1452 4488 incommodum,
1474 4428 1698 4489 nempe
1721 4410 2166 4488 obligationem
2186 4408 2493 4468 reddendi

962 4508 1193 4565 sortem
1236 4507 1298 4564 et
1325 4504 1582 4578 fructuS,
1627 4503 1774 4581 quia
1804 4502 2114 4582 promittis
2157 4504 2337 4563 Petro
2366 4520 2491 4562 ser-

960 4615 1111 4658 vare
1140 4614 1284 4657 eum
1312 4595 1672 4655 indemnem
1710 4594 1790 4655 ab
1822 4595 1993 4654 omni
2027 4594 2257 4655 damno
2290 4594 2368 4656 ob
2398 4612 2493 4655 56-

961 4689 1253 4751 cietatem
1298 4689 1362 4749 in
1405 4688 1674 4767 gratiam
1712 4687 1802 4748 tui
1847 4688 2065 4749 initam
2097 4706 2241 4748 cum
2274 4687 2488 4748 Paulo.

962 4784 1267 4845 Caeterum
1297 4781 1359 4840 16
1389 4780 1597 4858 rigore
1625 4780 1963 4860 loquendo,
1999 4799 2202 4858 neque
2220 4779 2493 4840 officium

960 4875 1076 4937 tibi
1105 4873 1493 4934 commodari
1523 4876 1748 4950 potest,
1783 4891 1925 4932 cum
1955 4872 2034 4933 sit
2063 4872 2318 4932 affixum
2347 4890 2491 4949 per-

963 4986 1130 5030 sonae
1160 4966 1353 5041 Petri;
1380 4984 1582 5044 neque
1610 4969 1674 5025 ι6
1707 4968 1885 5043 potes
1932 4964 2087 5024 inire
2130 4965 2493 5025 societatem

964 5059 1028 5119 in
1054 5078 1143 5136 re,
1179 5058 1355 5138 cujus
1386 5076 1510 5118 non
1541 5077 1606 5117 es
1637 5057 1973 5135 particepS,
2006 5057 2117 5116 sed
2148 5056 2350 5118 solum
2381 5075 2493 5134 po-

962 5156 1057 5213 tes
1082 5156 1293 5231 petere
1325 5170 1361 5210 a
1407 5153 1612 5223 Petro,
1648 5154 1717 5211 ut
1743 5150 1874 5228 ipse
1906 5149 2074 5209 ineat
2100 5149 2487 5225 societatem,

964 5246 1138 5322 cujus
1191 5243 1593 5304 commodum
1650 5245 1712 5303 et
1765 5241 2236 5302 incommodum
2292 5244 2493 5303 totum

963 5336 1274 5398 redundet
1302 5336 1363 5395 in
1394 5340 1479 5396 te.

1044 5429 1332 5492 Secundo
1375 5428 1714 5505 dubitatur,
1768 5446 1847 5488 an
1878 5426 2186 5510 ejusmodi
2216 5427 2491 5488 officium

2145 275 2248 335 DE
2289 275 2644 337 JUSTITIA
2685 276 2786 336 ET
2821 275 3020 337 JURE

2567 449 2795 510 debeat
2849 467 2984 509 esse
3037 448 3343 524 meabile,
3390 465 3472 507 an
3519 465 3669 507 vero
3717 447 3891 524 possit
3931 465 4028 508 esse
4072 470 4151 517 6η

2567 547 2939 620 perpetuum
2988 545 3050 601 et
3092 539 3510 601 transscribile
3558 539 3642 598 ad
3684 539 3952 614 haeredes,
3984 546 4030 600 ut
4058 524 4151 621 Ἃ

2569 633 2634 692 16
2677 652 2750 693 66
2795 633 2990 711 possit
3027 632 3162 692 fieri
3210 632 3514 692 societas?
3562 631 3923 692 Sententiam
3955 652 4032 691 ne·

2570 729 2846 803 gantem,
2891 726 3028 785 fieri
3078 742 3260 803 posse
3307 724 3372 783 in
3400 724 3610 784 officio
3655 742 3778 783 non
3804 724 4027 799 vacabit,

2572 818 2799 895 probat
2824 818 2949 878 late
2981 817 3227 877 Silvest.
3262 816 3562 876 Zacchias
3597 816 3660 874 in
3704 816 3964 894 opusculo
3987 816 4034 875 de

2572 908 2740 970 modo
2780 908 3158 969 contrahendi
3204 908 3526 980 societatis,
3591 927 3766 967 num.
3825 911 3940 968 117.
3993 916 4035 970 et

2576 1021 2753 1082 seqq.
2801 1006 2864 1063 et
2890 1002 3139 1062 videtur
3179 1002 3525 1080 approbata
3552 1020 3594 1060 a
3625 1003 3781 1060 Rota
3821 1000 3880 1059 in
3901 1001 4036 1077 pluri·

2574 1095 2692 1155 bus
2745 1094 3189 1169 decisionibuS,
3263 1112 3418 1172 quas
3487 1093 3548 1152 in
3621 1095 3744 1153 fine
3797 1094 4034 1171 congerit,

2576 1205 2802 1264 nempe
2850 1187 2911 1246 in
2946 1204 3070 1245 una
3100 1185 3502 1245 Foroliviensi
3541 1203 3710 1244 anno
3753 1187 3914 1265 &⁶¹4-
3947 1186 4038 1245 Sub

2579 1280 2859 1353 Sacram,
2893 1282 2956 1339 et
2983 1277 3046 1336 in
3074 1276 3197 1338 alia
3225 1277 3414 1337 etiam
3441 1277 3817 1337 Forolivien.
3844 1276 3942 1336 suh
3963 1295 4037 1337 eo-

2579 1370 2746 1445 dem,
2780 1374 2842 1431 et
2869 1370 3093 1431 eodem
3122 1387 3311 1437 anno,
3344 1373 3406 1429 et
3433 1369 3494 1428 in
3524 1369 3654 1429 alia
3682 1370 3939 1429 Romana
3960 1371 4039 1427 sub

2582 1462 2928 1541 Pamphilio
2957 1479 3123 1521 anno
3156 1463 3329 1521 1613.
3365 1480 3506 1539 quae
3552 1465 3705 1521 sunt
3730 1461 3859 1520 dec.
3904 1464 3978 1520 ¹4.
4001 1466 4040 1519 el

2577 1558 2676 1616 48.
2711 1559 2774 1614 et
2800 1557 2899 1614 61.
2946 1554 3107 1613 inter
3136 1571 3261 1626 665,
3299 1572 3454 1632 quas
3484 1554 3689 1614 dictus
3718 1565 3917 1613 auctor
3938 1572 4042 1613 666-

2581 1647 2785 1707 cessit.
2819 1645 2998 1707 Unde
3029 1645 3197 1705 idem
3226 1664 3290 1705 n·
3340 1649 3476 1707 163.
3510 1646 3721 1720 infert,
3762 1664 3868 1705 nec
3905 1646 4040 1704 etiam

2580 1739 2717 1799 fieri
2747 1756 2928 1815 posse
2958 1738 3322 1798 societatem
3352 1757 3541 1816 super
3567 1737 3775 1797 officio
3804 1738 4040 1807 vacabili;

2582 1830 2750 1909 quod
2796 1834 3008 1890 tamen
3050 1846 3122 1889 ex
3153 1830 3620 1909 dispensatione
3670 1829 3844 1907 Papae
3877 1848 4041 1888 vacare

2581 1938 2705 1983 non
2735 1921 2964 1981 debeat
2999 1921 3306 1981 moriente
3341 1921 3615 1995 officiali,
3657 1921 3768 1981 sed
3793 1922 4044 1981 morienti·

2580 2015 2700 2075 bus
2739 2014 2874 2092 ipso
2923 2018 2985 2073 et
3029 2013 3153 2073 alio
3182 2015 3316 2092 ejus
3344 2015 3582 2074 fratre:
3619 2014 3786 2092 quod
3831 2014 4041 2091 quidem,

2582 2108 2636 2167 si
2677 2106 3067 2183 intelligatur
3112 2105 3177 2165 in
3208 2125 3281 2166 eo
3312 2125 3502 2167 56656
3542 2110 3613 2166 ut
3643 2124 3766 2165 non
3795 2107 4043 2183 66551156-

2583 2199 2772 2259 cietas
2803 2198 3031 2257 durare
3059 2199 3364 2259 moriente
3395 2198 3648 2258 officiali
3680 2216 3822 2258 cum
3859 2217 3960 2275 quo
3981 2200 4042 2270 fit,

2583 2309 2803 2352 verum
2851 2291 3000 2363 erit;
3053 2291 3201 2369 quia
3246 2290 3422 2370 juxta
3448 2292 3810 2369 supradicta
3844 2290 4044 2351 societas

2585 2402 2712 2443 non
2767 2387 2972 2462 potest
3024 2387 3165 2461 post
3220 2384 3373 2444 socii
3419 2389 3691 2444 mortem
3740 2383 4042 2455 continuari,

2585 2494 2702 2537 666
2747 2475 2974 2537 transit
3020 2475 3099 2534 ad
3144 2475 3450 2550 haeredeS,
3504 2477 3640 2535 sine
3689 2494 3847 2535 novo
3887 2494 4046 2535 eorum

2586 2587 2913 2630 consensu.
2950 2568 3016 2628 Si
3043 2571 3255 2627 tamen
3282 2568 3548 2628 societas
3575 2569 3760 2629 fieret
3785 2568 3958 2627 solum
3978 2587 4048 2625 su·

2586 2680 2699 2739 per
2742 2660 2945 2720 officio
2986 2659 3248 2719 durante
3277 2660 3409 2720 vita
3451 2660 3760 2736 officialiS,
3794 2679 3903 2720 non
3927 2659 4049 2717 vide·

2585 2758 2688 2815 tur
2716 2753 2802 2813 ita
2832 2757 3094 2814 certum.
3139 2754 3217 2813 Et
3245 2752 3498 2831 quidem
3530 2753 3686 2812 alias
3712 2753 3916 2812 eadem
3939 2754 4049 2811 Rota

2585 2846 2836 2907 videtur
2860 2845 3282 2923 supposuisse,
3306 2844 3580 2903 validam
3604 2864 3739 2904 esse
3757 2844 4047 2905 societatem

2587 2938 2648 2997 in
2698 2936 2901 2996 officio
2933 2936 3123 2996 etiam
3154 2954 3275 2996 non
3310 2935 3600 3012 meabili,
3647 2942 3716 2996 ut
3758 2942 3969 2996 constat
3999 2954 4047 2993 ex

2587 3029 2816 3089 diverS.
2865 3028 3001 3089 dec.
3037 3031 3171 3088 175.
3219 3046 3353 3105 par.
3401 3029 3449 3088 Ι.
3484 3031 3547 3088 et
3587 3047 3664 3088 ex
3692 3029 3815 3089 alia
3841 3027 4046 3087 Foroliv.

2587 3120 2800 3181 societ.
2862 3138 3024 3179 anno
3087 3122 3261 3180 1583.
3321 3119 3522 3180 relata
3573 3120 3739 3180 inter
3782 3120 4048 3198 impressa

2587 3214 2816 3274 divers,
2852 3212 2988 3272 dec.
3023 3216 3160 3272 762.
3197 3217 3357 3291 part.
3392 3214 3439 3272 Ι.
3472 3214 3601 3272 Ν66
3630 3213 3691 3272 16
3720 3213 3879 3273 bulla
3905 3211 3975 3271 Pii
3999 3212 4044 3268 V.

2589 3309 2698 3366 aut
2742 3304 2880 3364 aliis
2922 3304 3166 3381 reperio
3199 3303 3319 3364 hoc
3357 3304 3779 3383 prohibitum;
3811 3306 4050 3364 necinve-

2588 3398 2689 3458 nio
2717 3396 3033 3456 sufficiens
3061 3396 3545 3457 fundamentum
3577 3398 3660 3457 ad
3689 3398 3753 3457 id
3779 3399 3840 3457 16
3866 3398 4049 3455 univer-

2588 3507 2727 3550 sum
2775 3487 3135 3565 negandum
3169 3507 3181 3548 :
3216 3487 3342 3548 imo
3372 3488 3435 3547 in
3467 3489 3635 3549 dicta
3674 3490 3958 3550 decisione
3977 3492 4046 3547 61.

2588 3582 2704 3642 sub
2751 3579 3095 3658 Pamphilio
3136 3598 3198 3639 6.
3255 3583 3350 3639 13.
3402 3581 3637 3642 fatetur
3682 3584 3855 3656 Rota,
3901 3580 4050 3640 officia

2589 3674 2778 3735 etiam
2835 3691 2959 3732 non
3013 3672 3321 3732 vacabilia
3375 3691 3512 3733 esse
3559 3675 3811 3751 capacia
3851 3673 4051 3748 alicujus

2588 3766 2925 3828 societatiS.
2969 3765 3169 3835 Quare
3214 3783 3341 3824 non
3382 3764 3675 3825 videntur
3721 3784 3930 3843 negare
3968 3763 4048 3822 nisi

2587 3858 2953 3919 societatem
2996 3857 3186 3918 talem
3234 3857 3437 3935 qualis
3478 3858 3615 3916 fieri
3644 3858 3800 3918 solet
3825 3858 3894 3917 de
3933 3858 4049 3915 facto

2589 3968 2777 4028 super
2805 3948 3009 4008 officio
3040 3948 3305 4008 vacabili
3341 3969 3355 4007 ε
3389 3948 3559 4027 quod
3590 3950 3838 4028 quidem
3864 3946 4050 4008 vet-iffi·

2587 4061 2763 4102 mum
2810 4045 2924 4102 est.
2980 4041 3226 4117 Primo,
3300 4042 3448 4120 quia
3489 4041 3553 4100 16
3603 4042 3803 4102 officio
3847 4039 4050 4100 vat-abili

2591 4135 2875 4196 officialis
2921 4135 3090 4195 subit
3130 4134 3477 4212 periculum
3508 4134 3788 4194 solvendi
3814 4134 3958 4194 socio
3979 4150 4052 4191 ea·

2588 4227 2776 4308 pitale
2806 4231 3133 4304 acceptum
3161 4231 3463 4303 pereunte
3492 4227 3717 4302 officio,
3756 4225 3910 4306 quod
3934 4225 4054 4302 peri·

2590 4321 2801 4380 culum
2847 4323 3291 4397 compensatur
3337 4319 3671 4379 commodo
3699 4317 3958 4379 lucrandi
3979 4333 4053 4373 ca·

2590 4412 2782 4491 pitale
2812 4411 3118 4471 moriente
3148 4411 3315 4471 socio
3353 4431 3365 4471 :
3400 4410 3464 4469 in
3494 4411 3696 4472 officio
3737 4416 3932 4471 autem
3966 4425 4050 4466 non

2590 4503 2859 4565 vacabili
2909 4502 3189 4563 officialis
3218 4503 3459 4562 nullum
3500 4504 3625 4563 tale
3652 4503 4053 4581 periculumsu·

2590 4596 2703 4672 bit,
2739 4613 2882 4655 cum
2912 4613 3235 4673 nunquam
3265 4594 3321 4653 ei
3361 4595 3638 4656 officium
3665 4595 3862 4674 perire
3885 4590 4048 4670 possit.

2593 4688 2906 4763 Secundo,
2980 4686 3129 4765 quia
3183 4686 3245 4746 in
3304 4686 3510 4747 officio
3566 4687 3820 4747 vacabili
3874 4686 4052 4744 fructus

2590 4784 2885 4843 taxantur
2911 4779 3245 4839 duodecim
3294 4797 3409 4858 pro
3443 4779 3819 4855 centenario,
3850 4777 3974 4856 quia
3995 4774 4050 4832 ita

2591 4873 2794 4934 solent
2821 4871 3128 4952 ejusmodi
3162 4871 3368 4931 officia
3397 4871 3802 4942 fructificare;
3835 4867 4050 4929 officium

2591 4970 2801 5026 autem
2832 4982 2957 5024 non
2977 4963 3258 5024 vacabile
3290 4962 3486 5024 multo
3516 4964 3718 5022 minus
3744 4961 4048 5022 fruetificat:

2591 5076 2784 5137 quare
2838 5075 2962 5116 666
3020 5060 3231 5136 posset
3274 5074 3465 5133 super
3508 5057 3641 5133 ipso
3679 5055 3922 5115 societas
3956 5049 4049 5110 fieri

2590 5168 2734 5210 cum
2763 5154 2935 5210 tanto
2963 5149 3137 5209 lucro
3169 5152 3377 5209 taxato
3410 5164 3486 5208 ex
3516 5147 3831 5209 fructibus.
3878 5147 3921 5206 E
3943 5161 4051 5204 con·

2591 5245 2688 5304 tra
2716 5261 2886 5318 vero,
2920 5242 2970 5301 si
3002 5241 3332 5319 exigantur
3357 5241 3599 5302 fructus
3629 5244 3805 5318 prout
3830 5239 4047 5298 officium
4149 5229 4150 5238 ’

2593 5339 2965 5413 perpetuum
2995 5334 3369 5393 fructificare
3391 5334 3571 5406 solet,
3604 5332 3759 5412 quod
3790 5331 3929 5390 solet
3952 5343 4047 5387 esse

2593 5426 2867 5506 quiaque
2898 5444 3011 5504 pro
3043 5429 3317 5502 centum,
3364 5424 3612 5486 videtur
3652 5424 3830 5486 etiam
3856 5426 4046 5483 conm-
