4263 6376
608 1097 634 1154 1
646 1098 722 1157 61

507 1220 611 1273 Quid
648 1221 682 1264 si
706 1234 784 1264 ven

524 1255 627 1317 distiti
647 1245 806 1329 postea-

520 1328 785 1372 dissolvatur.

852 363 972 423 662

852 541 981 600 tem
1008 538 1215 617 pretii,
1247 538 1412 618 quod
1442 538 1680 618 absque
1709 557 1823 599 sua
1850 539 2034 617 culpa
2061 556 2188 600 non
2217 556 2391 600 acce-

853 630 965 709 pit.
999 631 1180 692 Unde
1211 631 1402 692 etiam
1451 632 1639 693 infert
1665 631 1816 692 dub.
1848 648 2083 693 xxxvn.
2119 650 2292 692 num.
2325 635 2384 692 9.

854 741 998 784 cum
1027 723 1162 783 aliis
1210 742 1368 803 quos
1415 725 1616 800 affert,
1669 725 1920 804 quando
1948 723 2242 784 venditur
2276 723 2390 784 ali-

855 815 1004 896 quid
1043 816 1309 894 pecunia
1337 817 1604 892 credita,
1651 835 1774 877 non
1806 816 2021 877 deberi
2049 816 2384 895 gabellam,

855 909 1055 969 donec
1083 909 1357 987 pretium
1385 910 1666 971 solvatur
1709 913 1966 987 propter
2008 909 2263 969 easdem
2292 928 2387 969 ra-

855 1002 1077 1063 tioneS.

933 1094 1266 1155 Dubitatur
1309 1094 1799 1174 decimoquintO,
1854 1093 2001 1174 quid
2051 1092 2387 1154 dIcendum

852 1186 933 1248 sit
958 1188 1035 1246 de
1073 1187 1434 1248 venditione
1459 1234 1473 1263 ,
1527 1207 1667 1267 quae
1712 1186 2094 1251 dissolvitur.
2127 1187 2392 1264 Oportet

851 1280 1133 1341 breviter
1174 1280 1559 1357 distinguere
1606 1281 1815 1359 plures
1856 1279 2112 1356 modOS,
2162 1280 2388 1358 quibus

850 1376 1206 1434 contractus
1236 1372 1488 1433 dissolvi
1520 1376 1745 1451 potest.

933 1464 1138 1526 Primo
1169 1484 1243 1526 ex
1273 1484 1580 1526 consensu
1610 1465 2111 1528 contrahentium
2135 1511 2151 1542 ,
2199 1465 2306 1544 qui
2336 1464 2388 1525 si

848 1558 915 1618 in
942 1558 1283 1619 continenti
1313 1563 1376 1620 et
1404 1559 1536 1618 sine
1564 1559 1915 1636 intervallo,
1951 1563 2289 1637 antequam
2306 1557 2386 1617 ad

850 1651 974 1712 alia
1002 1650 1456 1729 digrediantur,
1480 1656 1873 1713 contractum
1893 1651 2259 1728 dissolvant,
2279 1669 2387 1728 ga·

849 1745 1015 1806 bella
1041 1762 1165 1805 non
1196 1744 1493 1822 debetur,
1536 1763 1739 1824 neque
1770 1765 1845 1805 ex
1872 1744 2251 1806 resolutione
2283 1764 2385 1805 ne-

849 1856 971 1917 que
1001 1857 1076 1897 ex
1103 1837 1238 1916 ipso
1270 1841 1590 1899 contractu
1611 1883 1627 1915 ‚
1664 1838 1810 1917 quia
1839 1838 2100 1916 perinde
2129 1841 2381 1916 reputa·

850 1935 971 2003 tur,
1004 1948 1080 1990 ac
1107 1929 1158 1990 si
1189 1934 1547 1991 contractus
1576 1930 1778 1991 factus
1808 1949 1933 1991 non
1963 1930 2200 1991 fuisset.
2235 1932 2383 1991 Haec

849 2028 946 2085 est
976 2023 1328 2084 communis
1358 2023 1690 2085 doctorum
1716 2069 1731 2099 ,
1786 2042 1947 2103 quos
1989 2025 2172 2085 affert
2199 2028 2260 2085 et
2287 2043 2385 2084 se·

849 2116 1062 2196 quitur
1091 2117 1374 2178 Sanchez
1404 2116 1555 2178 dub.
1602 2133 1811 2177 xxxxx.
1864 2135 1972 2176 nu.
2002 2120 2061 2176 7.
2095 2118 2382 2195 vasquez

850 2209 1016 2270 dieto
1045 2210 1100 2288 ὃ.
1133 2212 1210 2271 11.
1245 2210 1394 2271 dub.
1430 2227 1498 2271 11.
1542 2228 1715 2271 num.
1747 2214 1807 2270 4.
1852 2213 1916 2271 et
1958 2208 2065 2269 alii
2106 2215 2382 2270 commu-

851 2301 1033 2363 niter.

930 2394 1219 2455 Secundo
1264 2393 1519 2456 dissolvi
1550 2397 1755 2473 potest
1784 2412 1857 2455 ex
1888 2398 2073 2473 pacto
2133 2396 2381 2456 contra·

849 2486 1156 2563 hentium,
1183 2487 1290 2566 qui
1309 2487 1370 2547 in
1388 2487 1521 2566 ipso
1551 2490 1900 2564 contractu,
1934 2488 2033 2547 vel
2080 2488 2145 2547 in
2178 2488 2381 2549 conti-

850 2580 1041 2656 nenti,
1074 2579 1281 2640 verbis
1310 2579 1561 2640 directis
1591 2585 2039 2656 convenerunt,
2073 2584 2144 2641 ut
2170 2581 2222 2640 si
2240 2600 2384 2660 pre·

847 2673 1004 2735 tium
1031 2672 1195 2733 intra
1215 2677 1307 2734 tot
1336 2672 1468 2732 dies
1498 2691 1620 2732 non
1652 2673 1953 2749 solvatur,
1989 2691 2090 2733 res
2131 2678 2386 2752 putetur

850 2785 975 2827 non
1003 2766 1280 2842 vendita,
1329 2766 1498 2845 quod
1534 2766 1888 2844 appellatur
1941 2769 2197 2845 pactum
2226 2768 2384 2846 legis

849 2860 1314 2935 commissoriae,
1350 2859 1447 2919 vel
1477 2858 1563 2919 ita
1593 2863 1663 2919 ut
1681 2859 1734 2919 si
1761 2858 1926 2919 intra
1953 2860 2145 2921 talem
2174 2862 2384 2922 termi-

850 2971 1001 3012 num
1031 2953 1187 3012 alius
1216 2956 1461 3032 emptor
1486 2970 1628 3012 cum
1672 2951 1896 3031 majori
1954 2945 2157 3032 pretio
2214 2953 2383 3015 inve-

850 3044 1076 3121 niatur,
1111 3063 1210 3103 res
1240 3063 1365 3105 non
1394 3044 1474 3105 sit
1498 3044 1904 3124 venditaquae
1937 3046 2292 3124 appellatur
2320 3047 2383 3107 in

850 3136 1019 3197 diem
1046 3135 1336 3217 adjectiO.
1365 3138 1441 3198 Et
1467 3137 1530 3197 in
1561 3137 1658 3198 his
1712 3137 1960 3199 casibus
2007 3138 2199 3219 aliqui
2229 3158 2385 3220 quos

852 3231 1035 3290 affert
1064 3229 1346 3291 Sanchez
1377 3229 1527 3291 dub.
1562 3247 1771 3291 xxxlx.
1808 3250 1868 3292 n.
1919 3235 1979 3292 9.
2023 3232 2243 3295 dicunt
2271 3233 2382 3292 de-

849 3323 986 3384 beri
1011 3323 1322 3402 gabellam
1352 3341 1428 3383 ex
1483 3327 1832 3399 contractu,
1867 3343 1990 3384 non
2040 3328 2255 3385 tamen
2310 3344 2385 3386 ex

851 3415 986 3494 ejus
1016 3415 1442 3492 dissolutione,
1476 3416 1607 3494 ipse
1640 3420 1847 3477 tamen
1901 3435 2042 3476 cum
2076 3417 2289 3497 Tiraq.
2325 3422 2387 3479 et

852 3509 988 3569 aliis
1017 3508 1228 3569 multis
1257 3508 1479 3569 melius
1509 3509 1695 3569 docet
1723 3526 1844 3570 non
1875 3509 2112 3587 deberi,
2146 3510 2198 3571 si
2230 3529 2378 3589 pac-

851 3606 986 3664 tum
1017 3602 1080 3661 in
1129 3602 1490 3662 venditione
1540 3602 1639 3661 vel
1687 3601 1748 3661 in
1807 3602 2150 3665 continenti
2180 3604 2384 3664 verbis

852 3695 1103 3758 directis
1129 3696 1483 3774 appositum
1528 3695 1663 3772 fuit,
1700 3696 1844 3774 quia
1874 3695 2137 3774 impleta
2166 3696 2387 3757 condi-

848 3789 1016 3851 tione
1048 3793 1336 3850 censetur
1366 3807 1488 3849 non
1511 3789 1674 3849 facta
1693 3794 1876 3851 antea
1903 3788 2385 3869 venditi0,quod

851 3884 1040 3942 etiam
1068 3882 1252 3943 docet
1277 3885 1564 3961 vasquez
1593 3882 1759 3943 dicto
1790 3882 1956 3943 dicto
1986 3881 2140 3943 dub.
2176 3898 2248 3944 11.
2274 3902 2379 3944 nu.

849 3980 910 4037 5.
944 3976 1175 4054 disput.
1208 3978 1345 4037 378.
1378 3976 1433 4054 ἓ.
1459 3973 1878 4036 Recedendum.

930 4069 1140 4130 Tertio
1168 4071 1376 4147 potest
1414 4067 1669 4128 dissolvi
1709 4085 1782 4126 ex
1841 4067 2077 4128 eisdem
2140 4067 2386 4129 duobus

852 4162 1049 4242 pactis
1079 4180 1202 4221 non
1234 4161 1495 4237 directe,
1528 4161 1638 4221 sed
1658 4159 1866 4220 verbis
1897 4160 2166 4241 obliquis
2195 4180 2386 4242 appo·

853 4256 984 4317 sitis
1015 4254 1077 4313 in
1106 4257 1454 4330 contractu,
1489 4257 1559 4314 ut
1602 4253 1653 4313 si
1706 4252 1971 4330 dicatur,
2007 4253 2057 4313 si
2088 4272 2215 4313 non
2260 4254 2385 4315 sol-

849 4348 1033 4424 veris,
1059 4347 1156 4407 vel
1179 4346 1230 4406 si
1259 4346 1415 4406 alius
1445 4350 1693 4424 emptor
1719 4349 2030 4423 occurrat,
2056 4365 2156 4407 res
2171 4365 2384 4407 rever—

847 4445 1036 4516 tatur,
1070 4439 1290 4500 redeat
1334 4438 1644 4516 pertineat
1691 4438 1772 4498 ad
1828 4457 1952 4515 me,
2007 4443 2125 4502 etc.
2192 4458 2383 4519 quam

851 4532 1267 4594 differentiam
1322 4530 1601 4591 declarat
1629 4532 2042 4593 Covarruvias
2097 4532 2204 4594 lib.
2267 4534 2370 4595 III.

866 4625 1101 4686 Παφίαν.
1137 4643 1275 4701 cap.
1309 4639 1447 4683 v111.
1483 4642 1588 4685 nu.
1649 4626 1696 4684 Ι.
1734 4629 1796 4686 et
1824 4643 2000 4704 seqq.
2049 4643 2174 4704 quo
2233 4644 2382 4686 casu

849 4718 1138 4779 doctores
1166 4717 1584 4778 communiter
1613 4735 1769 4796 quos
1800 4719 1979 4777 affert
2008 4721 2070 4778 et
2096 4718 2382 4795 sequitur

850 4810 1131 4873 Sanchez
1162 4829 1221 4871 n.
1259 4813 1352 4872 10.
1404 4809 1640 4887 dicunt,
1676 4809 1888 4870 deberi
1936 4809 2249 4887 gabellam
2305 4829 2381 4870 ex

847 4903 1230 4980 venditione,
1292 4903 1440 4982 quia
1487 4903 1605 4963 suit
1649 4920 1799 4962 vera
1851 4901 2153 4978 venditio,
2207 4903 2377 4981 quod

848 4998 1036 5059 otiam
1067 4996 1248 5058 docet
1273 4995 1507 5057 Molina
1535 4995 1642 5056 ubi
1671 5013 1881 5074 supra,
1899 4995 1954 5073 ξ.
1989 4993 2247 5055 Dubium
2276 5004 2376 5074 est,

849 5108 970 5152 non
1028 5093 1237 5150 tamen
1295 5107 1369 5149 ex
1442 5088 1872 5164 dissolutione,
1915 5086 2062 5167 quia
2106 5106 2231 5148 non
2289 5093 2384 5150 est

849 5183 1146 5260 venditio,
1179 5182 1288 5243 sed
1315 5180 1601 5242 rescissio
1632 5180 1858 5261 prioris
1895 5180 2275 5242 venditionis
2306 5200 2382 5241 ex

849 5281 1034 5357 pacto
1060 5276 1124 5335 in
1155 5294 1228 5336 ea
1254 5273 1480 5354 positO.

922 5373 1152 5442 Quarto
1208 5371 1414 5448 potest
1460 5366 1713 5426 dissolvi
1760 5385 1836 5426 ex
1887 5369 2070 5445 pacto
2125 5365 2187 5425 in
2244 5366 2380 5445 ipsa

848 5462 1227 5539 venditione,
1263 5461 1360 5522 vel
1390 5459 1452 5520 in
1483 5458 1824 5521 continenti
1856 5459 2140 5539 apposito
2172 5459 2249 5519 de
2280 5479 2380 5520 re-

849 5547 1303 5632 trovendendo',
1338 5573 1446 5615 seu
1478 5553 1556 5614 de
1584 5552 1954 5614 redimenda
1980 5572 2069 5627 re,
2123 5552 2372 5616 reddito

2011 361 2112 421 DE
2155 359 2508 422 JUSTITIA
2551 362 2652 424 ΕΤ
2693 364 2891 426 JURE

2487 540 2690 619 pretio
2735 540 2898 605 intra
2954 546 3200 604 tantum
3257 544 3504 621 tempus
3559 542 3638 602 ad
3692 536 4033 602 arbitrium

2489 633 2852 712 venditoriS,
2886 639 2948 698 et
2988 640 3137 697 tunc
3165 654 3241 696 ex
3292 634 3653 696 venditione
3681 634 3888 714 prima
3916 631 4034 690 de-

2485 725 2673 788 betur
2697 727 2947 805 gabella
2991 748 3068 788 ex
3122 728 3442 788 communi
3492 726 3827 801 sententia,
3865 742 4032 804 quos

2489 821 2669 881 affert
2694 824 2756 881 et
2783 821 3067 900 sequitur
3094 821 3239 882 Mol.
3276 819 3435 899 disp.
3473 822 3614 880 374.
3670 820 3727 898 §-
3761 817 4033 879 Dubium

2486 920 2587 988 est,
2616 913 2897 974 Sanchez
2927 914 3094 975 dicto
3143 914 3292 974 dub.
3326 929 3534 974 xxxlx.
3571 932 3631 973 n.
3670 916 3766 973 11.
3802 928 4035 990 quam-

2486 1004 2581 1064 vis
2613 1005 2805 1084 aliqui
2834 1025 2992 1086 quos
3038 1006 3126 1067 ibi
3160 1007 3362 1083 affert,
3423 1006 3501 1065 de
3531 1006 3653 1066 hoc
3709 1004 4029 1076 dubitent,

2488 1097 2739 1175 quando
2768 1098 2889 1159 hoc
2920 1103 3173 1177 pactum
3204 1116 3328 1159 non
3357 1098 3475 1159 fuit
3500 1097 3861 1175 appositum
3887 1113 4034 1155 ver-

2485 1188 2581 1249 bis
2604 1190 2873 1270 obliquis
2903 1191 3008 1250 sed
3043 1191 3328 1252 directis:
3363 1194 3427 1251 et
3464 1188 3634 1250 id'em
3677 1207 3820 1250 cum
3852 1205 4034 1248 com-

2485 1282 2658 1342 muni
2688 1287 2860 1346 tenet
2889 1287 3176 1365 vasquez
3220 1285 3358 1370 loco
3417 1284 3633 1346 citato.
3694 1283 3878 1343 Ratio
3911 1299 4034 1341 au-

2481 1377 2611 1435 tem
2642 1380 2756 1451 est,
2791 1377 2938 1456 quia
2959 1377 3064 1438 illa
3094 1377 3264 1456 prior
3296 1376 3416 1437 fuit
3443 1395 3596 1438 vera
3621 1374 3929 1450 venditio,
3970 1377 4036 1434 et

2482 1468 2799 1530 transtulit
2822 1469 3106 1531 absolute
3147 1469 3493 1530 dominium
3516 1469 3582 1529 iu
3638 1472 4028 1546 emptorem,

2485 1563 2547 1621 et
2575 1560 2660 1620 ita
2689 1560 2765 1620 de
2788 1561 2952 1622 facto
2992 1562 3255 1624 solvitur
3282 1562 3555 1640 gabella,
3586 1560 3844 1641 quando
3874 1577 4032 1619 ven-

2484 1651 2653 1713 ditur
2679 1670 2902 1714 census
2933 1652 3322 1715 redimibiliS.
3361 1657 3456 1715 An
3503 1672 3654 1714 vero
3714 1652 4035 1712 debeatur

2482 1748 2700 1822 postea
2727 1763 2892 1807 nova
2918 1746 3168 1824 gabella
3220 1745 3285 1806 in
3332 1746 3790 1825 redemptione,
3826 1762 4033 1825 quan-

2482 1836 2562 1898 do
2592 1837 2884 1899 venditor
2911 1839 3058 1900 dato
3092 1839 3291 1917 pretio
3336 1839 3562 1918 repetit
3611 1857 3747 1899 rem
3794 1856 4027 1898 suam:

2479 1930 2923 2008 negantiidem
2954 1934 3239 1993 auctores
3268 1932 3463 2008 citati,
3517 1931 3667 2012 quia
3725 1931 3836 1992 illa
3891 1952 4031 1994 non

2481 2025 2577 2083 est
2605 2040 2768 2084 nova
2794 2023 3095 2100 venditio,
3140 2023 3255 2085 sed
3302 2023 3626 2085 dissolutio
3683 2025 3917 2104 prioris
3951 2045 4027 2085 ex

2478 2119 2662 2194 pacto
2694 2116 2755 2175 in
2784 2134 2860 2177 ea
2886 2117 3148 2179 incluso.

2520 2207 2585 2268 Si
2600 2212 2810 2269 tamen
2824 2213 3077 2288 pactum
3106 2210 3255 2270 illud
3274 2210 3351 2271 de
3372 2210 3884 2272 retrovendendo
3904 2231 4027 2273 non

2481 2301 2835 2379 appositum
2868 2302 3084 2363 fuisset
3125 2302 3187 2362 in
3243 2303 3446 2382 prima
3484 2304 3881 2381 venditione,
3917 2305 4030 2366 sed

2480 2396 2699 2470 postea
2744 2412 2820 2452 ex
2861 2393 3190 2456 intervallo
3221 2400 3667 2475 apponeretur,
3722 2399 3865 2476 jam
3926 2398 4030 2459 illa

2480 2484 2829 2564 redemptio
2859 2492 3022 2550 esset
3050 2506 3213 2549 nova
3228 2489 3509 2551 venditio
3542 2493 3604 2550 et
3634 2508 3760 2551 non
3790 2510 4031 2572 seque-

2481 2578 2542 2638 la
2566 2578 2810 2656 prioriS,
2844 2584 3031 2660 atque
3049 2582 3207 2642 adeo
3239 2600 3313 2642 ex
3343 2601 3418 2643 ea
3446 2582 3784 2646 deberetur
3810 2586 4029 2664 gabel-

2480 2672 2543 2731 la
2572 2689 2753 2735 nova.
2781 2674 2962 2746 Quod
2988 2675 3158 2735 idem
3188 2678 3281 2737 est
3307 2676 3386 2736 de
3413 2675 3552 2736 aliis
3580 2678 3782 2755 pactis
3833 2697 4031 2757 supra

2483 2766 2884 2841 enumeratis,
2931 2766 2983 2826 si
3004 2785 3079 2827 ex
3134 2767 3458 2828 intervallo
3488 2772 3937 2847 apponantur;
3970 2775 4032 2833 et

2482 2856 2547 2917 in
2570 2855 2689 2917 hoc
2716 2858 2904 2919 etiam
2934 2859 3317 2921 conveniunt
3371 2865 3662 2922 auctores
3710 2863 4028 2940 praedicti.

2482 2949 2664 3011 Unde
2691 2950 2877 3013 infert
2902 2952 3133 3013 Molina
3163 2970 3305 3014 eum
3335 2952 3493 3029 aliis,
3526 2954 3575 3014 si
3605 2956 3893 3017 venditio
3924 2958 4035 3019 fiat

2484 3059 2627 3102 cum
2650 3047 2833 3121 pacto
2865 3044 2944 3104 de
2975 3045 3475 3106 retrovendendo
3533 3066 3734 3127 usque
3788 3049 3878 3109 ad
3923 3069 4028 3111 sex

2482 3153 2703 3213 annoS,
2738 3140 2799 3198 et
2839 3137 3005 3198 idem
3062 3138 3398 3200 dicendum
3446 3139 3564 3200 erit
3592 3140 3670 3202 de
3724 3148 3922 3223 pacto
3970 3145 4031 3204 in

2483 3227 2652 3288 diem
2683 3229 3073 3308 adjectioniS,
3111 3236 3173 3292 et
3226 3236 3444 3310 postea
3478 3233 3757 3295 nondum
3796 3237 4035 3316 elapsis

2482 3338 2589 3380 sex
2617 3323 2797 3382 annis
2824 3329 3200 3402 prorogetur
3225 3325 3530 3387 terminus
3559 3327 3640 3387 ad
3668 3328 3833 3390 alios
3893 3349 4028 3408 sex,

2485 3417 2547 3474 et
2577 3432 2739 3477 anno
2764 3421 3005 3493 octavo,
3038 3436 3098 3478 v.
3149 3436 3212 3496 g.
3246 3417 3617 3495 redimatur,
3652 3420 3879 3483 deberi
3913 3441 4027 3484 uo-

2483 3525 2627 3567 vam
2656 3507 2990 3586 gabellam,
3016 3509 3163 3589 quia
3192 3528 3317 3572 non
3346 3512 3682 3573 resolvitur
3728 3520 4028 3577 contrac-

2482 3602 2585 3660 tus
2616 3618 2692 3660 ex
2727 3601 2789 3660 vi
2841 3601 3067 3681 prioris
3115 3602 3511 3680 conditioniS,
3546 3604 3655 3664 sed
3707 3610 3809 3668 est
3864 3626 4031 3669 nova

2483 3691 2760 3755 venditio
2820 3694 3072 3756 omnino
3129 3695 3568 3757 condistincta.
3632 3699 3816 3769 Quod
3854 3701 4031 3761 idem

2484 3784 2819 3846 dicendum
2850 3787 2900 3848 si
2928 3792 3181 3867 pactum
3236 3807 3360 3849 non
3415 3788 3632 3851 fuisset
3683 3791 3767 3851 de
3825 3798 3998 3855 retro

2483 3877 2816 3939 vendendo
2848 3879 3235 3957 simpliciter,
3272 3881 3380 3942 sed
3413 3881 3491 3942 de
3530 3880 3673 3962 jure
3707 3886 4037 3963 praelatio-

2485 3969 2602 4047 niS,
2632 3974 2699 4031 ut
2728 3971 2977 4050 quando
3009 3976 3253 4051 emptor
3281 3992 3414 4035 rem
3458 3974 3631 4035 illam
3683 3977 4028 4056 venderet,

2484 4062 2743 4126 deberet
2794 4065 3032 4143 primus
3086 4066 3378 4128 venditor
3448 4067 3732 4144 praeferri
3795 4070 4032 4131 eodem

2484 4155 2683 4234 pretio
2713 4157 3001 4218 omnibus
3030 4157 3186 4234 aliis,
3221 4160 3367 4238 quia
3397 4160 3500 4219 illa
3522 4178 3643 4220 non
3679 4165 3852 4222 esset
3884 4180 4037 4241 pro·-

2481 4248 2614 4327 prie
2661 4249 2954 4311 resolutio
2985 4250 3208 4330 prioris
3256 4255 3631 4325 contractuS,
3689 4254 3805 4314 sed
3863 4273 4037 4315 nova

2481 4341 2757 4403 venditio
2788 4342 3223 4405 condistincta.
3244 4345 3661 4424 Deniquehoc
3687 4345 3909 4424 ipsum
3940 4348 4040 4408 di-

2483 4435 2750 4495 cendum
2780 4436 3030 4513 est,siin
3062 4442 3244 4516 paeto
3268 4437 3345 4497 de
3370 4438 3887 4503 retrovendendo
3917 4446 4041 4504 sta-

2481 4532 2696 4590 tuatur
2721 4528 2947 4608 majuS,
2973 4531 3071 4591 vel
3101 4530 3308 4592 minus
3345 4533 3637 4611 pretium,
3697 4535 3856 4613 quia
3915 4536 4039 4597 boc

2480 4622 2670 4684 etiam
2713 4622 2880 4699 facit,
2911 4623 3079 4702 quod
3117 4642 3240 4685 non
3287 4624 3399 4685 fiat
3452 4629 3672 4704 postea
3720 4630 4038 4692 resolutio

2479 4734 2674 4792 mera,
2707 4714 2818 4775 sed
2847 4733 3009 4778 nova
3029 4716 3304 4779 venditio
3335 4717 3607 4795 diversa,
3642 4721 3814 4799 quod
3882 4741 4038 4783 con·

2481 4808 2649 4869 cedit
2693 4808 2879 4870 etiam
2907 4809 3158 4887 Molina,
3192 4814 3256 4872 et
3312 4811 3597 4873 Sauehez
3649 4813 3757 4874 ubi
3800 4834 4033 4895 supra,

2481 4901 2780 4980 quinum.
2817 4905 2911 4964 16.
2959 4902 3155 4979 addit,
3192 4902 3243 4963 si
3290 4908 3434 4965 ante
3476 4905 3568 4965 rei
3613 4906 4036 4969 traditionem

2480 4994 2827 5056 resolvatur
2854 4995 3152 5073 venditiO,
3188 5014 3310 5057 non
3335 4997 3552 5058 deberi
3581 4999 3916 5078 gabellum
3960 5021 4036 5063 ex

2480 5086 2599 5148 hae
2630 5087 3016 5164 rescissione,
3050 5087 3219 5168 quod
3273 5088 3442 5149 idem
3491 5090 3676 5152 docet
3730 5094 4039 5174 Vasquez

2479 5199 2542 5241 n.
2563 5183 2621 5242 6.
2657 5181 2804 5259 quia
2851 5182 3129 5242 nondum
3177 5182 3348 5261 prior
3389 5183 3667 5246 venditio
3736 5187 4037 5264 perfecta

2479 5277 2634 5350 erat,
2667 5274 2778 5333 sed
2833 5273 3054 5334 melius
3107 5275 3362 5354 probari
3416 5281 3643 5354 potest,
3679 5278 3836 5356 quia
3900 5299 4035 5340 em-

2477 5371 2622 5444 ptor
2650 5366 2929 5427 nondum
2974 5366 3351 5446 acquisierat
3388 5368 3757 5446 dominium,
3794 5375 3869 5433 et
3918 5391 4037 5451 per

2477 5478 2865 5538 consequens
2892 5459 3304 5522 rescindendo
3325 5479 3450 5521 non
3481 5462 3696 5524 vendit
3724 5462 3789 5522 id
3844 5467 4034 5544 eujus

2476 5552 2766 5614 dominus
2792 5556 2951 5617 erat.
2983 5556 3081 5618 An
3140 5571 3286 5616 vero
3341 5558 3492 5618 tune
3548 5555 3872 5619 debeatur
3926 5578 4037 5639 ga·
