4263 6376
647 4650 685 4710 9

534 4776 601 4819 An
635 4779 771 4819 olant·

509 4830 652 4884 aquali
667 4830 807 4872 valore

507 4883 648 4937 henli.
676 4882 807 4937 1³0⁸·ss

562 4948 752 5032 Ἥέἓ.

553 5043 764 5085 sentenia

535 5096 776 5152 aliquorum.

813 278 933 340 390

815 453 1031 516 labore
1060 459 1278 515 mutuo
1299 454 1654 533 campsarii,
1676 454 1780 533 qui
1803 453 1994 515 etiam
2016 471 2353 513 numerare

818 546 1026 607 debet.
1080 546 1202 607 Sed
1246 546 1593 606 communis
1623 547 1931 608 sententia
1961 546 2171 606 verius
2199 563 2353 605 con-

820 639 1007 712 cedit,
1052 656 1234 716 posse
1278 638 1475 717 accipi
1509 637 1768 716 aliquid,
1804 637 1974 717 quod
2017 656 2142 699 non
2173 655 2356 697 exce-

820 730 931 792 dat
967 729 1207 809 justum
1254 730 1524 807 pretium
1566 729 1730 790 illius
1782 731 2039 806 laboris,
2089 731 2199 809 qui
2245 730 2354 790 ali-

822 822 1074 902 quando
1104 821 1578 882 considerabilis
1608 827 1704 884 est
1730 822 1792 881 in
1823 841 2054 900 magna
2070 822 2355 900 pecuniae

821 933 1088 976 summa.
1133 916 1228 976 Ita
1278 914 1484 976 Molin.
1532 914 1692 993 disp.
1744 918 1882 977 399.
1942 916 2192 976 Lessius
2248 912 2357 976 ubi

1976 277 2079 336 DE:
2120 277 2477 339 JUSTITIA
2524 278 2624 337 m*
2667 276 2868 338 JURF.

2451 452 2612 514 ditas
2666 452 2791 512 alia
2835 459 3309 533 compensatur.
3355 453 3636 515 Tertiam
3676 451 3977 514 rationem

2452 545 2630 606 addit
2658 545 2946 606 Valentia
2980 546 3082 607 hic
3111 546 3272 624 disp.
3306 562 3487 607 xxm.
3521 550 3719 624 punct
3744 548 3804 605 2.
3840 543 3979 623 quia

2454 637 2676 698 eadem
2707 638 3002 721 humenti
3033 639 3372 718 quantitaS,
3399 655 3539 717 quae
3552 636 3721 715 juste
3750 654 3980 697 emere·

2454 735 2557 791 tur
2591 748 2704 809 pro
2741 730 3009 810 pecunia
3049 749 3240 793 aurea
3274 730 3455 810 juxta
3494 730 3775 791 valorem
3820 729 3983 807 lega-

2454 823 2603 898 lem,
2644 822 2814 901 juste
2855 823 3045 884 etiam
3085 823 3315 885 emitur
3348 840 3461 901 pro
3489 827 3791 901 argentea
3807 823 3984 901 juxta

2456 915 2752 976 eumdem
2806 916 3132 977 valorem:
3168 935 3321 995 ergo
3376 920 3442 977 ct
3492 918 3748 976 moneta
3795 932 3984 975 aurea

823 1028 961 1087 sup.
1023 1010 1231 1083 SotuS,
1291 1009 1520 1068 Navar.
1572 1009 1767 1085 Vega,
1821 1006 2058 1068 Rebell.
2120 1010 2183 1068 et
2226 1007 2353 1081 alii,
2450 1008 2620 1087 juste
2651 1010 3143 1071 commutabitur
3172 1027 3287 1087 pro
3317 1013 3639 1087 argentea,
3673 1014 3739 1068 et
3761 1008 3984 1086 injuste

825 1119 981 1181 quos
1007 1102 1211 1176 affert,
1246 1105 1308 1162 et
1333 1100 1617 1178 sequitur
1646 1101 1821 1162 Salas
1847 1119 1908 1160 n.
1939 1104 1998 1161 3.
2032 1101 2111 1160 Et
2142 1117 2358 1179 quam-

825 1194 919 1253 vis
947 1192 1335 1272 campsarius
1360 1192 1584 1253 subeat
1612 1193 1799 1252 etiam
1828 1192 2112 1252 laborem
2142 1210 2362 1253 nume-

827 1286 1029 1362 randi,
1064 1304 1209 1346 cum
1257 1290 1467 1346 tamen
1498 1285 1562 1344 id
1592 1304 1714 1345 non
1759 1285 1950 1347 faciat
1995 1285 2058 1345 in
2088 1286 2361 1363 gratiam

829 1379 1192 1457 campsoris,
1241 1377 1350 1438 sed
1383 1396 1583 1453 suam,
1618 1378 1825 1438 adhuc
1854 1382 2142 1438 remanet
2184 1377 2364 1438 labor

831 1470 1176 1549 campsoris
1206 1470 1432 1548 dignus
1462 1470 1585 1531 alia
1623 1470 2130 1531 remuneratione
2163 1470 2271 1549 qui
2301 1470 2363 1529 in

829 1564 1097 1642 gratiam
1125 1563 1459 1641 campsarii
1488 1562 1842 1642 suscipitur.

914 1654 1182 1729 Quartus
1208 1656 1425 1716 titulus
1453 1674 1587 1715 esse
1619 1660 1824 1733 potest
1853 1655 2194 1735 antiquitas
2223 1654 2363 1732 pul-

833 1747 1145 1823 chritudO,
1204 1748 1428 1808 raritas
1475 1748 1616 1809 talis
1662 1753 1956 1824 monetae,
2008 1748 2359 1823 curiositaS,

833 1841 1066 1902 utilitas
1113 1839 1193 1899 ad
1221 1840 1545 1900 historiam
1579 1843 1641 1900 et
1687 1841 2103 1901 eruditionem
2152 1860 2226 1901 ex
2258 1840 2364 1899 illa

836 1932 1273 2011 colligendam,
1311 1951 1451 2011 qua}
1482 1933 1723 1994 faciunt
1756 1936 1826 1994 ut
1845 1932 1978 2012 jam
2010 1952 2134 1994 non
2163 1933 2369 1993 consi—

837 2026 1093 2086 deretur
1133 2024 1310 2085 valor
1355 2025 1595 2103 legalis,
1639 2025 1751 2085 sed
1799 2026 2123 2101 naturalis,
2180 2043 2367 2105 quem

837 2119 1029 2179 habet
1056 2119 1121 2177 in
1149 2118 1393 2178 ratione
1423 2119 1650 2179 mercis
1690 2119 2002 2197 pretiosoe,
2053 2123 2124 2180 ut
2152 2121 2371 2179 notant

837 2211 1037 2274 Tolet.
1070 2210 1342 2286 LessiuS,
1375 2211 1689 2286 Rebellus,
1723 2215 1785 2273 et
1811 2211 1939 2287 alii,
1974 2229 2133 2291 quos
2161 2211 2372 2290 sequi-

838 2308 942 2366 tur
969 2304 1145 2365 Salas
1173 2323 1234 2363 n.
1269 2306 1330 2363 5.
1365 2303 1665 2383 Idemque
1695 2303 2032 2364 dicendum
2062 2321 2100 2363 a
2128 2303 2373 2365 fortiori

841 2400 957 2473 est,
991 2395 1242 2475 quando
1272 2400 1526 2457 moneta
1554 2396 1660 2456 illa
1690 2396 2004 2474 campsori
2035 2400 2173 2457 erat
2198 2415 2366 2473 cara,

842 2506 917 2549 eo
947 2488 1116 2567 quod
1144 2489 1460 2567 majorum
1489 2507 1744 2549 suorum
1774 2489 2173 2565 auctoritate,
2207 2495 2270 2550 et
2295 2489 2372 2549 si·

841 2582 989 2661 gillo
1032 2600 1184 2642 cusa
1210 2581 1435 2656 fuerat,
1471 2586 1535 2643 et
1576 2600 1794 2643 eorum
1822 2581 2194 2643 memoriam
2232 2600 2377 2643 con·

843 2693 1091 2736 servare
1123 2678 1389 2752 poterat.

924 2768 1188 2841 Quintus
1215 2766 1432 2828 titulus
1462 2771 1557 2829 est
1582 2767 1823 2846 puritas
1842 2767 2049 2847 major
2067 2766 2369 2842 materiae,

845 2861 925 2923 ob
968 2878 1159 2939 quam
1207 2859 1371 2921 inter
1412 2864 1590 2920 scuta
1629 2879 1824 2922 aurea
1861 2861 2159 2923 habentia
2202 2878 2378 2921 eum-

846 2954 992 3015 dem
1021 2952 1300 3012 valorem
1329 2952 1620 3030 legalem,
1654 2957 1859 3032 potest
1886 2972 2020 3015 esse
2049 2954 2379 3033 inaequalis

844 3046 1025 3106 valor
1054 3045 1377 3121 naturalis,
1410 3045 1461 3105 si
1492 3045 1698 3124 aliqua
1728 3046 1853 3108 sint
1880 3065 1956 3107 ex
1997 3066 2150 3108 auro
2178 3046 2379 3125 puris-

847 3138 1026 3213 simo,
1057 3137 1179 3199 alia
1211 3156 1285 3197 ex
1314 3154 1468 3198 auro
1497 3137 1852 3199 mistionem
1881 3139 2161 3219 aliquam
2192 3137 2379 3199 alieni

847 3229 1082 3292 metalli
1113 3231 1415 3304 habente;
1466 3249 1692 3293 aurum
1721 3231 1887 3292 enim
1932 3233 2151 3311 purius
2176 3232 2381 3311 aptius

849 3327 946 3385 est
974 3323 1052 3383 ad
1080 3342 1300 3383 omnes
1330 3324 1465 3384 auri
1496 3324 1778 3399 effectuS,
1815 3342 2005 3403 quam
2033 3325 2240 3386 minus
2270 3343 2381 3402 pu-

848 3435 1012 3493 rum,
1046 3419 1109 3478 et
1142 3434 1215 3476 eo
1244 3417 1423 3478 titulo
1455 3416 1678 3496 majori
1705 3418 1904 3496 pretio
1936 3417 2123 3477 vendi
2151 3421 2376 3497 potest.

850 3511 1008 3571 Huic
1034 3510 1211 3571 titulo
1243 3509 1462 3569 similis
1482 3514 1576 3570 est
1594 3515 1827 3586 sextuS,
1862 3529 2087 3589 nempe
2107 3528 2381 3571 commo·

852 3603 1014 3664 ditas
1060 3603 1265 3680 major
1291 3601 1709 3662 transferendi
1760 3604 2095 3681 pecuniam
2138 3603 2220 3665 ad
2261 3603 2384 3664 alia

852 3696 1011 3771 loca,
1058 3701 1120 3757 et
1147 3695 1234 3755 ibi
1263 3695 1434 3755 illam
1465 3695 1860 3774 expendendi
1900 3702 1962 3758 et
1990 3697 2377 3775 negotiandi,

853 3807 927 3850 eo
959 3787 1127 3868 quod
1160 3788 1450 3848 libentius
1480 3787 1629 3847 alibi
1655 3792 2039 3867 acceptetur,
2059 3789 2166 3868 vel⁴
2190 3790 2383 3869 pluris

853 3881 1224 3953 aestimetur;
1259 3879 1466 3960 major
1491 3880 1641 3941 item
1673 3882 1977 3941 securitas
2017 3881 2272 3959 valoriS,
2308 3901 2383 3943 eo

854 3975 1022 4055 quod
1051 3973 1325 4033 minores
1353 3978 1639 4034 monetas
1670 3973 1911 4034 facilius
1941 3974 2186 4036 soleant
2213 3974 2385 4053 prin-

853 4069 1024 4147 cipes
1069 4070 1498 4141 exauctorare,
1532 4070 1595 4127 et
1637 4067 1920 4127 minuere
1955 4085 2175 4128 earum
2213 4068 2387 4129 valo-

853 4179 989 4221 rem
1019 4159 1306 4237 legalem,
1340 4158 1612 4237 majores
1644 4178 1795 4219 vero
1825 4166 2113 4222 monetas
2146 4162 2388 4223 soleant

854 4252 1063 4331 potius
1086 4252 1150 4311 in
1179 4251 1392 4311 valore
1422 4251 1712 4313 evehere.
1749 4252 1946 4325 Quem
1982 4254 2236 4315 titulum
2276 4273 2388 4332 ap-

854 4344 1128 4424 probant
1182 4343 1374 4423 Cajet.
1436 4345 1703 4422 Bannes,
1752 4347 2021 4423 Lessius‚
2069 4347 2381 4424 RebelluS,

857 4441 960 4515 Sa,
996 4443 1058 4498 et
1084 4437 1188 4498 alii
1218 4437 1836 4518 communiter3quos
1851 4441 2052 4514 affert,
2088 4444 2151 4501 et
2177 4440 2386 4519 sequi·

852 4535 958 4593 tur
986 4530 1162 4592 Salas
1193 4529 1298 4591 ubi
1329 4549 1519 4610 supra
1549 4550 1611 4592 n.
1642 4534 1701 4594 3.
1733 4536 1793 4593 4.
1829 4538 1892 4594 et
1919 4536 1979 4594 9.

936 4622 1057 4683 Alii
1099 4627 1311 4683 tamen
1352 4623 1519 4684 hunc
1561 4624 1811 4685 titulum
1840 4642 1964 4686 non
1994 4625 2248 4687 omnino
2279 4644 2386 4704 ap-

855 4716 1146 4795 probant.
1173 4717 1264 4777 lta
1291 4717 1473 4778 Joan.
1508 4716 1673 4778 Med.
1700 4736 1762 4796 q.
1798 4733 1892 4778 111.
1926 4716 1996 4777 de
2023 4717 2285 4792 cambiis,
2319 4723 2384 4780 et

857 4809 982 4871 alii.
1015 4809 1246 4884 Prim0,
1282 4810 1432 4888 quia
1462 4810 1523 4870 in
1554 4809 1827 4871 taxando
1868 4810 2080 4871 valore
2111 4817 2381 4873 monetae

855 4902 1145 4981 princeps
1174 4902 1255 4962 ad
1286 4921 1391 4963 eas
1422 4921 1640 4963 omnes
1668 4903 2145 4965 commoditates
2183 4909 2386 4966 atten-

855 4996 975 5061 dit:
1010 5015 1161 5075 ergo
1193 5014 1318 5056 non
1348 5000 1556 5076 potest
1595 4996 1809 5057 excedi
1841 5001 2060 5075 postea
2089 4999 2267 5059 valor
2294 5000 2386 5060 le-

853 5090 1035 5169 galis,
1071 5089 1179 5168 qui
1200 5090 1273 5150 iis
1303 5089 1595 5149 omnibus
1624 5089 2107 5152 circumstantiis
2129 5092 2384 5154 attentis

853 5188 1101 5245 taxatus
1141 5187 1254 5244 est.
1304 5182 1618 5258 Secundo,
1670 5183 1814 5261 quia
1869 5189 2138 5245 monetae
2195 5186 2384 5247 etiam

849 5276 1126 5338 minores
1155 5274 1392 5335 habent
1419 5276 1572 5336 alias
1601 5277 2098 5350 commoditateS,
2120 5296 2181 5340 v.
2202 5298 2263 5356 g.
2301 5279 2381 5338 ad

852 5369 1281 5444 eleemosynas
1314 5367 1576 5443 dandas,
1597 5368 1678 5428 ad
1710 5369 1977 5432 emenda
1992 5370 2141 5432 vilia
2168 5371 2382 5451 aliqua

853 5464 915 5521 et
942 5460 1205 5536 minuta,
1242 5464 1302 5521 et
1330 5460 1487 5521 alios
1514 5481 1695 5536 usus3
1730 5482 1922 5542 quare
1955 5482 2079 5525 una
2107 5482 2380 5526 commo·

2458 1119 2570 1179 pro
2601 1099 2824 1180 majori
2851 1120 3098 1163 summa
3128 1105 3477 1179 argenteae;
3511 1099 3661 1180 quia
3687 1099 3817 1174 illa,
3850 1117 3984 1178 qua».

2459 1197 2603 1254 sunt
2630 1193 2896 1273 aequalia
2918 1195 3027 1256 uni
3054 1195 3271 1265 tertio;
3318 1198 3466 1255 sunt
3506 1194 3695 1254 etiam
3725 1192 3983 1271 aequalia

2460 1286 2623 1348 inter
2650 1305 2739 1347 se.

2539 1378 2772 1440 Melina
2816 1379 2977 1459 disp.
3037 1382 3177 1441 401.
3240 1397 3301 1439 n.
3350 1383 3409 1440 4.
3459 1377 3557 1440 his
3601 1379 3983 1458 argumentis

2463 1473 2697 1550 partim
2743 1472 2931 1548 cedit,
2993 1470 3342 1550 praesertim
3398 1471 3624 1550 primo,
3684 1470 3865 1550 cujus
3906 1472 3994 1531 vis

2466 1565 2766 1643 explicari
2794 1570 2999 1643 potest
3027 1564 3147 1624 hoc
3175 1563 3365 1625 modo
3392 1584 3405 1624 :
3441 1564 3589 1643 quia
3625 1564 3726 1625 vol
3747 1564 3993 1625 attentis

2465 1657 2589 1718 illis
2645 1658 2935 1719 omnibus
2989 1656 3340 1719 commodis
3394 1661 3664 1718 moneta}
3719 1656 3990 1735 majoris,

2466 1749 2691 1810 melior
2718 1750 2823 1810 illa
2852 1754 2947 1811 est
2998 1767 3190 1831 quam
3232 1749 3582 1826 inferiores,
3612 1751 3712 1810 vel
3753 1768 3902 1811 non.
3936 1748 3995 1810 Si

2468 1842 2642 1902 dicas
2673 1843 2973 1920 primum,
3008 1841 3242 1921 injusta
3268 1842 3390 1903 erit
3440 1843 3538 1904 lex
3590 1847 3811 1904 taxans
3838 1842 3998 1903 valo·

2466 1953 2599 1995 rem
2616 1935 2925 1995 minorem
2944 1938 3214 1996 monetae
3231 1934 3593 2014 superioris,
3614 1953 3808 2014 quam
3829 1939 3997 1997 taxa—

2469 2027 2522 2087 ri
2551 2027 2909 2101 debuisset;
2941 2028 2993 2088 si
3022 2026 3191 2088 enim
3222 2044 3515 2089 nummus
3544 2045 3772 2088 aureus
3798 2032 3996 2089 atten-

2468 2119 2548 2182 tis
2577 2120 2867 2180 omnibus
2897 2120 3384 2181 circumstantiis
3413 2119 3639 2181 melior
3664 2126 3780 2197 est,
3814 2139 3999 2200 quam

2471 2212 2806 2274 duodecim
2839 2213 3144 2292 argentei,
3180 2213 3408 2292 injuste
3438 2218 3752 2290 coguntur
3795 2213 4001 2274 subdi-

2469 2305 2517 2368 ti
2546 2324 2659 2385 pro
2689 2305 3021 2367 duodecim
3051 2306 3368 2384 argenteis
3398 2304 3546 2366 solis
3566 2305 3744 2366 illum
3774 2325 4004 2386 expen-

2473 2398 2643 2463 dere.
2677 2399 2744 2461 Si
2771 2417 2918 2459 vero
2940 2397 3113 2459 dicas
3144 2398 3492 2459 secundum
3524 2418 3538 2458 :
3564 2416 3714 2476 ergo
3747 2417 3873 2460 non
3902 2418 4004 2478 po·

2473 2494 2595 2552 test
2623 2490 2785 2570 juste
2804 2495 3064 2570 propter
3088 2490 3229 2550 illas
3257 2489 3742 2552 commoditates
3770 2491 4004 2570 aliquid

2475 2583 2637 2662 exigi
2667 2601 2860 2662 supra
2885 2583 3166 2643 valorem
3213 2583 3501 2661 legalem,
3563 2601 3706 2644 cum
3754 2585 4005 2646 attentis

2474 2676 2551 2737 iis
2585 2675 2932 2737 commodis
2958 2679 3128 2737 totus
3173 2676 3351 2735 valor
3378 2693 3504 2736 non
3526 2674 3851 2755 judicetur
3868 2694 4005 2755 pru·

2476 2769 2700 2830 denter
2735 2768 2956 2848 maj0r.
2994 2768 3198 2841 Quare
3228 2769 3581 2830 consentire
3610 2769 3864 2830 videtur
3890 2770 4008 2830 Me-

2477 2862 2664 2935 dinae,
2695 2865 2759 2922 et
2773 2861 3075 2922 Valentiae
3105 2862 3169 2921 in
3201 2861 3340 2937 hoc,
3375 2861 3543 2940 quod
3596 2866 3919 2937 manente,
3951 2866 4011 2923 et

2478 2955 2729 3034 vigente
2759 2954 2897 3034 lege
2928 2958 3182 3017 taxante
3224 2953 3507 3015 valorem
3563 2960 3858 3031 monetae,
3891 2973 4009 3017 non

2479 3047 2675 3127 possit
2700 3047 2840 3126 plus
2863 3065 2977 3126 pro
2993 3047 3099 3108 illa
3128 3046 3327 3126 accipi
3356 3048 3475 3107 nisi
3502 3048 3584 3108 oh
3611 3047 3865 3109 lucrum
3885 3066 4011 3108 ees-

2480 3159 2647 3216 sans,
2683 3140 2782 3201 vel
2810 3139 3110 3202 damnum
3134 3158 3484 3220 emergens,
3514 3140 3616 3201 vel
3643 3140 3891 3202 ratione
3921 3142 4009 3202 of·

2480 3234 2606 3296 ficii
2625 3233 3004 3309 cambiendi,
3039 3238 3108 3295 ut
3132 3233 3369 3294 dictum
3397 3238 3525 3305 est;
3551 3251 3732 3295 secus
3749 3252 3926 3309 vero,
3959 3233 4008 3293 si

2478 3327 2735 3388 mutatis
2792 3325 3296 3400 circumstantiiS‚
3360 3326 3460 3386 lex
3511 3326 3683 3405 prior
3737 3329 3800 3387 et
3868 3326 4001 3406 ejus

2479 3420 2712 3482 taxatio
2735 3418 2869 3498 jam
2899 3418 3153 3480 desierit
3178 3418 3484 3496 obligare.
3511 3418 3694 3482 Unde

2562 3512 2756 3575 Infert
2783 3511 2986 3589 primo
3015 3528 3158 3571 cum
3203 3510 3476 3587 Medma,
3507 3511 3562 3572 si
3587 3529 3737 3573 usus
3757 3510 3896 3590 jam
3926 3511 4014 3572 vi-

2481 3610 2627 3684 geat
2663 3603 3009 3682 accipiendi
3062 3620 3177 3682 pro
3231 3603 3500 3682 pecunia
3554 3604 3767 3684 aliqua
3820 3622 4014 3684 supra

2484 3696 2619 3777 ejus
2647 3696 2846 3774 legale
2875 3696 3167 3776 pretium,
3192 3696 3383 3775 idque
3410 3714 3584 3775 rege,
3618 3697 3719 3757 vel
3747 3696 3887 3776 ejus
3915 3716 4011 3757 se-

2485 3794 2633 3851 natu
2662 3789 2898 3850 sciente
2925 3807 3042 3848 nec
3083 3788 3573 3864 contradicente,
3606 3807 3681 3850 eo
3740 3788 3879 3868 ipso
3936 3789 4017 3849 le·

2484 3901 2630 3962 gem
2659 3881 2933 3962 priorem
2962 3899 3085 3941 non
3132 3881 3435 3960 obligare,
3485 3886 3547 3943 et
3613 3881 3779 3943 licite
3835 3900 4017 3960 posse

2487 3976 2688 4055 accipi
2713 3978 2913 4037 totum
2941 3974 3211 4053 pretium
3240 3975 3524 4036 naturale
3552 3975 3693 4037 talis
3720 3977 4014 4035 monetat:

2485 4070 2664 4131 addit
2680 4073 2890 4131 tamen
2930 4086 3224 4149 peccasse
3253 4068 3391 4129 illos
3419 4067 3525 4148 qui
3555 4067 3758 4147 primo
3815 4085 4020 4147 coepe-

2485 4167 2631 4225 runt
2660 4180 2987 4223 excessum
3015 4161 3190 4222 illum
3245 4161 3529 4241 accipere
3573 4165 3719 4222 ante
3755 4161 4019 4222 tacitum

2487 4261 2596 4317 aut
2621 4259 3076 4334 praesumptum
3105 4254 3406 4334 principis
3443 4272 3843 4330 consensum,
3876 4272 4021 4314 cum

2485 4350 2585 4411 lex
2615 4348 2823 4409 adhuc
2852 4348 2980 4408 vim
3009 4347 3332 4426 obligandi
3378 4367 3506 4409 non
3553 4347 3896 4423 amisisset,
3927 4352 4023 4409 at-

2486 4455 2608 4521 que
2637 4442 2777 4501 ideo
2807 4441 3006 4503 teneri
3036 4441 3227 4501 etiam
3255 4440 3338 4502 ad
3393 4458 3719 4502 excessum
3761 4441 4022 4502 restitu-

2485 4533 2740 4595 endum.

2567 4626 2856 4690 Secundo
2893 4626 3100 4703 infert,
3156 4645 3281 4688 non
3311 4626 3444 4687 fore
3496 4625 3704 4704 legem
3751 4625 4018 4706 justam,

2486 4720 2596 4782 sed
2625 4720 2903 4797 stultam,
2930 4738 3071 4799 quae
3098 4723 3367 4780 monetae
3400 4718 3680 4779 valorem
3711 4718 4024 4780 minorem

2484 4816 2749 4889 taxaret,
2784 4829 2973 4891 quam
3001 4811 3241 4874 valeret
3291 4810 3556 4872 materia
3600 4811 3737 4890 ipsa
3780 4811 4025 4872 metalli

2484 4907 2689 4969 inillis
2745 4906 3250 4982 circumstantiiS,
3284 4908 3347 4965 et
3391 4905 3647 4966 attentis
3692 4904 3820 4965 suis
3851 4923 4023 4966 com·

2483 5000 2689 5060 modis
2720 5017 2845 5059 non
2874 4998 3132 5060 redacta
3160 4997 3222 5057 in
3257 4998 3526 5058 formam
3566 4999 3861 5057 monetae.
3898 4999 4027 5058 Nec

2483 5093 2644 5155 adeo
2674 5092 2897 5155 stultus
2926 5091 3044 5152 erit
3089 5090 3402 5170 princeps»,
3463 5094 3533 5151 ut
3575 5089 3726 5150 velit
3775 5090 4027 5152 minore

2482 5187 2684 5266 pretio
2732 5189 3050 5246 monetam
3099 5201 3313 5244 cusam
3359 5183 3592 5262 populo
3622 5182 3795 5258 dare,
3831 5202 4027 5263 quam

2482 5278 2748 5339 materia
2777 5278 2909 5357 ipsa
2939 5277 3168 5352 valeat,
3199 5294 3339 5336 cum
3362 5276 3571 5353 potius
3599 5275 3748 5335 velit
3769 5294 4030 5354 semper

2484 5371 2721 5450 aliquid
2750 5370 2871 5430 sihi
2899 5389 2974 5430 ex
2996 5368 3553 5430 monetacudenda
3580 5367 3847 5439 lucrari;
3875 5387 4031 5447 qua-

2482 5483 2549 5524 re
2595 5468 2832 5526 attenta
2875 5462 3055 5542 copia
3100 5462 3241 5524 talis
3296 5460 3554 5538 metalli,
3589 5464 3652 5523 et
3705 5461 4025 5540 expensi5‚

4084 3651 4168 3797 ἷεὲ
4142 3527 4167 3581 -ε-
