4263 6376
642 1095 755 1155 105

636 4715 750 4775 106

888 272 1007 331 208

888 464 1054 506 varr.
1092 445 1177 506 ibi
1209 465 1272 506 n.
1306 447 1444 506 301.
1482 445 1544 503 et
1571 437 1856 501 Valentia
1899 436 2000 496 liic
2048 434 2210 512 disp.
2246 435 2320 494 V.
2357 449 2418 510 q.

889 555 989 597 xx.
1025 543 1238 616 punct.
1272 556 1354 597 iv.
1389 535 1585 595 concl.
1619 535 1677 593 3.
1711 530 1985 603 addunt,
2017 527 2223 605 legem
2253 524 2423 584 illam

889 649 1011 690 non
1045 630 1320 707 obligare
1376 628 1438 685 in
1486 626 1620 686 foro
1665 625 1932 696 interim,
1986 617 2236 699 quando
2267 635 2419 676 con-

886 722 1142 783 trahens
1173 725 1269 781 est
1298 724 1503 780 certus
1534 719 1612 777 de
1642 718 1813 777 lucro
1851 717 2170 786 cessante,
2222 715 2284 770 et
2313 727 2423 787 pa-

888 815 1144 875 ciscitur
1173 814 1249 873 de
1274 814 1448 890 justa
1473 828 1721 871 summa
1765 806 2110 868 secundum
2156 804 2421 864 aestima-

889 907 1123 966 tionem
1152 904 1543 984 probabilem
1569 901 1711 964 talis
1739 900 1894 979 spei,
1914 900 2061 978 quia
2081 898 2181 957 lex
2202 896 2420 956 tunda-

886 1004 988 1060 tur
1011 999 1076 1058 in
1103 996 1591 1077 praesumptione
1620 1012 1847 1056 usurae.

965 1092 1062 1151 An
1092 1108 1242 1151 vero
1272 1089 1414 1168 cogi
1470 1088 1667 1167 possit
1717 1084 2137 1145 mutuatarius
2176 1081 2256 1142 ad
2306 1099 2419 1159 pa-

885 1187 1055 1245 ctum
1083 1181 1162 1243 de
1192 1200 1439 1244 summa
1465 1186 1636 1242 certa
1664 1178 2022 1239 faciendum
2044 1222 2059 1253 ,
2111 1174 2161 1234 si
2194 1174 2324 1253 ipse
2355 1192 2421 1234 se

885 1278 1109 1337 offerat
1135 1277 1216 1335 ad
1246 1272 1686 1353 paciscendum
1739 1270 1937 1349 primo
1968 1268 2156 1329 modo
2181 1313 2196 1344 ,
2229 1266 2422 1326 relin-

884 1367 1137 1447 quendo
1168 1367 1550 1428 taxationem
1581 1361 1851 1438 eventui,
1885 1361 2039 1421 nihil
2070 1360 2285 1420 dicunt
2314 1358 2422 1419 do·

884 1464 1110 1535 ctoreS,
1144 1463 1206 1521 et
1233 1459 1527 1520 videntur
1552 1473 1904 1535 supponere
1927 1453 2091 1532 quod
2123 1456 2419 1512 mutuans

884 1552 1082 1631 possit
1110 1571 1220 1630 pro
1251 1551 1426 1612 libito
1456 1568 1580 1611 uno
1609 1549 1708 1608 vel
1740 1548 1936 1607 altero
1953 1546 2144 1606 modo
2166 1549 2419 1623 pactum

885 1646 1155 1723 exigere.
1188 1646 1655 1722 Consequenter
1693 1645 1903 1701 tamen
1941 1639 2022 1698 ad
2060 1636 2421 1715 supradicta

883 1737 1133 1798 videtur
1159 1737 1556 1815 negandum:
1583 1733 1853 1793 diximus
1883 1731 2049 1791 enim
2081 1749 2206 1790 non
2236 1748 2419 1809 posse

884 1831 1026 1909 cogi
1051 1829 1496 1890 mutuatarium
1517 1874 1532 1904 ,
1587 1830 1655 1887 ut
1694 1844 1761 1886 se
1792 1825 2026 1903 obliget
2070 1822 2153 1883 ad
2184 1823 2416 1901 aliquid

885 1928 1126 1984 certum
1182 1921 1465 1983 absolute
1520 1938 1633 1998 pro
1690 1919 1919 1978 damno
1959 1916 2325 1994 emergenti,
2368 1915 2418 1976 si

883 2017 1017 2094 ipse
1064 2034 1129 2075 se
1179 2017 1361 2075 offert
1404 2013 1483 2073 ad
1512 2010 1981 2071 resarciendum
2021 2012 2221 2069 totum
2248 2007 2418 2068 dam-

885 2127 1056 2182 num,
1092 2108 1398 2182 siluerit,
1454 2111 1520 2166 ut
1564 2105 1751 2165 docet
1796 2103 1982 2163 etiam
2014 2104 2183 2162 Less,
2220 2120 2283 2163 n.
2315 2104 2414 2165 76.

885 2201 1033 2280 quia
1060 2200 1262 2260 solum
1316 2202 1522 2277 potest
1575 2196 1711 2274 cogi
1768 2195 1849 2256 ad
1898 2194 2276 2254 servandum
2323 2192 2419 2252 in·-

885 2293 1178 2354 demnem
1204 2295 1599 2352 mutuantem
1618 2336 1633 2366 ,
1685 2288 1766 2349 ad
1796 2288 1964 2367 quod
2006 2287 2237 2347 sufficit
2264 2286 2418 2347 obli-

882 2405 1034 2465 gare
1061 2404 1127 2446 se
1157 2384 1582 2445 conditionate
1613 2381 1693 2441 ad
1723 2381 2046 2440 damnum.
2111 2379 2284 2439 Idem
2315 2398 2420 2438 au·

882 2484 1011 2540 tem
1041 2476 1375 2537 dicendum
1420 2474 1669 2536 videtur
1716 2473 1794 2532 de
1841 2474 2048 2548 lucro,
2093 2490 2236 2531 cum
2283 2470 2417 2549 ejus

883 2571 1070 2632 etiam
1099 2569 1179 2630 sit
1205 2569 1506 2629 damnum
1535 2564 1790 2645 aliquod
1813 2612 1829 2641 ‚
1881 2584 1920 2625 a
1949 2582 2071 2644 quo
2120 2567 2417 2624 mutuans

882 2664 1074 2742 exigit
1102 2662 1596 2737 indemnitatem,
1619 2677 1807 2738 quam
1826 2658 2208 2718 sufficienter
2237 2658 2420 2718 offert

881 2755 1319 2831 mutuatariuS,
1352 2755 1502 2814 dum
1531 2771 1597 2813 se
1628 2751 1864 2829 obligat
1894 2750 2009 2811 sub
2031 2750 2412 2826 conditione,

882 2849 935 2909 si
977 2849 1222 2910 lucrum
1266 2846 1641 2918 cessaverit;
1688 2862 1882 2923 quare
1927 2843 1979 2903 si
2028 2846 2288 2921 cogatur
2335 2842 2417 2902 ad

881 2941 1063 3001 aliter
1090 2959 1156 3001 se
1203 2937 1647 3017 obligandum,
1703 2936 1837 3016 jam
1884 2935 2133 2996 videtur
2183 2953 2416 2995 novum

882 3052 1040 3094 onus
1072 3051 1183 3110 pro
1213 3037 1431 3092 mutuo
1481 3030 1718 3107 imponi
1766 3028 2021 3089 alterius
2058 3031 2416 3088 contractus

881 3124 1173 3201 faciendi,
1207 3127 1277 3184 ut
1303 3123 1352 3183 si
1382 3126 1636 3202 pactum
1665 3122 1845 3181 fieret
1873 3124 1941 3181 ut
1963 3125 2131 3181 emat
2146 3119 2244 3179 vel
2274 3138 2417 3180 con-

882 3219 1074 3278 ducat
1092 3216 1326 3295 aliquid
1354 3216 1546 3276 aliud.
1579 3214 1852 3274 Adverte
1881 3217 2092 3274 tamen
2115 3260 2131 3291 ,
2167 3214 2414 3292 utrique

881 3309 1275 3372 contrahenti
1304 3326 1438 3368 esse
1488 3306 1690 3384 magis
1731 3306 2133 3366 commodum
2183 3306 2416 3384 pacisci

882 3404 960 3464 de
991 3407 1160 3463 certa
1191 3418 1437 3461 summa
1464 3399 1742 3460 absolute
1774 3417 1886 3477 pro
1907 3399 2081 3459 lucro
2103 3404 2408 3477 cessante,

882 3514 1022 3576 quae
1045 3495 1224 3576 juxta
1252 3493 1554 3553 moralem
1584 3491 2062 3552 aestimationem
2090 3491 2221 3570 spei
2253 3510 2414 3570 prae-

880 3589 1072 3651 sentis
1098 3586 1485 3648 rationabilis
1515 3590 1578 3647 et
1610 3584 1781 3665 justa
1810 3584 1927 3660 sit,
1969 3589 2228 3662 propter
2255 3585 2413 3645 disfi-

880 3682 1141 3744 cultates
1173 3699 1313 3759 quoe
1370 3678 1515 3740 oriri
1545 3683 1800 3757 possent
1835 3681 2053 3756 postea
2092 3677 2154 3736 in
2187 3678 2415 3756 proba-

877 3776 1045 3838 tione
1075 3773 1206 3834 veri
1236 3772 1395 3832 lucri
1422 3770 1722 3831 cessantis
1744 3815 1760 3846 ,
1814 3774 1876 3830 et
1903 3770 2044 3830 ideo
2090 3775 2409 3832 mutuata·

878 3868 1004 3930 rios
1034 3868 1111 3928 de
1141 3867 1304 3928 sacto
1335 3883 1461 3924 non
1492 3863 1718 3923 invitos
1738 3909 1754 3939 ,
1790 3863 1896 3923 sed
1928 3868 2149 3941 sponte
2180 3864 2412 3942 pacisci

878 3962 999 4022 hoc
1026 3959 1301 4022 secundo
1331 3956 1558 4028 modo;
1593 3956 1761 4034 quod
1793 3955 1947 4016 dixit
1977 3956 2211 4033 optime
2242 3957 2413 4034 jure-

878 4054 1196 4115 consultus
1226 4051 1291 4110 in
1331 4051 1374 4111 l.
1409 4050 1518 4110 ult.
1553 4050 1621 4109 ff.
1655 4047 1724 4109 de
1763 4048 2060 4129 praetoriis
2084 4049 2413 4129 stipulatio-

876 4146 1062 4222 πὶὁαε,
1096 4146 1191 4204 his
1219 4142 1426 4203 verbis
1461 4162 1474 4202 :
1518 4164 1546 4199 «
1575 4145 1647 4204 In
1664 4141 1969 4219 ejusmodi
2000 4141 2411 4221 stipulationi-

877 4239 1017 4314 buS,
1049 4256 1188 4316 quoe
1220 4235 1437 4314 quanti
1463 4253 1565 4295 res
1594 4239 1725 4310 est,
1779 4234 2256 4312 promissionem
2300 4234 2413 4295 ha-

876 4330 1047 4405 bent,
1081 4327 1471 4389 commodius
1513 4331 1606 4387 est
1633 4330 1868 4387 certam
1898 4344 2210 4386 summam
2240 4345 2413 4387 com-

875 4422 1265 4502 prehendere
1288 4466 1304 4496 ,
1365 4420 1661 4498 quoniam
1718 4420 2083 4498 plerumque
2142 4419 2410 4481 difficilis

876 4515 1163 4595 probatio
1194 4517 1316 4589 est,
1350 4513 1565 4591 quanti
1596 4512 1897 4591 cujusque
1927 4511 2202 4589 intersit,
2238 4517 2303 4574 et
2327 4512 2407 4573 ad

878 4608 1167 4687 exiguam
1196 4624 1506 4667 summam
1534 4605 1918 4667 deducitur.»

957 4701 1168 4762 Tertia
1197 4699 1468 4760 conditio
1517 4698 1944 4776 principaliter
1990 4698 2289 4777 requisita
2326 4698 2408 4761 ad

535 4842 601 4884 A„
619 4842 831 4896 „0339”-
871 4792 1178 4875 justitiam
1226 4790 1304 4851 de
1332 4792 1505 4851 lucro
1536 4796 1817 4851 cessante
1847 4795 1977 4868 est,
2028 4795 2099 4852 ut
2144 4791 2208 4850 id
2239 4792 2407 4870 quod

532 4895 831 4938 2122duuveu-
879 4906 993 4967 pro
1019 4886 1194 4947 lucro
1223 4884 1504 4959 solvitur,
1539 4901 1663 4942 non
1685 4883 1963 4944 solvatur
1980 4884 2192 4945 statim
2221 4902 2407 4945 amu-

530 4948 829 5056 qffltffliffi.
879 4979 1170 5055 tuatari0,
1204 4978 1314 5039 sed
1347 4980 1586 5055 postea.
1619 4977 1713 5037 Ita
1739 4975 1968 5036 Melina
1998 4977 2229 5055 disput.
2262 4979 2405 5040 316.

877 5073 942 5133 in
976 5073 1085 5133 fin.
1119 5073 1289 5132 Less.
1343 5087 1516 5129 num.
1549 5071 1647 5130 99.
1699 5068 1950 5129 Medina
1973 5118 1987 5145 ,
2045 5070 2243 5131 Tolet.
2280 5073 2405 5131 Va-

877 5165 1029 5226 lent.
1054 5167 1322 5239 Bannes,
1355 5165 1547 5239 Arag.
1582 5165 1644 5221 et
1670 5161 1797 5235 alii,
1832 5180 1988 5239 quos
2009 5163 2312 5241 congerit,
2348 5169 2411 5226 et

879 5258 1163 5336 sequitur
1194 5256 1371 5318 Salas
1394 5301 1409 5330 ,
1444 5254 1552 5314 ubi
1580 5273 1770 5332 supra
1799 5273 1903 5314 nu.
1940 5258 2036 5315 11.
2073 5256 2251 5317 Ratio
2284 5261 2404 5334 est,

883 5351 1032 5431 quia
1083 5350 1134 5411 si
1179 5350 1422 5409 lucrum
1467 5365 1718 5408 cessans
1764 5366 1839 5407 ex
1879 5348 2047 5409 mille
2087 5368 2227 5427 quae
2255 5350 2412 5410 mihi

882 5447 1154 5519 mutuas,
1186 5447 1332 5503 sunt
1364 5444 1464 5503 50.
1515 5445 1580 5501 et
1618 5439 1752 5501 haec
1781 5441 1990 5502 statim
2018 5442 2192 5504 solvo
2215 5490 2231 5520 ,
2283 5461 2409 5506 non

2045 258 2148 318 DE
2190 254 2545 318 JUSTITIA
2590 255 2689 314 ΕΤ
2732 257 2931 317 JURE

2522 430 2679 490 mihi
2705 436 2955 493 mutuas
2982 434 3190 513 reipsa
3217 437 3384 497 mille
3408 484 3424 514 ,
3477 439 3589 500 sed
3632 442 3771 501 950.
3823 444 4005 521 quibus

2523 542 2645 582 non
2677 524 2935 585 deberet
2962 530 3450 606 correspondere
3500 537 3745 593 tantum
3783 534 4005 611 lucrum,

2521 617 2631 676 sed
2664 618 2900 696 aliquid
2929 620 3157 680 minuS.
3195 623 3371 683 Unde
3402 624 3594 703 aliqui
3628 644 3705 684 ex
3734 626 3900 687 dictis
3923 648 4007 689 au-

2521 710 2795 770 ctoribus
2815 711 2975 771 bene
3004 713 3304 791 colligunt
3321 761 3336 789 ‚
3375 716 3576 793 primo
3598 736 3724 777 non
3750 737 3876 779 esse
3893 740 4009 782 eon-

2520 807 2619 863 tra
2640 803 2969 881 justitiam,
3004 805 3057 865 si
3085 806 3145 864 id
3170 806 3335 884 quod
3367 807 3521 867 mihi
3559 809 3673 868 das
3701 812 3899 870 stassim
3922 832 4006 891 pro

2516 896 2691 955 lucro
2723 901 3026 973 cessante,
3062 899 3141 958 sit
3169 917 3268 957 res
3298 900 3704 976 infructifera,
3740 907 3803 963 et
3829 922 3895 962 ex
3914 924 4011 983 qua

2520 988 2671 1047 nihil
2701 990 2934 1066 poteris
2963 991 3214 1066 lucrari,
3249 998 3397 1053 tunc
3426 994 3593 1052 enim
3617 995 3864 1056 traditio
3882 997 4011 1056 illius

2517 1081 2609 1141 rei
2637 1082 2847 1142 statim
2893 1082 3059 1143 facta
3087 1102 3210 1144 non
3239 1086 3390 1146 facit
3432 1087 3599 1165 quod
3653 1088 3889 1148 lucrum
3926 1090 4011 1149 tibi

2518 1192 2768 1234 cessans
2798 1193 2873 1234 ex
2902 1182 3118 1236 mutuo
3134 1178 3340 1237 minus
3361 1179 3458 1239 sit.
3497 1180 3815 1256 Secundo,
3845 1184 3891 1242 si
3907 1202 4011 1242 mu·

2516 1270 2656 1327 tuas
2685 1267 2836 1327 mihi
2884 1268 3160 1331 triticum
3205 1270 3374 1348 quod
3405 1273 3720 1333 seminare
3751 1273 4008 1350 debebas,

2522 1364 2697 1438 potes
2724 1361 2962 1440 absque
2991 1361 3294 1439 injustitia
3325 1382 3361 1422 a
3392 1383 3493 1423 me
3524 1366 3737 1427 statim
3768 1367 4011 1446 accipere

2519 1453 2789 1531 pretium
2817 1453 2971 1513 lucri
3002 1457 3308 1516 cessantis
3344 1477 3356 1516 ;
3407 1458 3555 1535 quia
3602 1477 3727 1518 non
3762 1459 3893 1519 ideo
3919 1461 4011 1519 mi·

2520 1564 2636 1605 nus
2658 1546 2774 1607 erit
2789 1546 3034 1606 lucrum
3066 1546 3240 1623 illud,
3279 1565 3424 1608 cum
3445 1549 3655 1611 adhuc
3676 1569 3887 1612 careas
3912 1558 4011 1613 toto

2518 1638 2622 1698 illo
2678 1638 2882 1699 tritico
2948 1639 3109 1700 sicut
3164 1645 3374 1703 antea.
3436 1642 3592 1702 Aliae
3649 1643 4013 1704 limitationes

2518 1731 2719 1790 videri
2748 1737 3010 1808 possunt
3056 1734 3225 1812 apud
3273 1735 3451 1795 Salas
3499 1735 3600 1794 ubi
3634 1755 3776 1813 sup.
3812 1737 4011 1815 quiaiu

2518 1825 2694 1902 praxi
2720 1824 2850 1884 fere
2882 1844 3227 1904 numquam
3256 1828 3397 1902 fiet,
3433 1828 3603 1907 quod
3633 1831 4013 1890 mutuatarius

2519 1917 2728 1977 statim
2760 1918 2962 1977 solvat
2990 1919 3233 1978 lucrum
3271 1938 3521 1980 cessans
3545 1967 3560 1995 ,
3612 1940 3759 1981 cum
3789 1928 3910 1983 tota
3932 1923 4012 1981 illa

2516 2010 2783 2088 pecunia
2824 2010 3104 2089 indigeat
3149 2011 3230 2071 ad
3276 2013 3716 2075 necessitatem
3776 2033 4012 2094 praesen-

2517 2108 2664 2163 tem.

2597 2197 2855 2256 Restant
2883 2196 3091 2274 aliqua
3120 2196 3313 2257 dubia
3339 2198 3596 2260 leviora.

2595 2288 2873 2348 Primum
2905 2293 3018 2363 est,
3052 2307 3133 2347 an
3165 2290 3332 2368 quod
3364 2290 3599 2351 dictum
3631 2298 3727 2353 est
3753 2292 3833 2353 de
3860 2296 4010 2372 pacto

2515 2380 2668 2441 lucri
2701 2382 3021 2456 cessantis,
3051 2381 3258 2442 locum
3284 2382 3471 2442 etiam
3492 2383 3728 2445 habeat
3754 2384 3819 2444 in
3839 2403 3905 2445 eo
3928 2384 4013 2464 qui

2516 2492 2580 2533 se
2629 2472 2707 2533 ad
2747 2474 3165 2533 mutuandum
3209 2475 3437 2536 offert?
3479 2478 3728 2554 Negant
3772 2477 4011 2549 Medina,

2515 2566 2701 2643 Angl.
2732 2565 3029 2626 Antonin.
3078 2571 3140 2627 et
3167 2567 3273 2626 alii
3299 2568 3469 2645 apud
3501 2570 3678 2629 Salas
3706 2588 3815 2630 nu.
3846 2573 3901 2630 3.
3931 2569 4013 2648 qui

2517 2659 2679 2718 inter
2723 2658 2876 2718 alias
2923 2658 3312 2719 conditiones
3361 2664 3585 2738 petunt
3610 2708 3627 2736 ,
3677 2667 3747 2721 ut
3795 2667 4017 2739 rogatus

2514 2755 2762 2811 mutuet
2788 2754 2850 2810 et
2877 2768 3002 2809 non
3033 2769 3167 2810 sese
3198 2753 3439 2812 offerat.
3475 2753 3592 2812 Alii
3622 2760 3839 2814 tamen
3866 2752 4017 2813 meri·

2514 2848 2577 2904 to
2607 2843 2860 2918 dicunt,
2916 2842 2980 2902 id
3008 2862 3134 2903 non
3164 2846 3420 2922 requiri,
3449 2846 3681 2906 Molina
3707 2847 3870 2926 disp.
3900 2850 4013 2908 315.

2516 2938 2722 3011 SotuS,
2774 2938 3034 2996 Navarr.
3067 2938 3271 3014 Lopez
3294 2983 3308 3012 ,
3345 2939 3627 2999 Navarra
3650 2987 3666 3016 ‚
3697 2940 3893 3001 Tolet.
3922 2942 4017 3001 Va·

2510 3030 2659 3090 lent.
2693 3030 2962 3104 BanneS‚
2996 3035 3060 3089 et
3088 3029 3189 3088 alii
3220 3030 3433 3107 plures
3459 3078 3473 3106 ‚
3509 3050 3669 3109 quos
3698 3036 3918 3108 affert,
3967 3036 4015 3092 et

2512 3122 2792 3201 sequitur
2823 3122 2998 3183 Salas
3028 3121 3110 3181 ibi
3134 3171 3149 3198 ,
3195 3124 3442 3183 Lessius
3473 3143 3644 3184 num.
3683 3129 3820 3187 101.
3854 3132 3911 3187 et
3934 3126 4015 3184 alii

2512 3215 2926 3277 communiter
2945 3236 2960 3288 ;
2987 3216 3134 3294 quia
3154 3217 3479 3295 aequalitas
3500 3223 3855 3280 contractus
3877 3219 4016 3278 nullo

2509 3309 2698 3369 modo
2730 3307 2960 3386 pendet
3001 3327 3075 3367 ex
3120 3326 3193 3368 eo
3224 3310 3392 3387 quod
3430 3315 3492 3370 te
3523 3311 3753 3370 offeras
3788 3312 3880 3371 vel
3914 3329 4015 3370 non

2529 3403 2774 3476 offeraS,
2809 3399 2917 3460 sed
2946 3401 3149 3461 solum
3179 3420 3255 3460 ex
3275 3420 3348 3462 eo
3371 3403 3539 3481 quod
3559 3403 3804 3463 lucrum
3829 3421 4016 3464 revera

2511 3495 2620 3555 tibi
2650 3498 2852 3554 cesset
2879 3512 2954 3552 ex
2982 3497 3220 3555 mutuO.

2590 3589 2720 3647 Hac
2749 3590 2958 3647 tamen
2988 3586 3317 3648 occasione
3367 3586 3692 3648 dubitatur
3738 3588 4011 3662 secund0,

2509 3685 2722 3741 utrum
2751 3679 2917 3739 licite
2946 3679 3189 3739 lucrum
3217 3698 3468 3740 cessans
3498 3682 3737 3759 exigat,
3774 3683 3878 3761 qui
3904 3700 4014 3740 ma-

2508 3774 2644 3834 vult
2665 3776 2953 3832 mutuare
2974 3772 3075 3831 illo
3099 3777 3305 3850 pacto,
3332 3791 3521 3850 quam
3550 3775 4013 3851 negotiationem

2511 3866 2697 3927 aliam
2729 3882 3040 3925 exercere.
3076 3866 3320 3942 Negant
3347 3865 3619 3940 Medina,
3655 3869 3851 3945 Vega,
3884 3870 4014 3928 Con·

2509 3958 2700 4018 radus
2730 3957 3027 4019 Silvester
3068 3960 3130 4017 et
3158 3957 3261 4016 alii
3291 3957 3459 4035 apud
3490 3960 3668 4019 Salas
3690 4008 3706 4035 ‚
3760 3979 3925 4020 num.
3962 3963 4011 4019 4.

2511 4050 2844 4112 Affirmant
2871 4068 3020 4110 vero
3050 4052 3280 4110 Navar.
3317 4052 3586 4127 BanneS,
3623 4053 3866 4114 Valent.
3907 4055 4014 4111 Na-

2508 4163 2715 4220 varra,
2749 4145 2980 4221 Lopez,
3015 4142 3220 4218 etalii,
3254 4161 3412 4222 quos
3436 4143 3643 4218 refert,
3679 4152 3739 4205 et
3760 4145 4017 4224 sequitur

2510 4235 2809 4311 Salasibi,
2830 4239 2893 4296 et
2908 4237 3079 4296 LeSS.
3112 4235 3248 4295 loco
3278 4236 3487 4298 citatO.
3518 4238 4013 4316 Distinguendum

2508 4335 2719 4391 tamen
2751 4334 2900 4407 puto
2949 4349 2962 4388 :
3025 4328 3072 4387 si
3125 4328 3291 4387 enim
3333 4330 3509 4390 malit
3545 4337 3836 4392 mutuare
3890 4329 4016 4409 quja

2508 4422 2713 4500 majus
2740 4423 2982 4482 lucrum
3009 4425 3223 4499 sperat
3263 4441 3338 4482 ex
3368 4428 3584 4483 mutuo
3620 4443 3764 4483 cum
3794 4425 3895 4485 tali
3924 4443 4015 4502 pa-

2509 4519 2631 4590 ct0,
2662 4533 2850 4594 quam
2880 4533 2955 4574 ex
2976 4514 3431 4592 negotiatione;
3468 4535 3592 4576 non
3615 4522 3819 4595 potest
3842 4524 4015 4578 totum

2508 4607 2662 4668 illud
2690 4608 2934 4667 lucrum
2977 4608 3274 4686 exigere:
3324 4609 3429 4668 illa
3475 4610 3641 4668 enim
3686 4607 4012 4688 praeelectio

2509 4700 2717 4781 arguit
2744 4700 2979 4778 aliquid
3008 4700 3146 4779 plus
3184 4701 3347 4780 exigi
3393 4721 3503 4780 pro
3552 4703 3727 4763 lucro
3757 4705 4012 4763 cessante

2508 4793 2981 4872 negotiationis,
3017 4812 3206 4871 quam
3234 4813 3456 4855 revera
3484 4796 3709 4857 valeat.
3753 4796 3919 4856 Idem
3940 4793 4013 4852 di-

2513 4887 2785 4949 cendum
2815 4891 2964 4964 puto
2988 4885 3168 4966 juxta
3196 4887 3579 4965 supradicta,
3616 4889 3867 4967 quando
3894 4905 4012 4945 ma-

2507 4980 2644 5042 vult
2671 4986 2959 5041 mutuare
2980 5026 2998 5052 ,
3033 4984 3103 5040 ut
3129 4980 3283 5040 vitet
3309 4981 3625 5040 molestias
3654 4983 3753 5041 vel
3790 4982 3907 5041 alia
3943 4981 4014 5038 in-

2510 5072 2843 5135 commoda
2874 5073 3314 5151 negotiationis
3336 5119 3351 5147 ,
3395 5092 3535 5152 quae
3566 5075 3700 5151 ipse
3727 5074 4012 5135 redimere

2509 5165 2701 5226 vellet
2725 5166 2937 5245 aliqua
2965 5171 3141 5244 parte
3169 5166 3359 5238 lucri;
3394 5183 3506 5243 pro
3537 5165 3635 5225 his
3664 5168 3826 5227 enim
3848 5167 4014 5226 debe-t

2510 5258 2793 5319 minuere
2824 5258 3060 5337 aliquid
3091 5277 3163 5318 ex
3190 5258 3363 5318 lucro
3395 5258 3513 5335 ipsi
3542 5259 3934 5332 mutuatum,
3963 5261 4013 5315 et

2509 5370 2637 5412 non
2666 5355 2877 5411 tamen
2905 5351 3148 5411 lucrum
3190 5350 3503 5429 integrum
3546 5351 3627 5412 ab
3659 5371 3733 5411 eo
3762 5352 4009 5430 exigere,

2510 5445 2672 5505 sicut
2696 5463 2887 5524 supra
2915 5444 3181 5505 diximus
3203 5443 3660 5505 detrahendum
3687 5463 3797 5523 pro
3822 5447 4011 5506 labore

4110 2226 4156 2284 l&

4077 2410 4156 2447 b‘fl

4046 2466 4153 2496 malua

4114 3597 4155 3656 lss

4049 3725 4152 3775 (saa

4050 3781 4155 3822 litas·

4076 3841 4156 3888 Μ.

4076 3895 4155 3934 term
