4263 6376
92 4992 154 5027 Ειτ

92 5052 137 5087 no

91 5100 155 5135 itur

91 5159 147 5189 ΙΙ.

1190 315 1656 376 DISPUTATIO
1700 314 1888 389 XXV,
1938 315 2211 376 SECTIO
2256 317 2359 377 IV.

214 497 384 566 riam;
417 509 559 570 ergo
591 510 710 552 nec
739 489 1164 569 acceptionem
1195 488 1490 567 injustam
1520 536 1535 564 ‚
1570 507 1713 549 cum

215 607 321 648 non
336 585 664 663 accipiatur
696 583 813 642 nisi
847 582 1017 661 quod
1045 582 1149 641 ille
1181 586 1400 660 sponte
1432 587 1493 642 et
1520 582 1713 658 gratis

212 681 323 754 dat,
340 679 475 738 licet
492 682 747 755 rogatus
766 676 890 736 det.
918 676 1065 750 Quae
1087 674 1397 734 sententia
1422 675 1482 733 in
1506 675 1711 752 rigore

209 770 493 850 loquendo
513 787 664 827 vera
684 773 797 844 est,
818 767 1189 846 praesertim,
1223 766 1275 825 si
1292 766 1577 827 excitatio
1607 766 1714 825 illa

211 865 282 924 sit
305 871 434 942 post
458 868 745 922 mutuum
773 860 1067 934 solutum,
1100 860 1151 919 si
1183 859 1347 919 enim
1379 858 1713 920 antecedat

210 958 539 1035 frequenter
568 953 881 1013 videbitur
908 951 1258 1030 significare
1306 952 1558 1032 aliquod
1600 969 1709 1029 pa·

208 1055 356 1109 ctum
382 1047 768 1125 implicitum,
795 1048 857 1105 et
882 1045 1296 1105 mutuatarius
1326 1044 1626 1122 intelliget
1644 1062 1709 1104 se

209 1146 401 1218 postea
430 1158 546 1199 non
582 1158 658 1197 ex
688 1157 859 1197 mera
887 1137 1279 1213 liberalitate,
1315 1137 1424 1197 sed
1455 1157 1527 1196 ex
1559 1136 1712 1197 taci-

207 1231 683 1310 tapromissione
732 1230 881 1290 dare
924 1230 986 1289 id
1032 1230 1200 1309 quod
1249 1230 1358 1290 dat
1386 1231 1548 1290 ultra
1577 1249 1710 1290 soi·-

206 1332 316 1386 tem
341 1324 765 1402 principalem.
818 1322 995 1393 Quod
1042 1341 1191 1383 vero
1239 1322 1345 1382 det
1389 1322 1591 1382 solum
1636 1341 1709 1381 ex

204 1418 406 1478 rubore
430 1464 444 1492 ,
493 1435 621 1476 ωοω
667 1416 897 1476 sufficit
938 1416 1019 1474 ad
1052 1414 1394 1475 vitiandam
1424 1414 1710 1474 donatio-

204 1529 349 1582 nem,
381 1509 628 1588 quando
659 1527 783 1568 non
815 1513 978 1568 esset
1004 1506 1232 1585 injuste
1261 1507 1501 1582 illatus,
1528 1506 1708 1585 juxta

204 1603 424 1680 regulas
452 1621 595 1680 qua:
626 1600 958 1661 traduntur
986 1600 1152 1660 circa
1188 1599 1557 1660 donationes
1581 1645 1596 1676 ,
1647 1602 1710 1660 et

205 1700 533 1755 contractus
554 1712 630 1752 ex
661 1697 831 1753 metu
853 1693 1069 1753 sactoS.
1104 1693 1382 1772 Denique
1399 1691 1548 1751 illud
1568 1694 1711 1752 Gre-

200 1789 336 1866 gorii
362 1787 560 1848 solum
586 1786 827 1865 probat,
860 1805 982 1845 non
1002 1785 1265 1844 inveniri
1295 1785 1565 1862 culpam,
1598 1782 1707 1843 ubi

199 1880 384 1941 oblata
433 1885 493 1940 et
522 1897 651 1939 non
683 1878 871 1956 petita
893 1877 1282 1956 accipiuntur
1342 1897 1355 1937 :
1415 1876 1467 1936 si
1495 1881 1707 1937 autem

200 1972 371 2051 petita
409 1975 551 2032 sunt
577 2016 591 2045 ,
658 1970 994 2049 aliquando
1042 1970 1223 2049 culpa
1267 1975 1700 2047 praesumetur,

198 2065 507 2144 aliquando
561 2065 753 2124 etiam
810 2063 928 2123 erit
950 2109 965 2139 ,
1016 2061 1267 2141 quando
1314 2062 1528 2141 petitio
1572 2061 1707 2139 ipsa

197 2157 483 2236 prohibita
511 2162 633 2228 est,
669 2163 739 2216 ut
766 2156 827 2215 in
857 2175 1004 2215 casu
1035 2155 1200 2215 illius
1226 2160 1452 2230 textus,
1487 2154 1551 2212 in
1582 2172 1704 2233 quo

196 2251 473 2328 agebatur
501 2249 585 2309 de
616 2248 690 2309 iis
720 2249 825 2327 qui
853 2248 1137 2308 ordinem
1167 2247 1265 2307 vel
1294 2246 1708 2308 consecratio-

197 2362 319 2402 nem
346 2342 685 2420 accipiunt.

264 2436 586 2496 Dubitatur
612 2434 911 2510 secunde,
947 2433 1095 2513 quid
1124 2431 1482 2508 dicendum,
1515 2450 1706 2510 quan·

196 2529 265 2588 do
291 2529 517 2607 absque
548 2526 680 2586 ullo
712 2532 892 2605 pacto
923 2531 1179 2586 externo
1203 2571 1218 2600 ,
1265 2524 1450 2585 datur
1496 2528 1707 2584 tamen

195 2621 433 2696 lucrum,
467 2625 527 2680 et
557 2620 866 2698 accipitur
884 2638 1006 2678 non
1028 2617 1206 2697 quasi
1227 2636 1300 2676 ex
1325 2615 1705 2694 gratitudine

195 2714 288 2772 sed
316 2719 380 2774 ut
407 2714 715 2774 debitum.
776 2715 1020 2788 Negant
1048 2729 1181 2770 esse
1212 2727 1465 2769 usuram
1496 2709 1704 2770 Ricar-

195 2807 315 2882 duS,
346 2812 405 2868 et
432 2805 533 2865 alii
559 2852 576 2880 ,
631 2823 788 2883 quos
818 2805 1085 2863 afferunt
1110 2802 1339 2863 Melina
1369 2802 1527 2880 disp.
1559 2804 1697 2863 306.

193 2905 246 2959 et
270 2900 434 2960 Salas
462 2899 616 2958 dub.
653 2914 790 2957 vm.
825 2915 995 2956 num.
1034 2899 1088 2956 1.
1122 2894 1301 2955 Ratio
1319 2913 1453 2955 esse
1476 2899 1697 2973 potest,

192 2992 321 3070 quia
348 2992 511 3070 quod
544 2991 736 3050 datur
772 3008 897 3049 non
927 2989 1110 3048 datur
1139 3006 1213 3047 ex
1243 2985 1489 3059 debit0;
1550 3005 1699 3065 ergo

191 3083 354 3144 datur
379 3083 724 3144 liberaliter
752 3086 813 3143 et
839 3082 971 3141 sine
994 3099 1181 3140 onere
1212 3078 1600 3155 restituendi,
1632 3078 1700 3138 li-

189 3183 276 3238 cet
299 3197 369 3237 ex
396 3177 612 3256 iniqua
636 3174 977 3236 intentione
994 3172 1305 3252 accipiens
1324 3171 1697 3251 peccaverit.

190 3271 526 3329 Communis
575 3275 792 3331 tamen
821 3266 1236 3328 sentententia
1264 3264 1588 3325 doctorum
1611 3264 1702 3325 af-

186 3364 376 3424 firmat
403 3361 863 3424 restituendum
903 3379 1035 3419 esse
1062 3406 1076 3434 ‚
1126 3358 1239 3418 nisi
1287 3357 1701 3418 mutuatarius

189 3456 498 3534 requisitus
528 3453 867 3515 condonet.
920 3453 1013 3512 lta
1041 3451 1271 3512 Melina
1299 3455 1361 3511 et
1390 3448 1565 3511 Salas
1594 3448 1699 3508 ubi

187 3567 376 3627 supra,
411 3548 513 3629 qui
546 3547 706 3607 alios
734 3547 1032 3606 referunt.
1089 3544 1268 3603 Ratio
1311 3548 1521 3603 autem
1567 3559 1700 3601 esse

188 3646 389 3717 potest,
413 3642 562 3721 quia
583 3639 883 3720 quidedit
910 3642 1208 3715 tanquam
1239 3635 1542 3711 debitum,
1577 3653 1701 3694 non

188 3732 383 3795 habuit
410 3735 616 3813 magis
638 3732 915 3792 animum
938 3729 1237 3805 donandi,
1263 3746 1451 3807 quam
1468 3728 1518 3787 si
1547 3746 1701 3806 proe-

188 3825 429 3888 cedente
460 3832 649 3905 pacto
682 3824 988 3894 dedisset;
1023 3840 1171 3900 ergo
1204 3840 1326 3882 non
1357 3821 1704 3881 intercessit

188 3917 419 3980 donatio
465 3918 826 3979 voluntaria
869 3915 1186 3976 sufficiens
1211 3914 1292 3974 ad
1323 3914 1700 3975 transferen-

189 4011 320 4070 dum
347 4011 695 4072 dominium
720 4057 736 4088 ,
794 4028 997 4088 neque
1042 4006 1441 4085 impossibilis
1482 4011 1577 4067 est
1604 4005 1704 4066 hic

189 4122 382 4180 casuS,
428 4109 499 4166 ut
542 4104 788 4165 notavit
813 4102 1059 4163 Lessius
1089 4100 1239 4160 duh.
1275 4116 1360 4159 w.
1395 4117 1566 4159 num.
1599 4102 1699 4160 41.

190 4197 317 4274 quia
344 4198 471 4257 sine
503 4199 719 4277 aliqua
746 4194 1197 4274 significatione
1228 4197 1484 4253 externa
1511 4190 1701 4271 pacti,

188 4296 372 4366 potest
408 4291 669 4351 aliunde
716 4288 1064 4349 mutuarius
1094 4289 1310 4346 notam
1342 4286 1573 4344 habere
1607 4285 1705 4343 in-

190 4383 373 4441 dolem
402 4383 771 4457 mutuantis,
797 4381 964 4461 quod
995 4380 1149 4439 nolit
1175 4378 1370 4455 gratis
1391 4382 1701 4450 mutuare,

190 4479 241 4534 et
265 4475 478 4536 merito
511 4476 577 4535 id
607 4492 987 4555 praesumere
1018 4476 1258 4551 potest,
1294 4474 1356 4530 et
1385 4469 1506 4530 hoc
1535 4469 1711 4529 sufli-

189 4566 262 4626 cit
285 4573 350 4627 ut
374 4568 569 4629 habet
598 4568 877 4627 animum
907 4565 1096 4625 dandi
1125 4567 1380 4641 propter
1409 4581 1482 4622 ea
1513 4609 1528 4638 ,
1562 4561 1710 4640 quia

191 4658 259 4718 ad
285 4678 534 4720 usuram
584 4661 643 4721 ei
691 4660 908 4720 datum
955 4658 1070 4718 fuit
1098 4675 1172 4716 ex
1202 4654 1543 4715 intentione
1572 4673 1712 4714 mu-

190 4754 425 4814 tuantiS.

261 4845 588 4905 Dubitatur
616 4843 822 4918 tertio,
856 4843 1005 4922 quid
1035 4840 1409 4916 dicendum,
1460 4839 1710 4919 quando

194 4938 594 4997 mutuatarius
625 4936 798 4997 dedit
825 4936 1001 5015 quasi
1034 4954 1108 4993 ex
1138 4934 1348 4993 debito
1374 4979 1388 5007 ,
1423 4939 1485 4993 et
1512 4933 1713 4993 credi-

195 5032 281 5087 tor
307 5029 545 5109 accepit
592 5029 767 5108 quasi
812 5029 1029 5087 datum
1057 5026 1174 5086 sibi
1204 5046 1278 5085 ex
1307 5025 1709 5104 gratitudine,

199 5139 263 5179 eo
291 5121 448 5199 quod
485 5122 727 5181 nullum
773 5125 1024 5200 pactum
1070 5119 1146 5179 de
1175 5118 1348 5178 lucro
1382 5136 1715 5196 praecesse-

196 5219 300 5274 rat.
332 5214 538 5294 Aliqui
570 5213 809 5289 dicunt,
844 5232 968 5273 non
992 5231 1124 5272 csse
1149 5210 1594 5288 obligationem
1623 5228 1715 5270 re·

198 5306 475 5368 stituendi
501 5355 518 5384 ,
585 5307 882 5369 Antonin.
935 5310 997 5368 et
1044 5308 1229 5366 Laur.
1287 5304 1365 5363 de
1413 5303 1711 5378 RodulfiS,

198 5399 349 5475 apud
379 5401 557 5461 Salas
596 5399 657 5460 d.
691 5400 840 5461 dub.
865 5417 998 5461 vm.
1034 5416 1203 5458 num.
1229 5401 1288 5456 4.
1326 5396 1716 5457 Contrarium

202 5494 394 5552 tamen
425 5497 885 5573 consequenter
912 5491 1249 5553 dicendum
1279 5492 1392 5564 est,
1427 5507 1569 5549 cum
1597 5488 1721 5549 Mo-

3235 331 3348 389 179

1812 489 1932 549 lina
1968 495 2030 552 et
2058 492 2234 553 Salas
2262 493 2413 555 locis
2434 496 2537 557 cit.
2564 496 2673 575 qui
2692 496 2847 558 alios
2864 499 3163 562 referunt.
3191 502 3348 576 Quia

1813 581 1873 641 in
1905 583 2023 643 hoc
2054 586 2243 644 etiam
2274 605 2421 647 casu
2448 588 2616 649 datio
2648 588 2763 649 suit
2789 590 3208 654 involuntaria
3232 641 3249 670 ‚
3286 601 3352 658 et

1812 674 2194 738 insufficiens
2230 679 2312 738 ad
2362 681 2862 742 transferendum
2894 684 3240 747 dominium
3274 689 3350 748 li—

1810 767 2052 845 berum,
2087 789 2230 830 cum
2261 771 2527 835 deluerit
2556 774 2800 835 animus
2830 776 3126 840 donandi.
3174 782 3349 842 Bona

1809 863 2020 919 tamen
2063 861 2218 921 fides
2248 863 2608 943 accipientis
2639 868 2958 931 excusabit
3003 889 3146 930 eum
3177 891 3214 932 a
3248 892 3348 934 re-

1811 951 2125 1013 stitutione
2153 1000 2167 1028 ,
2227 962 2560 1036 postquam
2591 959 2755 1019 bona
2783 961 2905 1021 fide
2938 966 3342 1044 consumpsit,

1811 1049 1874 1104 et
1901 1061 2024 1103 non
2053 1051 2146 1106 est
2175 1047 2374 1108 factus
2403 1048 2791 1128 locupletior.
2830 1053 2894 1114 Si
2916 1061 3126 1116 autem
3156 1057 3349 1119 dubia

1809 1135 1931 1196 tide
1962 1139 2221 1216 accepit,
2256 1139 2592 1201 dicendum
2625 1149 2753 1219 est,
2805 1144 2968 1206 sicut
3007 1147 3086 1207 de
3135 1167 3207 1209 eo
3239 1150 3344 1228 qui

1809 1227 2000 1287 dubia
2027 1229 2152 1288 fide
2184 1232 2374 1310 coepit
2413 1234 2732 1311 possidere
2766 1255 2902 1297 rem
2931 1238 3220 1301 alienam.
3282 1243 3348 1304 Si

1808 1326 2019 1381 autem
2048 1321 2310 1382 dubium
2340 1331 2556 1401 postea
2586 1331 3005 1407 superveniat,
3041 1332 3229 1396 debet
3255 1336 3347 1395 in-

1809 1413 2056 1491 quirere
2087 1420 2156 1476 ut
2181 1416 2357 1478 tollat
2385 1418 2668 1495 dubium,
2702 1425 2888 1499 atque
2919 1429 3130 1500 petere
3160 1427 3240 1485 ab
3271 1445 3344 1489 eo

1808 1506 1915 1584 qui
1962 1506 2173 1584 dedit,
2248 1511 2498 1588 qualem
2563 1512 2973 1574 intentionem
3033 1517 3342 1581 habuerit.

1808 1598 1986 1668 Quod
2016 1599 2067 1659 si
2094 1646 2108 1675 ‚
2168 1601 2273 1660 illo
2295 1601 2428 1678 jam
2458 1609 2705 1664 mortuo
2727 1652 2741 1680 ‚
2778 1606 3038 1667 dubium
3066 1616 3342 1688 maneat,

1806 1709 1878 1749 ex
1910 1691 2391 1753 circumstantiis
2411 1693 2827 1772 judicandum
2858 1698 2995 1776 erit,
3019 1719 3096 1760 an
3119 1701 3347 1763 libera-

1805 1783 1945 1844 liter
1971 1784 2069 1843 vel
2100 1788 2400 1864 tanquam
2449 1786 2728 1848 debitum
2761 1789 3024 1852 dederit.
3087 1795 3266 1865 Quod
3293 1796 3345 1856 si

1805 1875 2064 1935 dubium
2094 1880 2618 1955 perseveraverit,
2653 1882 2885 1941 Melina
2915 1883 3074 1963 disp.
3108 1890 3248 1948 305.
3280 1889 3337 1966 ἓ.

1800 1967 1989 2027 Juxta
2017 1967 2361 2048 doctrinam,
2388 1974 2451 2031 et
2478 1972 2654 2033 Salas
2669 1974 2729 2033 d.
2766 1974 2914 2035 dub.
2955 1994 3089 2038 vm.
3125 1998 3344 2040 versus

1804 2061 2013 2136 finem,
2040 2060 2274 2137 dicunt,
2309 2063 2763 2125 restituendum
2794 2085 2953 2144 esse,
2988 2069 3118 2129 sive
3141 2071 3334 2150 bona,

1804 2153 1933 2212 sive
1972 2154 2138 2214 mala
2166 2155 2287 2214 fide
2318 2161 2644 2235 acceptum
2672 2159 2880 2220 fuerit.
2922 2163 3093 2223 Less,
3128 2168 3342 2225 tamen

1807 2265 1867 2306 n.
1899 2249 1998 2306 45.
2034 2245 2204 2322 dicit,
2236 2249 2618 2309 censendum
2650 2269 2781 2311 esse
2812 2255 3004 2330 gratis
3048 2256 3338 2334 donasse,

1806 2338 2056 2417 quando
2086 2343 2379 2400 mutuans
2408 2341 2647 2402 nullum
2677 2345 2924 2422 signum
2954 2350 3206 2426 petendi
3239 2352 3346 2411 de-

1798 2430 2005 2507 derat,
2040 2435 2103 2491 et
2129 2434 2543 2493 mutuatarius
2574 2454 2694 2495 non
2727 2456 2855 2515 prae
2889 2457 2956 2498 se
2987 2441 3123 2501 tulit
3153 2443 3343 2504 tristi-

1805 2525 1957 2584 tiam
1985 2523 2263 2603 aliquam
2291 2524 2354 2583 in
2384 2526 2591 2587 dando
2612 2574 2630 2600 ,
2683 2529 2780 2588 vel
2826 2531 3102 2608 aliquam
3141 2535 3340 2595 mole-

1806 2616 1990 2677 stiam
2018 2621 2126 2676 aut
2154 2618 2562 2689 coactionem,
2592 2639 2794 2698 neque
2826 2628 2919 2683 est
2948 2644 3193 2686 avarus,
3220 2628 3340 2688 Alii

1806 2714 2016 2770 tamen
2045 2713 2107 2767 in
2139 2708 2869 2788 dubio,praesumendan1
2903 2716 3117 2778 dicunt
3145 2720 3342 2779 dona-

1805 2800 2040 2860 tionem
2068 2802 2430 2878 gratuitam,
2466 2810 2534 2864 ut
2562 2807 2755 2883 Cajet.
2792 2810 3087 2886 AngeluS,
3124 2817 3186 2872 et
3215 2815 3337 2872 Na-

1801 2912 1968 2954 varr.
2004 2893 2171 2971 apud
2203 2895 2399 2970 SalaS,
2423 2901 2483 2956 et
2504 2895 2608 2955 alii
2627 2899 2794 2975 apud
2823 2901 3208 2962 Ludovicum
3227 2907 3340 2965 Lo-

1800 3005 1914 3066 pez
1942 3003 2009 3046 11.
2047 3007 2108 3065 p.
2140 2987 2488 3049 Instrueeor.
2523 3007 2615 3050 ca.
2652 3007 2750 3051 ιν.
2786 2992 2975 3070 quiid
3003 2996 3340 3066 verisimile

1802 3084 2000 3157 putat.
2037 3082 2113 3140 Et
2142 3085 2309 3140 certe
2332 3100 2446 3159 ego
2478 3101 2599 3142 ωοω
2625 3083 2826 3160 video,
2851 3103 2962 3146 cur
2992 3087 3052 3145 in
3085 3107 3157 3148 eo
3189 3108 3340 3150 casu

1802 3191 1927 3233 non
1956 3172 2259 3251 procedat
2298 3174 2516 3253 regula
2546 3174 2622 3236 de
2652 3175 2987 3256 incipiente
3018 3182 3338 3259 possidere

1801 3265 1965 3325 bona
1992 3265 2116 3325 fide
2137 3312 2152 3341 ,
2206 3267 2311 3344 qui
2343 3267 2602 3326 dubium
2636 3275 2852 3346 postea
2879 3276 3339 3352 superveniens

1799 3376 2095 3435 superare
2128 3376 2252 3418 ωοω
2281 3364 2517 3436 potest,
2549 3365 2611 3421 et
2640 3362 2780 3423 ideo
2801 3363 2862 3423 in
2884 3364 3075 3426 dubio
3094 3386 3339 3445 posses-

1798 3450 1957 3511 soris
1989 3451 2264 3512 conditio
2297 3453 2518 3513 melior
2548 3472 2681 3513 esse
2712 3455 2960 3518 debeat.

1880 3542 2210 3605 Dubitatur
2240 3550 2483 3622 quarte,
2510 3546 2661 3623 quid
2693 3547 3049 3628 dicendum,
3084 3554 3337 3631 quando

1800 3654 1833 3695 e
1863 3641 2083 3696 contra
2110 3636 2524 3697 mutuatarius
2551 3639 2745 3717 gratis
2776 3646 2838 3702 et
2861 3642 3199 3705 liberaliter
3227 3647 3337 3706 de-

1801 3728 1913 3805 dit,
1946 3732 2265 3789 mutuator
2293 3734 2501 3789 autem
2544 3732 2711 3791 mala
2742 3733 2865 3793 fide
2896 3737 3135 3815 accepit
3158 3785 3173 3813 ,
3220 3758 3335 3817 pu-

1800 3825 1940 3882 tans
1967 3820 2084 3881 sibi
2131 3840 2255 3881 non
2297 3822 2530 3900 gratis,
2589 3824 2700 3883 sed
2747 3829 2816 3885 ut
2860 3829 3130 3905 pretium
3175 3830 3332 3892 dari.

1802 3914 2018 3974 Plures
2047 3912 2265 3973 dicunt
2292 3932 2427 3974 esse
2477 3917 2826 3978 necessario
2856 3920 3335 4001 restituendum,

1801 4006 2100 4080 Tabiena,
2137 4007 2476 4067 Panormit.
2512 4008 2833 4071 Innocent.
2870 4012 3218 4091 AlmainuS‚
3280 4020 3344 4078 et

1806 4099 1908 4158 alii
1937 4098 2106 4178 apud
2138 4099 2315 4159 Salas
2366 4100 2428 4160 d.
2465 4101 2613 4161 dub.
2650 4119 2785 4164 vm.
2834 4123 2939 4164 nu.
2973 4109 3030 4165 2.
3076 4126 3342 4186 quorum

1808 4191 1997 4271 aliqui
2028 4191 2246 4252 dicunt
2269 4238 2285 4267 ,
2340 4194 2798 4255 restituendum
2848 4215 2982 4257 esse
3014 4200 3070 4259 ei
3101 4202 3207 4278 qui
3238 4202 3342 4261 de-

1807 4283 1900 4344 dit
1928 4303 1941 4342 :
1975 4283 2079 4343 alii
2110 4302 2259 4343 vero
2292 4285 2742 4346 restituendum
2775 4307 2908 4349 esse
2939 4293 3340 4371 pauperibus»,

1809 4377 1975 4455 quod
1998 4382 2206 4436 tamen
2238 4376 2371 4436 sine
2405 4378 2810 4441 fundamento
2843 4383 3072 4444 dicitur
3093 4432 3107 4461 ,
3144 4392 3211 4448 ut
3237 4387 3345 4447 ad-

1808 4469 2312 4529 vertuntMolina
2343 4470 2500 4549 disp.
2533 4474 2670 4532 306.
2693 4473 2755 4531 ἰω
2803 4475 2947 4552 fine,
2984 4478 3159 4539 Salas
3189 4479 3338 4540 dub.

1813 4578 1895 4621 1x.
1932 4580 2101 4621 num.
2137 4566 2195 4622 4.
2232 4568 2294 4623 et
2323 4563 2463 4634 alii;
2517 4564 2663 4642 quia
2694 4566 2744 4623 si
2775 4584 2872 4626 res
2904 4575 2997 4628 est
3026 4571 3252 4632 nullius
3281 4573 3345 4632 in

1809 4654 2014 4728 bonis,
2049 4655 2373 4714 usurarius
2404 4662 2611 4733 posset
2653 4656 2823 4718 illam
2853 4661 2969 4719 sibi
3002 4682 3341 4742 usurpare3

1812 4746 1865 4806 si
1896 4766 2042 4806 vero
2075 4752 2289 4808 manet
2335 4748 2395 4807 in
2427 4748 2703 4810 dominio
2736 4751 2941 4813 dantis
2970 4800 2985 4828 ‚
3049 4756 3104 4814 ei
3135 4758 3348 4835 utique

1817 4839 2208 4900 restituenda
2239 4845 2351 4900 est.

1896 4931 2280 5007 CommuuiS,
2317 4936 2379 4992 et
2408 4951 2555 4993 vera
2572 4938 2882 4997 sententia
2904 4938 3107 5015 docet,
3142 4958 3213 5000 eo
3244 4959 3352 5001 ca-

1815 5044 1887 5084 su
1918 5043 2040 5084 ωοω
2071 5043 2205 5084 esse
2225 5024 2670 5103 obligationem
2690 5029 3075 5091 restituendi.
3113 5034 3203 5093 lta
3221 5035 3350 5095 Mo·

1815 5117 1963 5191 lina,
1998 5120 2059 5176 et
2087 5117 2286 5192 Salas,
2321 5117 2471 5178 locis
2500 5119 2670 5180 citat.
2703 5122 2949 5181 Lessius
2979 5123 3127 5185 dub.
3165 5143 3248 5186 vt.
3284 5145 3347 5188 ω.

1816 5212 1913 5269 42.
1950 5208 2187 5283 etalii,
2250 5227 2406 5287 quos
2448 5212 2736 5273 afferunt.
2793 5214 2970 5275 Ratio
3020 5223 3112 5277 est
3155 5219 3346 5297 clara,

1819 5301 1967 5379 quia
1996 5320 2070 5360 ex
2098 5305 2275 5378 parte
2305 5302 2510 5362 dantis
2557 5302 2674 5362 fuit
2702 5305 2989 5367 voluntas
3036 5311 3352 5374 sufficiens

1821 5395 1899 5453 ad
1930 5393 2432 5454 transferendum
2463 5395 2805 5456 dominium
2833 5445 2848 5474 ,
2883 5402 3219 5465 accedente
3250 5425 3356 5467 ac-

1819 5487 2171 5566 ceptatione
2201 5506 2275 5545 ex
2306 5492 2480 5565 parte
2512 5488 2869 5566 accipientis
2919 5511 2933 5551 2
2982 5493 3115 5555 haee
3145 5504 3355 5559 autem

3483 3572 3561 3631 33

3384 3696 3504 3750 Qum,
3517 3696 3552 3739 si
3563 3696 3685 3741 aanor

3412 3752 3654 3801 liberaliter.

3387 3808 3429 3847 ot
3460 3804 3682 3867 accipiatur

3403 3863 3449 3901 ut
3467 3857 3666 3901 debitum.
