4263 6376
1233 333 1707 401 DISPUTATIO
1749 331 2025 416 XXXIX,
2073 337 2351 400 SECTIO
2395 337 2498 401 ΙΙΙ.

271 506 405 588 11150
436 512 718 572 secutam
779 528 793 574 ε
852 512 1013 576 51001
1041 511 1231 576 etiam
1262 514 1371 595 qui
1399 533 1522 576 non
1553 520 1805 578 amovet

271 599 482 679 ignem
530 620 715 682 quem
757 606 1093 685 applicuit,
1154 611 1443 671 censetur
1488 610 1808 672 moraliter

273 712 644 758 conservare
675 703 736 760 et
764 702 1130 762 continuare
1161 702 1543 766 incendium.

349 789 554 868 DiceS,
590 791 723 854 11000
750 793 909 856 ratio
940 796 1186 874 probat,
1239 796 1434 858 teneri
1462 801 1803 858 retractare

272 881 462 942 etiam
494 903 639 945 cum
665 888 846 965 gravi
876 889 1107 950 damno
1145 909 1158 950 :
1193 909 1339 950 00111
1370 891 1530 952 51001
1559 895 1808 952 tenetur

272 993 397 1035 non
430 976 754 1040 diffamare
795 982 1102 1058 scienter,
1155 1002 1270 1044 nec
1313 987 1518 1062 potest
1559 983 1637 1043 ab
1685 984 1805 1044 1100

272 1071 557 1131 excusari
586 1071 776 1132 etiam
806 1074 885 1134 011
912 1093 1105 1153 grave
1136 1076 1467 1151 damnum;
1500 1077 1590 1137 sic
1617 1077 1807 1137 etiam

270 1163 589 1223 tenebitur
631 1169 997 1245 retractare,
1051 1168 1100 1228 si
1131 1168 1266 1246 ipsa
1295 1188 1421 1230 non
1447 1170 1804 1231 retractatio

271 1259 370 1316 est
395 1257 648 1318 moralis
677 1261 1069 1322 conservatio
1093 1262 1503 1340 praecedentis
1533 1264 1806 1325 testimo-

272 1347 361 1407 nii
387 1349 527 1409 falsi
587 1371 600 1411 :
661 1370 777 1412 nec
819 1353 899 1413 ab
943 1354 1062 1415 hoc
1107 1356 1506 1417 excusabitur
1552 1361 1806 1436 propter

269 1459 466 1519 grave
496 1442 798 1504 damnum
828 1446 996 1525 quod
1040 1447 1237 1511 timet.
1297 1451 1514 1510 Posset
1555 1467 1810 1528 respon-

270 1533 428 1610 deri,
467 1538 757 1614 negando
785 1540 1130 1619 sequelam.
1195 1544 1354 1604 Nam
1393 1541 1495 1602 ille
1525 1543 1632 1621 qui
1674 1541 1806 1603 sine

267 1629 453 1706 gravi
481 1630 711 1692 damno
753 1649 879 1693 non
926 1636 1134 1711 potest
1181 1638 1518 1697 retractare
1545 1636 1803 1711 dictum,

269 1740 400 1782 non
430 1729 719 1785 censetur
746 1743 937 1787 00050
963 1728 1219 1788 moralis
1245 1733 1535 1808 respectu
1564 1747 1809 1790 conser-

268 1816 544 1877 vationis
579 1837 592 1878 :
625 1819 944 1882 moralitas
984 1821 1152 1881 enim
1191 1822 1458 1883 sumitur
1485 1842 1561 1882 ex
1589 1823 1807 1884 funda·

265 1914 508 1987 mentO,
540 1912 710 1990 quod
737 1912 1078 1990 prudentes
1104 1914 1343 1975 habent
1361 1916 1441 1976 ad
1456 1916 1806 1979 existiman-

266 2002 448 2080 dum,
481 2003 649 2064 hunc
678 2004 996 2066 hominem
1027 2007 1232 2067 adhuc
1284 2027 1417 2069 esse
1446 2010 1508 2069 in
1539 2010 1643 2071 illa
1672 2029 1808 2070 sen-

263 2096 497 2170 tentia;
532 2096 652 2157 hoc
682 2100 891 2158 autem
910 2099 1388 2163 fundamentum
1411 2102 1645 2165 habent
1658 2103 1810 2164 dum

265 2189 493 2251 vident
520 2190 607 2252 ita
635 2191 886 2269 dixisse,
912 2196 974 2252 et
993 2198 1214 2270 postea
1243 2213 1386 2256 cum
1400 2196 1566 2257 adsit
1594 2200 1808 2275 etpos-

266 2282 376 2359 sit,
411 2299 534 2343 non
566 2283 735 2343 aliud
762 2283 1082 2346 insinuare
1119 2307 1132 2346 z
1166 2286 1218 2347 si
1250 2291 1459 2349 autem
1482 2287 1617 2368 jam
1648 2293 1813 2351 esset

265 2380 557 2438 mortuus
587 2377 683 2437 vel
712 2377 900 2456 longe
945 2378 1214 2456 0115005,
1276 2400 1399 2442 000
1447 2387 1811 2443 censeretur

262 2470 596 2531 moraliter
624 2470 870 2531 nuncid
892 2470 1123 2548 dicere,
1158 2471 1270 2532 sed
1302 2474 1504 2534 solum
1536 2475 1804 2539 dixisse:

263 2562 557 2624 similiter
586 2563 638 2623 si
667 2563 881 2640 adest,
914 2563 1026 2624 sed
1054 2568 1264 2626 tamen
1291 2583 1416 2628 non
1445 2571 1650 2647 potest
1677 2568 1808 2630 sine

263 2657 454 2736 gravi
485 2656 715 2718 damno
745 2661 1117 2735 retractare,
1161 2678 1286 2720 non
1328 2665 1618 2723 censetur
1644 2681 1810 2722 nunc

266 2749 336 2810 id
372 2749 579 2811 dicere
603 2796 619 2827 ,
668 2768 783 2810 000
812 2769 1188 2812 conservare
1219 2754 1607 2831 praeteritum
1637 2756 1812 2817 testi-

262 2842 592 2915 monium;
628 2842 775 2903 hinc
801 2859 951 2922 ergo
975 2845 1255 2924 estquod
1284 2863 1476 2925 grave
1506 2846 1809 2908 damnum

265 2955 402 2996 non
434 2941 690 2997 excusat
735 2937 813 2996 ab
860 2936 1164 3016 injustitia
1196 2938 1257 2998 in
1288 2938 1492 3019 prima
1520 2941 1809 3003 testifica-

264 3029 448 3091 tione
475 3028 654 3106 falsa,
688 3029 836 3108 quia
864 3048 1113 3109 semper
1142 3036 1235 3092 est
1264 3050 1482 3091 verum
1511 3034 1678 3112 quod
1698 3035 1815 3096 fal-

263 3141 418 3183 sum
453 3119 852 3197 testificatur;
915 3125 1170 3184 excusat
1196 3142 1345 3184 vero
1382 3143 1419 3185 a
1465 3144 1589 3186 non
1620 3129 1813 3188 retra-

262 3215 529 3293 010οᾶ0,
563 3216 728 3296 quod
761 3216 1070 3277 bonafide
1101 3215 1339 3278 dictum
1369 3223 1484 3295 est,
1513 3220 1660 3299 quia
1688 3240 1813 3282 non

263 3314 569 3371 censetur
592 3309 915 3371 moraliter
936 3329 1101 3370 nunc
1134 3308 1451 3371 testificari
1478 3358 1491 3388 ,
1547 3306 1651 3391 qui
1682 3314 1815 3375 sine

262 3403 457 3484 gravi
489 3404 718 3464 damno
749 3407 1090 3464 retractare
1122 3422 1247 3465 non
1280 3409 1502 3483 potest.

360 3500 667 3561 Caeterum
684 3497 839 3558 ratio
861 3497 1069 3558 adhuc
1089 3516 1212 3558 non
1226 3497 1473 3559 videtur
1500 3498 1816 3562 sufficiens

262 3590 362 3653 ad
390 3590 778 3650 fundandam
824 3589 995 3649 illam
1047 3589 1518 3669 obligationem.
1582 3590 1811 3669 Primo,

263 3685 427 3765 quia
457 3701 578 3745 non
611 3685 704 3744 est
733 3683 1136 3757 universalis;
1174 3700 1300 3745 non
1319 3685 1486 3743 enim
1516 3678 1708 3746 habet
1728 3686 1816 3747 lo-

262 3796 423 3840 cum
451 3778 514 3837 in
547 3777 904 3856 applicante
934 3777 1146 3856 ignem
1175 3777 1390 3838 domui
1422 3776 1672 3855 alienae,
1707 3780 1814 3859 qui

259 3878 489 3934 tamen
537 3874 787 3932 tenetur
833 3889 909 3930 ex
930 3871 1174 3949 justitia
1203 3871 1571 3950 extinguere
1601 3872 1819 3933 incen-

261 3966 475 4040 dium,
507 3964 614 4025 ubi
644 3964 918 4042 primum
962 3964 1271 4039 advertit,
1324 3967 1387 4025 et
1425 3968 1637 4026 tamen
1667 3970 1817 4028 tunc

261 4058 522 4121 etiamsi
553 4059 633 4119 sit
682 4077 958 4138 praesens
978 4104 995 4135 ,
1054 4076 1178 4118 non
1228 4064 1558 4121 conservat
1604 4061 1817 4139 ignem

256 4153 500 4230 magiS,
534 4169 724 4232 quam
757 4151 807 4210 si
836 4151 1023 4230 longe
1053 4151 1329 4224 abesset;
1365 4170 1515 4231 ergo
1534 4171 1656 4213 non
1680 4155 1815 4215 fun-

257 4247 463 4308 datur
500 4245 606 4305 illa
651 4244 951 4323 obligatio
1001 4244 1065 4305 in
1095 4244 1306 4325 aliqua
1339 4247 1815 4307 conservatione

253 4339 519 4402 morali.
558 4338 870 4415 Secundo,
888 4337 1035 4416 quia
1055 4343 1424 4416 sequeretur
1452 4357 1595 4399 eum
1627 4340 1816 4400 etiam

255 4433 385 4515 qui
432 4433 791 4513 juramento
857 4431 1196 4493 affirmavit
1252 4432 1492 4510 aliquid
1560 4433 1809 4510 falsum,

256 4527 449 4609 quod
482 4526 782 4587 credebat
807 4543 1048 4601 verum,
1070 4525 1134 4584 in
1164 4525 1429 4585 materia
1460 4526 1814 4586 indifferen-

249 4622 316 4685 ti
353 4637 468 4681 nec
495 4618 801 4680 inferente
832 4619 1136 4679 damnum
1174 4617 1356 4679 alicui
1381 4664 1400 4692 ,
1456 4618 1654 4679 teneri
1698 4621 1813 4680 sub

249 4717 533 4797 peccato
564 4711 822 4792 perjurii
852 4714 1194 4772 retractare
1225 4711 1460 4771 dictum
1481 4758 1496 4788 ,
1564 4711 1613 4771 si
1645 4730 1817 4772 com-

248 4807 467 4871 mode
497 4809 741 4885 potest,
776 4806 880 4865 ubi
911 4805 1184 4884 primum
1216 4805 1502 4883 agnoscit
1531 4823 1595 4863 se
1626 4806 1815 4865 fuisse

249 4902 642 4978 deceptum;
678 4899 827 4978 quia
855 4897 1140 4959 similiter
1156 4897 1457 4975 quamdiu
1480 4915 1601 4957 non
1622 4903 1816 4958 retra-

249 4995 443 5069 ctat,
479 5009 621 5054 cum
650 4989 847 5071 possit
871 5037 886 5066 ,
946 4989 1306 5053 censebitur
1331 4989 1657 5050 moraliter
1681 5010 1815 5049 osse

239 5090 336 5151 in
371 5086 593 5147 eadem
643 5084 1024 5160 assertione,
1087 5088 1150 5145 et
1195 5081 1595 5144 conservabit
1641 5081 1815 5144 illum

245 5194 603 5245 assensum
633 5178 801 5257 apud
835 5177 1159 5237 auditores
1182 5224 1196 5253 ,
1233 5194 1420 5255 quem
1451 5176 1675 5253 genuit
1702 5177 1816 5236 ad-

241 5277 464 5339 ducto
514 5289 624 5333 reo
666 5271 728 5330 in
769 5274 995 5343 testem
1019 5268 1184 5341 illius
1215 5267 1524 5333 falsitatis,
1585 5272 1816 5330 Consc-

240 5384 476 5452 quens
504 5370 716 5427 autem
749 5368 843 5426 est
880 5367 1102 5425 contra
1151 5382 1335 5423 050111
1367 5360 1646 5422 01001010
1683 5364 1815 5441 1110-

230 5478 414 5528 rum
443 5456 989 5528 confessariorum,
1027 5454 1133 5536 qui
1163 5459 1479 5518 transacto
1509 5455 1810 5535 perjurio,

3318 343 3435 403 767

1907 534 2027 576 non
2060 519 2283 578 curant
2310 516 2387 577 (le
2420 515 2758 596 obligando
2780 516 3125 597 poenitente
3147 518 3225 577 ad
3249 522 3440 579 retra·

1905 610 2205 671 ctandum
2236 610 2477 672 dictum
2509 611 2572 671 in
2604 609 2912 691 ejusmodi
2942 611 3255 686 materiis;
3289 627 3439 690 ergo

1905 703 2112 763 necin
2146 706 2357 765 nostro
2398 722 2547 765 casu
2596 704 2796 766 oritur
2850 703 3185 784 obligatio,
3244 723 3321 765 ex
3367 724 3439 765 eo

1905 796 2075 875 quod
2108 814 2232 857 non
2263 800 2609 858 retractans
2624 797 3014 859 existimetur
3042 799 3437 873 confirmare,

1907 888 2075 969 quod
2106 890 2279 968 prius
2303 889 2480 955 dixit.
2514 891 2723 953 Tertio
2758 891 3031 971 denique
3051 937 3067 968 ,
3102 891 3247 970 quia
3275 907 3440 970 saepe

1904 981 2133 1060 saepius
2179 982 2265 1043 illi
2293 1028 2308 1058 ,
2367 981 2477 1062 qui
2520 983 2858 1045 audierunt
2899 984 3438 1060 retractationem,

1905 1075 2201 1152 ignorant
2243 1094 2323 1136 an
2370 1075 2502 1154 ipse
2532 1076 2731 1153 possit
2759 1095 2925 1137 nunc
2956 1076 3088 1138 sine
3118 1076 3298 1156 gravi
3327 1077 3444 1137 da-

1905 1183 2053 1228 mno
2086 1171 2448 1246 retractare,
2484 1166 2581 1228 vel
2611 1187 2767 1242 non;
2829 1187 2979 1248 ergo
3014 1170 3161 1231 licet
3192 1189 3314 1230 non
3346 1189 3445 1229 re-

1904 1261 2169 1337 tractet,
2219 1280 2344 1321 non
2375 1267 2706 1324 conservat
2734 1263 3055 1325 moraliter
3078 1262 3398 1324 infamiam
3424 1282 3438 1335 ;

1907 1372 2032 1414 non
2061 1353 2229 1414 enim
2258 1356 2590 1416 conservat
2615 1355 2938 1417 moraliter
2960 1401 2976 1433 ‚
3029 1357 3146 1417 nisi
3175 1355 3341 1434 apud
3371 1356 3444 1415 il-

1906 1446 1998 1507 los
2029 1447 2137 1526 qui
2165 1447 2373 1508 sciunt
2397 1446 2602 1527 ipsum
2632 1465 2813 1527 posse
2843 1447 2976 1510 sine
3003 1449 3180 1529 gravi
3213 1449 3442 1510 damno

1907 1543 2249 1602 retractare
2280 1542 2447 1620 quod
2482 1541 2658 1603 dixit.

1991 1633 2187 1695 Aliter
2214 1651 2364 1711 ergo
2396 1633 2694 1713 explicari
2738 1634 2966 1714 poterit
3007 1633 3445 1696 universaliter

1909 1724 2201 1803 dicendO,
2251 1745 2768 1808 unumquemque
2817 1727 3017 1789 teneri
3067 1725 3326 1807 quidem
3368 1747 3442 1788 ex

1900 1819 2145 1900 justitia
2175 1837 2299 1879 non
2328 1820 2532 1881 solum
2562 1821 2641 1881 ad
2672 1840 2800 1883 non
2828 1821 3226 1884 inferendum
3245 1820 3440 1882 scien-

1907 1917 2006 1974 ter
2059 1913 2360 1973 damnum
2419 1912 2618 1991 alteri,
2677 1913 2789 1974 sed
2835 1915 2916 1975 ad
2974 1915 3442 1992 procurandum

1910 2008 2217 2084 quantum
2246 2006 2575 2066 commode
2605 2006 2856 2085 poterit,
2891 2024 2968 2067 ne
2998 2024 3073 2067 ex
3110 2024 3225 2067 sua
3251 2007 3441 2068 actio-

1910 2114 1989 2157 ne
2020 2100 2322 2176 sequatur
2349 2098 2649 2159 damnum
2678 2098 2955 2161 alteriue.
2993 2099 3169 2161 Prior
3188 2099 3443 2179 quidem

1912 2190 2212 2268 obligatio
2244 2197 2340 2254 est
2365 2192 2656 2254 absoluta
2686 2212 2701 2263 3
2751 2209 3075 2272 nunquam
3103 2193 3268 2253 enim
3300 2207 3444 2272 pos-

1911 2299 2126 2344 sumus
2164 2284 2323 2344 velle
2368 2285 2606 2346 directe
2636 2284 2867 2346 inferre
2905 2287 3207 2347 damnum
3237 2286 3439 2363 alteri,

1911 2375 2040 2437 sive
2069 2376 2134 2436 in
2183 2377 2351 2436 fama
2382 2377 2510 2438 sive
2557 2376 2615 2437 in
2648 2379 2830 2440 bonis
2859 2379 2991 2440 sive
3019 2379 3083 2439 in
3113 2379 3271 2455 vita;
3321 2383 3437 2440 etc.

1911 2469 2223 2549 posterior
2248 2487 2396 2531 vero
2424 2471 2721 2550 obligatio
2754 2475 2849 2533 est
2876 2490 3019 2534 cum
3046 2471 3439 2550 limitatione,

1911 2562 2150 2624 scilicet
2178 2566 2483 2642 quantum
2514 2565 2843 2625 commode
2885 2581 3237 2644 possumus,
3286 2567 3445 2626 Hinc

1912 2659 2026 2732 est,
2088 2657 2606 2735 patremfamilias
2651 2659 2852 2719 teneri
2900 2677 2976 2718 ex
3016 2660 3261 2737 ,iustitia
3291 2677 3445 2719 nun-

1912 2767 2104 2830 quam
2161 2749 2493 2812 detrahere
2547 2750 2833 2831 proximo
2884 2771 2897 2814 :
2948 2755 3200 2814 tenetur
3255 2754 3445 2815 etiam

1911 2859 2253 2922 procurare
2305 2862 2382 2903 ne
2429 2844 2528 2905 sui
2571 2844 2898 2906 domestici
2935 2846 3303 2908 detrahant:
3363 2848 3444 2907 ad

1914 2935 2036 2998 hoc
2063 2939 2279 2998 tamen
2308 2955 2434 2998 non
2466 2941 2713 2998 tenetur
2741 2955 2884 2999 cum
2904 2939 3084 3017 gravi
3104 2938 3447 3000 incommo-

1916 3027 2020 3107 de,
2055 3030 2169 3090 sed
2199 3030 2399 3092 solum
2429 3035 2735 3110 quantum
2763 3031 3093 3093 commode
3120 3033 3318 3112 'possit
3350 3053 3364 3094 ε
3396 3033 3450 3093 si

1917 3124 2126 3184 autem
2157 3123 2488 3185 commode
2530 3141 2655 3185 non
2684 3123 2900 3203 possit,
2951 3141 3076 3185 non
3106 3125 3451 3207 imputatur

1914 3218 2056 3297 ipsi,
2109 3219 2257 3297 quia
2297 3222 2448 3279 tuuc
2491 3234 2556 3278 50
2588 3216 2781 3279 habet
2825 3237 2999 3279 mere
3046 3221 3447 3298 permissive;

1915 3326 2032 3370 1100
2061 3314 2281 3388 1100001
2323 3312 2541 3371 contra
2563 3309 2895 3390 justitiam,
2950 3311 3098 3391 quia
3127 3331 3253 3373 non
3283 3313 3455 3375 laedit

1915 3403 2272 3482 proximum
2302 3402 2412 3463 sed
2442 3402 2746 3482 permittit
2772 3403 2937 3468 laedi.
2972 3405 3075 3466 Sic
3105 3424 3252 3484 ergo
3282 3410 3452 3467 tene-

1913 3499 2019 3556 tur
2053 3496 2243 3558 etiam
2296 3496 2729 3577 unusquisque
2759 3496 2879 3558 hoc
2910 3498 3188 3559 secundo
3220 3517 3451 3577 genere

1918 3587 2318 3667 obligationis
2359 3588 2618 3667 justitiae
2648 3607 3013 3668 procurare,
3076 3609 3153 3650 ne
3204 3610 3277 3651 ex
3327 3590 3453 3651 suis

1919 3681 2271 3743 actionibus
2301 3680 2575 3760 patiatur
2605 3682 2925 3760 proximus
2955 3687 3401 3744 nocumentum
3435 3705 3447 3744 :

1919 3776 2067 3856 quia
2109 3775 2271 3838 sicut
2297 3778 2546 3837 tenetur
2573 3791 2912 3854 procurare
2959 3795 3037 3837 ne
3083 3794 3159 3836 ex
3205 3775 3452 3838 actione

1895 3886 2177 3947 ‘suorum
2226 3868 2294 3928 id
2324 3871 2647 3948 sequatur,
2705 3869 2904 3930 multo
2960 3869 3161 3949 magis
3206 3874 3456 3931 tenetur

1919 3980 2142 4026 curare
2171 3980 2249 4023 ne
2281 3964 2583 4042 sequatur
2610 3979 2685 4022 ex
2704 3962 2951 4024 actione
2980 3981 3131 4024 sua:
3164 3962 3267 4024 ille
3301 3983 3450 4042 ergo

1919 4057 2028 4139 qui
2081 4056 2544 4117 inconsiderate
2601 4054 2906 4136 applicuit
2958 4056 3171 4135 ignem
3240 4056 3454 4117 domui

1918 4151 2162 4228 alienae,
2188 4154 2406 4231 postea
2427 4167 2636 4210 errore
2658 4148 2932 4227 cognito,
2965 4153 3216 4210 tenetur
3231 4168 3452 4211 curare

1917 4264 1996 4308 ne
2032 4262 2107 4306 ex
2155 4262 2271 4306 500
2315 4243 2560 4305 actione
2600 4246 2901 4321 sequatur
2951 4241 3106 4302 illud
3153 4243 3455 4304 damnum

1915 4336 2207 4420 proximi,
2270 4339 2330 4398 et
2374 4336 2517 4397 ideo
2565 4339 2817 4397 tenetur
2864 4334 3226 4396 incendium
3257 4337 3455 4397 extin-

1915 4450 2130 4513 guere,
2166 4429 2313 4510 quia
2340 4429 2393 4491 si
2421 4448 2546 4491 non
2578 4429 2885 4508 extinguit
2906 4427 3039 4509 jam
3060 4446 3206 4489 vere
3237 4446 3455 4508 seque·

1916 4529 2021 4587 tur
2040 4525 2344 4585 damnum
2372 4540 2448 4582 ex
2469 4541 2583 4583 sua
2602 4523 2849 4584 actione
2878 4522 3219 4601 praeterita.
3243 4524 3312 4583 10
3336 4522 3455 4583 1100

1917 4622 2130 4680 autem
2170 4634 2356 4677 sensu
2399 4620 2604 4694 potest
2630 4615 2840 4694 aliquo
2865 4615 3056 4676 modo
3086 4615 3319 4676 habere
3348 4634 3456 4676 ve-

1914 4728 2059 4771 rum
2087 4726 2364 4785 sensum,
2418 4707 2588 4787 quod
2634 4707 2883 4768 dicebat
2917 4707 3169 4784 Melina,
3221 4708 3457 4769 scilicet

1917 4803 2083 4864 hanc
2113 4820 2249 4863 esse
2272 4800 2720 4880 obligationem
2740 4800 2918 4880 quasi
2949 4817 3025 4860 ex
3046 4799 3273 4879 officio,
3306 4802 3456 4881 quia

1917 4895 2216 4957 nimirum
2245 4894 2673 4973 unusquisque
2701 4897 2887 4972 prout
2902 4893 3291 4971 gubernator
3317 4911 3455 4955 sua-

1917 5006 2061 5051 rum
2091 4988 2411 5049 actionum
2439 4990 2691 5049 tenetur
2719 5002 2936 5046 earum
2957 5000 3237 5045 errorem
3266 4988 3454 5047 corri-

1918 5101 2069 5162 gere
2094 5128 2109 5158 ,
2163 5082 2322 5143 sicut
2374 5078 2822 5159 paterfamilias
2862 5082 3112 5139 tenetur
3141 5080 3454 5157 corrigere

1920 5193 2165 5237 errores
2191 5174 2699 5257 domesticorum,
2733 5191 2810 5232 ne
2826 5170 3095 5232 inferant
3114 5189 3455 5233 nocumen-

1918 5272 2056 5331 tum
2084 5268 2379 5330 externiS.
2427 5267 2560 5327 Hac
2589 5283 2739 5344 ergo
2770 5265 2848 5326 de
2879 5281 3070 5325 00050
3099 5264 3459 5327 diffamator

1919 5365 1985 5424 et
2010 5362 2183 5425 testis
2213 5361 2424 5436 falsuS,
2459 5360 2605 5420 licet
2634 5376 2757 5420 non
2786 5357 3204 5438 peccaverint,
3238 5363 3456 5420 10000-

1918 5459 2025 5518 tur
2051 5457 2271 5535 postea
2298 5471 2375 5515 ex
2396 5451 2638 5534 justitia
2668 5455 3008 5514 retractare
3038 5450 3090 5512 51
3126 5455 3455 5514 commode

3588 1655 3663 1712 27

3529 1777 3623 1822 Alia
3641 1778 3745 1820 ratio

3584 1832 3707 1885 liujus

3508 1884 3590 1927 obli
3622 1885 3770 1927 ationis

3605 1944 3737 1985 erint.
