4263 6376
59 2316 108 2372 [51

58 2440 166 2482 wa-

58 4206 131 4352 5352
58 4081 93 4136 ‘'¹'‘

1101 373 1570 468 DISPUTATIO
1613 376 1829 454 xxlv,
1879 377 2156 439 SECTIO
2197 378 2356 439 vlu.

211 550 307 611 huc
327 546 369 609 si
394 547 648 627 pupillus
675 551 813 610 ante
843 548 1238 628 pubertatem
1268 549 1556 627 decedat,
1575 568 1678 611 re-

208 640 526 702 stituendam
553 658 687 700 esse
726 640 1156 702 haereditatem
1185 641 1499 702 testatoris
1525 642 1675 703 sub-

208 733 412 805 stituto;
441 749 731 792 conversa
758 732 1056 793 nimirum
1084 734 1521 796 substitutione
1542 734 1680 795 vul-

207 826 312 904 gari
336 826 387 884 in
412 824 1064 900 fideicommissariam,
1098 830 1159 886 et
1184 832 1425 888 retenta
1454 831 1679 905 quarta

207 917 592 980 Trebellianica
643 918 723 977 ab
781 918 1137 978 haeredibus
1192 919 1433 997 pupilli.
1463 965 1466 966 ν
1498 919 1675 979 Ratio

209 1017 371 1072 autem
397 1028 519 1069 esse
545 1015 784 1088 potest,
819 1010 969 1089 quia
1005 1008 1247 1073 constat
1275 1016 1551 1072 mentem
1583 1016 1675 1073 te-

206 1103 405 1165 sutoris
424 1102 605 1162 fuisse
635 1108 705 1164 ut
731 1102 1098 1164 substitutus
1129 1103 1389 1164 haberet
1417 1123 1532 1165 sua
1559 1103 1675 1164 bo-

207 1213 284 1269 na,
310 1194 620 1254 decedente
650 1195 887 1274 pupillo
919 1199 1065 1256 ante
1085 1196 1479 1274 pubertatem
1501 1215 1513 1255 ε
1534 1212 1679 1254 eum

203 1303 320 1364 ergo
343 1284 446 1346 hoc
471 1286 605 1346 fieri
627 1305 751 1347 non
783 1288 979 1366 possit
1004 1306 1077 1347 ex
1107 1287 1545 1349 substitutione
1563 1305 1680 1364 pu-

203 1379 364 1458 pillari
387 1378 648 1439 invalida
671 1426 688 1456 ,
740 1399 856 1440 nec
900 1379 1255 1441 substitutio
1301 1379 1578 1457 vulgaris
1614 1377 1677 1438 id

202 1471 356 1550 possit
377 1472 629 1550 operari,
656 1489 798 1551 quae
819 1473 990 1534 adita
1017 1471 1382 1533 haereditate
1411 1470 1673 1549 expirat,

201 1569 437 1624 censetur
458 1564 541 1623 ibi
569 1565 814 1625 inclusa
849 1564 1206 1626 substitutio
1234 1563 1681 1625 fideicommis-

200 1656 359 1730 saria,
385 1654 548 1735 cujus
576 1656 857 1718 virtitute
888 1659 1144 1719 effectus
1173 1656 1276 1717 ille
1314 1675 1349 1715 a
1380 1660 1678 1718 testatore

199 1748 420 1808 intentus
445 1748 709 1809 obtineri
739 1752 963 1827 potest,
997 1754 1061 1809 et
1084 1749 1171 1812 ita
1201 1748 1429 1810 docent
1445 1748 1672 1826 glossa,

200 1840 431 1900 Bartolus
452 1886 466 1914 ‚
498 1845 558 1901 et
586 1842 693 1900 alii
727 1841 1018 1903 doctores
1062 1841 1481 1902 communiter
1507 1841 1678 1920 apud

198 1932 436 1992 eumdem
463 1933 800 2005 Molinam;
844 1953 984 2013 quae
1025 1952 1243 1995 omnes
1287 1933 1522 2012 regulae
1547 1978 1563 2008 ,
1611 1938 1681 1995 ut

198 2043 327 2103 saepe
351 2025 503 2100 dixi,
549 2027 896 2087 tundantur
938 2026 1137 2087 solum
1180 2025 1244 2085 in
1296 2029 1680 2105 praesumpta

199 2117 457 2179 testatoris
510 2118 854 2194 voluntate,
914 2118 1162 2198 quando
1221 2117 1298 2177 de
1355 2118 1675 2179 contraria

199 2227 295 2268 non
317 2213 559 2271 constat.

257 2303 606 2381 Exemplaris
635 2302 997 2364 substitutio
1029 2303 1401 2382 appellatur,
1437 2321 1575 2382 qum
1598 2301 1678 2362 ad

198 2396 496 2473 exemplum
542 2396 876 2474 pupillaris
924 2395 1176 2456 inventa
1224 2388 1338 2471 est,
1388 2413 1510 2474 qua
1552 2394 1676 2455 tilio

197 2488 344 2549 etiam
386 2488 600 2567 puberi
648 2488 910 2563 amenti,
945 2487 1041 2547 vel
1088 2492 1297 2548 mente
1332 2492 1538 2567 eapte,
1578 2486 1678 2547 vel

197 2580 372 2658 quovis
412 2580 528 2640 alio
573 2579 800 2640 morbo
847 2579 1177 2654 laboranti,
1247 2579 1352 2659 qui
1409 2578 1678 2640 testandi

196 2673 500 2732 facultatem
529 2671 856 2750 impediat,
898 2671 1269 2731 substitutus
1298 2671 1501 2746 datur,
1535 2671 1585 2731 si
1615 2670 1676 2729 in

196 2765 276 2825 tali
298 2769 441 2824 statu
486 2763 852 2839 decesserit,
885 2769 955 2825 ut
990 2768 1232 2824 constat
1260 2782 1334 2823 ex
1380 2764 1423 2824 1.
1453 2763 1677 2824 Huma-

195 2856 370 2930 uitatis,
400 2859 462 2920 C.
492 2856 560 2917 de
591 2855 982 2938 impuberum,
1013 2865 1069 2916 et
1095 2855 1230 2916 aliis
1247 2855 1475 2917 substit.
1510 2860 1575 2917 et
1602 2876 1678 2917 ex

193 2951 235 3028 ς.
261 2950 367 3010 Sua
390 2951 635 3024 ratione,
682 2949 881 3010 lustit.
914 2948 984 3009 de
1006 2948 1220 3030 papiu.
1252 2947 1673 3025 substitutione,

194 3062 344 3123 quam
392 3043 865 3122 dispositionem
910 3042 1098 3104 etiam
1141 3042 1309 3120 apud
1352 3041 1672 3122 prodigOS,

195 3136 276 3215 qui
313 3137 510 3197 testari
539 3154 668 3197 non
717 3138 999 3215 possunt,
1035 3134 1311 3196 extendit
1329 3133 1677 3195 communis

195 3228 473 3291 doctorum
525 3228 844 3289 sententia
901 3226 1066 3305 apud
1095 3228 1391 3288 Melinum
1440 3227 1670 3307 disput.

193 3337 365 3382 cmv.
395 3322 453 3380 in
493 3320 829 3400 principio.
890 3319 1066 3381 Unde
1109 3318 1270 3380 sicut
1318 3319 1394 3380 de
1433 3320 1675 3398 vulgari

193 3413 385 3474 dictum
411 3417 523 3487 est,
554 3413 650 3472 sic
681 3411 870 3473 etiam
899 3411 960 3470 in
979 3411 1097 3472 bac
1124 3411 1354 3474 sufficit
1367 3412 1678 3491 explicare

192 3524 347 3565 unurn
371 3511 555 3585 caput
581 3503 993 3584 impotentiae,
1028 3509 1096 3566 ut
1121 3505 1199 3565 ad
1233 3506 1444 3566 omnia
1471 3505 1676 3584 capita

191 3598 496 3660 substitutio
525 3599 700 3658 facta
727 3601 1077 3657 censeatur.
1129 3599 1211 3658 Ut
1237 3596 1286 3656 si
1332 3598 1676 3676 explicetur

193 3709 232 3748 ιι·
251 3696 516 3752 testatore
558 3707 758 3751 causa
800 3688 1281 3768 prodigalitatis„
1326 3690 1680 3751 extenditur

190 3782 250 3843 ad
275 3790 441 3864 caput
467 3783 787 3856 amentiae,
821 3787 885 3843 et
911 3801 944 3841 e
975 3786 1212 3856 contra,
1255 3785 1322 3842 ut
1349 3801 1422 3842 ex
1452 3785 1678 3844 Covar-

192 3878 353 3952 ruvia,
377 3877 652 3951 Bai-tolo,
689 3880 753 3936 et
767 3874 1122 3936 Alexandro
1153 3874 1341 3936 docet
1366 3875 1534 3936 idem
1549 3877 1678 3937 Mo-

191 3968 292 4029 lina
314 3970 388 4029 ibi
416 3970 581 4030 circa
611 3970 829 4029 finem.

252 4063 443 4123 Differt
484 4061 854 4122 substitutio
902 4060 1036 4121 haec
1065 4079 1101 4120 a
1145 4060 1436 4140 pupillari
1481 4060 1543 4121 in
1572 4061 1678 4121 ali-

192 4154 395 4233 quibus,
427 4156 658 4233 primo,
691 4153 860 4232 quod
906 4172 1031 4212 non
1078 4154 1277 4214 solum
1320 4159 1519 4231 pater,
1568 4154 1679 4216 sed

191 4255 356 4308 mater
380 4248 567 4308 etiam
618 4246 998 4307 substituere
1046 4250 1271 4323 potest,
1324 4247 1409 4307 ita
1439 4251 1508 4307 ut
1535 4246 1680 4307 sub-

191 4339 387 4400 stitutio
431 4343 701 4418 paterna
747 4339 955 4398 locum
1001 4338 1321 4401 habeatin
1348 4339 1530 4399 bonis
1571 4339 1682 4400 filii

192 4437 430 4509 exparte
471 4432 709 4509 patris;
770 4435 1056 4492 materna
1080 4450 1230 4492 vero
1275 4432 1337 4492 in
1387 4431 1480 4504 iis,
1542 4449 1682 4510 quai

191 4521 439 4585 habuerit
462 4544 536 4584 ex
568 4527 749 4602 parte
777 4522 993 4583 matris
1026 4543 1039 4583 :
1075 4522 1137 4582 in
1164 4522 1299 4583 aliis
1328 4528 1537 4585 autem
1567 4523 1680 4585 bo·

190 4616 266 4674 nis
286 4618 602 4678 dimidium
635 4615 894 4676 habebit
919 4614 1291 4676 substitutus
1323 4635 1359 4677 a
1385 4621 1586 4694 patre,
1621 4622 1683 4678 et

189 4708 477 4769 dimidium
505 4709 935 4770 substitutusa
968 4712 1191 4769 matre.
1226 4709 1445 4770 Differt
1464 4727 1683 4770 sccun-

189 4800 271 4874 do,
308 4803 465 4881 quod
516 4803 582 4862 in
632 4801 1070 4862 substitutione
1117 4801 1479 4879 exemplari,
1535 4801 1587 4861 si
1633 4802 1683 4861 is

189 4894 267 4952 eui
290 4895 570 4957 substitui
600 4894 811 4969 debet,
844 4894 1074 4954 habeat
1102 4892 1572 4969 descendenteS,
1597 4894 1685 4954 illi

189 4985 267 5045 vel
290 5005 496 5047 eorum
527 4987 759 5065 aliquis
786 4986 1080 5047 substitui
1109 4985 1318 5062 debet,
1338 4986 1589 5064 reliquis
1621 4987 1683 5046 in

191 5079 545 5152 portionibus
574 5079 694 5139 sibi
724 5078 950 5139 debitis
980 5078 1297 5139 institutis
1332 5078 1394 5139 Si
1427 5079 1686 5140 deseen-

191 5169 372 5232 dentes
400 5192 524 5232 non
572 5172 826 5248 habeat,
860 5176 924 5232 et
952 5172 1180 5232 habeat
1219 5171 1461 5248 fratres,
1497 5172 1562 5232 bi
1587 5173 1687 5233 vel

190 5264 267 5322 vel
291 5284 494 5325 eorum
525 5266 756 5345 aliquis
795 5264 1089 5326 substitui
1129 5264 1334 5326 debet.
1400 5268 1492 5326 An
1537 5285 1684 5326 vero

193 5354 326 5417 inter
364 5358 585 5419 fratres
615 5357 896 5437 praeferri
936 5356 1163 5418 debeat
1189 5357 1291 5417 ille
1312 5358 1418 5437 qui
1449 5360 1543 5420 est
1567 5359 1688 5419 fra-

193 5450 272 5505 ter
292 5467 359 5508 ex
386 5455 652 5530 utroque
680 5453 964 5529 parente,
998 5454 1058 5511 et
1086 5468 1163 5510 an
1207 5449 1433 5528 singuli
1464 5469 1693 5528 paren-

194 5542 269 5601 tes
291 5541 557 5605 debeant
602 5542 978 5606 substituere
1007 5543 1230 5606 tratres
1266 5561 1390 5604 non
1432 5544 1592 5605 filios
1618 5562 1694 5603 ex

3193 377 3306 437 loe

1774 570 1862 625 se,
1895 552 2094 613 videri
2123 556 2329 632 potest
2357 553 2524 632 apud
2554 552 2846 613 eumdem
2877 551 3181 614 Molinam
3220 552 3306 613 ibi

1775 644 1892 706 col.
1926 649 1983 706 2.
2021 645 2124 725 qui
2156 649 2372 706 contra
2400 645 2557 706 alios
2587 644 2816 705 multos
2848 644 3072 706 merito
3101 647 3301 724 putat,

1775 738 2220 798 consobrinum
2250 756 2371 797 non
2404 737 2636 798 debere
2685 735 3037 798 necessario
3081 736 3306 797 substi-

1774 829 1887 900 tui,
1921 830 2070 909 quia
2098 829 2306 908 quoad
2337 829 2457 889 hoe
2505 847 2628 888 non
2679 831 3087 906 repraesentat
3123 846 3305 887 suum

1773 925 2018 1000 patrem
2061 920 2449 995 defunctum,
2482 938 2625 981 cum
2650 938 2775 979 non
2803 919 2882 979 sit
2911 918 3000 979 ita
3029 918 3298 998 conjun-

1776 1016 1913 1074 ctus
1941 1013 2050 1089 illi,
2082 1013 2183 1073 cui
2212 1011 2682 1074 substituendus
2711 1016 2806 1072 est
2833 1010 2994 1072 sicut
3020 1011 3235 1072 frater.

1856 1106 2058 1184 Majus
2088 1105 2350 1165 dubium
2375 1110 2490 1180 est,
2523 1123 2604 1165 an
2637 1104 2771 1164 haec
2812 1103 3190 1179 substitutio,
3229 1102 3306 1163 si·
3456 1105 3569 1164 153

1778 1202 1884 1258 cut
1954 1196 2308 1276 pupillaris,
2387 1196 2720 1260 excludere
2775 1195 2971 1275 possit
3039 1199 3306 1255 matrem
3367 1229 3432 1272 A„
3451 1229 3638 1271 uelud„

1777 1290 2087 1350 amentis?
2123 1291 2199 1350 Et
2227 1290 2482 1368 quidem
2511 1288 2859 1349 communis
2888 1287 3194 1348 sententia
3221 1287 3307 1346 af·
3409 1287 3595 1325 ‘'mm'’-

1775 1381 1986 1441 firmat
2012 1399 2155 1441 cum
2184 1381 2460 1457 Bartolo,
2510 1381 2656 1460 quia
2685 1381 2761 1440 ad
2814 1379 3167 1459 exemplum
3197 1398 3307 1457 pu·

1775 1472 2010 1552 pillaris
2055 1473 2409 1534 introducta
2453 1478 2566 1534 est.
2629 1472 2862 1534 Baldus
2907 1476 3117 1533 tamen
3165 1489 3308 1531 cum

1775 1564 1913 1626 aliis
1928 1570 2152 1643 negat,
2186 1584 2374 1644 quam
2404 1566 2779 1626 sententiam
2809 1565 2873 1624 in
2903 1563 3147 1625 ratione
3177 1582 3306 1624 ma·

1776 1658 1872 1736 gis
1901 1657 2211 1735 approbat
2238 1658 2470 1719 Melina
2502 1658 2585 1717 ibi
2614 1659 2669 1735 ἓ.
2707 1656 2961 1717 Dubium
2991 1655 3165 1717 etiam
3193 1664 3314 1730 est‚·

1775 1753 1907 1811 tum
1942 1749 2169 1828 quiain
2193 1749 2311 1809 bac
2340 1749 2781 1810 substitutione
2812 1749 3035 1810 fratres
3067 1748 3313 1809 excludi

1775 1859 1901 1901 non
1930 1846 2209 1920 possunt,
2245 1847 2314 1903 ut
2339 1842 2607 1902 diximus
2642 1862 2655 1901 :
2689 1859 2839 1919 ergo
2883 1840 3088 1901 minus
3121 1840 3314 1901 debet

1777 1933 2024 1994 excludi
2053 1937 2275 2009 mater,
2320 1953 2462 2014 quae
2510 1934 2711 2012 magis
2755 1932 3088 2013 conjuncta
3116 1936 3213 1994 est
3250 1932 3310 1992 ei

1776 2026 1873 2087 cui
1920 2027 2105 2087 datur
2150 2026 2555 2099 substitutus3
2607 2032 2740 2088 tum
2779 2027 2990 2101 etiam,
3039 2024 3187 2104 quia
3234 2043 3310 2085 ex

1777 2120 2092 2181 contraria
2139 2119 2446 2180 sententia
2492 2120 2699 2193 fieret,
2733 2118 2900 2197 quod
2943 2117 3311 2179 substitutus

1775 2213 1957 2274 datus
1988 2231 2024 2271 a
2050 2216 2250 2272 matre
2298 2217 2509 2290 posset
2553 2210 2885 2271 excludere
2930 2215 3172 2289 patrem
3221 2210 3310 2289 ip-

1774 2305 1902 2367 sius
1947 2304 2235 2380 amentia,
2271 2305 2439 2383 quod
2472 2304 2699 2364 durum
2729 2308 2791 2364 et
2837 2303 3181 2363 absurdum
3213 2301 3307 2362 vi-

1776 2399 1979 2460 detur.
2013 2397 2271 2475 Expirat
2316 2397 2584 2475 denique
2617 2394 2749 2456 hoec
2778 2395 3158 2471 substitutio,
3202 2393 3308 2454 ubi

1775 2490 2049 2569 primum
2101 2488 2623 2567 impedimentum
2679 2487 2828 2547 illud
2882 2489 3205 2561 cessasset,
3258 2485 3312 2546 si

1776 2586 1986 2644 tamen
2039 2582 2266 2641 iterum
2313 2582 2568 2656 rediret,
2618 2581 3087 2655 reconvalescit,
3123 2579 3305 2639 dum-

1774 2673 1965 2735 modo
2011 2678 2221 2734 tamen
2277 2679 2561 2733 cessante
2619 2672 3068 2749 impedimento
3117 2675 3303 2733 testa·

1775 2769 2054 2827 mentum
2086 2764 2324 2825 nullum
2371 2763 2608 2825 fecerit.
2667 2764 2879 2824 lmosi
2909 2767 3053 2825 ante
3098 2780 3307 2822 amen-

1775 2859 1926 2921 tiam
1955 2861 2218 2919 testatus
2240 2855 2374 2934 jam
2403 2857 2628 2932 fuerat,
2650 2874 2792 2916 eum
2821 2856 2916 2916 sui
2930 2855 3089 2935 juris
3118 2857 3303 2931 esset,

1776 2969 1898 3012 non
1932 2950 2097 3011 valet
2122 2949 2482 3011 substitutio
2514 2949 2888 3028 exemplaris
2909 2948 2966 3008 ei
2984 2948 3171 3022 faeta,
3197 2947 3304 3007 sed

1774 3061 1919 3105 cum
1953 3042 2056 3103 illo
2086 3041 2339 3121 proprio
2368 3045 2741 3102 testamento
2773 3040 3039 3104 decedit.
3069 3039 3205 3100 Alia
3227 3039 3302 3099 ad

1775 3136 1937 3197 hanc
1967 3134 2496 3211 substitutionem,
2531 3139 2592 3195 et
2623 3133 2827 3194 varias
2856 3132 3153 3194 formulas
3174 3131 3306 3211 qui-

1773 3229 1891 3290 bus
1937 3228 2072 3288 fleri
2110 3231 2336 3305 potest,
2390 3225 2763 3305 pertinentia
2809 3225 3003 3287 videri
3047 3228 3308 3305 possunt

1775 3320 1942 3401 apud
1971 3319 2268 3382 Molinam
2296 3319 2432 3379 loeo
2462 3318 2670 3380 citat0.

1856 3411 2462 3474 Fideicommissaria
2498 3411 2853 3472 substitutio
2883 3416 2978 3471 est
3003 3410 3305 3471 substitu-
3453 3430 3566 3490 154

1773 3506 1859 3569 tio
1914 3505 2241 3580 indirecta,
2287 3524 2395 3565 seu
2438 3504 2713 3583 obliqua,
2747 3522 2874 3584 qua
2926 3502 3299 3564 substitutus
3357 3555 3416 3598 ne
3447 3554 3650 3597 mumu-

1776 3616 1901 3658 non
1949 3596 2293 3657 instituitur
2312 3596 2578 3671 directe,
2628 3595 2737 3656 sed
2785 3596 2939 3656 alter
2987 3594 3304 3656 institutus
3378 3607 3632 3670 unaquaeq-

1776 3694 2033 3768 rogatur
2079 3689 2136 3749 ei
2166 3693 2385 3763 totum,
2418 3689 2515 3748 vel
2545 3691 2787 3766 partem
2828 3687 3104 3766 aliquam
3133 3685 3305 3747 resti·
3355 3672 3649 3705 ⁶⁰⁸¹⁰¹“⁸⁸‘“‘

1775 3786 1973 3844 tuere.
2025 3783 2229 3853 Quare
2259 3781 2319 3840 in
2351 3780 2467 3841 hac
2516 3779 2887 3842 substitutus
2928 3798 3052 3839 non
3083 3778 3308 3857 accipit

1775 3875 2101 3955 directeffet
2127 3872 2490 3933 immediate
2519 3891 2556 3932 a
2601 3875 2921 3942 testatore,
2956 3870 3066 3931 sed
3095 3888 3134 3930 a
3159 3889 3307 3949 gra-

1776 3971 1919 4029 vato
1950 3973 2012 4027 et
2039 3965 2173 4043 ejus
2201 3965 2568 4040 ministerio,
2591 3969 2652 4025 et
2681 3964 2821 4024 ideo
2851 3963 3138 4024 codicillo
3170 3962 3306 4023 fieri

1777 4064 2004 4140 potest,
2038 4077 2161 4137 quo
2193 4057 2424 4117 haeredi
2457 4075 2613 4117 onus
2642 4056 2876 4135 imponi
2906 4060 3112 4135 potest
3136 4074 3148 4116 :
3170 4055 3308 4115 alioe

1780 4158 1991 4214 autem
2034 4150 2527 4226 substitutioneS,
2559 4150 2611 4210 si
2654 4148 2941 4210 codicillo
2989 4149 3165 4225 fiant,
3200 4147 3310 4209 de-

1778 4246 1930 4306 bent
1957 4249 2027 4305 ut
2058 4245 2329 4319 valeant,
2362 4243 2586 4304 resolvi
2617 4262 2693 4303 ex
2721 4242 3192 4321 interpretativa
3205 4260 3309 4302 vo-

1777 4338 2016 4399 luntate
2039 4336 2358 4399 testatoais
2385 4338 2447 4397 in
2470 4336 2973 4397 substitutionem
2994 4335 3310 4396 fideicom-

1779 4430 2153 4505 missariam,
2186 4434 2254 4491 ut
2281 4430 2660 4491 dictumest.
2698 4430 2853 4490 Hine
2876 4433 3150 4505 est,ante
3180 4426 3311 4488 adi·

1780 4529 1910 4586 tam
1940 4522 2370 4582 haereditatem
2399 4522 2478 4582 ab
2527 4522 2778 4583 haerede
2818 4525 3105 4599 gravato,
3138 4518 3314 4579 fidei-

1782 4615 2281 4677 commissarium
2338 4614 2706 4692 regulariter
2735 4613 2885 4673 nibil
2916 4613 3145 4673 habere
3175 4630 3314 4691 pos-

1782 4728 1847 4769 se
1881 4729 1894 4769 ;
1930 4711 2134 4787 potest
2179 4712 2387 4768 tamen
2433 4712 2645 4786 petere
2699 4712 2768 4768 ut
2813 4711 3075 4785 cogatur
3112 4704 3315 4767 haeres

1783 4800 1988 4863 officio
2010 4799 2243 4879 judicis
2273 4806 2600 4878 acceptare
2634 4799 3066 4862 haereditatem
3096 4803 3160 4859 et
3187 4801 3317 4860 sta-

1784 4894 1896 4953 tim
1927 4892 2275 4953 restituere.
2329 4891 2392 4953 Si
2434 4897 2646 4953 autem
2692 4896 2945 4970 rogatus
2992 4891 3108 4952 suit
3140 4889 3317 4951 resti-

1786 4992 1959 5047 tuere
1988 4988 2128 5063 post
2170 4984 2654 5063 quadriennium
2709 4985 2932 5059 haeres,
2966 4987 3029 5044 et
3069 4980 3317 5043 iuterim

1788 5078 1957 5138 adita
1985 5077 2352 5138 haereditate
2383 5076 2463 5138 ob
2493 5077 2790 5139 delictum
2820 5075 2953 5154 ejus
2981 5075 3147 5136 bona
3167 5092 3319 5135 con-

1787 5171 2104 5246 fiscentur,
2140 5170 2304 5229 bona
2349 5170 2664 5249 pertinent
2708 5187 2830 5228 non
2877 5167 2957 5227 ad
3003 5167 3321 5230 fideicom-

1790 5263 2166 5339 missarium,
2218 5262 2439 5322 sed-ad
2484 5264 2706 5323 fiscum
2759 5279 2871 5339 per
2926 5264 3124 5321 totum
3166 5277 3321 5339 qua-

1794 5356 2171 5430 driennium,
2204 5354 2246 5415 l.
2280 5353 2512 5415 Statius
2543 5353 2774 5429 Florus,
2806 5352 2863 5432 ἓ.
2900 5351 3226 5429 Cornelius,
3252 5354 3312 5415 ff.

1790 5447 2008 5526 dejure
2033 5447 2184 5529 fisci.
2220 5447 2345 5508 Nisi
2372 5451 2634 5509 testator
2664 5446 2845 5508 aliter
2874 5446 3314 5525 disposuisset,

1793 5544 1980 5622 prout
2022 5541 2100 5603 de
2140 5541 2303 5607 facto
2350 5544 2678 5603 testatores
2723 5541 2787 5604 in
2823 5538 3321 5605 fideicommissis
