4263 6376
144 1587 188 1645 to

1265 301 1734 364 DISPUTATIO
1779 299 1967 372 XXV,
2018 298 2292 358 SECTIO
2338 297 2495 357 VIII.

700 802 1119 887 SEG'I'IO
1208 805 1377 888 I'lll.

297 1111 498 1168 Utrum
523 1104 604 1168 sit
633 1125 853 1181 usura,
886 1106 1137 1192 fructus
1151 1106 1452 1191 pay-noris
1479 1128 1615 1172 *non
1646 1126 1806 1173 com-

358 1219 577 1294 pacare
609 1208 681 1274 in.
707 1221 962 1287 sortem,
1017 1221 1072 1276 et
1102 1212 1261 1296 quid
1288 1213 1361 1276 de
1381 1212 1657 1297 piqnore
1676 1234 1803 1298 pro

362 1317 513 1391 dote,
549 1315 661 1379 ube·
686 1316 878 1380 etiam
909 1318 981 1381 de
1010 1318 1140 1401 {eye
1160 1317 1618 1383 commissoria.

359 1579 965 1657 comprehendemus
995 1580 1114 1642 hac
1156 1581 1429 1643 sectione
1461 1600 1535 1641 ea
1565 1582 1799 1658 omnia,

144 1710 234 1764 η..-
293 1691 416 1751 quae
441 1673 518 1732 ad
546 1673 790 1734 fructus
819 1674 1099 1752 pignoris
1128 1693 1241 1753 pro
1273 1674 1484 1736 debito
1505 1675 1638 1736 dati
1671 1693 1805 1753 per-

145 1776 249 1859 fgffi
292 1765 470 1825 tinent
495 1765 553 1823 in
586 1766 809 1826 ordine
830 1766 908 1826 ad
941 1785 1218 1826 usuram.
1253 1767 1320 1826 In
1345 1766 1562 1845 primis
1590 1772 1802 1829 autem

145 1876 226 1912 ιω.
289 1857 595 1918 statuenda
627 1863 727 1919 est
751 1859 968 1935 regula
996 1859 1307 1936 generalis
1338 1863 1401 1919 et
1427 1860 1798 1936 communiS,

138 4089 174 4146 ll

289 1949 440 2027 quod
468 1950 705 2010 fructus
737 1950 1014 2029 pignoris
1044 1950 1277 2011 debent
1319 1950 1380 2010 in
1413 1956 1653 2030 partem
1675 1971 1802 2012 sor·

288 2042 354 2101 tis
392 2042 609 2102 debitae
654 2043 1043 2121 computari;
1096 2043 1374 2122 alioquin
1422 2045 1541 2105 erit
1587 2064 1796 2119 usura,

284 2150 411 2192 eum
451 2134 724 2194 creditor
762 2153 834 2194 ex
877 2140 1097 2196 mutus
1144 2136 1385 2196 lucrum
1432 2136 1586 2197 illud
1634 2137 1800 2199 ultra

3312 288 3425 345 217

1906 472 2099 535 tanda
2135 472 2215 533 sit
2242 491 2385 533 cum
2416 470 2724 549 expensis,
2760 468 2862 528 vix
2888 464 3125 544 aliquid
3154 480 3442 524 remane-

1905 564 2018 640 bit,
2070 565 2273 625 soluto
2319 564 2518 643 pretio
2550 560 2871 621 industriae
2902 564 2964 619 et
2989 556 3263 628 laboris;
3299 572 3439 634 par-

1905 657 2016 718 tim
2048 657 2194 736 quia
2223 656 2512 717 dominus
2539 654 2675 733 agri
2706 654 3068 732 frequenter
3095 665 3441 729 praesume-

1903 753 2007 811 tur
2035 768 2142 809 eos
2172 750 2409 809 fructus
2442 747 2779 808 liberaliter
2821 744 3177 805 condonare
3219 740 3440 820 pigno-

1905 841 2158 917 ratari0,
2181 842 2285 920 qui
2317 860 2425 901 sua
2450 839 2753 900 industria
2773 856 2995 915 agrum
3017 834 3228 910 coluit,
3251 850 3439 912 quem

1903 934 2034 1012 ipse
2066 939 2135 994 ut
2162 935 2435 994 sterilem
2467 933 2598 992 sine
2628 932 2871 993 cultura
2889 927 3299 1008 relinquebat.
3327 923 3438 986 Cui

1902 1028 2227 1088 sententiae
2256 1028 2461 1087 favere
2492 1026 2784 1086 videntur
2812 1026 2986 1102 Vega
3011 1022 3184 1081 verb.
3229 1033 3432 1094 usura,

1905 1137 2053 1180 casu
2098 1124 2198 1180 55.
2252 1125 2313 1181 ct
2356 1119 2515 1180 Lud.
2564 1121 2768 1196 Lopez
2817 1133 2884 1177 11.
2937 1121 3100 1194 part.
3152 1113 3431 1174 Instruct.

1903 1229 2041 1289 cap.
2077 1229 2207 1273 Lm.

1982 1304 2254 1365 Adverte
2284 1304 2507 1382 primo,
2541 1303 2621 1364 ad
2642 1301 2963 1363 vitandam
2992 1317 3245 1359 usuram
3269 1297 3434 1357 circa

1901 1395 2140 1456 tructus
2167 1397 2445 1475 pignoris
2477 1397 2783 1476 optimum
2814 1393 3162 1454 remedium
3196 1408 3354 1464 esse,
3381 1387 3434 1448 si

1900 1488 1964 1548 id
1996 1489 2165 1568 quod
2194 1489 2378 1549 datur
2406 1489 2538 1563 tibi,
2573 1507 2698 1549 non
2729 1487 2911 1547 detur
2937 1486 2997 1545 in
3028 1484 3288 1563 pignus,
3323 1481 3432 1540 sed

1901 1582 2211 1643 vendatur
2237 1601 2348 1660 pro
2378 1581 2609 1657 debitn,
2630 1600 2769 1641 cum
2793 1583 2973 1658 pacto
2997 1574 3437 1639 retrovenden-

1904 1673 1987 1749 di,
2022 1675 2273 1753 quando
2303 1675 2471 1734 idem
2503 1673 2772 1752 pretium
2802 1672 2912 1733 tibi
2941 1670 3262 1742 reddatur,
3288 1685 3434 1727 cum

1883 1762 2067 1826 'enim
2116 1787 2228 1846 per
2272 1768 2696 1828 venditionem
2741 1766 2941 1826 factus
2982 1763 3065 1823 sis
3117 1761 3430 1837 dominuS,

1900 1859 2138 1921 fructus
2183 1860 2483 1939 temporis
2531 1858 2882 1920 intermedii
2927 1856 3007 1916 ad
3054 1860 3114 1916 te
3161 1854 3434 1933 pertiue-

1899 1952 2077 2028 bunt,
2114 1952 2265 2013 dum
2295 1958 2505 2013 tamen
2535 1952 2845 2012 vendatur
2872 1949 3070 2028 pretio
3111 1947 3282 2026 justo
3312 1946 3435 2006 sal-

1899 2049 2026 2106 tem
2070 2045 2320 2116 infimo;
2357 2045 2628 2123 alioquin
2654 2045 3068 2122 praesumetur
3094 2058 3283 2100 usura
3305 2037 3433 2117 pal-

1900 2138 2070 2199 liuta.
2125 2139 2398 2199 Adverte
2447 2137 2635 2198 etiam
2682 2140 2829 2197 tunc
2876 2133 3144 2213 pretium
3192 2131 3433 2209 justum

284 2232 494 2285 sortem
523 2227 832 2304 accipiat,
877 2233 946 2287 ut
992 2232 1204 2287 contat
1232 2247 1306 2286 ex
1336 2228 1522 2306 capit.
1559 2246 1612 2288 ι.
1638 2234 1699 2290 et
1727 2208 1842 2330 ιι.)
1900 2249 2080 2308 posse
2113 2249 2247 2289 esse
2278 2231 2439 2290 infra
2470 2229 2737 2308 pretium
2753 2244 3107 2301 commune,
3130 2224 3277 2303 quia
3294 2240 3432 2301 pro-

283 2317 343 2377 de
364 2319 564 2395 usum's,
597 2338 741 2398 cap.
778 2318 926 2379 Cum
955 2328 1179 2396 contra,
1214 2338 1350 2398 cap.
1386 2321 1797 2402 Siqm'fi'cante,
1901 2328 2037 2400 pter
2064 2328 2318 2401 pactum
2348 2319 2831 2382 retrovendendi
2852 2317 3205 2397 appositum
3226 2314 3432 2374 minus

283 2410 343 2471 de
357 2411 719 2492 ptqnoribns,
754 2430 892 2490 cap.
929 2411 1033 2473 Ad
1055 2422 1314 2473 nostram
1337 2460 1353 2490 ,
1400 2430 1444 2475 1.
1477 2413 1546 2475 de
1555 2415 1797 2497 jureju-

282 2503 468 2580 raudo,
503 2505 542 2565 1.
580 2521 625 2565 1.
661 2510 728 2565 et
757 2521 823 2564 11.
859 2503 927 2565 de
941 2505 1331 2585 piynoratt'tia
1361 2507 1619 2583 actione,
1670 2508 1712 2569 1.
1750 2526 1792 2568 1.

282 2598 340 2666 C,
367 2595 431 2656 de
455 2596 832 2658 detractam
848 2597 1021 2678 piqn.
1059 2599 1235 2659 Ratio
1263 2603 1473 2660 autem
1506 2605 1619 2676 est,
1654 2601 1801 2679 quia

281 2708 368 2748 res
393 2690 640 2750 domino
664 2708 779 2750 suo
808 2691 1183 2751 fructificare
1214 2692 1402 2753 debet
1421 2692 1799 2771 ubicumque

282 2781 379 2851 sit;
425 2801 564 2842 cum
595 2801 750 2862 ergo
780 2782 1005 2862 pignus
1035 2783 1243 2844 adhuc
1270 2784 1352 2845 sit
1377 2784 1493 2845 sub
1524 2784 1798 2847 dominio

283 2875 558 2935 debitoris
582 2922 598 2950 ,
633 2876 877 2936 fructus
907 2877 1118 2937 statim
1161 2877 1238 2936 ad
1282 2878 1631 2938 debitorem
1659 2897 1800 2956 spe-

282 2973 452 3043 ctant,
485 2974 544 3029 et
574 2968 628 3027 ei
661 2968 897 3029 debent
925 2968 1057 3027 dari
1080 3014 1095 3044 ,
1130 2969 1229 3027 vel
1275 2969 1338 3028 in
1370 2973 1602 3030 sortem
1632 2988 1799 3031 com-

281 3061 488 3137 putari,
521 3060 639 3119 nisi
669 3061 754 3121 sit
782 3060 938 3120 alius
968 3061 1181 3121 titulus
1212 3079 1317 3121 eos
1361 3068 1534 3122 extra
1565 3068 1798 3125 sortem

280 3153 600 3231 accipiendi
628 3201 644 3230 ,
683 3158 753 3214 ut
783 3152 995 3213 damni
1024 3155 1434 3233 emergentiS,
1482 3155 1636 3217 lucri
1666 3174 1800 3218 ces-

280 3246 489 3316 santis,
539 3265 749 3324 poenae
798 3247 1290 3308 conventionalis
1328 3246 1513 3326 justae
1560 3255 1678 3311 etc.
1710 3251 1797 3310 vi-

281 3337 481 3399 deatur
507 3340 745 3400 Melina
770 3339 1000 3417 disput.
1034 3344 1170 3401 320.
1199 3342 1446 3401 Lessius
1466 3343 1631 3404 dicto
1654 3361 1792 3423 cap.

281 3431 399 3492 XX.
431 3432 577 3492 dub.
611 3449 745 3492 xvl.
781 3437 842 3492 et
870 3433 1024 3493 alios
1054 3452 1400 3511 congerens
1436 3436 1612 3496 Salas
1641 3437 1791 3498 dub.

279 3538 476 3584 xxv111.
527 3525 776 3585 Debent
819 3530 1029 3585 autem
1075 3527 1425 3602 computari
1466 3527 1703 3589 fructus
1733 3529 1794 3589 in

279 3622 511 3690 sortem,
544 3617 837 3677 deductis
870 3618 1156 3696 expensis
1187 3618 1476 3680 omnibus
1500 3666 1515 3696 ,
1565 3621 1629 3679 in
1660 3622 1797 3700 qui-

279 3707 380 3767 bus
403 3710 677 3783 Toleras,
713 3710 1030 3784 Mercado‚
1067 3713 1129 3770 et
1159 3712 1332 3788 Vega
1357 3757 1372 3787 ,
1407 3730 1563 3790 quos
1592 3713 1794 3792 sequi-

279 3803 368 3859 tur
393 3802 561 3861 Salas
609 3820 783 3861 num.
817 3804 876 3861 3.
926 3802 1150 3863 merito
1183 3802 1400 3864 dicunt
1428 3811 1795 3882 computan-

281 3891 412 3952 dum
439 3894 720 3955 laborem
750 3895 938 3955 etiam
969 3895 1296 3956 creditoris
1345 3915 1358 3956 :
1413 3915 1594 3957 nemo
1627 3898 1793 3958 enim

281 3985 439 4045 alteri
463 3987 658 4064 gratis
689 3987 975 4048 laborare
1005 3987 1214 4051 debet.

349 4079 493 4140 Huic
520 4080 842 4141 communi
873 4080 1170 4141 doctrinae
1201 4098 1275 4140 ex
1316 4087 1492 4161 parte
1521 4103 1656 4144 sese
1686 4103 1792 4163 op-

282 4171 436 4247 ponit
477 4175 661 4234 Sotus
705 4172 775 4233 de
817 4172 1060 4233 lustitia
1111 4179 1330 4252 quaest.
1367 4177 1561 4238 1.'art.
1600 4181 1660 4240 2.
1702 4179 1791 4239 di-

281 4281 410 4324 cens
432 4312 446 4340 ,
493 4266 556 4326 id
587 4285 711 4327 non
744 4267 1084 4345 procedere
1115 4268 1366 4345 quando
1409 4269 1656 4331 debitor
1682 4271 1793 4331 de-

282 4357 359 4417 dit
385 4377 487 4436 pro
518 4361 781 4439 pignore
807 4378 1030 4437 agrum
1078 4360 1353 4421 sterilem
1383 4407 1399 4437 ,
1444 4381 1630 4440 quem
1658 4363 1791 4441 ipse

281 4467 386 4509 non
411 4452 677 4529 volebat,
712 4471 827 4512 nec
855 4452 1097 4514 solebat
1124 4453 1329 4513 colere
1349 4500 1364 4530 ,
1413 4460 1475 4515 et
1520 4456 1791 4518 creditor

279 4560 378 4602 sua
403 4544 706 4606 industria
753 4545 990 4623 colligit
1031 4546 1312 4607 modicos
1366 4547 1624 4609 fructuS.
1660 4552 1790 4610 Hoc

278 4642 467 4698 autem
498 4639 630 4700 Soti
683 4638 920 4700 dictum
968 4640 1511 4717 comprehendunt
1553 4643 1788 4704 Navar-

278 4747 370 4789 rus
398 4731 452 4790 in
481 4732 740 4792 manual.
775 4750 913 4810 cap.
946 4749 1102 4793 xvn.
1156 4751 1328 4793 num.
1377 4737 1516 4795 616.
1557 4736 1788 4796 Molina

279 4821 370 4882 ubi
395 4844 597 4903 supra.
631 4825 880 4886 Lessius
910 4845 971 4886 n.
1008 4828 1143 4887 137.
1180 4831 1241 4887 et
1271 4826 1447 4887 Salas
1477 4847 1537 4888 n.
1560 4831 1619 4889 5.
1641 4831 1787 4908 quia

280 4914 489 4978 fructus
516 4918 646 4978 sive
672 4917 925 4996 magni,
976 4918 1107 4978 sive
1137 4918 1311 4996 parvi
1337 4965 1352 4995 ,
1397 4918 1631 4980 domini
1660 4927 1785 4982 sta—

278 5007 371 5067 tim
422 5011 594 5073 fiunt.
660 5013 811 5072 Cum
871 5012 1019 5072 Soto
1076 5015 1285 5072 tamen
1339 5014 1648 5074 consentit
1703 5015 1785 5074 Sa

277 5102 429 5164 verb.
454 5104 686 5184 piqnus,
719 5123 782 5164 n.
823 5107 880 5165 9.
914 5105 992 5164 Et
1020 5104 1273 5182 quidem
1302 5104 1381 5164 de
1411 5123 1476 5164 re
1505 5106 1634 5165 fere
1659 5125 1782 5167 non

277 5194 380 5255 erit
419 5196 737 5261 dissensio,
792 5196 1229 5258 communitur
1271 5197 1434 5257 enim
1469 5199 1638 5258 nulla
1667 5200 1784 5261 erit

277 5284 545 5366 obligatio
600 5291 839 5350 {ructus
902 5290 1040 5350 illos
1093 5290 1375 5351 modicos
1428 5291 1492 5350 in
1543 5296 1776 5354 sortem

276 5383 673 5459 computandi,
708 5383 935 5462 partim
965 5383 1112 5463 quia
1139 5402 1282 5443 cum
1312 5384 1617 5446 industria
1646 5403 1775 5445 cre·

1898 2415 2167 2495 pretium
2199 2416 2277 2475 ab
2307 2419 2587 2493 emptore
2618 2410 2994 2489 exigendum
3026 2414 3150 2485 est,
3185 2412 3255 2468 ut
3282 2426 3433 2467 con-

1900 2513 2022 2569 stat
2075 2508 2139 2567 in
2195 2527 2383 2568 censu
2439 2504 2805 2577 redimibili‚
2840 2504 2948 2582 qui
2976 2502 3171 2563 multo
3202 2499 3431 2560 minori

1899 2601 2098 2679 pretio
2127 2600 2355 2660 emitur
2383 2618 2571 2679 quam
2601 2595 3013 2658 irredimibili.
3054 2597 3122 2654 In
3164 2593 3283 2654 hoc
3323 2610 3432 2654 au-

1900 2698 2023 2754 tem
2056 2712 2225 2770 casu,
2261 2694 2309 2753 si
2340 2713 2438 2753 res
2467 2691 2636 2771 apud
2665 2695 2724 2750 te
2755 2691 3001 2767 pereat,
3058 2686 3246 2749 etiam
3298 2686 3430 2745 sine

1901 2785 2024 2845 ulla
2052 2787 2257 2863 culpa,
2291 2785 2402 2846 tibi
2433 2783 2623 2863 perit,
2671 2782 2777 2862 qui
2824 2780 2951 2861 jam
2994 2781 3194 2840 factus
3224 2797 3292 2838 es
3322 2777 3428 2838 do-

1895 2878 2124 2954 minuS,
2160 2898 2283 2939 non
2314 2876 2643 2939 venditori.

1977 2971 2250 3032 Adverte
2280 2969 2577 3046 secundo,
2609 2966 2660 3028 si
2690 2966 2946 3029 deturin
2970 2965 3196 3045 pignus
3212 2963 3424 3039 vestie,

1896 3063 1994 3123 vel
2022 3063 2260 3142 aliquid
2290 3062 2459 3141 quod
2490 3081 2602 3122 usu
2632 3061 2920 3122 atteritur
2940 3106 2955 3136 ,
3006 3077 3149 3118 cum
3178 3056 3431 3117 licentia

1895 3156 2113 3217 utendi
2142 3155 2246 3218 tali
2278 3174 2367 3232 re,
2401 3173 2654 3215 usuram
2686 3172 2819 3215 esse
2845 3174 2860 3227 ;
2905 3153 2956 3213 si
2995 3155 3207 3212 autem
3237 3149 3432 3211 credi-

1895 3249 2060 3309 ditor
2105 3268 2174 3308 rc
2220 3249 2325 3307 illa
2366 3252 2581 3308 utatur
2623 3246 2757 3307 sine
2806 3245 3057 3306 licentia
3104 3242 3424 3319 debitoriS,

1895 3342 2181 3420 peccabit
2234 3345 2450 3402 contra
2496 3339 2828 3419 justitiam,
2888 3337 3004 3398 nisi
3062 3336 3222 3397 forte
3281 3354 3429 3396 usus

1895 3435 1995 3495 ille
2025 3435 2210 3496 cedat
2237 3435 2298 3494 in
2329 3434 2659 3495 utilitatem
2690 3431 2884 3509 ipsius
2924 3429 3224 3509 pignoriS,
3259 3428 3427 3507 quod

1892 3547 2006 3608 per
2031 3545 2157 3587 non
2188 3546 2369 3588 usum
2399 3527 2639 3587 facilius
2668 3527 3163 3586 consumeretur.
3200 3522 3429 3582 Videa-

1894 3627 1993 3682 tur
2022 3621 2199 3684 Salas
2241 3639 2412 3680 num.
2447 3623 2506 3681 6.
2544 3618 2646 3699 qui
2698 3617 2851 3678 alios
2894 3616 3097 3677 affert.
3144 3617 3276 3675 Hac
3323 3631 3429 3675 oc-

1893 3714 2164 3776 cesione.

1973 3807 2243 3868 Dubium
2263 3806 2536 3885 primum
2557 3805 2827 3866 occurrit
2847 3804 2924 3863 de
2952 3802 3056 3863 illo
3074 3803 3418 3873 contractu,

1892 3901 1999 3978 qui
2028 3900 2090 3959 in
2121 3899 2297 3959 ltalia
2327 3899 2619 3978 frequens
2652 3902 2747 3959 est
2767 3944 2783 3973 ‚
2840 3901 2904 3957 et
2929 3895 3115 3973 vulgo
3147 3892 3425 3971 appella-

1890 3998 2013 4069 tur,
2045 4013 2080 4052 α
2107 3990 2336 4071 qodere‚
2372 4010 2494 4070 quo
2526 3990 2637 4051 das
2664 3990 2824 4052 Titio
2855 3988 3022 4048 mille
3052 4004 3274 4047 aureos
3299 4031 3315 4063 ,
3362 3990 3424 4046 et

1890 4087 2021 4166 ipse
2050 4085 2322 4145 vicissim
2354 4084 2463 4145 dat
2488 4083 2599 4144 tibi
2629 4101 2809 4143 suam
2840 4081 3095 4142 domum
3121 4125 3136 4155 ,
3181 4096 3302 4157 qua
3332 4077 3421 4137 uti

1891 4184 1952 4239 et
1979 4179 2096 4238 frui
2129 4177 2349 4257 possiS,
2385 4176 2683 4255 quamdiu
2712 4175 2843 4254 ipse
2877 4172 3065 4233 habet
3092 4170 3422 4251 pecuniam

1890 4272 2082 4348 illam,
2115 4272 2201 4332 ita
2231 4275 2300 4331 ut
2326 4269 2572 4349 quotics
2599 4270 2732 4347 ipse
2762 4266 2913 4327 velit
2939 4265 3205 4326 reddere
3237 4282 3422 4343 pecu-

1888 4365 2079 4439 niam,
2113 4362 2214 4424 vel
2241 4367 2308 4424 tu
2338 4363 2488 4422 veIIs
2519 4362 2576 4421 ei
2619 4361 2883 4420 reddere
2928 4358 3218 4434 domum,
3267 4375 3419 4417 con-

1886 4460 2120 4519 tractus
2151 4454 2526 4532 dissolvatur
2546 4500 2561 4530 ,
2610 4459 2672 4514 et
2697 4451 2922 4530 singuli
2954 4450 3223 4510 reddant
3251 4448 3419 4528 quod

1886 4554 2302 4628 acceperunt,
2337 4549 2413 4607 de
2444 4565 2567 4626 quo
2597 4547 2727 4625 agit
2754 4549 2917 4606 Azor
2955 4544 3058 4604 111.
3094 4547 3256 4621 part.
3309 4543 3416 4603 lib.

1887 4661 1969 4704 1x.
2007 4661 2145 4720 cap.
2180 4658 2281 4702 xx.
2315 4639 2632 4701 Bonacina
2678 4639 2838 4717 disp.
2874 4654 2968 4698 111.
3002 4635 3071 4696 de
3109 4634 3422 4696 contracti-

1884 4735 2007 4812 bus,
2040 4755 2145 4814 qu.
2182 4751 2249 4794 11.
2285 4737 2498 4812 punct.
2537 4750 2647 4793 vlt.
2680 4733 2736 4810 ς.
2773 4735 2828 4792 1.
2864 4751 2971 4791 nu.
3005 4735 3064 4791 7.
3101 4728 3422 4789 Homobo-

1885 4848 2001 4889 nus
2028 4828 2097 4888 de
2124 4846 2313 4888 exam.
2347 4825 2575 4886 Eccles,
2610 4830 2769 4903 part.
2793 4842 2860 4885 11.
2895 4823 3211 4884 Filliucius
3235 4824 3413 4882 tract.

1882 4922 2158 4982 XXXVI.
2205 4937 2342 4998 cap.
2377 4937 2436 4979 v.
2472 4938 2532 4979 n.
2567 4921 2665 4980 90.
2718 4917 3036 4978 Moll'esius
3080 4915 3141 4973 in
3173 4914 3418 4974 Summa

1881 5019 2032 5076 tom.
2070 5015 2145 5073 11.
2182 5016 2343 5073 tract
2370 5028 2487 5072 xn.
2511 5030 2647 5090 cap.
2676 5028 2837 5070 viu.
2871 5012 3047 5069 n.47.
3071 5009 3410 5068 Covarruv.

1881 5109 1982 5167 111.
2017 5106 2226 5167 variar
2272 5105 2524 5165 resolut.
2573 5122 2710 5181 cap.
2747 5119 2830 5162 1x.
2879 5122 2941 5163 n.
2983 5103 3042 5162 3.
3095 5099 3417 5161 Conradus

1880 5199 1950 5261 de
1977 5197 2364 5260 contractibus
2392 5198 2575 5257 resol.
2609 5200 2707 5258 28.
2743 5198 2805 5255 ct
2832 5198 2933 5255 82.

1960 5295 2035 5353 Et
2065 5291 2319 5371 quidem
2346 5290 2395 5350 si
2428 5290 2741 5366 utrimque
2772 5287 3026 5348 daretur
3070 5304 3169 5345 res
3200 5284 3411 5347 fructi-

1875 5386 2027 5460 fera,
2063 5389 2131 5445 ut
2161 5383 2382 5443 domus
2412 5386 2474 5442 et
2501 5381 2730 5442 fundus
2753 5426 2768 5456 ,
2821 5383 3175 5441 contractus
3204 5377 3408 5439 licitus

3579 3798 3689 3856 ¹33

3473 3922 3533 3966 De
3558 3930 3767 3967 contractu

3491 3976 3649 4027 Italico,
3671 3979 3739 4032 qui

3538 4030 3699 4081 dicitur,

3515 4096 3537 4125 ι
3554 4083 3725 4138 godet-e.

3568 5289 3673 5346 132

3501 5391 3560 5432 Αη
3580 5392 3708 5454 possit

3506 5458 3638 5486 cusan
3660 5446 3754 5486 tilu-

277 5469 470 5535 ditoris
497 5476 754 5538 colentis
781 5495 1005 5555 agrum
1032 5476 1207 5537 illum
1227 5477 1775 5556 sterilemcompu—
1876 5484 1938 5539 et
1960 5478 2167 5559 justus
2210 5480 2409 5552 esset,
2471 5476 2522 5535 si
2566 5480 2814 5536 sevetur
2871 5472 3194 5554 {equalitas
3241 5471 3403 5536 inter
3454 5457 3752 5545 meffifioni,
