4263 6376
662 1561 692 1621 1

552 1683 778 1749 Εωριίιῃο

866 369 981 429 262

1353 868 1775 954 sssc‘rlo
1854 870 1901 949 Ι.

897 1176 1051 1253 Quid
1070 1176 1149 1237 sit
1174 1174 1406 1257 emptio,
1429 1182 1484 1235 et
1512 1171 1784 1250 venditio,
1803 1181 1857 1233 et
1885 1171 2168 1253 quomodo
2185 1171 2370 1253 perfi-

1616 1288 1734 1342 tur.

949 1543 1332 1623 Emptionis,
1384 1546 1447 1603 et
1475 1540 1849 1602 venditionis
1875 1559 2025 1601 usus
2056 1541 2399 1619 antiquitus

814 1694 819 1701 ,
870 1637 1176 1711 nonfuit,
1227 1636 1337 1696 sed
1382 1633 1859 1714 permutationis
1909 1653 1923 1694 ε
1975 1633 2018 1692 ii
2049 1634 2255 1711 enim,
2291 1635 2399 1713 qui

524 1738 706 1784 vendfflo
680 1739 820 1794 equid
866 1732 1072 1795 tritico
1106 1730 1395 1808 egebant,
1429 1727 1666 1787 dabant
1691 1744 1804 1806 pro
1835 1726 1937 1786 illo
1970 1726 2207 1800 vinum,
2242 1746 2302 1788 v.
2329 1747 2391 1805 g.

639 1792 710 1834 nil.

541 5019 751 5073 Quomodo

528 5074 685 5139 diflerat
717 5075 770 5118 ab

501 5181 793 5224 contractibus.

873 1825 967 1886 vel
996 1823 1200 1884 oleum
1226 1868 1240 1898 ,
1289 1838 1411 1899 quo
1441 1818 1885 1894 abundabant,
1944 1822 2008 1879 et
2034 1819 2121 1879 sic
2153 1819 2229 1879 de
2258 1820 2397 1880 aliis

864 1918 1055 1979 rebus
1105 1935 1120 1976 :
1171 1913 1340 1993 quod
1385 1917 1596 1974 tamen
1627 1913 1775 1990 quia
1812 1911 2145 1973 molestum
2172 1917 2306 1974 erat
2335 1918 2398 1974 et

865 2008 1141 2083 difficile,
1174 2005 1456 2085 pecuniae
1490 2023 1638 2064 usus
1668 2003 2059 2063 introductus
2089 2011 2220 2079 est,
2255 2024 2395 2084 quae

865 2101 1134 2181 pretium
1169 2115 1499 2160 commune
1531 2100 1694 2156 esset
1731 2096 1794 2155 in
1826 2096 2246 2157 contractibus
2269 2144 2286 2175 ‚
2335 2103 2397 2159 et

863 2194 1073 2255 media
1098 2190 1365 2271 pecunia
1393 2208 1492 2249 res
1522 2188 1657 2249 aliae
1686 2187 1871 2247 vendi
1902 2194 2229 2268 coeperunt
2251 2235 2267 2265 ,
2327 2194 2398 2251 ut

864 2289 1109 2348 constat
1137 2303 1211 2344 ex
1238 2284 1362 2360 leg.
1398 2299 1439 2342 1.
1477 2282 1539 2341 ff.
1570 2279 1640 2340 de
1666 2279 2054 2340 contrahenda
2083 2282 2389 2362 emptione,

863 2378 973 2440 ubi
994 2376 1225 2456 emptio
1243 2375 1472 2436 dicitur
1495 2392 1630 2433 esse
1639 2372 1842 2453 pactio
1857 2372 2042 2453 pretii
2049 2393 2163 2454 pro
2182 2393 2389 2451 merce,

861 2469 1139 2531 venditio
1168 2486 1317 2528 vero
1339 2465 1536 2547 pactio
1563 2464 1768 2526 mercis
1776 2485 1894 2546 pro
1914 2466 2127 2547 pretio,
2162 2467 2393 2528 Molina

860 2568 1070 2625 tamen
1102 2562 1262 2640 disp.
1295 2563 1433 2622 336.
1468 2560 1585 2621 col.
1619 2563 1677 2620 2.
1729 2558 1959 2620 fatetur
1981 2605 1996 2636 ‚
2048 2559 2216 2619 hunc
2244 2577 2394 2622 con-

859 2658 1129 2718 tractum
1159 2652 1399 2714 facilius
1428 2650 1672 2729 concipi
1699 2669 1879 2728 posse
1907 2697 1922 2726 ,
1958 2670 2148 2730 quam
2177 2658 2391 2714 exacte

861 2747 1129 2811 definiri.
1162 2745 1377 2806 Plures
1407 2744 1802 2804 definitiones
1829 2743 1912 2803 ibi
1943 2746 2125 2805 affert
2152 2748 2215 2805 et
2241 2744 2388 2824 reji-

858 2840 978 2913 cit;
1012 2841 1145 2919 ipse
1176 2843 1385 2899 autem
1428 2836 1599 2913 dicit,
1636 2855 1768 2897 esse
1800 2842 2191 2898 contractum
2215 2887 2229 2914 ,
2283 2838 2390 2917 qui

857 2951 1165 2996 consensu
1209 2930 1529 3010 perficitur
1573 2931 1798 2990 mercis
1842 2949 1956 3010 pro
1986 2930 2209 3009 preti0.
2263 2931 2388 2992 Sed

856 3044 1063 3107 neque
1092 3026 1228 3086 haec
1252 3023 1528 3084 definitio
1560 3024 1821 3085 fortasse
1851 3028 2068 3083 exacta
2098 3028 2212 3099 est,
2246 3041 2389 3085 cum

858 3138 985 3181 non
1015 3118 1282 3198 explicet
1308 3115 1724 3177 differentiam
1747 3113 2123 3175 venditionis
2163 3134 2199 3174 a
2228 3115 2389 3176 loca·

857 3215 1025 3277 tione
1050 3258 1066 3288 ,
1112 3212 1175 3271 in
1207 3229 1329 3289 qua
1376 3227 1488 3287 pro
1535 3210 1732 3288 pretio
1776 3209 1958 3269 datur
1990 3228 2137 3268 usus
2165 3208 2388 3269 domus

854 3307 1099 3379 locatae,
1133 3302 1237 3382 qui
1268 3320 1443 3361 merx
1472 3301 1772 3379 appellari
1802 3304 2036 3379 potest,
2071 3319 2214 3361 cum
2244 3320 2388 3379 pos-

856 3395 1437 3460 situsufructuarius
1449 3393 1719 3454 vendere
1734 3394 2187 3454 usumfructum
2200 3412 2388 3473 quem

854 3489 1066 3551 habet.
1119 3489 1456 3550 Videamus
1493 3505 1641 3565 ergo
1694 3487 1897 3564 reipsa
1938 3486 2255 3564 quomodo
2285 3486 2388 3546 hic

857 3586 1214 3644 contractus
1243 3580 1490 3640 differat
1517 3579 1598 3639 ab
1628 3579 1765 3639 aliis
1795 3578 2115 3654 omnibus-3,
2167 3582 2231 3639 et
2274 3596 2386 3656 po-

854 3679 988 3738 stea
1016 3673 1257 3734 facilius
1290 3671 1535 3732 definiri
1581 3670 1830 3750 poterit.
1888 3672 2147 3749 Oportet
2176 3675 2385 3732 autem

853 3767 975 3830 hoc
1000 3766 1182 3842 scire,
1219 3763 1367 3845 quia
1395 3780 1520 3822 non
1540 3768 1634 3824 est
1661 3762 1862 3823 solum
1884 3762 2144 3840 quaestio
2175 3761 2253 3822 de
2281 3781 2388 3823 no-

853 3860 1022 3921 mine
1044 3904 1059 3935 ,
1109 3876 1190 3918 an
1241 3857 1343 3917 hic
1370 3855 1469 3916 vel
1500 3854 1602 3915 ille
1632 3859 1989 3915 contractus
2019 3855 2081 3914 in
2111 3854 2386 3934 particu-

849 3952 964 4014 lari
976 3949 1386 4032 appellandus
1412 3949 1492 4010 sit
1518 3947 1816 4023 venditio,
1841 3946 1938 4007 vel
1958 3947 2078 4007 alio
2105 3948 2380 4024 nomine,

851 4045 964 4107 sed
995 4049 1088 4106 est
1115 4043 1376 4124 quaestio
1419 4041 1497 4102 de
1527 4040 1619 4101 rei
1663 4045 1920 4119 propter
1965 4042 2222 4101 effectus
2246 4058 2385 4100 rea-

849 4138 943 4200 les
971 4138 1079 4217 qui
1125 4138 1591 4214 consequuntur
1617 4150 1784 4210 saepe
1824 4132 1903 4191 ad
1934 4132 2380 4207 venditionem,

852 4235 915 4292 et
941 4248 1066 4292 nou
1092 4227 1174 4289 ad
1201 4230 1556 4288 contractus
1586 4225 1759 4300 alios,
1793 4244 1855 4284 v.
1888 4244 1949 4303 g.
1986 4225 2238 4304 quando
2266 4225 2385 4285 sol-

849 4322 1057 4384 venda
1086 4325 1180 4381 est
1205 4319 1457 4398 gabella
1485 4318 1695 4396 aliqua
1725 4336 1799 4377 ex
1828 4317 2212 4394 venditione,
2247 4337 2386 4398 quae

850 4434 977 4478 non
1006 4414 1266 4476 solvitur
1294 4431 1371 4473 ex
1398 4412 1518 4472 alio
1550 4414 1876 4472 contractu
1901 4431 1916 4483 ;
1953 4411 2102 4472 item
2133 4412 2382 4491 quando

849 4508 915 4569 in
941 4507 1300 4568 venditione
1330 4504 1521 4564 habet
1539 4504 1748 4564 locum
1768 4507 2095 4579 retractuS,
2123 4505 2230 4582 qui
2260 4522 2385 4566 non

851 4599 1043 4661 habet
1068 4599 1276 4659 locum
1313 4597 1379 4657 in
1406 4596 1902 4675 permutatione;
1949 4595 2098 4656 item
2129 4596 2381 4675 quando

849 4710 1039 4772 poena
1073 4691 1285 4770 aliqua
1314 4689 1607 4768 imposita
1645 4691 1739 4749 est
1765 4687 2094 4763 venditori,
2127 4706 2254 4750 non
2282 4707 2385 4749 ve·

847 4804 919 4846 ro
947 4783 1229 4860 locatori,
1265 4786 1327 4842 et
1353 4781 1415 4840 in
1445 4781 1582 4841 aliis
1611 4779 1939 4841 similibus.

929 4878 1147 4938 Differt
1176 4893 1325 4954 ergo
1368 4873 1469 4933 hic
1514 4878 1869 4935 contractus
1911 4873 2110 4951 primo
2159 4892 2198 4933 a
2237 4892 2380 4953 per-

848 4970 1216 5046 mutatione,
1242 4967 1389 5047 quia
1416 4965 1480 5026 in
1501 4984 1577 5026 ea
1604 4985 1727 5026 non
1758 4966 1943 5027 datur
1970 4985 2069 5026 res
2099 4984 2213 5044 pro
2244 4985 2381 5045 pre-

846 5063 957 5141 tio,
990 5063 1100 5123 sed
1134 5080 1234 5122 res
1271 5077 1384 5139 pro
1415 5058 1536 5118 alia
1567 5077 1667 5130 re;
1701 5058 1883 5137 pretii
1912 5057 2078 5118 enim
2106 5059 2379 5137 appella-

850 5156 1020 5218 tione
1048 5154 1180 5216 sola
1207 5152 1475 5233 pecunia
1494 5151 1686 5212 venit.
1721 5152 1937 5212 Dissert
1963 5169 2001 5211 a
2030 5152 2298 5228 cambio,
2316 5152 2374 5212 in

845 5266 967 5326 quo
989 5246 1176 5308 datur
1208 5246 1473 5324 pecunia
1502 5263 1613 5323 pro
1648 5244 1947 5323 pecunia,
1982 5263 2105 5305 non
2135 5264 2234 5305 res
2262 5263 2375 5324 pro

839 5339 1109 5419 pecunia
1142 5359 1155 5399 :
1189 5339 1335 5400 licet
1361 5337 1698 5415 aliquando
1728 5337 1995 5416 pecunia
2023 5337 2161 5417 ipsa
2189 5338 2376 5399 vendi

841 5432 1057 5510 possit,
1100 5430 1351 5510 quando
1400 5447 1523 5490 non
1572 5430 2003 5491 consideratur
2031 5431 2376 5491 formaliter

842 5528 914 5585 ut
936 5523 1223 5604 pecunia,
1256 5522 1367 5584 sed
1388 5523 1628 5584 ratione
1657 5523 1935 5585 materiae
1965 5522 2125 5600 auri,
2150 5523 2248 5583 vel
2279 5542 2373 5583 ar-

2014 362 2116 421 DE
2158 360 2516 421 JUSTITIA
2559 358 2659 418 ΕΤ
2703 358 2899 420 JURE

2490 533 2684 614 genti,
2716 533 2815 593 vel
2846 534 2992 612 quia
3032 536 3207 593 vetus
3236 536 3346 593 aut
3372 530 3636 610 pulchra
3663 535 3775 592 est.
3811 531 4031 593 Differt

2494 646 2532 688 a
2558 626 2895 685 donatione
2915 672 2930 700 ‚
2980 625 3079 685 vel
3109 624 3520 704 promissione
3549 622 3846 701 gratuita,
3878 623 4030 702 quia

2492 718 2595 778 hic
2625 721 2718 777 est
2744 720 3101 777 contractus
3131 734 3432 777 onerosus
3461 719 3523 775 et
3549 715 3844 794 utrinque
3871 715 4029 775 obli-

2493 808 2794 889 gatoriuS.
2828 809 3045 869 Differt
3070 826 3109 868 a
3134 814 3374 880 mutu0,
3411 807 3559 885 quia
3586 807 3648 865 in
3678 812 3898 868 mutuo
3930 826 4033 867 re·-

2495 902 2762 981 quiritur
2780 900 3056 976 traditio,
3085 900 3217 960 sine
3240 918 3364 979 qua
3385 917 3506 958 non
3524 899 3867 977 perficitur,
3883 917 4030 959 cum

2494 1000 2708 1057 tamen
2737 992 3014 1054 venditio
3052 992 3182 1052 solo
3225 1009 3533 1052 consensu
3571 991 3810 1069 absque
3840 989 4034 1051 tradi-

2495 1087 2665 1148 tione
2713 1083 3072 1163 perficiatur
3094 1131 3108 1158 ,
3145 1089 3212 1145 ut
3239 1083 3509 1143 vidimus
3554 1088 3743 1161 supra
3772 1088 4035 1160 agentes

2499 1179 2577 1238 de
2607 1176 3026 1238 contractibus
3057 1176 3118 1235 in
3148 1174 3493 1246 communi;
3538 1177 3600 1235 et
3624 1174 3770 1254 quia
3799 1174 3860 1233 in
3892 1193 4036 1234 mu-

2496 1277 2605 1333 tuo
2635 1288 2760 1330 non
2790 1270 2974 1329 datur
3000 1287 3100 1329 res
3128 1287 3240 1348 pro
3280 1267 3580 1347 pecunia,
3626 1267 3736 1327 sed
3761 1267 4038 1346 pecunia

2498 1381 2612 1442 pro
2641 1362 2929 1440 pecunia,
2945 1362 3043 1421 vel
3070 1380 3170 1422 res
3196 1379 3311 1441 pro
3333 1380 3400 1420 re
3429 1360 3610 1420 simili
3643 1365 3861 1438 postea
3888 1360 4037 1420 red-

2499 1455 2727 1516 denda.
2770 1453 2948 1517 Unde
2976 1453 3177 1531 magis
3199 1453 3404 1514 differt
3430 1472 3469 1513 a
3496 1451 3918 1528 commodate,
3969 1452 4036 1511 in

2500 1566 2623 1627 quo
2652 1547 2714 1606 id
2762 1547 2930 1626 quod
2959 1546 3428 1621 commodatur,
3486 1563 3609 1605 non
3655 1544 3872 1620 datur,
3921 1545 4034 1604 sed

2498 1644 2783 1701 remanet
2835 1639 2951 1699 sub
3007 1638 3283 1699 dominIo
3334 1638 3812 1713 commodanti5‚
3869 1637 4038 1698 sicut

2499 1733 2687 1794 etiam
2719 1733 2780 1792 in
2807 1732 3157 1803 locatione;
3190 1730 3466 1791 venditio
3513 1736 3725 1790 autem
3777 1730 4039 1790 ordina-

2500 1830 2600 1886 tur
2641 1825 2719 1885 ad
2747 1822 3252 1885 transferendum
3294 1822 3642 1882 dominium
3688 1822 3779 1881 rei
3807 1822 4034 1882 vendi-

2497 1922 2598 1978 tae.
2650 1917 2868 1977 Differt
2884 1914 3154 1994 denique
3175 1914 3254 1973 ab
3283 1914 3699 1993 emphyteusi,
3733 1913 3881 1993 quia
3919 1932 4040 1992 per

2498 2009 2660 2069 hanc
2708 2028 2832 2069 non
2882 2007 3068 2069 datur
3110 2007 3458 2068 dominium
3504 2006 3811 2068 directum
3833 2053 3848 2084 ,
3917 2007 4038 2067 sed

2496 2102 2645 2163 utile
2674 2119 2785 2180 pro
2814 2118 3023 2163 annua
3051 2100 3370 2179 pensione.

2575 2194 2730 2254 Hinc
2758 2198 2968 2255 autem
2997 2192 3194 2253 oritur
3222 2192 3574 2267 difficultaS,
3600 2191 3748 2271 quia
3777 2210 3904 2253 non
3936 2211 4036 2252 sa·-

2494 2287 2574 2349 tis
2612 2289 2908 2364 apparet,
2959 2283 3274 2363 quomodo
3319 2283 3563 2345 differat
3608 2303 3642 2343 a
3691 2285 4033 2359 locatione,

2495 2398 2643 2440 nam
2669 2377 2878 2438 mercis
2907 2377 3158 2437 nomine
3206 2377 3267 2435 in
3299 2375 3586 2454 praesenti
3617 2395 3743 2437 non
3769 2377 4042 2438 veniunt

2494 2472 2696 2534 solum
2725 2489 2823 2531 res
2851 2468 3148 2543 mobileS,
3181 2467 3289 2527 sed
3322 2468 3508 2529 etiam
3551 2468 3935 2545 immobiles,
3970 2473 4043 2530 et

2487 2564 2633 2644 jura
2656 2610 2672 2639 ‚
2718 2580 2859 2623 cum
2903 2561 3143 2639 possint
3169 2561 3358 2621 vendi
3399 2560 3608 2621 debita
3639 2566 3701 2622 et
3727 2562 4036 2638 actioneS,

2493 2661 2556 2716 et
2575 2656 2720 2734 jura
2742 2671 2881 2733 quae
2902 2652 3169 2732 pecunia
3185 2653 3479 2713 aestimari
3509 2658 3788 2732 possunt.
3827 2654 4039 2713 Vendi

2491 2748 2679 2809 etiam
2708 2749 2913 2825 potest
2931 2765 3080 2805 usus
3096 2746 3185 2805 rei
3216 2751 3278 2806 et
3305 2746 3711 2821 ususfructus,
3732 2765 3876 2807 cum
3898 2766 4042 2806 nie-

2487 2860 2593 2901 rus
2622 2837 3116 2899 usufructuarius
3144 2841 3206 2897 et
3234 2837 3641 2916 emphyteuta
3667 2839 3862 2917 possit
3882 2859 4040 2898 ven-

2491 2932 2639 2992 dere
2661 2930 2766 3010 jus
2794 2948 2977 2991 suum
2999 2976 3016 3007 ‚
3075 2934 3145 2991 ut
3187 2931 3417 2990 fatetur
3445 2930 3677 2991 Melina
3707 2931 3874 2992 dicta
3905 2932 4032 2993 col.

2487 3028 2546 3086 2.
2578 3042 2722 3085 cum
2751 3041 2901 3101 ergo
2943 3023 3005 3082 in
3035 3023 3343 3084 locatione
3382 3023 3731 3084 intercedat
3756 3024 4038 3101 pretium

2486 3136 2601 3199 pro
2632 3116 2996 3193 usufructu,
3048 3115 3483 3195 explicandum
3530 3122 3626 3177 est
3671 3116 3820 3196 quid
3867 3115 4042 3178 desit

2485 3212 2567 3273 ad
2596 3210 3044 3285 venditionem,
3077 3227 3219 3268 cum
3249 3209 3437 3268 etiam
3464 3208 3690 3270 locatio
3722 3214 3866 3270 ante
3899 3214 4036 3270 tra-

2487 3303 2791 3364 ditionem
2856 3299 3163 3362 consensu
3220 3300 3599 3377 perficiatur.
3677 3301 4040 3362 Dicendum

2486 3414 2636 3473 ergo
2686 3399 2781 3455 est
2827 3394 3079 3454 differre
3127 3393 3275 3471 quia
3321 3410 3433 3470 per
3478 3392 3853 3453 locationem
3904 3413 4038 3455 non

2484 3487 2672 3547 datur
2699 3506 2846 3547 usus
2875 3504 2987 3564 pro
3018 3485 3200 3545 unico
3222 3483 3444 3562 preti0‚
3466 3485 3575 3544 sed
3597 3502 3709 3563 pro
3727 3486 4038 3562 pensione

2484 3580 2837 3641 successive
2884 3577 3182 3638 solvenda
3209 3623 3224 3652 ,
3272 3595 3411 3655 quae
3450 3595 3574 3636 non
3605 3577 3872 3638 debetur
3897 3582 4039 3639 tota

2484 3672 2696 3733 statim
2728 3672 2806 3732 ab
2837 3670 3035 3744 initio,
3069 3668 3177 3728 sed
3209 3668 3556 3728 successive
3588 3674 3650 3730 et
3676 3688 3788 3748 per
3817 3677 4039 3749 partes

2484 3769 2671 3843 prout
2696 3782 2810 3843 per
2825 3773 3055 3842 parteS,
3074 3766 3135 3820 et
3155 3761 3503 3821 successive
3525 3762 3831 3840 accipitur
3851 3782 4033 3824 usus:

2482 3857 2546 3918 in
2577 3857 2892 3936 emptione
2937 3871 3087 3914 vcro
3120 3857 3374 3932 pactum
3402 3853 3474 3915 fit
3500 3853 3578 3914 de
3611 3855 3793 3915 unico
3823 3856 4038 3933 pretio

2484 3950 2652 4029 quod
2682 3949 2891 4010 statim
2911 3951 3114 4009 totum
3135 3946 3421 4008 debetur.
3455 3946 3633 4008 Unde
3651 3947 3848 4008 oritur
3869 3948 4038 4008 alius

2484 4044 2770 4118 effectuS,
2814 4040 2982 4120 quod
3010 4041 3073 4100 in
3106 4040 3420 4119 emptione
3447 4040 3535 4099 rei
3567 4039 4033 4118 determinatae,

2483 4134 2833 4215 periculum
2846 4133 2938 4193 rei
2953 4133 3224 4195 venditae
3251 4133 3462 4194 statim
3491 4133 3760 4212 pertinet
3788 4133 3869 4192 ad
3902 4152 4039 4194 em·

2482 4232 2759 4307 ptorem;
2793 4245 2986 4305 quare
3015 4226 3067 4286 si
3096 4244 3197 4285 res
3213 4226 3449 4304 absque
3470 4225 3815 4286 venditoris
3840 4225 4042 4305 culpa

2480 4324 2735 4402 pereat,
2790 4319 2951 4398 perIt
2979 4319 3280 4396 emptori,
3342 4318 3448 4396 qui
3491 4318 3901 4380 nihilominus
3945 4321 4037 4380 ad

2479 4413 2751 4494 pretium
2779 4411 3430 4473 solvendumtenetur.
3459 4411 3528 4470 ln
3548 4411 3859 4471 locatione
3872 4432 4035 4473 vero

2481 4506 2829 4586 periculum
2859 4522 3106 4582 semper
3133 4506 3373 4581 spectat
3398 4502 3478 4562 ad
3510 4503 3872 4582 locatorem,
3908 4525 4036 4567 nec

2482 4597 2701 4678 pensio
2750 4597 3051 4671 debetur,
3113 4598 3416 4674 pereunte
3462 4614 3531 4654 re
3582 4595 3788 4657 locata
3830 4598 4036 4659 etiam

2482 4693 2625 4769 post
2650 4688 3056 4750 traditionem
3085 4689 3321 4766 absque
3365 4688 3546 4766 calpa
3592 4689 4030 4753 conductoris.

2482 4782 2661 4845 Unde
2709 4801 2833 4843 non
2880 4781 3081 4842 solum
3130 4800 3201 4840 u
3187 4780 3626 4843 ufructuarius
3671 4785 3733 4844 et
3757 4783 4032 4864 emphy-

2479 4879 2650 4935 teuta
2702 4878 2966 4978 possunt
3017 4859 3290 4933 vendere
3345 4873 3844 4952 usumfructum,
3912 4878 4032 4938 sed

2480 4967 2669 5028 etiam
2701 4966 2831 5046 ipse
2862 4965 3152 5027 dominns
3182 4965 3485 5042 directuS,
3521 4965 3567 5025 si
3602 4967 3786 5028 unico
3817 4971 4031 5048 pretio

2479 5079 2605 5120 non
2636 5060 2987 5120 successive
3015 5104 3028 5134 ,
3080 5065 3142 5119 et
3171 5077 3284 5137 per
3324 5059 3657 5138 pensiones
3685 5061 4026 5140 solvende,

2476 5152 2588 5213 sed
2619 5152 2786 5232 quod
2817 5154 3025 5214 statim
3055 5156 3255 5214 totum
3288 5152 3622 5230 debeatur,
3658 5155 3898 5217 vendat
3920 5159 4032 5236 jus

2475 5245 2721 5307 fruendi
2742 5246 2805 5306 in
2835 5245 2995 5318 vita;
3031 5249 3180 5306 tunc
3210 5248 3379 5307 enim
3403 5246 3508 5327 jus
3539 5248 3691 5307 illud
3719 5252 3818 5308 est
3843 5269 4029 5312 merx

2473 5338 2727 5400 vendita
2750 5384 2765 5413 ,
2824 5343 2893 5399 ut
2947 5344 3190 5400 constat
3219 5339 3282 5399 in
3312 5357 3502 5400 censu
3533 5345 3839 5418 perpetuo
3862 5388 3880 5417 ,
3919 5349 4034 5404 aut

2474 5431 2664 5492 etiam
2694 5431 2986 5508 vitalitiO,
3047 5451 3160 5510 per
3210 5451 3398 5511 quem
3445 5432 3740 5492 venditur
3779 5434 3894 5512 jus
3945 5436 4025 5495 ad

2470 5530 2713 5619 partem
2740 5527 3055 5586 fructuum
3083 5525 3172 5584 rei
3197 5572 3214 5602 ,
3271 5544 3460 5605 super
3488 5544 3613 5605 qua
3640 5544 3875 5587 census
3907 5529 3995 5588 im
