4263 6376
540 1168 613 1228 51

443 1293 551 1337 Ana
589 1291 741 1346 conie-

444 1350 570 1389 ctum
600 1351 743 1389 atten-

444 1400 589 1443 dendn
616 1400 658 1442 in
688 1410 739 1441 ου

535 1466 651 1496 casu.

553 3022 629 3080 52⁷!

498 3146 719 3191 Nativilate

502 3203 630 3257 prolis
647 3215 697 3244 an

497 3261 715 3297 revocetur

453 3313 744 3351 testamcutum

457 3375 539 3405 uon
569 3362 756 3404 habentis

525 3416 699 3471 prolem.

781 335 860 396 72
1344 321 1347 326 ’
1941 333 2044 393 DE
2086 333 2442 395 JUSTITIA
2487 333 2588 393 ET
2630 333 2831 395 JURE

782 529 997 573 amore
1016 511 1183 571 enim
1211 511 1553 572 liberorum
1582 510 1983 590 praesumitur
1995 509 2198 589 magis
2214 529 2319 569 vo·

2421 526 2635 571 ctxxv.
2668 511 2725 589 ἓ.
2777 508 3223 590 Intelliqendum
3271 516 3561 591 praeterea
3589 515 3692 567 est.
3744 500 3949 575 Addo,

782 603 971 664 luisse
1016 609 1259 682 patrem
1307 604 1517 663 valere
1563 604 1910 664 secundum
1961 622 2150 682 quam
2194 603 2322 681 pri·
2417 605 2628 681 legata
2655 603 2742 664 ita
2770 603 3087 663 censenda
3113 607 3406 663 revocata
3456 601 3516 661 in
3565 599 3639 659 iis
3679 594 3950 668 casibuS,

783 713 979 771 mum,
1012 694 1128 756 nisi
1157 696 1315 757 forte
1344 696 1595 757 aliunde
1613 694 1990 774 conjecturae
2019 695 2143 756 sint
2172 714 2322 754 con-

784 788 1028 862 trariae3
1063 808 1124 851 v.
1157 808 1252 867 gr.
1305 789 1474 868 quod
1517 794 1697 867 pater
1743 788 2089 848 secundum
2133 792 2323 848 testa-

784 886 1065 943 mentum
1112 882 1331 943 feccrit
1390 885 1649 961 propter
1692 881 1962 941 filiorum
2017 880 2323 942 turbatio-

788 993 954 1051 nem,
987 980 1048 1036 et
1073 976 1154 1035 ad
1188 975 1507 1036 vitandam
1536 973 1887 1034 molestiam
1917 992 2107 1053 quam
2149 972 2202 1033 ei
2233 973 2323 1032 in-

787 1069 1090 1129 ferebant.

870 1161 1150 1222 Inferunt
1175 1160 1389 1237 tertie,
1442 1160 1493 1220 si
1535 1159 1671 1219 aliae
1720 1159 1910 1220 etiam
1950 1159 2075 1220 sint
2115 1159 2328 1238 conje-

792 1258 1006 1331 cturae,
1040 1272 1180 1333 quae
1211 1253 1550 1314 ostendunt
1585 1253 1787 1331 magis
1816 1253 2204 1314 voluntatem
2235 1258 2329 1313 te-

793 1347 1041 1408 statoris
1089 1346 1256 1406 circa
1303 1347 1581 1406 valorem
1638 1345 1893 1406 secundi
1944 1344 2325 1421 testamenti,

798 1443 1154 1501 revocatum
1207 1439 1446 1499 censeri
1494 1438 1815 1518 primum,
1877 1457 2003 1498 non
2043 1439 2328 1499 obstante

795 1532 1070 1594 clausula
1100 1532 1503 1611 derogatoria
1530 1532 1589 1591 in
1624 1549 1697 1592 eo
1728 1531 2034 1610 apposita,
2067 1549 2127 1590 v.
2164 1549 2258 1609 gr.
2280 1529 2330 1589 si

793 1625 955 1686 inter
981 1642 1176 1685 unum
1208 1628 1270 1686 et
1298 1624 1466 1684 aliud
1499 1626 1944 1685 testamentum
1970 1622 2332 1682 effluxitde-

795 1718 1119 1794 nennium,
1176 1717 1576 1796 praesumitur
1623 1717 1787 1776 enim
1832 1716 2097 1791 oblituS,
2154 1714 2253 1774 vel
2282 1714 2334 1773 si

794 1812 997 1871 haeres
1025 1809 1344 1872 institutus
1383 1810 1447 1869 in
1491 1808 1766 1870 secundo
1794 1811 2170 1869 testamento
2200 1811 2337 1868 erat

796 1902 1046 1965 charior
1086 1902 1371 1964 testatori
1403 1920 1591 1982 quam
1619 1901 1894 1981 primuS,
1926 1900 2024 1960 vel
2054 1900 2106 1960 si
2137 1899 2337 1959 inimi—

796 1996 959 2057 citiae
985 1995 1472 2057 intercesserunt
1516 2013 1741 2073 graves
1768 1997 1911 2073 post
1945 1994 2220 2072 primum
2247 1997 2335 2053 te-

795 2091 1171 2150 stamentum
1200 2105 1344 2148 cum
1373 2087 1625 2148 haerede
1655 2087 1741 2146 ibi
1771 2087 2074 2163 institute,
2104 2086 2168 2146 in
2195 2086 2330 2165 qui·

795 2182 935 2257 buS,
970 2183 1032 2240 et
1058 2179 1362 2242 similibus
1394 2179 1640 2240 casibus
1678 2178 1971 2258 praesumi
2004 2182 2212 2257 potest
2244 2181 2332 2239 te·

795 2278 992 2336 'stator
1019 2277 1281 2351 propter
1306 2271 1686 2333 oblivionem
1706 2271 2001 2332 clausulae
2029 2271 2333 2350 appositae

797 2385 924 2428 non
952 2365 1288 2444 derogasse
1337 2364 1423 2424 illi
1468 2364 1531 2424 in
1577 2364 1854 2426 secundo
1906 2368 2330 2425 testamento:

797 2475 1047 2536 semper
1075 2463 1284 2517 tamen
1314 2456 1797 2517 circumstantiae
1828 2474 2047 2517 omnes
2072 2475 2336 2536 pensan-

799 2551 897 2612 dae
925 2553 1072 2611 sunt
1109 2549 1189 2609 ad
1238 2548 1674 2611 arbitrandum
1721 2548 1891 2610 circa
1935 2555 2214 2609 mentem
2241 2554 2337 2611 te-

798 2643 1020 2704 stantis
1074 2642 1139 2702 in
1193 2641 1291 2702 bis
1346 2641 1595 2702 casibus
1624 2687 1639 2719 ,
1713 2641 1790 2702 de
1847 2642 2072 2721 quibus
2137 2641 2337 2701 videri

799 2739 1063 2817 possunt
1111 2734 1367 2812 Molina,
1430 2738 1492 2795 et
1546 2734 1778 2797 Sanch.
1845 2735 1999 2796 locis
2064 2734 2169 2794 cit.
2232 2732 2338 2813 qui

801 2829 955 2890 alios
1008 2828 1313 2903 afferunt,
1369 2831 1433 2888 et
1476 2830 1667 2907 Vasq.
1727 2845 1784 2888 c.
1848 2828 1921 2888 ll.
1981 2826 2052 2887 de
2107 2835 2333 2887 testam.

802 2921 954 2982 dub.
989 2936 1060 2981 11.

883 3013 1208 3076 Secundus
1239 3030 1420 3074 casus
1447 3012 1810 3093 principalis
1834 3059 1849 3089 ,
1894 3030 2017 3092 quo
2049 3016 2341 3074 censetur

802 3112 1165 3169 revocatum
1194 3110 1660 3184 testamentum,
1688 3111 1802 3182 est,
1838 3105 2091 3186 quando
2122 3104 2340 3167 condi-

802 3210 935 3265 tum
965 3205 1058 3261 est
1087 3220 1122 3260 a
1151 3218 1274 3261 non
1306 3199 1578 3260 habente
1610 3200 1767 3261 filios
1791 3246 1806 3276 ,
1844 3199 1947 3279 qui
1979 3202 2192 3261 tamen
2222 3218 2335 3279 po·

804 3301 938 3356 stea
963 3294 1122 3355 filios
1154 3292 1374 3354 habuit
1396 3339 1411 3368 ,
1445 3292 1542 3352 vel
1573 3298 1741 3354 certe
1787 3296 2047 3353 testator
2089 3292 2341 3371 ignora·

802 3388 913 3448 bat
938 3405 1004 3446 se
1034 3386 1195 3446 filios
1225 3385 1458 3445 babere
1482 3432 1498 3461 ,
1532 3404 1656 3465 quo
1697 3404 1843 3446 casu
1895 3389 2338 3446 testamentum

804 3479 1013 3560 quoad
1044 3478 1312 3539 haeredis
1339 3477 1793 3540 institutionem
1811 3482 2175 3539 revocatum
2199 3496 2340 3539 cen-

805 3576 995 3634 setur.
1048 3575 1144 3633 An
1196 3589 1346 3631 vero
1396 3571 1603 3649 legata
1630 3570 1930 3633 valeant?
1957 3571 2169 3632 Prima
2198 3589 2341 3630 sen-

802 3665 998 3727 tentia
1056 3665 1362 3740 affirmat,
1415 3681 1605 3743 quam
1646 3667 1863 3725 tenent
1917 3663 2125 3742 plures
2172 3662 2337 3742 apud

806 3757 1108 3834 Sanchez,
1142 3757 1204 3820 d.
1239 3775 1292 3817 c.
1329 3758 1376 3817 1.
1413 3755 1562 3819 dub.
1595 3773 1737 3817 xxv.
1774 3775 1880 3816 nu.
1916 3758 1974 3819 3.
2010 3755 2117 3835 qui
2146 3775 2250 3816 nu.
2274 3759 2335 3815 4.

803 3850 1186 3932 probabilius
1215 3853 1405 3928 negat
1425 3867 1567 3909 cum
1597 3849 1754 3925 aliis,
1779 3866 1935 3928 quos
1963 3850 2166 3924 affert,
2194 3849 2342 3928 quia

804 3944 1058 4005 donatio
1100 3943 1289 4004 etiam
1334 3942 1613 4021 perfecta
1653 3946 1715 4003 et
1763 3942 2115 4002 executioni
2161 3960 2341 4002 man-

803 4038 949 4098 data
975 4042 1306 4098 revocatur
1342 4035 1667 4097 nativitate
1708 4036 2012 4111 filiorum,
2067 4053 2142 4095 ex
2184 4053 2341 4114 prae-

804 4134 1054 4209 sumpta
1100 4129 1421 4190 voluntate
1461 4127 1749 4189 donantis
1775 4175 1789 4204 ,
1844 4131 1912 4187 ut
1948 4127 2221 4188 vidimus
2251 4128 2340 4188 di-

802 4223 1159 4305 sputatione
1187 4220 1569 4301 proecedenti
1596 4239 1611 4293 ;
1648 4238 1797 4299 ergo
1827 4238 1861 4280 a
1893 4221 2138 4282 fortiori
2166 4222 2342 4301 lega-

802 4322 865 4379 ta
887 4362 903 4393 ‚
937 4334 1077 4396 quae
1115 4320 1261 4376 sunt
1296 4315 1665 4376 donationes
1711 4313 2001 4394 quaedam
2046 4314 2341 4393 imperfe-

803 4414 956 4487 ctae,
1011 4413 1073 4470 et
1114 4407 1393 4469 nondum
1443 4407 1791 4468 executioni
1836 4407 2170 4468 mandatae.
2204 4410 2339 4468 Non

801 4509 1014 4567 tamen
1042 4502 1327 4581 procedit
1351 4501 1414 4561 in
1442 4500 1518 4561 iis
1547 4501 1788 4579 legatiS,
1824 4518 1964 4580 quse
1993 4500 2340 4560 verisimili-

803 4601 898 4659 ter
924 4598 1185 4656 testator
1209 4594 1598 4673 reliquisset,
1652 4593 1894 4655 etiamsi
1943 4592 2104 4653 filios
2151 4593 2340 4654 habe-

804 4694 901 4752 ret
930 4709 943 4750 :
977 4688 1146 4769 quod
1178 4707 1252 4747 ex
1279 4686 1579 4767 qualitate
1625 4686 1940 4749 testatoris
1968 4689 2030 4746 et
2058 4685 2196 4746 aliis
2225 4686 2340 4747 cir-

804 4780 1193 4843 cumstantiis
1224 4778 1605 4841 considerari
1640 4779 1846 4856 debet,
1884 4782 1955 4840 ut
1978 4783 2201 4840 notant
2229 4778 2341 4839 do·-

805 4879 1030 4937 ctores.
1067 4874 1133 4936 Si
1165 4891 1313 4934 vero
1344 4874 1602 4933 testator
1648 4890 1843 4932 unum
1892 4871 2091 4931 fllium
2142 4871 2342 4932 haere-

804 4970 948 5030 dem
977 4965 1262 5043 instituit,
1297 4984 1483 5046 quem
1505 4965 1705 5025 solum
1728 4964 2022 5041 habebat,
2045 4968 2107 5025 et
2122 4969 2341 5042 postea

803 5063 984 5137 aliuS,
1016 5060 1116 5121 vel
1144 5059 1246 5120 alii
1277 5058 1402 5120 nati
1435 5061 1611 5126 sunt.
1658 5058 1838 5120 multi
1868 5058 2083 5118 dicunt
2131 5058 2341 5136 legata

803 5154 1022 5216 deberi
1055 5174 1069 5215 :
1102 5152 1205 5213 alii
1234 5152 1457 5212 melius
1487 5152 1703 5214 dicunt
1750 5151 2127 5230 conjecturis
2165 5149 2340 5230 judi-

805 5247 1078 5309 candum
1124 5264 1298 5323 esse,
1348 5263 1427 5305 an
1474 5245 1784 5306 stantibus
1839 5243 2124 5323 pluribus
2170 5242 2334 5319 filiis,

804 5344 986 5421 pater
1012 5338 1097 5401 ita
1124 5339 1468 5401 liberaliter
1511 5338 1816 5416 legasset3
1851 5353 2010 5416 quos
2055 5334 2341 5414 sequitur

808 5433 1087 5496 Sanchez
1162 5450 1335 5492 num.
1393 5434 1452 5493 8.
1514 5434 1577 5491 et
1629 5430 1861 5492 Melina
1918 5427 2338 5509 disputatione

2420 702 2490 757 ut
2518 700 2724 756 tamen
2753 695 2960 755 valida
3001 701 3298 756 maneant
3328 693 3536 773 quoad
3584 709 3725 752 eam
3755 706 3957 767 quan-

2420 789 2685 863 titatem,
2719 807 2908 868 quam
2943 781 3957 867 praesumiturtestatoriisdemle-

2422 881 2677 959 gatariis
2704 881 3033 942 relicturus
3057 881 3265 941 adbuc
3292 880 3598 941 stantibus
3626 876 3789 951 filiis,
3812 873 3957 953 quia

2424 973 2632 1055 quoad
2663 991 2801 1033 eam
2832 974 3243 1054 quantitatem
3281 992 3403 1034 non
3435 977 3547 1048 est,
3582 988 3694 1031 cur
3720 985 3957 1047 proesu-

2424 1071 2630 1127 matur
2658 1066 2995 1127 revocatio,

2507 1159 2629 1221 Sed
2660 1160 2832 1239 quid,
2866 1160 2917 1220 si
2946 1164 3128 1239 pater
3156 1164 3297 1239 post
3328 1162 3508 1221 natos
3535 1156 3696 1218 filios
3723 1155 3831 1215 diu
3859 1170 3958 1212 su·
4114 1157 4189 1216 53

2427 1252 2716 1331 pervixit,
2776 1271 2889 1312 nec
2945 1254 3117 1331 prius
3167 1256 3610 1314 testamentum
3667 1263 3959 1325 expresse
4069 1281 4133 1332 Q„
4135 1282 4199 1330 Ἡ.

2425 1346 2791 1406 revocavit?
2818 1346 3027 1424 Aliqui
3057 1345 3315 1421 dicunt,
3359 1363 3485 1406 non
3514 1341 3755 1404 censeri
3783 1355 3962 1399 revo·
4061 1283 4240 1443 ν’ῑαᾶῗ

2429 1442 2589 1512 cata,
2625 1454 2784 1517 quos
2811 1439 2994 1498 affert
3022 1438 3252 1499 Sanch.
3289 1457 3350 1498 n.
3374 1440 3433 1499 9.
3467 1435 3609 1511 Alii,
3649 1451 3803 1514 quos
3828 1432 3962 1510 ipsc
4028 1400 4241 1497 ροσιρωῖι

2429 1530 2730 1609 sequitur,
2762 1529 3079 1590 affirmant
3105 1535 3447 1595 revocata:
3483 1529 3631 1609 quia
3661 1544 3805 1588 cum
3840 1543 3957 1584 na·
4090 1507 4142 1537 ¹¹⁸
4121 1501 4238 1537 ''¹⁸''

2427 1624 2669 1686 tivitate
2723 1623 2995 1683 filiorum
3053 1627 3344 1684 revocata
3402 1623 3665 1696 fuerint,
3717 1616 3960 1680 etiamsi

2430 1720 2645 1797 postea
2675 1719 2936 1777 testator
2964 1715 3346 1777 voluntatem
3388 1714 3680 1775 habuerit
3717 1730 3793 1773 ea
3820 1729 3968 1772 con-

2431 1808 2746 1885 firmandi,
2782 1808 2917 1868 haec
2944 1813 3154 1869 tamen
3184 1809 3474 1869 voluntas
3521 1825 3646 1867 non
3675 1805 3792 1866 fuit
3815 1803 3968 1883 legi-

2431 1903 2582 1965 tima
2608 1947 2623 1979 ,
2687 1918 2804 1961 nec
2842 1901 3006 1961 facta
3052 1901 3317 1961 solemni
3371 1918 3632 1960 numero
3687 1897 3962 1959 testium.

2432 1998 2582 2059 Haec
2608 1999 2819 2056 tamen
2850 1994 3008 2055 ratio
3039 1994 3310 2055 difficilis
3338 1999 3460 2070 est,
3505 1993 3651 2074 quia
3682 1992 3842 2053 sicut
3869 2008 3972 2050 re-

2432 2088 2676 2150 vocatio
2725 2088 2962 2168 absque
2993 2106 3254 2148 numero
3297 2087 3547 2150 testium
3580 2084 3841 2147 solemni
3874 2083 3972 2142 in-

2434 2181 2718 2256 ducitur,
2754 2181 2838 2241 ita
2870 2181 3131 2241 cessatio
3162 2180 3576 2242 revocationis
3606 2178 3840 2257 absque
3870 2194 3972 2236 so-

2433 2273 2756 2336 lemnitate
2815 2272 3029 2334 induci
3085 2273 3316 2352 poterit
3375 2294 3389 2334 :
3452 2291 3596 2332 nam
3654 2267 3970 2330 revocatio

2436 2367 2626 2429 etiam
2654 2366 2790 2444 ipsa
2821 2365 3322 2426 deambulatoria
3351 2370 3444 2427 est
3471 2383 3666 2445 usque
3698 2363 3777 2422 ad
3808 2379 3974 2421 mor·

2435 2465 2584 2535 tem,
2620 2463 2682 2521 et
2709 2458 2790 2519 ad
2820 2458 3098 2520 valorem
3145 2458 3367 2538 prioris
3413 2456 3769 2520 testamenti
3800 2454 3977 2515 suffi—

2437 2554 2540 2630 cit,
2586 2551 2753 2633 quod
2806 2551 3120 2613 revocatio
3178 2551 3518 2627 auferatur,
3567 2568 3683 2610 nec
3725 2548 3976 2609 videtur

2437 2664 2689 2708 necesse
2720 2645 2888 2725 quod
2937 2645 3086 2705 illud
3135 2648 3583 2706 testamentum
3611 2643 3759 2719 fiat,
3812 2640 3975 2702 utin

2435 2739 2618 2801 simili
2652 2757 2796 2800 casu
2830 2738 3016 2799 docet
3039 2736 3272 2799 Melina
3302 2736 3450 2797 dict.
3487 2737 3716 2816 disput.
3753 2750 3968 2796 ctxxv.

2436 2835 2490 2912 ἓ.
2529 2830 2877 2892 ΡωτΙιωηαε
2895 2830 3273 2912 ρνωίενίἰιιε,
3307 2829 3559 2909 quando
3604 2828 3976 2909 posthumus

2438 2926 2685 2987 vivente
2714 2924 2921 2985 adhuc
2951 2929 3126 3004 patre
3156 2924 3432 2984 nascitur
3461 2927 3524 2984 et
3541 2923 3825 2996 moritur,
3848 2937 3974 2999 quo

2439 3038 2588 3080 casu
2604 3018 2775 3098 prius
2798 3020 3238 3078 testamentum
3257 3033 3439 3076 recon
3450 3015 3724 3090 valescit,
3759 3014 3978 3074 eliam-

2439 3113 2490 3173 si
2520 3112 2720 3172 haeres
2750 3110 2829 3171 sit
2858 3115 3212 3185 extraneus,
3248 3108 3393 3188 quia
3424 3127 3567 3170 cum
3599 3128 3636 3168 a
3666 3105 3973 3188 principio

2437 3206 2717 3267 validum
2745 3203 2952 3280 suerit,
2987 3202 3232 3263 facilius
3260 3208 3591 3282 recuperat
3619 3221 3762 3262 suas
3783 3200 3970 3275 vires,

2440 3302 2511 3360 ut
2538 3301 2782 3360 constat
2810 3315 2882 3357 ex
2913 3297 2954 3357 l.
2989 3295 3378 3373 Postlzumzcs,
3427 3296 3488 3354 in
3541 3294 3868 3376 principi0,
3906 3294 3969 3353 ff.

2438 3392 2508 3453 de
2536 3392 2750 3472 injusto
2777 3398 2970 3470 rupto.
3006 3391 3138 3467 Ego
3184 3389 3440 3468 quidem
3472 3388 3534 3447 in
3583 3406 3728 3448 casu
3762 3390 3972 3447 nostro

2439 3484 2812 3564 conjecturis
2842 3482 3030 3543 etiam
3062 3483 3358 3543 standum
3389 3500 3524 3542 esse
3553 3487 3704 3560 puto
3731 3527 3746 3556 ,
3783 3485 3851 3542 ut
3881 3479 3976 3539 in·

2440 3578 2630 3656 telligi
2663 3577 2877 3657 possit,
2913 3594 3053 3655 quae
3085 3576 3271 3636 fuerit
3300 3593 3490 3636 causa
3515 3592 3637 3636 non
3669 3592 3971 3634 revoc-an·

2440 3672 2504 3732 di
2559 3674 2730 3730 tanto
2788 3671 3070 3746 tempore
3131 3672 3574 3729 testamentum
3637 3687 3650 3728 :
3714 3667 3973 3727 fortasse

2440 3764 2608 3825 enim
2654 3760 3066 3822 intentionem
3112 3760 3388 3822 habebat
3433 3758 3771 3820 revocandi
3830 3763 3975 3821 ante

2439 3861 2740 3932 mortem,
2802 3859 2864 3916 et
2920 3853 3228 3914 condendi
3276 3853 3446 3913 aliud
3502 3855 3970 3924 testamentum,

2440 3949 2609 4031 quod
2639 3950 2844 4009 facere
2876 3966 2997 4009 non
3042 3947 3277 4027 potuit,
3331 3951 3398 4007 ut
3428 3946 3790 4027 frequenter
3817 3945 3976 4005 solet

2440 4041 2712 4105 evenire.

2519 4136 2765 4197 Tertius
2795 4153 2976 4195 casus
3025 4139 3153 4210 est,
3207 4132 3459 4213 quando
3492 4132 3630 4212 quis
3659 4130 3723 4191 in
3751 4130 3972 4191 morbo
4167 4147 4247 4205 54

2438 4232 2883 4291 testamentum
2914 4227 3094 4303 fecit,
3130 4181 3248 4286 l'iac
3277 4225 3613 4287 veiborum
3653 4225 3890 4298 forma,
3922 4221 3979 4281 si
4093 4271 4179 4321 Qu
4181 4272 4226 4321 d

2439 4322 2546 4383 hoc
2572 4320 2769 4381 morbo
2795 4340 2825 4381 e
2852 4319 2972 4381 veta
2999 4318 3325 4395 discessere,
3361 4323 3479 4379 etc.
3516 4318 3857 4392 dubitatur,
3892 4334 3972 4375 an
4023 4327 4106 4364 tes
4111 4330 4154 4365 *a
4128 4331 4249 4419 ‘¹3‘

2439 4416 2488 4476 si
2521 4413 2929 4489 convaluerit,
2966 4420 3023 4475 et
3053 4413 3291 4472 nullum
3323 4410 3492 4471 aliud
3522 4412 3970 4471 testamentum
4023 4377 4212 4473 ιιξζῖἦῶ
4223 4379 4249 4475 ο1

2437 4508 2685 4584 fecerit,
2736 4507 2943 4567 valeat
2989 4505 3194 4566 adhuc
3246 4505 3418 4584 prius
3475 4506 3918 4564 testamentum
3944 4501 3976 4560 Ἰ
4055 4484 4249 4528 dm*

2439 4601 2556 4663 Alii
2589 4604 2842 4680 negant,
2880 4598 2985 4658 alii
3016 4598 3366 4672 affirmant,
3404 4614 3561 4676 quos
3592 4597 3774 4656 affert
3801 4595 3975 4657 Moli-

2438 4713 2519 4755 na
2550 4694 2710 4771 disp.
2747 4708 2860 4753 cm.
2897 4691 3083 4770 paulo
3106 4694 3245 4769 post
3265 4688 3662 4768 principium.
3688 4689 3825 4767 Ipse
3848 4705 3974 4747 mc-

2439 4787 2556 4848 rito
2588 4786 2775 4862 dicit,
2811 4783 3186 4864 conjecturis
3218 4783 3408 4843 etiam
3448 4781 3752 4843 utendum
3784 4798 3919 4840 esse
3955 4800 3968 4842 :

2437 4879 2775 4958 aliquando
2804 4877 2968 4938 enim
3000 4875 3192 4935 verba
3223 4875 3328 4935 illa
3356 4874 3476 4934 add
3490 4879 3676 4935 untur
3701 4920 3716 4950 ‚
3751 4891 3875 4933 non
3907 4876 3977 4933 ut

2439 4972 2712 5034 conditio
2738 5018 2752 5048 ,
2787 4970 2897 5031 scd
2927 4973 2996 5030 ut
3022 4969 3325 5028 motivum
3358 4967 3666 5027 condendi
3711 4970 3859 5027 tunc
3887 4971 3975 5025 te·

2438 5068 2837 5127 stamentum.
2871 5063 3043 5124 Idem
3075 5063 3257 5136 esset,
3277 5060 3327 5121 si
3347 5063 3790 5121 testamentum
3821 5057 3974 5118 illud

2437 5163 2654 5238 postea
2685 5157 2790 5218 diu
2822 5154 3251 5229 conservavit,
3289 5158 3352 5214 et
3391 5152 3588 5212 multo
3633 5152 3871 5229 magis,
3921 5151 3970 5210 si

2441 5256 2697 5331 rogatus
2725 5252 2930 5310 facere
2962 5251 3408 5310 testamentum
3441 5245 3618 5322 dixit,
3650 5264 3717 5305 se
3741 5244 3874 5324 jam
3905 5244 3973 5303 il·

2438 5345 2542 5404 lud
2584 5344 2823 5405 fecisse.
2867 5344 3023 5404 Item
3073 5341 3124 5402 si
3167 5340 3386 5401 videns
3431 5357 3498 5400 se
3531 5341 3749 5419 postea
3786 5336 3968 5414 mori,

2440 5456 2582 5498 cum
2639 5440 2877 5517 posset,
2956 5434 3152 5495 noluit
3219 5434 3423 5494 facere
3498 5449 3732 5492 novum
3787 5434 3973 5492 testa-
