4263 6376
829 210 949 271 430

486 401 553 446 Aa
581 400 782 444 commum
832 383 1141 465 ejusmodi
1183 384 1430 458 cambia
1474 383 1662 459 sicca,
1712 381 1880 458 ficta,
1928 384 1987 441 et
2023 381 2088 441 in
2129 379 2356 460 quibus

515 466 755 562 “’,“.Ῠ“.ζ,“μὲ“
833 477 912 538 ob
938 477 1240 556 temporis
1286 477 1670 552 dilationem,
1721 494 1831 535 seu
1868 472 2118 534 tormini
2147 490 2359 551 proro-

504 563 764 660 ”ffiffimam
830 569 1148 648 gationem
1193 570 1438 629 lucrum
1480 571 1766 646 augetur,
1802 565 2016 627 illicita
2058 584 2194 626 esse
2215 564 2356 643 jure

700 647 714 661 ⁰
832 667 1094 738 naturae,
1144 679 1287 723 cum
1333 661 1579 722 lucrum
1620 660 1681 720 in
1714 659 1958 720 cambio
2001 677 2124 719 non
2163 655 2360 736 possit

823 752 1159 833 justificari
1231 754 1473 816 ratione
1536 752 1838 830 temporis
1865 798 1880 828 ‚
1941 749 2052 810 sed
2109 749 2355 810 ratione

828 844 979 920 loci;
1036 865 1231 926 quare
1277 845 1579 926 temporis
1624 844 1837 906 dilatio
1884 843 2071 904 faciet
2112 842 2358 902 lucrum

830 940 1208 1001 usurarium.

907 1031 1381 1094 Advertendum
1427 1033 1638 1092 tamen
1662 1032 1776 1090 ‘est
1811 1028 2037 1107 prim0,
2073 1026 2154 1086 ad
2192 1043 2356 1087 cam-

825 1122 1000 1186 bium
1055 1125 1246 1200 reale,
1282 1127 1345 1184 et
1388 1140 1610 1184 verum
1656 1139 1781 1182 non
1829 1138 2078 1198 semper
2121 1118 2357 1197 requiri

825 1217 1065 1279 litteras
1111 1235 1251 1297 quoe
1281 1235 1318 1276 a
1363 1215 1712 1295 campsario
1769 1213 2015 1288 dentur,
2057 1212 2156 1272 vel
2187 1210 2355 1290 quod

826 1309 909 1370 ad
960 1310 1170 1371 locum
1225 1308 1604 1370 destInatum
1657 1306 2006 1380 mittantur,
2065 1308 2136 1365 ut
2183 1307 2357 1365 notat

828 1402 1143 1462 Navarrus
1167 1402 1332 1462 dicto
1361 1418 1499 1478 cap.
1531 1415 1686 1462 xvn.
1722 1417 1783 1458 n.
1806 1401 1942 1459 289.
1965 1400 2027 1457 et
2046 1396 2181 1468 alii;
2209 1395 2356 1474 quia

825 1494 1050 1556 litterae
1095 1494 1254 1555 fiunt
1278 1492 1360 1554 ad
1410 1491 1827 1570 supplendum
1860 1490 2172 1549 defectum
2196 1504 2357 1567 prae-

825 1587 1043 1649 sentiae
1088 1607 1102 1648 :
1152 1603 1346 1666 quare
1402 1585 1453 1645 si
1500 1584 1692 1644 iidem
1747 1581 2211 1658 contrahentes,
2255 1579 2356 1640 vel

826 1698 1046 1742 eorum
1076 1681 1514 1759 procuratores
1543 1675 1882 1754 profecturi
1914 1678 2123 1734 essent
2148 1673 2230 1734 ad
2260 1674 2356 1734 lo-

826 1791 971 1835 cum
1025 1772 1222 1848 illum,
1272 1769 1587 1831 sufficeret
1624 1767 1706 1829 ad
1750 1767 2081 1827 veritatem
2127 1764 2352 1826 cambii

827 1864 1179 1940 conventio,
1232 1862 1331 1923 vel
1362 1860 1722 1923 commissio
1761 1860 1905 1920 viva
1931 1876 2082 1919 voce
2122 1876 2345 1936 procu-

823 1957 1137 2018 ratoribus
1163 1955 1311 2015 data
1339 1953 1417 2013 de
1446 1951 1745 2013 solvenda
1773 1955 1836 2011 et
1862 1951 2224 2029 recipienda
2251 1969 2355 2029 pe·

826 2050 1011 2111 cunia
1039 2049 1100 2107 in
1130 2047 1233 2108 illo
1260 2047 1436 2119 loco;
1470 2063 1614 2106 cum
1652 2045 1961 2124 scriptura
1987 2063 2109 2104 non
2151 2044 2231 2105 sit
2258 2063 2355 2104 es-

828 2141 1172 2203 sentialiter
1198 2139 1501 2219 requisita
1547 2137 1629 2197 ad
1658 2137 1941 2198 valorem
1969 2141 2350 2215 contractuS,

827 2235 937 2296 sed
967 2233 1131 2312 exigi
1158 2231 1355 2293 soleat
1381 2229 1461 2290 ad
1491 2229 1948 2308 probationem.

583 2313 699 2373 ¹09
908 2324 1378 2388 Advertendum
1411 2322 1710 2398 secundo,
1744 2321 1997 2401 quando
2026 2320 2109 2381 ibi
2139 2321 2354 2400 prohi-

484 2439 689 2482 huems·
726 2435 780 2479 ob
826 2420 1014 2482 betur
1053 2416 1327 2498 pretium
1368 2416 1448 2476 ob
1492 2415 1878 2491 dilationem,
1914 2414 2009 2473 vel
2054 2432 2354 2493 proroga-

485 2495 642 2588 ¹¹²2⁶2umsu
660 2503 780 2586 ,οἷ’
826 2514 1063 2575 tionem
1102 2509 1352 2572 termini
1398 2507 1481 2569 ad
1508 2508 1880 2569 solutionem
1921 2506 2192 2585 praefixi‚
2227 2524 2351 2567 non

482 2577 777 2695 m⁶⁸¹¹²3¹²¹2¹¹m
828 2604 1067 2667 censeri
1121 2601 1504 2681 prohibitum
1573 2600 1822 2678 exigere
1889 2604 2038 2660 tunc
2094 2598 2352 2678 aliquod

484 2718 561 2761 pm
590 2706 600 2716 ’
633 2684 779 2748 ...im
825 2697 1029 2778 majus
1054 2696 1376 2770 interesse,
1408 2711 1533 2754 non
1571 2696 1825 2772 propter
1851 2691 2153 2770 temporis
2196 2692 2356 2753 dila-

823 2793 1083 2866 tionem,
1115 2788 1226 2849 sed
1256 2789 1510 2867 propter
1539 2785 1839 2845 damnum
1868 2802 2220 2863 emergens,
2248 2789 2356 2847 aut

823 2885 1070 2947 lucrum
1100 2897 1354 2942 cessans
1374 2877 1683 2957 campsori
1714 2896 1790 2937 ex
1817 2877 2262 2956 prorogatione
2293 2881 2357 2940 et

824 2975 1124 3039 dilatione
1167 2989 1485 3048 concessa,
1535 2988 1662 3031 non
1713 2970 2190 3031 determinando
2245 2972 2354 3032 ali·

827 3069 981 3149 quid
1028 3070 1292 3141 certum,
1327 3064 1438 3124 sed
1467 3067 1772 3143 quantum
1801 3081 2022 3123 revera
2052 3063 2353 3124 damnum

822 3161 927 3224 vel
953 3161 1198 3222 lucrum
1229 3174 1480 3219 cessans
1508 3155 1716 3235 fuerit,
1740 3159 1810 3219 ut
1838 3173 1980 3216 cum
2009 3155 2149 3217 aliis
2179 3160 2354 3220 notat

824 3254 1069 3318 Scortia
1097 3253 1404 3315 theorem.
1448 3252 1585 3312 308.
2283 3266 2287 3271 ·

904 3347 1084 3409 Circa
1128 3345 1396 3424 primam
1438 3343 1612 3404 illam
1659 3340 2106 3418 conditionem,
2160 3360 2352 3420 quam

481 3484 777 3526 mmm
826 3441 1109 3503 Pontifex
1139 3437 1334 3513 addit,
1368 3454 1447 3497 ne
1478 3454 1518 3497 a
1545 3435 1851 3515 principio
1882 3438 2123 3495 certum
2155 3439 2217 3495 et
2246 3436 2350 3496 de-

478 3536 536 3578 »a
570 3538 773 3580 ‘'flumi-
821 3532 1228 3596 terminatum
1257 3530 1583 3606 interesse,
1617 3529 1806 3590 etiam
1833 3526 1896 3586 in
1928 3544 2077 3587 casu
2099 3545 2224 3588 non
2253 3546 2350 3589 so-

477 3596 673 3697 pssfffimai,
692 3603 774 3686 1⁸13-
819 3624 1073 3689 lutionis
1101 3623 1449 3684 deducatur
1473 3620 1536 3680 in
1567 3624 1853 3699 pactumt,
1887 3618 2348 3680 advertendum

521 3696 579 3739 ²⁵⁰
605 3697 744 3742 ’mm‘
819 3724 936 3796 est,
969 3717 1055 3778 ibi
1083 3734 1208 3777 non
1237 3733 1372 3776 esse
1401 3731 1755 3774 sermonem
1773 3711 2039 3773 delucro
2062 3730 2174 3772 seu
2203 3731 2347 3790 pre-

815 3812 902 3875 tio
950 3809 1202 3885 cambii,
1253 3807 1363 3869 sed
1408 3806 1486 3867 de
1533 3805 1834 3867 interesse
1864 3804 2034 3883 quod
2077 3805 2347 3884 exigitur

815 3904 1058 3966 ratione
1084 3900 1242 3962 lucri
1286 3899 1610 3976 cessantiS,
1642 3897 1742 3959 vel
1771 3897 1987 3957 damni
2015 3916 2345 3976 emergen-

579 3358 697 3419 110

814 3998 916 4073 tis,
950 3994 1119 4075 quod
1148 3994 1227 4054 ad
1270 3991 1595 4054 vitandum
1621 3990 1969 4070 periculum
1998 4009 2206 4051 usurae
2235 4008 2342 4050 no·
2375 4055 2387 4067 ‚

811 4090 929 4151 luit
958 4087 1240 4150 Pontifex
1280 4088 1519 4145 certum
1570 4084 1651 4145 ab
1689 4082 1864 4145 initio
1908 4082 2336 4159 determinari,

811 4181 925 4243 sed
978 4179 1178 4242 voluit
1221 4197 1298 4238 ex
1343 4180 1569 4237 eventu
1618 4175 1828 4237 futuro
1882 4175 2182 4255 pendere.
2237 4175 2341 4238 Sic

813 4273 981 4335 enim
1007 4270 1354 4348 intelligere
1381 4269 1671 4330 videntur
1699 4287 1917 4329 sensus
1954 4286 2171 4329 eorum
2198 4287 2341 4329 ver-

810 4366 1035 4428 borum
1061 4363 1310 4425 Lessius
1330 4381 1392 4424 n.
1425 4365 1525 4434 90,
1550 4362 1725 4423 Salas
1752 4359 1901 4421 dub.
1935 4377 2105 4423 xxlv.
2133 4381 2239 4422 nu.
2273 4366 2332 4422 2.

809 4458 1128 4521 Filliucius
1169 4456 1231 4517 d.
1283 4473 1420 4534 cap.
1463 4470 1550 4516 xl.
1595 4474 1700 4515 nu.
1732 4455 1871 4515 491.
1907 4458 1969 4514 et
2008 4456 2195 4515 Azor.
2228 4455 2332 4515 111.

805 4556 961 4614 tom.
993 4551 1101 4613 lib.
1134 4566 1195 4611 x.
1217 4567 1355 4628 cap.
1387 4552 1446 4610 8.
1472 4548 1537 4608 in
1566 4551 1788 4626 quarta
1817 4546 2195 4622 conditione,
2230 4545 2336 4625 qui

805 4645 954 4708 licet
985 4643 1152 4705 dicat
1177 4640 1496 4723 prohiberi
1524 4645 1780 4719 pactum
1810 4637 1887 4699 de
1917 4638 2333 4700 determinato

805 4737 980 4799 lucro
1000 4756 1015 4810 ;
1035 4736 1286 4798 videtur
1311 4740 1525 4797 tamen
1544 4732 1699 4794 lucri
1721 4731 1973 4793 nomine
1987 4731 2334 4809 intelligere

807 4831 1009 4892 solum
1055 4830 1353 4890 interesse
1399 4830 1657 4907 propter
1697 4843 1940 4885 moram
1983 4823 2330 4902 solutioniS‚

808 4929 878 4987 ut
905 4924 1036 5002 ipse
1066 4922 1279 4984 statim
1304 4939 1370 4981 se
1400 4921 1688 4998 explicat.

545 5022 656 5084 111
890 5015 1015 5079 Sed
1043 5015 1210 5076 circa
1237 5013 1399 5074 hanc
1445 5011 1867 5074 conditionem
1913 5008 2188 5070 dubitari
2233 5027 2336 5071 so-

804 5110 913 5187 let,
946 5126 1022 5168 an
1055 5108 1108 5168 si
1133 5123 1354 5168 revera
1381 5105 1680 5166 interesse
1708 5102 1862 5163 illud
1911 5102 1989 5161 ab
2036 5101 2211 5162 initio
2234 5100 2334 5181 ju·
2366 5102 2375 5107 '

805 5206 897 5264 ste
921 5204 1169 5262 taxetur
1195 5218 1233 5258 a
1259 5214 1584 5275 campsore
1601 5242 1616 5271 ,
1651 5199 1885 5257 attento
1915 5193 2190 5273 periculo
2221 5194 2333 5253 da-

1974 204 2077 265 DE
2118 201 2475 267 JUs'rl'mA
2517 201 2620 264 ΕΤ
2659 203 2859 266 JURE

2455 378 2652 457 ligat?
2680 379 3014 442 Affirmant
3040 383 3354 444 Navarrus
3396 384 3500 444 ubi
3531 404 3719 465 supra
3749 405 3811 447 n.
3843 388 3981 448 301.

2458 471 2763 547 Valentia,
2799 478 2861 534 et
2887 474 3099 535 Molin.
3133 475 3302 554 apud
3331 475 3508 538 Salas
3556 478 3704 539 dub.
3750 494 3886 539 xm.
3920 498 3982 541 n.

2456 566 2515 624 2.
2552 565 2697 643 quia
2740 566 2840 625 lex
2867 566 3167 627 fundatur
3214 568 3275 628 in
3322 572 3812 648 praesumptione
3841 590 3989 632 usu-

2455 674 2565 731 rae,
2599 676 2725 735 qua
2752 664 3034 720 cessante
3064 660 3124 719 in
3155 661 3290 721 foro
3319 663 3715 724 conscientiae
3734 709 3751 739 ‚
3785 682 3991 725 cessa-

2455 747 2549 808 bit
2577 750 2896 829 obligatio.
2928 752 3049 812 Alii
3076 757 3287 813 tamen
3318 754 3543 815 melius
3575 754 3812 831 dicunt,
3844 755 3992 816 licet

2456 846 2713 918 pactum
2745 843 2895 903 illud
2927 862 3049 904 non
3080 845 3159 907 sit
3184 845 3431 906 irritum
3457 893 3473 923 ,
3514 848 3660 926 quia
3704 848 3991 910 Pontifex

2456 932 2609 993 illud
2638 953 2762 995 non
2812 935 3048 1009 irritat;
3106 956 3241 998 esse
3288 942 3500 1000 tamen
3531 940 3816 1002 illicitum
3846 941 3994 1019 quia

2454 1025 2554 1086 lex
2581 1046 2705 1087 non
2737 1026 3038 1089 fundatur
3063 1030 3126 1088 in
3156 1030 3311 1090 salsa
3340 1033 3857 1111 praesumptione,
3882 1032 3993 1093 sed

2456 1116 2521 1177 in
2548 1119 2714 1179 veris
2743 1120 3035 1198 periculis
3060 1169 3075 1190 ,
3110 1127 3173 1183 et
3200 1124 3632 1184 occasionibus
3662 1124 3990 1203 peccandi,

2457 1210 2537 1269 ad
2582 1229 2737 1290 quas
2783 1211 3215 1290 impediendas
3260 1214 3553 1293 probibet
3600 1217 3885 1277 Pontifex
3930 1217 3994 1276 in

2455 1303 2817 1364 universum
2864 1304 3171 1385 ejusmodi
3200 1311 3456 1384 pactum
3504 1307 3566 1367 in
3596 1308 3867 1370 cambio.
3901 1311 3994 1371 lta

2454 1395 2700 1456 Lessius
2729 1415 2796 1458 n.
2830 1400 2928 1459 90.
2964 1397 3139 1459 Salas
3179 1398 3344 1459 dicto
3376 1399 3526 1461 dub.
3565 1417 3702 1462 xm.
3737 1420 3801 1462 n.
3830 1405 3891 1462 2.
3931 1406 3997 1463 et

2457 1486 2607 1548 dub.
2638 1504 2807 1550 xxlv.
2844 1507 2905 1550 n.
2937 1493 2996 1550 2.
3033 1489 3350 1552 Filliucius
3380 1491 3485 1551 ubi
3518 1511 3709 1573 supra
3748 1513 3810 1554 n.
3843 1497 3991 1557 482.

2456 1583 2518 1640 et
2543 1580 2670 1641 alii.
3290 1577 3295 1580 ⁴

2536 1673 2715 1735 Circa
2742 1674 3080 1735 secundam
3124 1675 3546 1738 condItionem
3571 1724 3586 1755 2
3636 1697 3715 1740 ne
3744 1679 3996 1741 cambia

2452 1766 2649 1825 realia
2679 1766 2859 1826 aliter
2886 1786 3077 1846 quam
3106 1770 3187 1829 ad
3215 1769 3450 1848 primas
3480 1770 3793 1832 nundinas
3817 1818 3833 1849 ,
3882 1773 3996 1835 ubi

2455 1859 2753 1919 nundinae
2780 1866 2945 1935 sunt,
2978 1860 3086 1921 ubi
3114 1880 3263 1922 vero
3294 1880 3420 1923 non
3451 1869 3631 1939 sunt,
3667 1865 3746 1924 ad
3775 1866 3996 1925 termi-

2453 1970 2566 2012 nos
2592 1951 2827 2029 primos
2871 1951 3045 2031 juxta
3089 1958 3413 2033 receptum
3461 1956 3744 2017 locorum
3775 1975 3986 2034 usum,

2453 2048 2916 2105 excerceantur.

2542 2136 3016 2199 Advertendum
3070 2143 3165 2200 est
3220 2139 3424 2218 primo
3457 2186 3473 2216 ,
3560 2141 3613 2200 si
3683 2141 3990 2219 proximae

2454 2230 2749 2290 nundinae
2802 2230 2890 2290 ita
2953 2248 3175 2309 parum
3239 2232 3542 2295 distarent
3595 2252 3631 2293 a
3701 2240 3988 2314 tempore

2452 2322 2598 2383 facti
2636 2323 2911 2400 cambii,
2982 2328 3053 2385 ut
3091 2325 3315 2385 litterae
3371 2325 3597 2386 cambii
3655 2330 3986 2406 pervenire

2452 2433 2577 2475 non
2641 2417 2881 2495 possint
2908 2463 2924 2488 ,
3006 2420 3074 2476 ut
3127 2416 3190 2477 in
3261 2417 3337 2477 iis
3400 2418 3695 2479 nundinis
3759 2421 3986 2483 solutio

2452 2509 2600 2585 flat,
2646 2526 2771 2569 non
2817 2528 2951 2570 esse
2999 2528 3105 2570 eas
3145 2509 3578 2589 intelligendas
3606 2512 3671 2572 in
3700 2513 3819 2574 hac
3850 2515 3990 2575 bul-

2451 2601 2515 2661 la
2541 2602 2855 2679 proximas
2896 2601 3226 2678 nundinaS,
3252 2603 3361 2663 sed
3415 2603 3567 2664 alias
3612 2611 3949 2685 sequentes
3970 2653 3987 2685 ,

2454 2695 2601 2773 quia
2639 2712 2844 2756 sermo
2888 2699 2982 2756 est
3022 2695 3104 2762 ,de
3158 2695 3456 2773 proximis
3510 2698 3802 2759 nundinis
3834 2745 3852 2776 ,
3926 2700 3989 2760 in

2454 2788 2679 2867 quibus
2706 2787 2930 2849 solutio
2958 2787 3093 2848 fleri
3123 2789 3335 2867 possit.
3369 2790 3464 2850 lta
3490 2790 3721 2851 Molina
3750 2790 3983 2871 disput.

2449 2884 2590 2942 403.
2625 2900 2731 2941 nu.
2764 2884 2824 2941 5.
2861 2881 3037 2942 Salas
3064 2880 3214 2942 dub.
3247 2898 3421 2943 xvlv.
3458 2901 3632 2944 unm.
3677 2887 3736 2945 2.
3772 2885 3989 2944 Filliu·

2453 2973 2584 3034 cius
2614 2991 2675 3033 n.
2710 2975 2846 3033 182.
2881 2972 3095 3033 etalii.

2532 3064 2803 3126 Adverte
2848 3064 3162 3140 secundO,
3219 3063 3272 3123 si
3325 3064 3641 3126 cambium
3685 3068 3867 3131 fieret
3907 3070 3988 3130 ad

2450 3157 2762 3219 nundinas
2789 3175 2914 3219 non
2941 3157 3278 3238 proximaS,
3313 3159 3647 3239 etquidem
3677 3179 3820 3224 cum
3851 3181 3993 3223 ma-

2443 3251 2569 3332 jori
2598 3252 2768 3314 lucro
2801 3256 3057 3329 propter
3082 3270 3302 3311 verum
3328 3252 3629 3313 interesse
3659 3256 3814 3315 lucri
3848 3274 3991 3316 ces-

2449 3343 2664 3422 santiS,
2693 3344 2792 3404 vel
2822 3344 3036 3405 damni
3064 3345 3441 3423 emergentis
3486 3364 3562 3405 ex
3605 3347 3829 3426 majori
3880 3349 3992 3409 illa

2451 3434 2769 3512 dilatione,
2800 3454 3064 3516 peccare
3089 3437 3342 3515 quidem
3372 3442 3590 3499 contra
3616 3439 3993 3517 prohibitio-

2448 3548 2592 3590 nem
2619 3529 2841 3605 bullae,
2894 3547 3019 3588 non
3059 3534 3268 3590 tamen
3318 3530 3517 3590 teneri
3554 3533 3987 3610 campsarium

2447 3622 2527 3683 ad
2544 3620 2998 3682 restitutionem
3012 3625 3153 3681 ante
3166 3622 3798 3702 sententiamjudiciS,
3833 3625 3989 3704 quia

2438 3714 2607 3794 justo
2635 3712 2814 3774 titulo
2834 3712 3077 3773 lucrum
3096 3712 3249 3774 illud
3272 3713 3529 3793 accepit..
3563 3716 3655 3777 Ita
3675 3733 3819 3776 cum
3835 3718 3986 3778 Les-

2444 3807 2535 3868 sio
2567 3805 2742 3869 Salas
2771 3805 2936 3866 dicto
2966 3825 3029 3866 n.
3064 3809 3123 3866 2.

2522 3897 2799 3959 Adverto
2841 3897 3024 3959 tertio
3049 3944 3065 3975 ,
3114 3897 3277 3959 hanc
3324 3897 3746 3961 conditionem
3774 3900 3985 3962 videri

2440 3991 2676 4070 imponi
2705 3991 3132 4070 campsoribus
3159 3991 3305 4052 solis
3328 4038 3343 4068 ‚
3376 3992 3441 4051 in
3470 3992 3694 4071 quibus
3722 3994 3981 4072 pericu·

2436 4084 2569 4146 lum
2598 4088 2692 4145 est
2719 4102 3071 4159 usurarum,
3102 4101 3246 4144 cum
3274 4083 3392 4163 ipsi
3408 4084 3545 4160 soli,
3579 4090 3642 4147 et
3659 4104 3789 4146 non
3811 4106 3983 4147 cam-

2438 4176 2630 4257 psarii
2657 4176 2899 4237 lucrum
2929 4175 3179 4256 capiant
3220 4195 3295 4237 ex
3336 4176 3581 4237 cambio
3604 4224 3619 4254 ‚
3668 4196 3818 4239 cum
3845 4184 3987 4241 tota

2435 4269 2594 4331 ratio
2625 4269 2723 4345 sit,
2757 4288 2827 4328 ne
2852 4267 3183 4349 foenerandi
3212 4268 3385 4341 detur
3412 4270 3655 4332 occasio.
3693 4271 3904 4345 Quare
3929 4274 3989 4334 si

2438 4362 2824 4442 compsarius
2870 4360 3042 4439 prior
3084 4361 3382 4440 pecunias
3424 4360 3625 4423 datin
3653 4383 3782 4425 uno
3811 4366 3981 4442 loc0,

2435 4458 2802 4532 recepturus
2831 4472 2936 4514 eas
2966 4472 3001 4513 a
3032 4471 3357 4533 campsore
3387 4454 3450 4514 in
3481 4454 3601 4516 alio
3623 4502 3639 4532 ,
3673 4460 3738 4518 et
3765 4459 3982 4519 soluto

2436 4545 2744 4626 campsori
2776 4546 2974 4624 pretio
3014 4545 3183 4625 justo
3223 4547 3491 4624 cambii,
3552 4566 3678 4608 non
3721 4549 3988 4612 videtur

2435 4638 2713 4700 futurum
2745 4641 2960 4698 contra
2989 4637 3150 4698 hanc
3190 4639 3395 4718 legem
3420 4687 3435 4716 ,
3486 4640 3539 4701 si
3584 4643 3987 4721 campsarius

2433 4731 2769 4792 terminum
2798 4730 3121 4792 solutionis
3149 4738 3445 4811 proroget
3473 4736 3786 4813 campsori
3805 4782 3821 4812 ‚
3873 4736 3985 4797 vel

2435 4823 2515 4883 ad
2544 4823 2853 4884 secundas
2874 4823 3186 4885 nundinas
3208 4825 3584 4887 solutionem
3603 4832 3794 4905 petat,
3819 4830 3988 4907 quia

2434 4915 2820 4995 campsariis,
2856 4916 2961 4995 qui
2990 4916 3227 4977 nullum
3255 4918 3502 4978 lucrum
3531 4926 3870 4998 expectant
3901 4941 3987 4983 ex

2432 5009 2701 5085 cambio,
2735 5012 2796 5069 et
2823 5008 3061 5087 priores
3089 5010 3420 5087 pecuniam
3450 5011 3623 5088 dant,
3648 5032 3771 5073 non
3794 5013 3987 5074 vide·

2431 5106 2534 5163 tur
2561 5100 2893 5163 interdicta
2919 5101 3059 5162 talis
3086 5104 3443 5181 prorogatio
3465 5104 3715 5165 termini
3734 5105 3793 5165 in
3822 5107 3984 5186 lege

2430 5193 2571 5270 hac,
2606 5212 2745 5273 quae
2774 5194 2976 5254 solum
3008 5194 3204 5256 tendit
3230 5194 3310 5255 ad
3334 5195 3618 5257 tollendas
3646 5199 3986 5261 occasiones

802 5293 933 5355 mni
959 5296 1024 5354 et
1048 5310 1157 5371 spe
1184 5290 1342 5353 lucri
1370 5288 1689 5364 cessantis,
1721 5288 1907 5348 liceat
1933 5287 1996 5346 in
2024 5287 2160 5347 foro
2190 5303 2333 5347 con·
2426 5284 2724 5368 peccandi,
2754 5285 3105 5368 fraudesque
3128 5287 3575 5367 foeneratorum;
3594 5291 3754 5352 sicut
3770 5291 3983 5354 etiam

801 5385 1079 5453 scientiae
1100 5384 1240 5449 talis
1268 5381 1725 5460 determinatim
1752 5380 1860 5442 ubi
1885 5380 2056 5441 bulla
2075 5378 2211 5440 hoec
2228 5368 2334 5440 ob-

2433 5382 2690 5459 propter
2717 5379 3004 5439 eamdem
3032 5379 3341 5441 rationem
3371 5380 3589 5445 dicunt
3617 5382 3802 5463 aliqui
3836 5403 3981 5448 non

4069 406 4190 454 mm

4034 469 4190 559 132⁸(ss

4057 571 4087 608 le
4100 581 4190 614 mm

4049 678 4189 737 cauom!

4077 732 4190 772 relucta

4115 2163 4194 2221 lli

4048 2291 4099 2334 De
4120 2304 4194 2335 secu

4063 2347 4194 2387 candui·

4065 2412 4132 2442 non
4147 2401 4196 2444 dn

4033 2454 4196 2496 ambian

4126 3914 4198 3972 ss:

4032 4106 4084 4135 n
4184 4150 4191 4155 ι

4036 4160 4081 4189 ΓΒ
4170 4154 4197 4186 ll

4052 4200 4103 4241 ad
4122 4213 4197 4240 m
