4263 6376
631 1665 708 1723 47

875 373 997 432 566
2037 371 2141 431 DE
2181 369 2537 434 JUSTITIA
2579 370 2679 431 ET
2720 369 2919 432 JURE

876 546 1043 607 bona
1069 547 1193 607 fide
1222 547 1505 608 vendidit
1532 547 1744 625 inepto
1769 593 1785 623 ,
1837 566 2041 626 neque
2089 547 2257 608 enim
2305 565 2418 624 per

878 638 997 700 hoc
1026 640 1296 719 privavit
1322 660 1388 700 se
1416 640 1710 702 facultate
1737 658 1929 719 quam
1950 641 2142 701 habet
2160 640 2237 700 ad
2270 657 2418 701 exa-

876 733 1241 792 minandam
1271 737 1490 810 postea
1518 732 1959 794 sufficientiam
1996 752 2253 794 suorum
2285 734 2416 793 offi-

877 826 1152 902 cialium,
1199 830 1261 886 et
1290 826 1674 885 amovendos
1702 826 1946 904 ineptos
1976 845 2047 887 eo
2079 827 2215 905 ipso
2247 826 2416 904 quod

875 919 1066 996 inepti
1096 919 1527 979 inveniuntur.
1563 918 1786 978 Adhuc
1834 925 2044 980 tamen
2074 919 2414 979 dicendum

876 1011 1126 1072 videtur
1155 1011 1503 1090 principem
1551 1010 1782 1070 debere
1828 1029 1903 1071 eo
1949 1030 2095 1072 casu
2143 1011 2414 1090 pretium

876 1103 1207 1164 restituere
1243 1121 1256 1161 :
1296 1104 1446 1181 quia
1472 1103 1606 1180 ipse
1650 1120 1726 1162 ex
1770 1122 2031 1163 munere
2079 1122 2193 1163 suo
2224 1103 2417 1163 debet

877 1195 1245 1256 electionem
1292 1195 1462 1254 illam
1512 1198 1574 1255 et
1613 1195 2039 1256 venditionem
2086 1196 2297 1275 inepto
2329 1195 2416 1254 ta-

877 1292 1043 1349 ctam
1083 1288 1329 1348 irritare
1378 1304 1391 1345 :
1444 1304 1517 1347 eo
1567 1293 1775 1347 autem
1829 1288 1965 1366 ipso
2014 1288 2182 1367 quod
2245 1288 2417 1348 illam

878 1381 1079 1441 irritat
1105 1427 1120 1456 ,
1182 1380 1426 1440 reducit
1478 1398 1613 1439 rem
1665 1380 1729 1439 in
1772 1381 2103 1457 pristinum
2159 1386 2412 1457 statum,

880 1492 953 1533 ac
999 1492 1113 1551 per
1154 1490 1545 1552 consequens
1593 1473 1782 1533 debet
1822 1474 2093 1551 pretium
2149 1473 2420 1552 emptori

879 1565 1169 1626 reddere.

961 1659 1140 1731 Quod
1166 1676 1315 1719 vero
1366 1657 1542 1718 addit
1569 1660 1855 1737 Vasquez
1879 1704 1895 1734 ,
1956 1659 2187 1719 debere
2227 1659 2419 1720 etiam

878 1751 1227 1830 principem
1284 1751 1548 1812 reddere
1596 1751 1887 1828 pretium,
1951 1751 2204 1830 quando
2252 1753 2418 1813 mala

878 1844 1002 1904 fide
1033 1844 1319 1905 vendidit
1363 1843 1695 1904 sufficienti
1742 1848 1805 1905 et
1831 1844 2058 1905 idoneo
2114 1845 2413 1921 officium,

878 1935 1236 2016 praevidens
1282 1937 1361 1997 ob
1421 1937 1660 1996 scelera
1713 1955 1826 1996 sua
1880 1955 1955 1998 eo
2012 1937 2413 2014 privandum,

879 2028 1081 2106 magis
1110 2026 1361 2088 difficile
1394 2032 1489 2088 est
1520 2047 1533 2086 :
1568 2029 1716 2107 quia
1744 2034 1892 2089 tunc
1940 2030 2233 2109 princeps
2281 2031 2420 2091 nul-

878 2122 1006 2181 lam
1035 2121 1243 2182 intulit
1285 2119 1580 2199 injuriam
1628 2121 1933 2200 emptori,
1993 2122 2097 2182 cui
2141 2124 2419 2184 officium

883 2214 1030 2274 utile
1061 2213 1234 2274 dedit
1263 2231 1384 2292 quo
1414 2214 1547 2291 ipse
1593 2218 1840 2291 poterat
1884 2215 2045 2275 bene
2093 2216 2205 2276 uti.
2240 2216 2420 2291 Quod

882 2309 1092 2367 autem
1124 2310 1342 2383 postea
1370 2305 1497 2365 suis
1526 2306 1865 2367 sceleribus
1895 2307 2157 2386 dignum
2186 2326 2252 2369 se
2281 2309 2423 2369 red-

881 2398 991 2459 dat
1019 2398 1355 2458 amissione
1408 2398 1618 2473 officii,
1678 2417 1804 2459 non
1858 2400 2054 2461 oritur
2101 2420 2176 2460 ex
2202 2402 2422 2462 vendi-

882 2493 1051 2554 tione
1082 2491 1192 2551 sed
1213 2510 1287 2552 ex
1309 2491 1492 2569 culpa
1513 2492 1834 2570 emptoriS,
1864 2493 1970 2572 qui
1991 2493 2106 2554 sibi
2128 2494 2414 2572 imputet,

882 2603 999 2646 nec
1024 2584 1213 2646 debet
1241 2583 1532 2664 princeps
1561 2585 1838 2645 vendens
1868 2586 2145 2647 officium
2172 2589 2420 2666 privare

882 2695 950 2738 se
976 2677 1119 2755 jure
1148 2696 1283 2753 suo,
1320 2676 1489 2756 quod
1518 2678 1708 2738 habet
1737 2682 1953 2755 postea
1981 2679 2283 2758 puniendi
2313 2682 2424 2742 de-

881 2771 1032 2831 licta
1081 2770 1158 2829 ab
1217 2770 1468 2831 officiali
1515 2771 1986 2832 committenda.
2032 2775 2201 2834 Pone
2256 2775 2425 2834 enim

886 2866 1141 2924 Petrum
1171 2881 1381 2923 emere
1410 2882 1446 2923 a
1492 2863 1774 2942 principe
1828 2864 2094 2925 fundum
2150 2885 2264 2944 pro
2297 2867 2424 2925 filio

886 2974 1021 3030 suc,
1074 2974 1261 3034 quem
1303 2956 1501 3015 filium
1542 2957 1833 3035 princeps
1888 2958 2196 3034 praevidet
2236 2960 2424 3037 paulo

885 3052 1028 3128 post
1044 3048 1523 3108 commissurum
1559 3050 1796 3109 crimen
1844 3051 2008 3111 loesae
2053 3053 2420 3130 majestatie,

887 3145 1145 3221 propter
1201 3141 1370 3220 quod
1424 3140 1561 3221 ejus
1614 3142 1781 3203 bona
1836 3144 2237 3205 confiscanda
2278 3146 2422 3206 sint.

890 3232 1206 3312 Numquid
1236 3234 1525 3313 princeps
1555 3235 1869 3296 tenebitur
1896 3242 2136 3316 postea,
2173 3239 2426 3317 quando

889 3345 1003 3405 per
1029 3327 1537 3388 confiscationem
1565 3329 1896 3406 praevisam
1925 3337 2260 3409 recuperat
2285 3331 2429 3392 fun-

892 3419 1064 3494 dum,
1110 3418 1376 3479 reddere
1432 3422 1615 3481 Petro
1661 3422 1932 3499 pretium
1986 3424 2068 3484 ab
2121 3442 2194 3485 eo
2250 3442 2429 3486 acce-

890 3513 1118 3592 ptum?
1146 3515 1593 3593 Nequaquam,
1642 3514 1788 3593 quia
1832 3515 1975 3594 jure
2006 3535 2118 3577 suo
2159 3536 2307 3578 usus
2335 3522 2431 3579 est

891 3606 1171 3667 vendens
1197 3605 1464 3666 fundum
1494 3607 1712 3668 utilem
1733 3654 1748 3685 ‚
1803 3614 1867 3669 et
1899 3610 2043 3687 jure
2091 3629 2203 3672 suo
2236 3612 2430 3672 utitur

893 3702 1112 3779 postea
1152 3700 1418 3759 fundum
1462 3718 1574 3778 per
1614 3701 2126 3763 confiscationem
2173 3722 2430 3782 recupe-

894 3811 1059 3852 rans.
1093 3792 1267 3853 Idem
1297 3811 1447 3870 ergo
1474 3793 1536 3851 in
1567 3811 1716 3853 casu
1748 3798 1960 3856 nostro
1982 3795 2321 3857 dicendum
2341 3798 2429 3858 vi-

896 3885 1098 3960 detur,
1153 3903 1295 3944 cum
1345 3884 1785 3947 eodemmodo
1816 3888 2127 3949 vendatur
2154 3889 2429 3950 officium

896 3977 1046 4038 utile
1072 3977 1340 4056 praevisa
1393 3977 1596 4037 solum
1652 3979 1835 4058 culpa
1880 3981 2122 4056 futura,
2175 3987 2432 4060 propter

899 4088 1088 4148 quam
1119 4070 1391 4131 officium
1436 4070 1662 4132 iterum
1691 4072 1772 4132 ad
1819 4072 2116 4152 principis
2156 4079 2431 4152 potesta-

900 4166 1027 4224 tem
1058 4163 1306 4224 redibit.

982 4256 1262 4334 Denique
1289 4255 1458 4334 quod
1488 4256 1567 4317 de
1600 4256 1843 4336 privato
1886 4260 2318 4337 renuntiante,
2370 4265 2434 4322 et

900 4347 1210 4409 vendente
1242 4348 1515 4409 officium
1545 4348 1889 4427 dicebatur,
1924 4353 2211 4412 examine
2242 4354 2431 4415 etiam

901 4440 1162 4518 indiget,
1196 4445 1505 4518 quatenus
1534 4441 1710 4517 dixit,
1745 4443 1875 4503 sive
1906 4444 2074 4507 mala
2102 4446 2235 4506 sive
2264 4446 2432 4507 bona

902 4531 1026 4592 fide
1062 4532 1411 4593 vendiderit
1437 4533 1856 4612 insufficienti,
1882 4555 2005 4597 non
2030 4537 2261 4599 debere
2289 4558 2433 4618 pre-

902 4626 1058 4687 tium
1107 4626 1458 4686 restituere.
1516 4628 1592 4687 Et
1638 4628 1891 4706 quidem
1916 4676 1932 4705 ,
1991 4630 2041 4691 si
2098 4631 2432 4693 sufficienti

900 4718 1202 4785 vendidit,
1236 4719 1587 4796 praevidens
1618 4724 1825 4781 tamen
1856 4723 2037 4802 culpa
2069 4742 2182 4784 sua
2201 4724 2428 4786 abusu-

899 4831 1041 4872 rum
1069 4811 1273 4873 officio
1298 4858 1313 4888 ,
1359 4813 1562 4873 fateor
1608 4833 1733 4874 non
1781 4815 2008 4876 debere
2037 4817 2429 4880 venditorem

898 4906 1169 4985 pretium
1197 4906 1464 4983 emptori
1493 4906 1779 4983 reddere,
1812 4907 1959 4970 licet
1985 4910 2192 4971 officio
2224 4911 2432 4988 prive-

898 5003 1021 5075 tur,
1057 4999 1223 5078 quod
1254 5018 1326 5059 ex
1357 4999 1636 5078 proxime
1667 5000 1847 5061 dictis
1877 5001 1952 5061 de
1983 5002 2265 5081 principe
2287 5023 2432 5065 ven·

901 5092 1085 5153 dente
1116 5113 1149 5152 a
1181 5092 1423 5154 fortiori
1452 5096 1717 5154 constat.
1766 5096 1901 5154 Non
1943 5101 2155 5156 tamen
2186 5096 2433 5159 videtur

899 5205 1148 5264 semper
1175 5186 1569 5246 excusandus
1600 5206 1636 5245 a
1666 5187 2056 5249 restitutione
2085 5208 2237 5267 erga
2266 5209 2432 5251 rem-

898 5278 1235 5357 publicam.
1281 5279 1456 5341 Sicut
1483 5280 1649 5341 enim
1680 5280 1783 5358 qui
1813 5281 2093 5359 gladium
2121 5284 2424 5355 vendidit,

895 5365 994 5432 vel
1024 5372 1199 5432 dedit
1230 5373 1509 5434 occisuro
1540 5373 1885 5451 inimicum,
1917 5374 2257 5454 al³quando
2287 5395 2429 5454 pec-

896 5469 998 5525 cat
1025 5470 1244 5526 contra
1263 5465 1569 5544 justitiam
1602 5470 1664 5526 et
1697 5470 1943 5527 tenetur
1972 5468 2052 5527 ad
2085 5469 2430 5530 restitutio-

896 5573 1063 5633 nem,
1089 5557 1235 5638 quia
1264 5576 1339 5619 ex
1358 5558 1603 5637 justitia
1630 5559 1902 5621 debebat
1918 5560 2200 5638 gladium
2217 5561 2278 5622 in
2308 5561 2427 5622 illis

2516 547 3000 609 circumstantiis
3031 567 3264 628 negare
3300 569 3314 609 ;
3350 550 3441 610 sic
3472 551 3580 629 qui
3623 551 3926 611 renuntiat
3950 553 4022 611 of-

2514 640 2728 701 ficium
2757 641 3079 720 publicum
3112 643 3167 701 ei
3198 661 3390 722 quem
3422 644 3544 704 scit
3573 644 3776 704 officio
3823 645 4024 703 abusu-

2515 752 2656 793 rum
2685 734 2747 793 in
2777 752 3075 813 magnam
3105 735 3471 814 reipublicae
3517 737 3876 814 perniciem,
3907 755 4026 813 pec-

2516 824 2683 886 cabit
2737 826 3078 905 aliquando
3134 834 3395 905 peccato
3449 828 3771 908 injustitiae
3837 835 4024 889 contra

2515 918 3001 997 rempublicam;
3056 926 3120 981 et
3145 921 3466 982 tenebitur
3513 922 3790 982 secundo
3834 922 4026 983 saltem

2515 1011 2652 1070 loco
2682 1011 2763 1071 ad
2813 1013 3214 1072 resarcienda
3260 1014 3493 1073 damna
3550 1014 3923 1086 subsecuta,
3964 1016 4026 1074 ad

2517 1122 2704 1182 quem
2734 1104 2923 1163 finem
2956 1106 3009 1164 si
3038 1124 3293 1166 necesse
3340 1107 3421 1167 sit
3462 1106 3733 1166 reddere
3762 1108 4024 1185 pretium,

2516 1200 2585 1256 ut
2613 1201 2984 1257 amoveatur
3010 1198 3352 1259 sceleratus
3383 1199 3487 1259 ille
3518 1200 3600 1259 ab
3634 1200 3841 1260 officio
3867 1246 3884 1276 ,
3935 1201 4025 1260 hoc

2516 1289 2707 1350 etiam
2736 1289 2943 1350 facere
2973 1292 3309 1353 tenebitur.

2597 1381 2855 1457 Deinde,
2889 1383 2942 1442 si
2970 1384 3138 1443 mala
3165 1384 3290 1444 fide
3319 1384 3607 1445 vendidit
3632 1385 3851 1464 inepto
3878 1390 3938 1446 et
3961 1387 4028 1445 in-

2516 1474 2872 1551 sufficienti,
2904 1477 3133 1554 poterit
3163 1477 3225 1535 in
3254 1478 3475 1555 primis
3503 1497 3541 1537 a
3571 1480 3899 1557 superlore
3919 1480 4025 1557 engi

2518 1567 2598 1626 ad
2627 1567 3020 1627 reddendum
3050 1569 3318 1647 pretium
3349 1571 3641 1648 emptori,
3679 1573 3830 1650 quia
3858 1579 4029 1649 potest

2518 1663 2580 1720 et
2604 1659 2793 1722 debet
2834 1663 3118 1741 superior
3162 1664 3416 1741 cognita
3446 1664 3892 1726 insufficientia
3923 1682 4024 1724 em·

2517 1752 2735 1832 ptoris,
2755 1754 3000 1814 irritare
3024 1755 3394 1815 electionem
3411 1760 3474 1816 et
3491 1756 4026 1824 renuntiationem:

2518 1862 2713 1923 quare
2742 1846 2931 1907 debet
2957 1865 3058 1906 res
3089 1846 3149 1906 in
3195 1848 3466 1926 primum
3509 1851 3749 1908 statum
3793 1849 4024 1916 restitui,

2516 1937 2762 1998 reddito
2794 1940 3063 2017 emptori
3109 1941 3334 2018 pretio,
3382 1940 3586 2001 Credo
3629 1946 3843 2002 tamen
3894 1942 4028 2021 quod

2514 2033 2667 2092 tunc
2692 2032 2985 2093 venditor
3012 2033 3217 2092 redire
3248 2033 3439 2094 etiam
3471 2033 3664 2094 debet
3692 2035 3778 2093 ad
3807 2035 4029 2094 faculta-

2516 2128 2644 2184 tem
2672 2123 2947 2202 priorem
2967 2143 3158 2203 quam
3189 2126 3466 2187 habebat
3510 2127 3918 2187 renuntiandi
3956 2128 4030 2186 ci·

2517 2216 2728 2278 ficium
2755 2217 2832 2277 de
2863 2236 3048 2292 novo,
3110 2219 3225 2279 nisi
3259 2219 3321 2278 in
3367 2237 3626 2296 poenam
3663 2219 3875 2280 delicti
3893 2238 4028 2279 com·

2518 2310 2689 2369 missi
2718 2310 2857 2388 lege
2886 2311 2988 2371 vel
3009 2312 3339 2388 sententia,
3375 2312 3483 2373 tali
3516 2313 3833 2390 potestate
3860 2314 4030 2392 prive-

2519 2409 2641 2466 tur.
2688 2404 2970 2483 Denique
3016 2405 3205 2464 etiam
3246 2423 3372 2466 non
3420 2405 3839 2483 compellente
3885 2424 4032 2484 snpe-

2521 2494 2707 2572 riore,
2742 2513 2857 2555 uec
2885 2496 3279 2557 rescindente
3306 2503 3710 2559 contractum
3735 2546 3751 2568 ,
3804 2499 3932 2576 ipse
3955 2505 4031 2557 ta-

2520 2606 2665 2648 men
2695 2589 2983 2649 venditor
3009 2590 3327 2652 tenebitur
3355 2609 3523 2668 saepe
3552 2609 3630 2649 ex
3661 2609 3732 2650 se
3762 2591 3895 2668 ipsc
3918 2609 4028 2650 cum

2514 2679 2764 2759 jactura
2790 2683 2973 2760 pretii
3019 2684 3264 2761 accepti
3292 2701 3632 2760 procurare
3655 2730 3671 2757 ,
3730 2683 3896 2762 quod
3934 2683 4030 2741 ine·

2521 2776 2665 2852 ptus
2693 2773 2796 2834 ille
2817 2774 3021 2835 officio
3037 2775 3317 2853 privetur
3336 2796 3352 2847 ;
3387 2776 3532 2854 quia
3552 2782 3818 2854 propter
3833 2776 4030 2834 malam

2521 2865 2712 2925 fidem
2755 2886 2878 2946 qua
2916 2867 3126 2945 inepto
3175 2868 3460 2930 vendidit
3513 2869 3798 2929 officium
3849 2873 4028 2929 contai

2523 2959 2761 3020 honum
2790 2979 3123 3021 commune
3154 2967 3216 3022 et
3243 2962 3307 3021 in
3352 2980 3652 3040 magnam
3702 2962 4028 3040 reipublice

2523 3053 2885 3131 perniciem,
2920 3055 3203 3132 peccavit
3233 3059 3450 3116 contra
3464 3054 3803 3133 justitiam,
3825 3073 4030 3134 ponens

2522 3144 2803 3224 ineptum
2832 3146 3005 3207 illum
3036 3147 3097 3207 in
3129 3147 3331 3208 officio
3364 3147 3657 3227 publico;
3712 3161 3788 3209 ex
3817 3167 3933 3226 qna
3953 3148 4027 3206 in-

2516 3238 2685 3316 juria
2713 3245 2927 3300 manet
2952 3240 3220 3319 oligatus
3258 3241 3478 3301 saltem
3508 3241 3791 3302 seeundo
3819 3241 3944 3301 loco
3967 3241 4027 3297 ad

2524 3332 2921 3393 resarcienda
2975 3333 3331 3411 reipublicae
3387 3334 3623 3393 damna
3678 3334 3868 3394 etiam
3915 3351 4030 3393 eum

2526 3424 2779 3503 proprio
2809 3425 3158 3504 dispendio.
3195 3425 3456 3498 Quando
3484 3444 3637 3502 ergo
3684 3426 3770 3487 ad
3800 3444 3872 3485 ea
3897 3424 4028 3485 mala

2523 3517 2926 3595 impedienda
2954 3536 3205 3579 necesse
3233 3519 3421 3580 fuerit
3460 3520 3736 3597 pretium
3774 3518 4025 3589 reddere,

2525 3613 2597 3670 ut
2621 3609 2914 3689 indignus
2944 3611 3148 3672 officio
3181 3611 3480 3687 privetur,
3514 3610 3600 3671 ad
3631 3611 3754 3672 hoc
3770 3611 4026 3673 etiamte·

2528 3703 2775 3764 nebitur
2802 3703 3091 3765 venditor
3109 3705 3408 3783 privat-115,
3439 3709 3512 3766 ut
3560 3722 3675 3766 suo
3723 3704 3926 3765 debito
3955 3721 4030 3763 sa·

2526 3796 2816 3857 tisfaciat.

2608 3889 2898 3950 Secunda
2925 3889 3256 3950 difficultas
3298 3890 3665 3969 principalis
3691 3890 3862 3950 circa
3898 3889 4028 3948 hane

2527 3981 2888 4043 restituendi
2919 3982 3364 4062 obligationem
3391 3983 3537 4045 oriri
3568 3988 3780 4062 potest
3796 3982 4028 4042 exdictis

2529 4075 2909 4136 sectionibus
2980 4075 3502 4153 praecedentibus.
3562 4077 3843 4138 Diximus
3891 4074 4025 4135 enim
4076 4092 4097 4119 ⁸

2528 4186 2734 4246 saepe,
2785 4168 3098 4248 principes
3145 4172 3207 4229 et
3251 4169 3558 4230 electores
3587 4169 3873 4247 eligendo
3897 4167 4028 4227 indi-
4059 4201 4090 4263 ζ
4141 4214 4144 4219 ,

2528 4279 2745 4339 gnum,
2778 4265 2840 4323 et
2868 4262 3202 4340 aliquando
3245 4263 3432 4323 etiam
3482 4263 3787 4339 dignum,
3835 4262 4026 4321 omisso

2529 4353 2820 4431 digniori,
2879 4358 2943 4414 et
2994 4355 3057 4413 in
3113 4355 3394 4431 pluribus
3439 4355 3691 4416 casibus
3737 4353 4026 4414 vendendo

2530 4447 2665 4507 haec
2695 4446 2899 4507 officia
2926 4447 3197 4525 publica,
3229 4465 3493 4525 peccare
3522 4452 3784 4525 peccato
3828 4445 4026 4525 injusti—

2529 4540 2631 4599 tiae
2687 4544 2908 4600 contra
2959 4540 3433 4618 rempublicam,
3491 4540 3594 4600 cui
3647 4540 3843 4600 multa
3893 4538 4026 4598 mala

2530 4633 2815 4693 oriuntur
2843 4652 2917 4692 ex
2947 4633 3043 4692 bis
3073 4633 3480 4694 electionibus
3503 4679 3521 4708 ,
3555 4638 3668 4694 aut
3694 4630 4026 4694 venditioni-

2528 4726 2666 4788 bus.
2701 4726 2907 4798 Quaeri
2932 4744 3082 4805 ergo
3114 4731 3318 4804 potest
3342 4727 3405 4786 in
3437 4726 3534 4786 his
3562 4728 3827 4799 casibus,
3855 4724 4024 4804 quahs

2530 4820 2835 4881 restitutio
2857 4819 3145 4879 facienda
3173 4821 3251 4881 sit
3282 4838 3396 4898 pro
3426 4819 3526 4880 his
3554 4821 3802 4881 damnis
3829 4818 4018 4879 illatis:

2530 4931 2676 4973 nam
2703 4913 3011 4977 restitutio
3047 4912 3228 4992 pretii
3257 4913 3604 4974 deserviret
3631 4914 3826 4974 solum
3845 4911 4024 4971 adim-

2528 5006 2840 5086 pedienda
2891 5006 3057 5066 mala
3111 5007 3578 5085 subsequentia,
3627 5025 3747 5067 non
3793 5022 3928 5065 vero
3961 5001 4022 5063 ad

2528 5100 2927 5160 resarcienda
2954 5099 3147 5160 illata.
3182 5101 3260 5159 Et
3287 5100 3567 5180 quidem,
3601 5101 3654 5159 si
3681 5118 3758 5159 ex
3775 5096 4024 5158 malailla

2529 5192 2830 5253 electione
2859 5197 3210 5253 consecutae
3236 5192 3492 5253 fuerunt
3531 5193 3774 5271 injusta:
3809 5196 4020 5251 senten·

2528 5285 2654 5363 tiae,
2687 5285 3014 5347 latrocinia
3041 5290 3105 5346 et
3129 5286 3268 5346 aliae
3297 5285 3545 5365 injuria».
3565 5333 3582 5361 ‚
3616 5286 3793 5346 facile
3813 5285 3924 5345 erit
3939 5280 4018 5357 ju·

2530 5377 2739 5437 dicare
2769 5377 2848 5437 de
2879 5378 3256 5457 obligatione
3289 5378 3670 5439 resarciendi
3689 5381 3880 5438 toturn
3895 5371 4014 5434 illud

2528 5470 2827 5530 damnum
2855 5471 2930 5530 iis
2960 5472 3066 5550 qui
3094 5470 3321 5550 injuste
3339 5471 3491 5531 illud
3505 5471 3668 5550 passi
3694 5476 3832 5529 sunt
3859 5486 3874 5530 :
3905 5483 4014 5545 qm!

2528 5562 2848 5641 obligatio,
2883 5568 2952 5625 ut
2979 5564 3248 5625 diximus
3276 5609 3292 5641 ,
3339 5564 3621 5626 secundo
3649 5564 3782 5625 loco
3808 5565 4012 5642 speetu
