4263 6376
621 2527 736 2587 275

612 2653 696 2706 uid,
730 2654 765 2697 si

545 2721 817 2804 liffefflgnn-

523 2815 817 2912 pluritesrlega-

593 4492 711 4554 276

556 4618 771 4664 Limitalur

513 4670 599 4717 hoe
608 4674 792 4718 doctrina
798 4705 808 4717 .

879 279 994 343 142

876 459 1060 520 redes
1090 457 1367 537 singulos
1394 458 1455 524 in
1485 458 1774 536 solidum,
1811 463 1880 521 ut
1910 459 2102 522 talem
2131 477 2265 524 rem
2293 459 2406 520 da-

878 555 1020 615 rent
1045 554 1227 614 Petro
1286 571 1299 612 :
1361 551 1610 614 sienim
1656 552 1737 616 ab
1787 570 1912 614 uno
1943 553 2187 632 accepit
2212 553 2409 616 solnm

878 645 1377 723 aestimationem,
1410 645 1639 724 poterit
1658 644 1737 708 ab
1755 646 1951 709 altero
1972 665 2105 710 rem
2130 646 2365 708 habere
2390 666 2403 706 ε

875 758 1055 801 secus
1083 739 1135 802 si
1163 757 1199 798 a
1227 738 1428 818 primo
1457 757 1593 799 rem
1622 739 1833 816 habet,
1884 741 1925 802 l.
1964 739 2118 815 Quid
2141 759 2301 820 erqo,
2347 741 2403 820 ξ.

876 836 928 896 Ι.
963 833 1024 893 ff.
1057 830 1127 892 de
1173 830 1377 911 leqatis
1408 849 1449 894 1.
1488 831 1665 893 Ratio
1711 837 1922 895 antem
1968 833 2032 893 in
2062 833 2136 893 iis
2165 833 2409 911 legibus

875 924 1180 1004 redditur,
1239 925 1386 1003 quia
1413 943 1539 986 non
1583 928 1791 1005 potest
1835 926 2069 1006 duplex
2096 944 2290 987 causa
2318 927 2408 987 lu·

874 1018 1110 1081 crativa
1139 1035 1512 1080 concurrere
1543 1021 1622 1080 ad
1669 1019 1958 1083 eamdem
2004 1038 2140 1081 rem
2180 1019 2409 1082 iterum

871 1111 955 1174 ab
984 1110 1204 1174 eodem
1235 1110 1615 1190 hahendam,
1667 1131 1847 1173 secus
1884 1112 1937 1174 si
1984 1112 2306 1174 habuisset
2333 1131 2408 1174 ex

874 1223 1065 1268 causa
1091 1222 1379 1281 onerosa,
1413 1208 1483 1266 ut
1510 1204 1801 1283 diximuS,
1846 1206 1994 1285 quia
2022 1211 2171 1267 tunc
2199 1210 2410 1284 posset

874 1317 913 1361 a
938 1297 1215 1360 secundo
1264 1297 1743 1360 aestimationem
1789 1301 2023 1378 petere.
2086 1299 2267 1362 Ratio
2296 1318 2408 1360 uu-

872 1395 1002 1454 tem
1031 1391 1400 1456 differentia}
1430 1395 1544 1468 est,
1579 1391 1724 1471 quia
1756 1392 1861 1472 qui
1894 1392 2086 1456 habet
2112 1411 2191 1453 ex
2217 1411 2411 1453 causa

871 1485 1197 1562 lucrativa,
1232 1484 1415 1563 plene
1443 1484 1634 1548 habet
1659 1504 1794 1545 rem
1839 1505 1852 1546 :
1908 1486 1972 1546 id
2002 1490 2218 1548 autem
2239 1485 2406 1566 quod

871 1597 1085 1644 meum
1113 1582 1207 1642 est
1250 1596 1374 1639 non
1421 1582 1624 1656 potest
1669 1578 1939 1657 amplius
1980 1595 2192 1640 meum
2221 1578 2402 1653 fieri3

874 1673 982 1755 qui
1003 1675 1212 1734 autem
1240 1670 1432 1733 habet
1458 1690 1535 1733 ex
1561 1689 1749 1734 causa
1780 1688 2075 1749 onerosa,
2129 1672 2407 1736 nondum

870 1766 1117 1829 videtur
1149 1763 1512 1845 acquisiisse
1544 1763 1724 1843 plene
1770 1783 1906 1826 rem
1949 1764 2143 1841 illam,
2203 1766 2316 1827 sed
2344 1766 2408 1826 id

870 1860 1077 1924 minus
1124 1859 1293 1938 quod
1338 1876 1452 1938 pro
1500 1876 1577 1922 ea
1618 1859 1826 1934 dedit;
1887 1877 2080 1939 quare
2127 1860 2407 1922 nondum

868 1954 1129 2034 impleta
1156 1956 1250 2016 est
1274 1952 1564 2016 voluntas
1593 1952 1910 2016 testatoris
1931 1952 2039 2032 qui
2068 1951 2266 2015 voluit
2295 1955 2408 2013 Pe-

868 2051 1038 2114 trum
1063 2064 1199 2108 rem
1228 2045 1401 2109 illam
1428 2045 1623 2124 gratis
1652 2045 1731 2107 ab
1776 2045 1911 2123 ipso
1944 2044 2203 2122 hahere,
2261 2064 2406 2107 cum

867 2140 1015 2206 licet
1042 2139 1292 2216 habent,
1353 2157 1477 2202 non
1525 2143 1735 2201 tamen
1786 2137 1983 2218 gratis
2032 2138 2284 2215 habeat,
2345 2143 2408 2201 et

869 2233 1011 2296 ideo
1040 2235 1289 2297 tenetur
1333 2232 1535 2294 haeres
1564 2233 1793 2309 facere,
1847 2236 1917 2293 ut
1942 2233 2140 2311 gratis
2169 2231 2408 2294 haheat

871 2326 1360 2407 compensand0‚
1394 2325 1563 2406 quod
1592 2326 1767 2388 dedit
1795 2331 1864 2390 ut
1891 2325 2156 2388 haberet
2182 2325 2233 2390 si
2261 2344 2407 2405 pre*

870 2420 1028 2484 tium
1049 2419 1290 2501 justum
1318 2419 1454 2482 fuit.

950 2513 1159 2576 Tertia
1186 2513 1407 2592 regula
1435 2516 1548 2588 est,
1599 2513 1852 2592 quando
1899 2513 2125 2575 eadem
2155 2513 2406 2593 quanti-

868 2613 965 2670 tas
992 2607 1087 2669 bis
1124 2607 1188 2670 in
1234 2606 1459 2669 eodem
1501 2610 1900 2685 testamento,
1959 2612 2071 2670 aut
2115 2607 2403 2669 codicillo

868 2702 1116 2781 legatur
1143 2700 1370 2776 eidem,
1425 2700 1619 2761 semel
1665 2705 1908 2762 tantum
1953 2700 2237 2776 debetur,
2290 2701 2403 2761 nisi

868 2793 1207 2874 legatarius
1279 2792 1661 2856 contrariam
1732 2793 2147 2856 intentionem
2213 2795 2402 2855 fuisse

869 2888 1113 2968 probet,
1144 2888 1187 2951 l.
1219 2886 1429 2959 Plane,
1481 2902 1523 2947 1.
1556 2886 1614 2966 ς.
1674 2885 1801 2947 Sed
1819 2886 1875 2946 si
1915 2906 2029 2947 non
2057 2907 2288 2968 corpus,
2343 2892 2407 2949 et

866 2983 922 3062 §-
961 2980 1087 3042 Sed
1108 2980 1164 3043 si
1179 2979 1426 3062 pondus,
1461 2982 1522 3041 ff.
1556 2978 1627 3040 de
1654 2978 1859 3060 legatis
1888 2997 1931 3041 1.
1967 2982 2098 3042 Imo
2120 2981 2173 3042 si
2199 2981 2401 3060 primo

868 3074 1257 3153 relinquatur
1311 3072 1615 3150 absolute,
1674 3077 1737 3135 et
1789 3077 2009 3151 postea
2062 3072 2127 3133 in
2178 3074 2404 3135 eodem

864 3167 1278 3233 instrumento
1307 3165 1424 3229 sub
1471 3166 1848 3244 conditione,
1910 3170 2199 3229 censetur
2227 3185 2403 3229 revo-

865 3266 1078 3327 catum
1104 3262 1381 3339 legatum
1436 3278 1664 3339 purum
1706 3266 1769 3323 et
1808 3261 2050 3323 factum
2096 3260 2403 3322 conditio-

865 3356 1027 3431 nale,
1063 3358 1125 3417 et
1153 3373 1186 3414 e
1215 3357 1467 3426 conti-ng
1502 3353 1600 3414 vel
1631 3353 1685 3414 si
1703 3352 1905 3434 primo
1926 3352 2243 3433 quantitas
2270 3373 2402 3414 ma-

857 3448 982 3529 jor.
1011 3453 1075 3511 et
1101 3451 1320 3528 postea
1346 3446 1572 3522 minor,
1627 3446 1726 3507 vel
1754 3465 1789 3506 e
1818 3450 2058 3522 contra,
2111 3451 2402 3509 censetur

864 3543 1068 3622 prima
1096 3540 1415 3619 dispositio
1456 3542 1768 3616 revocate,
1815 3539 1857 3605 l.
1913 3538 2188 3617 Certum,
2239 3544 2301 3605 ff.
2334 3540 2403 3603 de

861 3634 1151 3701 alimentis
1197 3633 1423 3714 leyatis.
1478 3633 1543 3695 Si
1590 3634 1832 3697 veroin
1876 3633 2139 3695 diversis
2167 3635 2404 3696 instru-

863 3728 1112 3805 mentis,
1173 3732 1241 3789 ut
1291 3726 1353 3791 in
1386 3729 1783 3803 testamento,
1838 3730 1902 3788 et
1929 3727 2240 3804 codicillo,
2293 3747 2398 3788 ea-

863 3822 1008 3887 dem
1037 3821 1354 3902 quantitas
1387 3820 1487 3881 vel
1529 3819 1777 3881 diversa
1815 3820 2084 3899 legatur,
2137 3826 2401 3901 utraque

862 3916 1148 3991 debetur,
1216 3913 1333 3975 nisi
1380 3912 1696 3975 contraria
1725 3912 1987 3976 intentio
2038 3913 2119 3974 ab
2148 3914 2401 3976 haerede

861 4010 1184 4091 probetur.
1245 4006 1426 4080 Quod
1455 4006 1624 4069 idem
1668 4010 1783 4084 est,
1841 4006 1895 4068 si
1922 4006 1986 4067 in
2015 4027 2141 4069 uno
2172 4009 2400 4070 instru-

860 4107 1070 4166 mento
1117 4100 1364 4180 legetur
1392 4118 1568 4178 pure,
1634 4102 1696 4160 et
1740 4099 1803 4160 in
1852 4100 1974 4161 alio
2018 4101 2136 4162 suh
2184 4102 2402 4162 condi-

859 4198 1055 4272 tione,
1106 4195 1203 4257 vel
1233 4210 1379 4255 cum
1406 4192 1531 4254 alia
1558 4193 1860 4255 varietate
1901 4195 2108 4272 quoad
2142 4194 2402 4274 qualita-

863 4294 1013 4366 tem,
1046 4293 1316 4366 tempuS,
1349 4286 1580 4364 locum,
1613 4291 1732 4349 etc.
1767 4286 1808 4347 l.
1838 4286 2296 4368 Quz'nquaqinta,
2331 4290 2396 4351 ff.

862 4381 936 4445 de
950 4379 1418 4465 probationibus.

942 4474 1225 4539 Limitari
1270 4474 1429 4535 solet
1484 4472 1620 4534 haeo
1664 4473 1881 4553 regula
1938 4474 2164 4554 primo,
2223 4474 2276 4534 si
2321 4473 2401 4534 ad

862 4569 1158 4633 eumdem
1185 4569 1375 4630 finem
1421 4565 1665 4646 legatur
1693 4567 1949 4645 eadem,
2002 4568 2100 4629 vel
2153 4566 2402 4629 diversa

865 4664 1183 4745 quantitas
1227 4662 1293 4723 in
1322 4658 1589 4725 diversis
1616 4659 2067 4737 instrumentiS,
2122 4681 2179 4723 V.
2215 4680 2277 4737 g.
2320 4661 2401 4721 ad

862 4759 1182 4833 alimenta,
1234 4772 1359 4834 quo
1388 4773 1537 4815 casu
1566 4754 1901 4832 posteriori
1945 4752 2241 4815 standum
2284 4757 2397 4830 est,

857 4853 899 4915 l.
933 4848 1208 4926 Lt'bertz’s,
1243 4866 1404 4929 quos,
1440 4847 1508 4908 ff.
1542 4844 1886 4909 dealiment.
1921 4855 1975 4907 et
2003 4846 2113 4909 cib.
2142 4846 2253 4926 leq.
2287 4848 2404 4907 Ex-

859 4946 1089 5026 cipitur
1115 4941 1415 5018 secundo,
1478 4939 1730 5019 quando
1779 4940 2197 5002 instrumenta
2236 4940 2405 5002 facta

857 5045 1005 5102 sunt
1032 5037 1239 5113 simul,
1273 5039 1336 5097 et
1362 5036 1626 5097 testator
1647 5051 1842 5093 unum
1872 5033 1989 5093 sibi
2018 5033 2397 5107 reservavit3

862 5151 986 5214 quo
1017 5151 1166 5193 casu
1195 5130 1247 5191 si
1276 5128 1592 5209 quantitas
1619 5125 1700 5188 sit
1727 5126 1998 5202 diversa,
2053 5126 2262 5187 minor
2293 5126 2405 5187 de·-

860 5225 1065 5303 betur,
1099 5224 1249 5305 quia
1270 5223 1472 5283 haeres
1502 5220 1674 5282 estin
1704 5220 2116 5299 possessione,
2151 5219 2192 5282 1.
2228 5219 2403 5280 Sem-

857 5320 1122 5403 pronius,
1172 5318 1240 5378 ff.
1273 5315 1343 5376 de
1388 5314 1594 5394 leqatis
1622 5330 1692 5374 11.
1727 5313 1845 5373 nisi
1876 5331 2069 5372 unum
2113 5315 2278 5373 esset
2305 5331 2405 5372 re-

862 5414 1148 5494 gistrum,
1181 5414 1247 5472 et
1264 5402 1433 5471 aliud
1458 5410 1942 5484 transumptum,
1967 5405 2115 5485 quia
2136 5406 2400 5484 registro

858 5506 1159 5571 standum
1188 5508 1304 5581 est,
1336 5506 1408 5565 ut
1433 5518 1577 5567 cum
1603 5499 1743 5562 aliis
1773 5499 1959 5562 docet
1985 5498 2134 5561 Mol.
2167 5500 2224 5580 §-
2254 5497 2399 5561 Ea:-

2087 281 2190 346 DE
2233 278 2582 346 JUS'm'rlA
2630 283 2730 345 ΕΤ
2765 283 2964 347 JUnE

2508 460 2747 542 capitur.
2781 460 3099 524 Adderem
3128 478 3268 539 ego,
3302 460 3354 522 si
3385 460 3557 540 prius
3584 460 3859 523 codicillo
3883 482 3985 526 een-

2507 557 2642 616 tum
2668 554 2876 634 legata
2902 558 3049 616 sunt
3075 556 3281 628 Petro,
3333 557 3396 615 et
3423 559 3640 633 postea
3670 558 3985 619 testamento

2508 647 2793 725 totidem,
2852 665 3149 726 magnam
3204 646 3634 727 conjecturam
3691 666 3819 710 esse
3859 651 3982 730 quod

2509 760 2633 806 non
2663 742 2786 803 sint
2814 742 2936 803 alia
2964 745 3238 817 centum,
3272 741 3378 802 sed
3403 741 3548 820 quia
3579 745 3835 806 testator
3859 744 3986 821 prius

2509 833 2864 896 codicillum
2894 834 3060 910 fecit,
3093 839 3162 897 ut
3188 833 3240 894 si
3267 834 3426 896 forte
3456 853 3579 895 non
3604 835 3888 898 conderet
3907 856 3984 899 no·

2507 945 2657 989 vum
2678 931 3142 1003 testamentum,
3166 926 3444 1006 legatum
3465 933 3786 1002 maneret;
3817 934 3872 992 et
3886 950 3987 1009 pos-

2506 1024 2610 1083 tea
2635 1020 2772 1083 aliis
2816 1021 2893 1082 dc
2940 1021 3142 1082 causis
3187 1024 3634 1085 testamentum
3683 1041 3758 1086 ex
3794 1024 3987 1102 integro

2507 1113 2673 1191 fecit,
2706 1119 2771 1177 et
2795 1115 3074 1193 legatum
3101 1113 3164 1174 in
3194 1133 3268 1175 eo
3298 1114 3599 1192 reposuit.
3648 1117 3855 1194 ltaque
3877 1135 3992 1178 con-

2500 1207 2763 1288 jecturae
2791 1207 2855 1267 in
2885 1208 2982 1268 his
3007 1225 3259 1286 semper
3286 1206 3489 1285 primo
3537 1208 3678 1270 loce
3711 1208 3990 1288 praeferen-

2508 1301 2607 1363 dae
2637 1305 2805 1363 sunt.

2587 1395 2899 1467 Quaeritur
2925 1398 3169 1471 octavo,
3204 1394 3355 1474 quid
3383 1394 3747 1472 dicendum,
3789 1396 3987 1476 quando

2506 1487 2729 1550 eadem
2757 1506 2856 1550 res
2884 1488 3165 1567 pluribus
3185 1488 3446 1551 seorSIm
3471 1490 3684 1568 legata
3710 1491 3986 1568 reperitur,

2508 1581 2556 1643 si
2587 1580 2970 1661 conjunctim
2997 1581 3260 1661 legetur,
3296 1581 3548 1645 dabitur
3574 1582 3701 1644 illis
3727 1583 3917 1660 semel,
3943 1591 3990 1645 ut

2507 1675 2793 1736 dividant
2819 1675 2982 1737 inter
2999 1694 3066 1736 se
3089 1694 3201 1753 per
3219 1680 3430 1755 partes
3452 1676 3751 1756 aequales,
3784 1677 3840 1740 Si
3863 1695 3988 1738 seor-

2507 1768 2624 1829 sim
2653 1768 2918 1846 legetur,
2954 1768 3159 1847 potuit
3185 1772 3447 1831 testator
3475 1769 3802 1848 posteriori
3828 1769 3988 1848 legato

2505 1861 2678 1942 prius
2705 1878 3026 1939 revocare,
3075 1861 3176 1922 vel
3206 1861 3440 1923 addere
3469 1862 3714 1924 socium
3746 1864 3804 1924 in
3829 1863 3988 1941 legato

2508 1954 2697 2033 priori
2709 1954 3034 2032 legatario,
3054 1954 3153 2014 vel
3167 1954 3426 2033 singulis
3437 1955 3654 2033 legare
3669 1955 3732 2015 in
3747 1955 3985 2030 solidum,

2507 2065 2632 2109 non
2652 2047 3004 2108 revocando
3020 2046 3214 2127 priuS,
3237 2048 3315 2109 de
3337 2066 3462 2128 quo
3479 2049 3642 2111 forte
3666 2067 3788 2109 non
3804 2050 3989 2126 cogn'la·

2506 2141 2615 2216 vit,
2650 2141 2747 2201 vel
2762 2140 2812 2200 si
2838 2140 3157 2219 cogitavit,
3185 2141 3383 2203 voluit
3398 2142 3569 2221 quod
3605 2142 3784 2204 alteri
3800 2161 3906 2216 res,
3928 2142 3992 2201 al·

2505 2233 2619 2296 teri
2642 2233 2969 2294 aestimatio
2991 2234 3266 2311 daretur,
3291 2234 3390 2295 vel
3412 2236 3640 2296 eadem
3659 2255 3760 2296 res
3775 2240 3990 2314 emptaa

2504 2327 2828 2405 legatariO,
2880 2326 2988 2406 qui
3016 2345 3155 2388 eam
3178 2326 3314 2407 jam
3342 2327 3689 2390 habuisset.
3750 2328 3898 2390 Etin
3922 2328 3991 2389 his

2505 2421 2795 2483 omnibus
2826 2421 3026 2499 primo
3055 2421 3193 2482 loco
3232 2420 3630 2500 praeterenda
3659 2427 3755 2484 est
3781 2421 3991 2483 intentio

2504 2515 2841 2591 testatoris,
2895 2513 3147 2594 quando
3196 2514 3276 2575 de
3305 2532 3382 2575 ea
3427 2520 3718 2578 constare
3747 2515 3989 2595 potuerit.

2506 2608 2568 2671 Si
2597 2613 2807 2670 autem
2853 2607 3114 2670 intentio
3156 2607 3272 2670 fuit
3325 2608 3528 2689 primo
3577 2609 3794 2685 modo,
3843 2609 3990 2688 priori

2503 2702 2805 2782 legatario
2835 2701 2989 2762 nihil
3018 2701 3283 2763 debetur
3339 2722 3353 2762 :
3415 2703 3465 2762 si
3510 2721 3666 2764 vero
3715 2702 3825 2763 fuit
3849 2702 3991 2763 tertio

2504 2795 2715 2870 modo,
2775 2794 3039 2874 singulis
3084 2794 3350 2856 debetur
3395 2795 3459 2855 in
3506 2796 3801 2871 solidum,
3856 2794 3990 2856 etilli

2505 2889 2726 2952 electio
2756 2887 3124 2949 conceditur
3171 2888 3337 2949 eirca
3365 2907 3500 2949 rem
3548 2890 3653 2949 vel
3682 2890 3992 2951 {estimatio-

2504 3001 2650 3043 nem
2677 2981 2785 3062 qui
2813 2981 2983 3060 prior
3013 2980 3293 3058 petierit,
3345 2986 3408 3042 et
3434 2982 3609 3042 litem
3658 2987 3990 3044 contestatus

2502 3075 2708 3152 fuerit,
2741 3074 2783 3135 l.
2817 3073 2897 3135 Si
2913 3072 3209 3155 pluribus,
3243 3074 3374 3136 etl.
3395 3074 3605 3148 Plane,
3643 3076 3706 3135 in
3738 3076 3914 3154 princ.
3941 3075 3988 3132 ff.

2501 3168 2573 3231 de
2602 3168 2778 3249 ἱεραί.
2811 3168 2859 3229 Ι.
2894 3167 2936 3229 l.
2975 3166 3089 3243 Qui
3113 3166 3275 3245 duos,
3307 3168 3364 3247 §.
3393 3168 3504 3231 ult.
3540 3169 3604 3230 ff.
3638 3167 3712 3230 de
3733 3168 3916 3250 [eyneis
3939 3184 3988 3228 11.

2501 3264 2543 3326 l.
2585 3263 2658 3324 Si
2684 3282 2776 3324 res
2801 3261 2966 3339 milzi,
3006 3264 3070 3323 ff.
3105 3263 3183 3324 de
3206 3263 3393 3340 legat.
3420 3280 3515 3324 111.
3546 3264 3683 3324 lmo
3703 3264 3993 3324 admonent

2502 3357 2810 3433 doctor-ee,
2843 3374 3000 3436 quos
3031 3356 3304 3418 afferunt
3330 3361 3393 3417 et
3423 3361 3775 3434 sequuntur
3801 3359 3990 3433 Vasqu.

2502 3450 2667 3512 dicto
2720 3468 2856 3529 cap.
2891 3450 3052 3511 VIII.
3096 3450 3153 3527 §-
3207 3466 3294 3511 ιν.
3346 3449 3494 3509 dub.
3531 3466 3648 3511 ΧΠ.
3711 3454 3774 3510 et
3807 3448 3994 3510 Nolim

2500 3544 2662 3623 disp.
2696 3560 2896 3605 cxctx.
2949 3562 3026 3603 ex
3052 3543 3094 3603 l.
3153 3542 3326 3604 Titioe
3352 3551 3629 3621 textores,
3661 3543 3720 3622 g.
3754 3543 3856 3603 ult.
3885 3545 3934 3602 et
3955 3540 3984 3600 Ι.

2501 3636 2972 3718 Fz'lz'usfamilias,
3017 3636 3073 3715 ξ.
3106 3635 3305 3698 ῑιῙιίῐιι.
3342 3638 3404 3697 ff.
3441 3635 3509 3696 de
3540 3636 3749 3717 leqatis
3777 3653 3818 3697 1.
3849 3635 3991 3695 sires

2500 3732 2608 3792 illu
2651 3731 2855 3809 primo
2901 3730 3205 3808 legatario
3250 3730 3504 3806 tradita,
3566 3732 3804 3811 absque
3847 3729 3991 3805 culpa

2501 3823 2769 3885 haeredis
2798 3828 3036 3902 pereat,
3087 3827 3430 3903 antequam
3474 3825 3790 3885 secundus
3831 3825 3986 3902 petat,

2501 3936 2626 3978 non
2655 3916 2868 3977 deberi
2897 3917 2955 3977 ei
2986 3917 3177 3977 etiam
3200 3916 3704 3995 aestimationem,
3739 3918 3874 3996 quin
3893 3914 3996 3974 haee

2498 4029 2626 4072 non
2656 4010 3025 4087 debebatur,
3086 4010 3201 4073 nisi
3228 4009 3290 4070 in
3337 4010 3654 4072 defectum
3702 4011 3792 4072 rei
3817 4027 3937 4089 quae
3958 4005 3993 4064 si

2502 4122 2627 4165 non
2656 4107 2845 4181 extat,
2880 4103 3230 4167 substantia
3256 4104 3442 4183 legati
3475 4104 3744 4182 expirat.

2584 4198 2729 4257 Haec
2757 4196 3009 4274 Melina,
3043 4196 3147 4275 qui
3178 4201 3388 4257 tamen
3413 4196 3567 4256 nihil
3597 4196 3755 4258 dicit
3773 4196 3846 4257 de
3875 4211 3995 4273 pun-

2503 4294 2600 4352 cto
2630 4289 2980 4369 principali,
3016 4308 3243 4368 nempe
3264 4289 3414 4369 quid
3438 4290 3816 4365 faciendum,
3841 4304 3995 4367 quan-

2501 4383 2581 4444 do
2612 4384 2690 4443 de
2717 4383 3060 4444 intentione
3084 4382 3399 4444 testatoris
3427 4402 3554 4444 non
3583 4387 3842 4458 constat,
3873 4397 3996 4459 qua·

2498 4475 2576 4536 lis
2605 4476 2811 4538 fuerit.
2873 4479 3004 4538 Hoc
3034 4494 3184 4556 ergo
3229 4476 3659 4538 definiendum
3686 4476 3920 4538 videtur
3939 4490 3994 4532 ex

2501 4570 2712 4647 modo,
2766 4588 2889 4649 quo
2913 4568 3381 4649 jureconsultus
3409 4570 3639 4630 Paulus
3667 4570 3926 4649 loquitur
3949 4565 3995 4624 in

2501 4663 2563 4724 d.
2597 4663 2639 4723 l.
2673 4662 2751 4725 Si
2769 4661 3072 4744 pluribus,
3124 4664 3396 4724 XXXIII.
3434 4664 3496 4724 ff.
3531 4661 3602 4723 de
3644 4662 3816 4743 legat.
3849 4677 3892 4721 1.·
3915 4654 3996 4718 ubi

2502 4755 2654 4816 dicit
2679 4755 2905 4835 primo,
2953 4774 3077 4818 non
3107 4755 3401 4835 praesumi
3432 4755 3605 4835 prius
3632 4756 3898 4834 legatum
3921 4767 3999 4810 re·

2502 4852 2796 4910 vocatum
2815 4894 2830 4925 ‚
2890 4848 3005 4909 nisi
3062 4849 3125 4909 id
3184 4848 3652 4911 evidentissime
3713 4844 3994 4928 appareat.

2504 4942 2793 5004 Secundo
2825 4939 2996 5017 dicit,
3030 4942 3327 5021 praesumi
3347 4960 3568 5004 omnes
3594 4943 3782 5002 simul
3808 4958 3911 5019 pro
3933 4935 3998 4995 ri·

2502 5035 2600 5095 rili
2633 5035 2940 5114 portione,
2975 5036 3096 5098 hoc
3126 5040 3239 5112 est,
3275 5055 3389 5115 per
3415 5040 3627 5115 partes
3656 5035 3915 5115 {equales
3937 5027 3997 5088 ad

2502 5129 2781 5207 legatum
2809 5128 3043 5205 vocari,
3079 5126 3198 5189 nisi
3228 5147 3304 5189 ex
3335 5128 3643 5208 scriptura
3670 5122 4000 5190 manifestis·

2501 5222 2732 5281 simum
2760 5221 2841 5282 sit
2875 5221 3136 5300 singulis
3165 5221 3230 5281 in
3276 5222 3546 5283 solidum
3590 5222 3860 5301 legatum
3884 5214 3998 5277 reli·

2507 5318 2698 5375 ctum.
2765 5314 2942 5374 Ratio
2972 5319 3184 5376 autem
3214 5315 3539 5394 utriusque
3589 5316 3740 5377 dicti
3769 5332 3890 5375 esse
3914 5326 4000 5390 po-

2504 5410 2626 5469 test
2677 5426 2689 5468 ε
2743 5407 2892 5486 quia
2921 5424 3044 5467 non
3074 5412 3367 5469 censetur
3388 5408 3454 5468 in
3484 5409 3708 5469 eadem
3736 5406 4002 5483 scriptura

2502 5503 2765 5563 testator
2810 5500 3199 5563 voluntatem
3237 5504 3547 5578 mutasse,
3608 5505 3673 5565 et
3718 5510 3998 5562 revocasse
