4263 6376
1242 352 1711 414 DISPUTATIO
1757 352 2003 429 XXXV,
2053 352 2328 412 SECTIO
2374 352 2422 414 Ι.

196 530 480 602 puncto,
517 528 687 607 quod
717 528 1028 605 eligantur
1056 527 1329 606 indigni,
1366 546 1555 607 quam
1588 528 1760 608 quod

197 636 329 678 non
367 620 697 698 eligantur
744 620 1059 700 digniores
1094 641 1106 681 :
1161 639 1276 680 nec
1322 621 1509 681 credo
1553 621 1760 701 majus

194 714 530 790 peccandi
549 714 894 792 periculum
924 732 1060 774 esse
1089 713 1150 773 in
1181 714 1277 790 iis,
1310 715 1392 775 ad
1415 733 1572 794 quos
1595 714 1761 793 ejus-

192 805 379 864 modi
415 806 760 867 electiones
787 807 1123 885 pertinent,
1159 824 1350 885 quam
1382 826 1458 865 ex
1487 826 1560 867 eo
1591 806 1759 886 quod

192 897 390 957 facile
421 898 654 977 dignos
675 903 986 978 reputent,
1022 917 1177 979 quos
1208 900 1592 978 experientia
1622 917 1759 977 pos-

191 995 302 1050 tea
327 992 719 1069 comprobat
745 991 1054 1070 indignos.
1092 993 1249 1052 Hinc
1280 992 1467 1068 enim,
1501 993 1600 1053 vel
1630 1010 1760 1054 mo-

190 1100 346 1142 rum
378 1085 710 1161 perversio
741 1085 802 1144 in
833 1085 1091 1163 populo,
1126 1085 1223 1144 vel
1246 1085 1551 1164 peccandi
1572 1086 1759 1146 licen-

190 1176 309 1250 tia,
344 1176 462 1235 vel
493 1171 659 1238 certe
689 1178 1073 1256 negligentia
1119 1181 1184 1239 et
1228 1179 1521 1257 tepiditas
1559 1179 1764 1239 oritur

193 1267 549 1344 universa,
600 1270 768 1348 quod
802 1270 1040 1350 praelati
1071 1275 1328 1331 externa
1357 1271 1664 1350 quadam,
1698 1275 1762 1332 et

192 1360 596 1439 superficiali
626 1363 1023 1439 providentia
1056 1363 1332 1424 contenti
1363 1363 1760 1424 subditorum

192 1453 392 1515 saluti
435 1473 564 1515 non
593 1456 939 1535 invigilent,
975 1459 1198 1517 etcum
1220 1456 1540 1517 dormiunt
1562 1457 1759 1517 homi-

194 1564 336 1621 nes,
407 1547 707 1608 inimicus
762 1549 1222 1627 superseminat
1257 1549 1516 1610 zizania.
1578 1549 1758 1612 Unde

192 1641 447 1700 merito
500 1643 720 1702 Petrus
748 1641 1084 1720 Apostolus
1135 1644 1197 1702 S.
1231 1642 1425 1702 Leoni
1454 1644 1500 1703 Ι.
1552 1641 1761 1702 Ponti-

192 1731 295 1792 fici
363 1733 460 1791 de
514 1733 769 1812 propria
824 1734 1024 1795 salute
1080 1734 1342 1795 sollicito
1401 1735 1521 1794 hoc
1562 1752 1758 1794 unum

192 1827 720 1902 commendavit,
781 1831 851 1887 ut
878 1827 1230 1888 attenderet
1272 1828 1545 1887 maxima
1583 1845 1754 1904 cura,

191 1923 258 1979 et
287 1919 697 1979 examinaret
726 1919 1041 1980 ministros
1068 1920 1361 1980 Ecclesiae
1391 1938 1546 1998 quos
1568 1920 1760 1998 elige-

191 2015 325 2082 ret,
384 2012 478 2070 de
508 2011 627 2071 hoc
655 2011 822 2072 enim
869 2012 932 2072 in
961 2013 1074 2072 Dei
1097 2012 1338 2091 judicio
1367 2013 1758 2073 exactissime

184 2103 631 2183 judicandum
674 2105 830 2165 fore.
890 2104 1069 2178 Quod
1099 2105 1354 2184 quidem
1400 2124 1474 2165 eo
1504 2107 1758 2185 gravius

190 2197 259 2256 in
290 2196 596 2276 principe
641 2200 969 2275 peccatum
1011 2202 1308 2276 apparet,
1373 2217 1496 2278 quo
1542 2198 1673 2277 ipse
1722 2216 1759 2257 a

190 2289 472 2348 nemine
511 2290 645 2368 J’am
690 2289 1051 2368 dependens
1093 2291 1334 2351 facilius
1379 2296 1585 2370 potest
1631 2310 1757 2351 non

190 2400 521 2460 personas
551 2381 660 2442 sed
691 2383 913 2442 merita
942 2382 1266 2444 attendere
1298 2429 1313 2459 ,
1357 2390 1419 2443 et
1447 2375 1611 2445 bon&
1644 2386 1761 2444 Ec-

190 2474 421 2535 clesiae
455 2475 815 2546 consulere;
878 2475 1024 2554 quia
1071 2494 1145 2535 ex
1192 2475 1313 2536 hoc
1340 2476 1469 2536 fere
1500 2481 1752 2555 puncto,

188 2573 264 2628 ut
317 2567 625 2628 dicebam
647 2614 662 2644 ,
716 2569 1022 2629 universae
1052 2569 1342 2630 Ecclesia}
1399 2570 1758 2630 reformatio

190 2660 556 2739 dependet,
591 2661 691 2721 cui
713 2661 764 2719 si
783 2661 843 2720 in
867 2660 1127 2739 singulis
1148 2661 1524 2723 dioecesibus
1550 2663 1760 2724 zelan-

189 2759 292 2813 tes
324 2758 629 2831 pastores
659 2754 1121 2831 praeficiantur,
1155 2754 1357 2814 subito
1389 2755 1451 2813 in
1483 2760 1611 2815 toto
1641 2755 1759 2814 Ec-

191 2846 422 2906 clesiae
474 2864 738 2924 corpore
785 2846 1147 2906 reformatio
1197 2847 1546 2925 apparebit.
1608 2849 1757 2918 Quae

189 2957 453 3017 magna
482 2956 556 2997 ex
587 2941 763 3016 parte
793 2938 874 2998 ab
905 2938 1023 2997 hoc
1052 2939 1304 3016 pendet,
1340 2939 1507 3018 quod
1537 2940 1759 3000 electo·

189 3051 300 3092 res
336 3049 475 3091 non
507 3031 687 3090 facile
711 3031 1053 3110 quemlibet
1080 3031 1340 3109 dignum
1371 3032 1467 3091 his
1488 3032 1760 3092 muneri-

189 3125 329 3184 bus.
342 3124 681 3204 judicent,
736 3129 798 3184 et
838 3124 1008 3203 quod
1054 3123 1384 3203 diligentes
1414 3124 1491 3184 de
1523 3125 1759 3204 eligen-

189 3220 447 3278 dorum
476 3217 714 3278 meritis
744 3222 806 3278 et
834 3217 1139 3296 dignitate
1170 3218 1514 3297 inquirant.
1562 3220 1756 3291 Quale

190 3317 431 3372 autem
462 3329 725 3370 examen
757 3311 1287 3388 praemittendum,
1322 3316 1386 3373 et
1405 3317 1638 3390 quanta
1668 3312 1757 3371 di-

190 3403 484 3483 ligentia
528 3402 606 3462 ad
637 3403 758 3463 hoc
786 3403 1148 3465 adhibenda
1175 3404 1287 3474 sit;
1339 3411 1568 3466 tractat
1598 3407 1758 3466 San-

191 3498 369 3557 chez
404 3495 471 3556 d.
531 3514 670 3573 cap.
707 3498 752 3557 l.
811 3496 961 3556 dub.
1003 3512 1114 3557 ΧΗ.
1164 3496 1267 3555 ubi
1314 3516 1456 3558 cum
1501 3497 1753 3560 Salonio

191 3591 407 3665 dicit,
471 3606 593 3649 non
641 3589 837 3650 teneri
891 3589 1225 3650 electorem
1274 3591 1599 3669 exquirere
1642 3609 1755 3670 per

189 3684 440 3743 orbem
470 3681 788 3760 digniores
816 3727 831 3758 ‚
892 3681 1002 3742 sed
1053 3701 1128 3741 ex
1156 3682 1252 3742 his
1283 3701 1440 3762 quos
1470 3682 1663 3745 habet
1689 3684 1752 3742 in

188 3779 515 3857 promptu
541 3820 556 3852 ,
590 3780 653 3836 et
679 3779 888 3853 potest
916 3774 1099 3834 facile
1130 3775 1456 3835 nominare
1479 3822 1493 3851 ,
1529 3781 1592 3837 et
1619 3777 1751 3855 ipse

188 3869 392 3929 addit
424 3868 573 3928 satis
604 3886 739 3929 esse
767 3867 817 3926 si
849 3886 959 3927 rex
990 3887 1061 3928 ex
1094 3868 1211 3927 sibi
1242 3867 1467 3929 oblatis
1493 3887 1752 3930 asecre-

187 3961 398 4037 tario,
436 3960 533 4019 vel
562 3960 642 4020 ab
672 3977 747 4020 eo
779 3960 883 4039 qui
915 3959 1036 4021 hoc
1060 3978 1286 4020 munus
1317 3960 1527 4032 habet,
1563 3963 1753 4041 eligat

188 4054 532 4114 melioreS.
596 4053 773 4125 Quod
817 4070 935 4131 ego
965 4057 1113 4113 tunc
1145 4052 1438 4128 admitto,
1497 4055 1750 4132 quando

188 4146 539 4208 secretarii
565 4147 662 4207 vel
692 4145 856 4205 illius
872 4146 1140 4205 ministri
1169 4145 1323 4206 sides
1355 4151 1417 4205 et
1432 4148 1751 4207 conscien-

188 4241 289 4301 tia
324 4239 601 4318 probata
627 4238 763 4315 regi
791 4244 975 4313 esset,
1010 4238 1177 4317 quod
1195 4237 1470 4298 debitam
1491 4239 1749 4318 diligen·

188 4334 363 4394 tiam
427 4331 768 4409 praemittit.
828 4331 1044 4391 Dicam
1100 4330 1362 4390 libenter
1416 4331 1479 4390 in
1542 4350 1753 4392 exem-

188 4427 387 4505 plum
424 4424 795 4502 principum,
831 4424 999 4503 quod
1025 4423 1143 4483 hac
1173 4423 1235 4482 in
1256 4429 1432 4501 parte
1463 4425 1750 4503 princeps

193 4517 537 4579 saecularis
563 4516 851 4578 faciebat‘
864 4516 1182 4595 Philippus
1203 4517 1279 4577 11.
1310 4516 1749 4595 Hispaniarum

192 4630 357 4689 rex,
424 4629 548 4670 non
596 4611 765 4690 quod
808 4609 889 4670 ad
929 4610 992 4670 id
1036 4615 1237 4671 totum
1269 4610 1530 4688 obligari
1562 4612 1748 4671 velim

192 4722 439 4766 omnes
470 4703 792 4779 electoreS,
829 4702 941 4763 sed
973 4707 1042 4763 ut
1068 4708 1403 4781 appareat,
1436 4721 1625 4782 quam
1655 4704 1750 4764 di-

190 4796 538 4877 ligentiam
595 4796 695 4856 ille
751 4796 1158 4874 praemitteret
1225 4796 1303 4855 ad
1380 4796 1747 4858 electionem

190 4892 673 4970 episcoporum.
725 4888 1012 4949 Habebat
1058 4889 1290 4968 quippe
1333 4890 1750 4968 prudentissi-

187 5003 350 5045 rnus
383 5001 492 5042 rex
532 4983 591 5043 in
625 4982 884 5060 singulis
913 4982 1088 5059 regni
1113 4982 1373 5042 urbibus
1403 4983 1567 5043 viros
1592 5030 1607 5055 ,
1667 4985 1745 5045 de

187 5093 482 5158 quorum
512 5075 813 5153 religione
860 5079 923 5137 et
949 5076 1080 5135 zelo
1127 5075 1403 5151 fidebat,
1465 5078 1570 5154 qui
1601 5095 1745 5138 eum

184 5173 452 5231 secreto
480 5172 809 5229 manerent
857 5168 933 5228 de
967 5170 1091 5229 vita
1138 5171 1200 5229 et
1244 5169 1524 5230 moribus
1551 5171 1742 5231 eccle·

183 5263 623 5337 siasticorum,
649 5261 997 5339 praesertim
1019 5278 1235 5321 eorum
1259 5261 1447 5339 quiin
1468 5262 1743 5322 ecclesiis

3277 351 3391 410 571

1863 545 2018 608 que,
2051 528 2324 606 eligebat
2349 546 2422 589 ex
2453 528 2527 587 iis
2556 544 2746 607 quem
2775 542 3098 605 nunquam
3126 525 3394 598 viderat,

1861 625 1926 682 et
1952 621 2058 699 qui
2087 639 2413 700 nunquam
2441 621 2708 682 fortasse
2755 621 2835 680 ad
2880 619 3123 697 regiam
3151 617 3394 678 curiam

1859 717 2243 789 accesserat,
2293 713 2624 793 ipsumque
2675 712 2827 772 nihil
2857 712 2981 772 tale
3011 710 3396 790 cogitantem

1859 825 1973 884 per
1999 806 2403 867 secretarium
2435 805 2742 867 reddebat
2786 805 3118 866 certiorem
3166 803 3245 864 de
3275 804 3395 863 ele-

1859 899 2062 960 ctione
2091 901 2259 959 facta
2289 917 2302 961 :
2335 899 2491 960 alios
2520 903 2732 959 autem
2762 898 2882 959 sibi
2911 896 3267 976 propositos
3295 914 3398 957 re·-

1857 992 2112 1053 fellebat
2137 991 2475 1071 aliquando
2500 1038 2515 1067 ‚
2550 991 2770 1052 addita
2797 991 3040 1052 ratione
3060 1037 3078 1063 ‚
3123 989 3273 1068 quia
3301 990 3398 1049 ni-

1857 1085 2087 1146 mirum
2117 1104 2241 1146 non
2270 1088 2480 1145 essent
2504 1084 2585 1144 ad
2616 1084 3049 1161 eleemosynas
3070 1082 3390 1161 propensi,
3487 1108 3491 1111 ⁴

1858 1179 2007 1257 quia
2037 1178 2274 1256 proprii
2303 1177 2581 1254 corporis
2609 1195 2779 1238 curae
2807 1176 3072 1236 nimium
3101 1175 3398 1253 indulge-

1857 1275 2031 1346 rent,
2065 1271 2164 1332 vel
2193 1271 2343 1349 quid
2372 1270 2573 1329 simile
2597 1316 2613 1345 ,
2648 1274 2834 1349 prout
2861 1288 2975 1348 per
2999 1271 3278 1329 secretas
3305 1268 3397 1327 in·-

1858 1365 2263 1426 formationes
2292 1364 2637 1443 quemlibet
2662 1364 2898 1442 optime
2927 1364 3209 1422 noverat.
3262 1362 3396 1421 Hoc

1857 1463 2039 1537 paeto
2066 1458 2397 1537 religiosus
2427 1456 2720 1534 princeps
2750 1455 3030 1516 ecclesiis
3056 1453 3393 1534 providere

1857 1551 2156 1626 curabat,
2191 1551 2523 1628 effecitque
2548 1595 2563 1623 ,
2617 1551 2686 1609 ut
2715 1566 2827 1608 suo
2858 1551 3142 1626 tempore
3174 1545 3395 1623 Hispa-

1858 1644 1961 1704 nia
1987 1643 2286 1722 praesules
2315 1642 2579 1703 haberet
2625 1659 2748 1701 non
2795 1658 3035 1719 paucos
3062 1638 3395 1718 primItiris

1857 1736 2150 1798 Ecclesiae
2178 1736 2486 1814 episcopis
2535 1753 2660 1796 non
2691 1733 3026 1794 inferiores
3050 1779 3065 1808 ,
3121 1750 3393 1811 quorum

1856 1829 2161 1890 memoria
2201 1830 2264 1888 in
2307 1827 2742 1888 benedictione
2787 1830 2900 1887 est.
2954 1825 3251 1898 Quamvis
3282 1843 3394 1884 au-

1853 1927 1983 1983 tem
2014 1941 2138 1983 non
2185 1921 2496 1999 obligetur
2524 1921 2813 2001 princeps
2861 1919 2939 1979 ad
2990 1917 3391 1996 diligentiam

1858 2017 2014 2076 adeo
2045 2019 2327 2075 exactam
2351 2059 2366 2090 ,
2422 2012 2699 2091 Cajetan.
2749 2017 2959 2073 tamen
2990 2011 3053 2070 in
3097 2010 3391 2089 praesenti

1857 2126 1961 2187 qu.
1995 2123 2166 2168 anr.
2201 2108 2318 2166 art.
2352 2109 2408 2166 2.
2444 2105 2508 2164 in
2537 2104 2659 2164 fine
2687 2103 2859 2180 dicit,
2896 2103 3127 2163 debere
3161 2101 3392 2181 eligere

1859 2200 2180 2260 meliorem
2236 2217 2308 2257 ex
2364 2197 2763 2276 possibilibus
2817 2196 3160 2257 moraliter.
3242 2196 3392 2256 Soto

1854 2293 1963 2353 lib.
1998 2308 2093 2353 111.
2127 2290 2197 2351 de
2217 2291 2371 2351 Just.
2409 2309 2515 2368 qu.
2553 2306 2637 2350 vx.
2673 2294 2790 2350 art.
2825 2293 2883 2349 2.
2935 2288 3090 2367 petit
3117 2288 3395 2349 rationa-

1856 2386 2045 2446 bilem
2075 2383 2463 2462 diligentiam
2483 2382 2562 2442 ad
2592 2381 3038 2442 inveniendum
3061 2380 3385 2458 optImum.

1856 2482 2133 2556 Aragon.
2169 2495 2271 2555 qu.
2306 2492 2478 2536 Lxm.
2516 2481 2631 2536 art.
2666 2478 2724 2535 2.
2760 2474 3152 2552 diligentiam
3182 2490 3394 2533 mora-

1856 2572 2001 2632 lem.
2037 2572 2315 2630 Navarra
2342 2569 2451 2633 lib.
2484 2567 2552 2628 de
2578 2576 2716 2628 rest.
2750 2585 2887 2644 cap.
2923 2583 2993 2626 11.
3025 2585 3086 2626 n.
3124 2569 3261 2626 174.
3297 2564 3393 2625 di-

1853 2661 2557 2742 ligentiamhumanam,
2591 2659 2883 2722 Mercado
2913 2658 3022 2719 lib.
3051 2675 3136 2718 vl.
3173 2657 3244 2718 de
3263 2676 3394 2717 con-

1855 2764 2027 2816 tract.
2064 2773 2202 2832 cap.
2238 2757 2333 2815 17.
2364 2751 2837 2813 informationes
2864 2755 2926 2812 et
2955 2745 3390 2832 inquisitiones

1858 2866 1981 2908 non
2009 2845 2432 2925 superficiales
2463 2890 2479 2921 ,
2526 2845 2635 2906 sed
2667 2844 2861 2905 serias
2890 2843 3238 2904 admodum
3264 2889 3279 2919 ,
3327 2846 3392 2903 et

1857 2940 2286 3019 particulares

1937 3033 2269 3093 Dubitatur
2313 3030 2570 3106 ultimo,
2632 3048 2712 3089 an
2755 3030 2973 3090 electio
3019 3027 3264 3108 Indigni
3305 3028 3389 3089 sit

1856 3127 1991 3209 ipso
2015 3126 2158 3204 jure
2188 3124 2384 3201 irrita,
2420 3141 2497 3182 an
2528 3124 2731 3183 solum
2754 3122 3077 3184 irritanda.
3110 3125 3387 3201 Respon-

1856 3222 2072 3295 detur,
2135 3217 2472 3297 aliquando
2556 3234 2689 3278 esse
2750 3216 2892 3296 jure
2956 3216 3091 3295 ipso
3164 3216 3377 3287 irrita;

1855 3314 2105 3393 quando
2139 3330 2365 3390 nempe
2408 3310 2641 3371 electus
2686 3309 2876 3370 habet
2903 3309 3388 3391 incapacitatem

1848 3406 2027 3489 juris,
2048 3408 2111 3467 et
2127 3403 2673 3481 irregularitatem,
2700 3421 3051 3478 censuram,
3073 3402 3387 3464 defectum

1854 3500 2110 3574 ordiniS,
2146 3497 2424 3558 aetatisve
2452 3496 2788 3576 requiSItae.
2837 3495 2904 3557 si
2933 3513 3083 3555 vero
3114 3494 3389 3573 indlgni·

1853 3598 1949 3654 tas
1977 3592 2057 3653 sit
2092 3590 2172 3651 ob
2221 3590 2536 3650 defectum
2579 3589 2851 3651 scientim
2883 3588 3273 3663 necessat-iffi,
3334 3588 3385 3646 si

1853 3687 2086 3746 electus
2114 3684 2197 3743 sit
2241 3683 2492 3743 omnino
2522 3682 2882 3757 illiteratus,
2931 3682 3167 3765 absque
3201 3683 3384 3758 Papae

1852 3777 2317 3856 dispensatione
2348 3774 2522 3835 irrita
2550 3779 2680 3850 est,
2731 3774 2783 3833 si
2812 3791 2959 3833 vero
2991 3791 3112 3834 non
3145 3773 3227 3832 sit
3253 3789 3383 3832 om-

1852 3870 1999 3931 nino
2029 3870 2380 3943 illiteratuS,
2414 3885 2537 3928 non
2577 3871 2671 3928 est
2711 3866 2885 3928 irrita
2912 3866 3021 3926 sed
3052 3863 3376 3940 irritanda,

1852 3965 1938 4026 ita
1982 3962 2230 4024 Lessius
2278 3979 2451 4023 num.
2492 3964 2627 4021 129.
2688 3962 2870 4020 Azor.
2925 3957 3268 4032 Gonzalez,
3319 3961 3383 4017 et

1851 4057 1995 4132 alii,
2049 4073 2206 4135 quos
2249 4054 2430 4115 affert
2471 4056 2672 4113 castro
2720 4052 2906 4112 Palae
2942 4050 3012 4111 de
3038 4048 3382 4110 tractatibus

1851 4151 2013 4212 XIII.
2056 4147 2477 4225 disputatione
2508 4161 2594 4206 ιν.
2645 4147 2861 4222 punct.
2893 4147 2952 4205 6.
3004 4161 3177 4205 num.
3211 4146 3270 4204 Β.
3320 4147 3383 4203 et

1850 4243 2018 4303 idem
2046 4241 2229 4301 docet
2259 4238 2489 4300 Saneh.
2524 4238 2585 4299 d.
2619 4256 2756 4317 cap.
2791 4238 2838 4298 1.
2873 4235 3021 4296 dub.
3048 4252 3184 4297 nv.
3220 4255 3283 4296 n.
3315 4241 3375 4298 9.

1850 4338 1977 4396 Nec
2004 4333 2252 4408 sufficit,
2284 4333 2337 4392 si
2366 4336 2582 4409 postea
2610 4331 2845 4392 litteras
2861 4330 3083 4403 discat;
3115 4334 3183 4391 ut
3199 4348 3381 4389 reva-

1845 4429 2076 4489 lidetur
2101 4427 2316 4488 titulus
2347 4426 2478 4484 sine
2509 4443 2669 4485 nova
2696 4424 3048 4498 collatione,
3083 4429 3152 4484 ut
3169 4424 3380 4484 voluc-

1845 4526 1993 4581 runt
2013 4519 2227 4598 aliqui,
2261 4536 2416 4597 quos
2437 4518 2769 4596 impugnat
2788 4516 2947 4575 bene
2973 4516 3140 4574 idem
3162 4517 3378 4576 Castro

1848 4633 1989 4676 cum
2020 4614 2178 4673 aliis,
2226 4611 2464 4672 Dicitur
2508 4614 2719 4670 autem
2769 4609 3023 4669 omnino
3052 4608 3379 4669 illiteratus

1848 4708 1910 4767 in
1941 4705 2273 4785 praesenti,
2332 4704 2440 4783 qui
2496 4702 2705 4780 legere
2753 4706 2816 4761 et
2862 4702 3132 4761 scribere
3159 4701 3377 4762 Latine

1849 4800 2074 4873 nescit,
2110 4803 2180 4858 ut
2207 4814 2351 4857 cum
2381 4798 2659 4856 Navarro
2703 4799 2764 4855 et
2793 4794 2929 4853 aliis
2957 4793 3185 4871 probat
3211 4793 3377 4853 idem

1849 4895 2061 4954 Castro
2092 4908 2264 4950 num.
2298 4893 2357 4950 9.
2390 4889 2469 4949 ad
2502 4888 2710 4967 aliqua
2738 4887 2926 4948 etiam
2954 4885 3280 4962 beneficia,
3315 4890 3377 4945 et

1846 4985 2182 5063 dignitates
2211 4982 2553 5061 requiritur
2582 4981 2643 5040 in
2676 4981 2872 5040 eleeto
2901 4979 3136 5058 gradus
3165 4979 3377 5039 docto-

1844 5079 1950 5154 riS,
1982 5078 2079 5137 vel
2109 5075 2430 5149 licentiati,
2467 5079 2584 5135 etc.
2621 5073 2683 5133 in
2714 5072 2996 5134 Trident.
3031 5090 3182 5132 sesa.
3216 5088 3368 5133 xxn.

1844 5189 1981 5249 cap.
2015 5174 2073 5231 2.
2110 5169 2456 5229 dereform.
2485 5171 2546 5229 et
2563 5185 2716 5227 sess.
2749 5168 2965 5227 XXIII.
3009 5184 3147 5243 cap.
3185 5169 3258 5227 18
3313 5172 3376 5227 et

1842 5282 1992 5324 sess,
2028 5279 2197 5323 xxlv.
2233 5279 2369 5339 cap.
2395 5264 2453 5321 8.
2490 5264 2553 5322 et
2579 5278 2717 5339 cap.
2745 5263 2843 5320 12.
2876 5259 2954 5319 de
2986 5260 3236 5319 reform.
3273 5277 3376 5318 cu-

181 5355 673 5418 cathedralibus
704 5354 1075 5433 praebendas
1097 5354 1435 5429 habebant,
1471 5373 1626 5434 quas
1653 5356 1742 5415 in·
1835 5356 1938 5435 jus
1959 5354 2332 5416 conditionis
2352 5353 2665 5413 defectum
2691 5353 2953 5412 reddere
2975 5352 3213 5413 irritam
3237 5352 3371 5431 ipso

181 5449 611 5510 formationes
642 5447 812 5526 apud
858 5466 923 5507 se
952 5448 1155 5508 solum
1198 5447 1471 5508 maximo
1501 5453 1740 5509 secreto
1832 5448 1975 5528 jure
2031 5448 2401 5508 electionem
2456 5445 2726 5524 probant
2780 5448 2964 5506 Azor.
3007 5447 3250 5522 Garoia,
3311 5451 3373 5508 et

182 5541 623 5606 custodiebat.
679 5544 954 5603 Vacante
1001 5542 1211 5621 itaque
1239 5541 1602 5621 episcopatu
1632 5542 1741 5603 ali·
1838 5541 2157 5616 Barbosa,
2215 5556 2373 5618 quos
2426 5538 2708 5618 sequitur
2760 5539 2974 5600 Castro
3033 5536 3137 5599 ubi
3180 5557 3371 5619 supra

3439 3159 3597 3227 Electio
3621 3161 3732 3232 indi-

3516 3274 3634 3319 irrita
