4263 6376
844 311 924 371 70

843 502 926 564 go
951 486 1217 565 exigitur
1244 488 1324 549 ab
1346 508 1421 552 eo
1449 493 1723 555 conditio
1754 494 1833 555 de
1850 495 1994 576 jure
2023 497 2378 575 impossibi-

844 578 940 651 lis,
974 579 1084 639 sed
1110 580 1279 642 licita
1304 588 1368 646 et
1393 585 1745 662 possibilis;
1806 593 1870 650 et
1914 589 1977 650 in
2010 590 2193 650 simili
2226 609 2375 650 casu

844 670 966 732 hoc
997 671 1180 734 docet
1205 674 1338 753 ipse
1387 677 1617 740 Sanch.
1651 678 1759 741 lib.
1794 683 1924 743 Vll.
1961 682 2021 742 in
2076 682 2279 743 Decal.
2316 702 2370 743 c.

844 779 1000 825 xvn.
1033 767 1378 843 praesertim
1403 788 1464 829 n.
1482 774 1540 832 7.
1558 775 1619 831 et
1636 775 1731 833 18.
1759 774 2011 852 quando
2034 775 2272 854 aliquid
2290 775 2377 835 le-

843 862 1031 936 gatur
1056 858 1346 937 religioso
1375 862 1491 923 sub
1510 881 1583 923 ea
1598 864 1976 944 conditione,
2007 868 2060 928 si
2082 868 2376 946 praelatus

845 948 1200 1029 permiserit
1253 971 1399 1012 eum
1443 955 1535 1016 uti
1564 960 1626 1016 et
1651 957 1773 1018 frui
1828 960 1938 1022 tali
1967 980 2057 1037 re,
2099 960 2376 1039 alioquin

846 1042 1149 1122 perdatur
1176 1048 1240 1106 et
1293 1049 1574 1109 transeat
1620 1049 1700 1109 ad
1757 1051 1986 1114 alium:
2045 1072 2170 1133 quo
2230 1072 2379 1114 casu

847 1135 1121 1196 conditio
1149 1139 1348 1217 turpis
1364 1140 1463 1200 vel
1484 1140 1884 1219 impossibilis
1913 1163 2037 1206 non
2064 1151 2198 1217 est;
2233 1145 2381 1224 quia

846 1227 989 1289 licet
1021 1233 1200 1308 turpe
1231 1236 1294 1291 et
1321 1231 1704 1311 impossibile
1734 1236 1834 1313 sit,
1871 1237 2040 1316 quod
2080 1239 2380 1316 praelatus

849 1339 974 1383 non
1004 1323 1199 1400 possit.
1225 1325 1557 1402 prohibere
1585 1328 1836 1390 subdito
1868 1348 2050 1391 usum
2078 1331 2220 1391 talis
2242 1329 2375 1410 rell:

849 1432 971 1475 non
1005 1418 1099 1476 est
1126 1419 1339 1477 tamen
1377 1418 1764 1498 impossibile
1818 1426 1928 1483 aut
1974 1427 2158 1501 turpe
2212 1423 2380 1501 quod

848 1525 972 1567 non
1003 1507 1354 1586 prohibeat,
1386 1530 1496 1572 seu
1515 1514 1684 1591 quod
1715 1514 2037 1593 permittat
2057 1515 2113 1576 ei
2136 1533 2271 1575 rem
2299 1515 2382 1576 ad

850 1618 997 1660 usus
1042 1599 1266 1678 licitos,
1320 1606 1383 1663 et
1411 1604 1494 1664 ita
1526 1622 1599 1665 eo
1641 1605 1775 1685 ipso
1824 1606 1992 1686 quod
2023 1606 2377 1686 prohibeat,

849 1691 1171 1754 amittetur
1198 1695 1476 1774 legatum
1520 1701 1583 1759 et
1626 1699 1919 1759 transibit
1944 1699 2025 1760 ad
2080 1700 2379 1762 substitu-

848 1790 1004 1848 tum.

930 1881 1055 1939 Nec
1085 1880 1312 1957 obstat,
1346 1881 1514 1960 quod
1543 1883 1816 1945 conditio
1846 1884 1951 1944 illa
1978 1884 2284 1964 impediat
2309 1885 2384 1945 li-

846 1971 1155 2033 bertatem
1184 1974 1523 2034 revocandi
1551 1979 2016 2053 testamentum,
2050 1982 2112 2038 et
2148 1981 2384 2038 testan-

849 2064 912 2124 di
944 2064 1134 2124 libere
1164 2064 1225 2125 in
1254 2070 1538 2143 gravato,
1565 2071 1626 2128 et
1644 2066 1787 2128 ideo
1815 2069 2209 2147 reprobetur,
2236 2068 2382 2148 quia

848 2157 1120 2219 conditio
1145 2159 1245 2218 vel
1297 2176 1486 2237 poena
1540 2160 1618 2220 de
1673 2160 1847 2222 lucro
1907 2179 2030 2222 non
2086 2161 2378 2223 habendo

847 2269 973 2312 non
991 2251 1287 2328 rejicitur,
1322 2251 1481 2312 utin
1510 2270 1697 2331 poena
1741 2254 1927 2314 simili
1974 2254 2160 2316 docet
2213 2255 2381 2315 idem

849 2343 1081 2405 Sanch.
1116 2343 1269 2405 lib.l
1310 2342 1381 2405 de
1435 2344 1695 2406 matrim.
1729 2346 1890 2425 disp.
1950 2363 2170 2409 xxxm.
2222 2367 2285 2408 n.
2317 2353 2376 2409 7.

844 2441 910 2500 et
937 2439 996 2496 8.
1030 2435 1133 2496 ubi
1181 2437 1289 2512 ait,
1352 2437 1557 2497 valide
1607 2438 1941 2518 disponere
1987 2444 2374 2515 testatorem,

848 2530 1100 2609 quando
1118 2530 1401 2608 praecipit
1427 2530 1699 2606 feminee,
1732 2536 1798 2593 ut
1818 2533 2006 2594 alicui
2037 2533 2233 2595 nubat
2262 2533 2379 2594 sub

845 2640 1035 2702 poena
1075 2622 1399 2684 amittendi
1431 2621 1886 2700 haereditatem,
1946 2626 2045 2685 vel
2101 2625 2380 2705 legatum

846 2716 904 2775 ei
946 2715 1253 2790 relictum,
1288 2718 1350 2775 et
1375 2714 1543 2775 idem
1574 2734 1708 2777 esse
1736 2717 1789 2777 si
1844 2736 1967 2779 non
2023 2724 2382 2798 apponatur

847 2813 915 2869 ιιι
941 2806 1236 2883 conditi0,
1262 2807 1372 2867 sed
1404 2811 1471 2868 ut
1497 2808 1744 2884 moduS‚
1779 2808 1864 2870 ita
1894 2814 1963 2871 ut
1991 2810 2044 2871 si
2073 2829 2198 2871 non
2221 2830 2381 2890 nup-

843 2900 1014 2978 serit,
1048 2901 1293 2961 amittat
1322 2900 1752 2965 haereditatem
1781 2903 1878 2963 vel
1899 2904 2177 2980 legatum
2211 2904 2380 2984 quod

835 2996 971 3074 jam
1000 2993 1342 3069 habuisset,
1367 2998 1436 3054 ut
1455 2998 1699 3056 constat
1735 3015 1808 3056 ex
1841 2997 1883 3057 l.
1923 2997 2098 3075 Titio,
2128 2999 2186 3077 ἓ.
2221 3015 2265 3058 1.
2311 3000 2374 3058 ff.

843 3086 914 3148 de
940 3085 1106 3148 cond.
1137 3095 1192 3148 et
1218 3086 1590 3149 demonstrat.
1630 3093 1693 3149 et
1720 3089 1844 3168 leg.
1896 3108 1940 3152 1.
1977 3091 2043 3152 C.
2078 3090 2149 3151 de
2191 3090 2373 3152 instit.

843 3179 1089 3242 etsubst.
1127 3180 1192 3242 Si
1224 3200 1373 3258 ergo
1404 3180 1468 3242 in
1497 3182 1921 3259 matrimonio,
1957 3183 2016 3243 in
2042 3203 2166 3265 quo
2211 3184 2384 3264 leges

844 3279 1083 3337 tantam
1110 3273 1465 3335 libertatem
1491 3275 1875 3351 desiderant,
1928 3280 1991 3338 et
2039 3281 2225 3357 pacta
2254 3296 2384 3339 om-

845 3367 950 3428 nia
969 3367 1244 3446 poenalia
1272 3367 1634 3444 excludunt,
1668 3368 1943 3430 conditio
1960 3369 2227 3446 haec,vel
2247 3388 2384 3431 mo-

845 3460 964 3520 dus
991 3459 1155 3520 circa
1188 3459 1433 3519 lucrum
1459 3477 1584 3520 non
1616 3460 1915 3540 rejicitur,
1933 3461 2156 3523 saltem
2187 3482 2383 3542 quan-

846 3552 926 3614 do
969 3571 1093 3613 non
1130 3552 1208 3612 ab
1237 3552 1387 3631 ipsis
1442 3553 1960 3615 contrahentibus
2015 3556 2375 3635 apponitur,

845 3646 1047 3707 curin
1080 3645 1430 3706 testamenti
1448 3647 1846 3709 revocatione
1871 3648 2207 3727 rejicietur,
2235 3668 2378 3710 cum

844 3739 907 3800 in
937 3757 1085 3799 casu
1118 3741 1328 3800 nostro
1385 3756 1509 3798 non
1537 3745 1893 3819 apponatur
1948 3741 2025 3801 ab
2066 3741 2222 3821 ipso,
2271 3742 2381 3822 qui

844 3831 1485 3895 haeresinstituendus
1515 3837 1629 3908 est,
1665 3833 1775 3893 sed
1809 3834 1889 3893 ab
1920 3834 2041 3895 alio
2090 3836 2155 3895 in
2208 3835 2378 3897 favo-

842 3944 976 3986 rem
1000 3926 1165 3986 illius
1195 3925 1303 4004 qui
1357 3925 1557 3985 hoeres
1586 3929 1680 3987 est
1709 3926 2071 3987 institutus?
2098 3930 2247 3988 Haec
2286 3947 2377 3987 er-

843 4037 923 4097 go
955 4023 1049 4080 est
1075 4017 1232 4079 ratio
1291 4018 1591 4096 legitima,
1639 4036 1752 4079 cur
1780 4019 2052 4081 conditio
2102 4020 2209 4081 illa
2256 4040 2376 4081 ser·

842 4110 1051 4172 vanda
1079 4111 1179 4187 sit,
1226 4129 1346 4171 non
1381 4110 1528 4190 quia
1557 4111 1844 4190 apposita
1867 4112 1985 4174 fuit
2012 4113 2074 4174 in
2095 4118 2377 4175 contrac-

843 4208 935 4282 tu,
965 4208 1029 4267 et
1054 4204 1263 4267 nonin
1293 4208 1690 4267 testamento.

1976 323 2080 383 DE
2121 323 2476 385 JUSTITIA
2520 325 2621 385 ΕΤ
2665 326 2699 387 J
2711 327 2864 389 URE

2933 833 3349 916 SEcho
3414 835 3532 918 111.

2483 1134 2729 1210 Quidam
2758 1134 2869 1196 alii
2893 1154 3056 1197 casus
3084 1135 3143 1196 in
3173 1137 3382 1219 quibus
3399 1139 3708 1221 quaeritur,
3735 1161 3810 1201 an
3842 1142 4014 1224 prius

2696 1251 3092 1304 testamentum
3122 1255 3422 1306 censeatur
3448 1256 3803 1309 revocatum.

2566 1505 2805 1568 Primus
2835 1526 3015 1568 casus
3063 1514 3175 1586 est,
3211 1511 3463 1590 quando
3496 1512 3555 1572 in
3592 1513 3795 1591 primo
3824 1517 4014 1577 testa-

2481 1604 2692 1662 mento
2724 1601 2838 1662 fuit
2872 1601 3077 1681 posita
3118 1603 3397 1665 clausula
3434 1605 3833 1684 derogatoria
3869 1606 4012 1667 sub-

2483 1693 2801 1773 sequentis
2830 1696 3205 1756 testamenti.
3232 1698 3309 1757 Et
3337 1697 3612 1776 quidem,
3639 1698 3687 1758 si
3718 1700 3780 1760 in
3809 1700 4011 1779 primo

2482 1790 2855 1848 testamento
2890 1787 3025 1847 talis
3068 1788 3346 1849 clausula
3389 1791 3675 1869 apposita
3722 1811 3846 1853 non
3895 1796 4010 1869 est,

2483 1898 2595 1939 nec
2618 1881 3049 1958 juramentum
3075 1928 3089 1957 ‚
3147 1882 3534 1962 subsequens
3571 1889 4016 1947 testamentum

2482 1973 2719 2051 absque
2749 1972 2877 2032 ulla
2923 1972 3204 2035 clausula
3245 1976 3476 2036 sufficit
3519 1982 3587 2038 ut
3616 1979 3887 2056 primum
3918 1998 4016 2039 re-

2481 2071 2770 2142 vocetur,
2827 2066 2974 2145 quia
3028 2068 3357 2144 posteriori
3412 2073 3784 2133 testamento
3841 2072 4015 2151 prius

2481 2178 2727 2238 semper
2755 2165 3106 2222 revocatur.
3142 2161 3402 2232 Quando
3433 2167 3644 2223 autem
3675 2165 3796 2226 duo
3828 2168 4014 2227 testa-

2479 2255 2694 2313 menta
2721 2252 3123 2332 proferuntur
3148 2253 3314 2315 facta
3335 2254 3555 2315 eodem
3578 2256 3699 2334 die,
3734 2277 3847 2318 nec
3876 2278 4018 2336 pos·

2481 2346 2560 2407 sit
2588 2345 2731 2406 sciri
2762 2344 2930 2424 quod
2959 2344 3145 2407 fuerit
3173 2348 3484 2424 posterius
3518 2366 3532 2413 :
3568 2353 3629 2410 et
3647 2349 3836 2427 idem,
3869 2361 4011 2412 m‘eo

2473 2437 2712 2517 judicio
2738 2484 2753 2514 ,
2790 2438 2944 2514 erit,
2980 2438 3231 2516 quando
3265 2439 3389 2500 duo
3420 2442 3850 2520 proferrentur
3876 2444 4014 2504 sine

2482 2530 2582 2591 die
2606 2578 2621 2607 ‚
2682 2549 2806 2611 quo
2870 2531 3123 2592 condita
3193 2536 3420 2593 essent.
3491 2533 3699 2613 Aliqui
3768 2535 4008 2612 dicunt,

2481 2629 2813 2702 utrumque
2843 2625 3051 2684 valere
3077 2671 3092 2700 ,
3135 2630 3197 2686 et
3226 2625 3565 2687 dividenda
3613 2646 3747 2687 esse
3791 2628 3959 2689 bona
3994 2646 4009 2693 :

2481 2717 2648 2795 quod
2681 2717 2867 2777 etiam
2897 2718 3178 2797 sequitur
3207 2720 3274 2778 P.
3308 2719 3540 2780 Molina
3570 2719 3730 2800 disp.
3759 2737 3924 2782 cun.
3945 2722 4006 2800 ἓ.

2486 2809 2724 2885 Quando
2752 2808 2944 2870 eadem
2973 2809 3066 2870 die
3093 2830 3119 2885 ,·
3146 2815 3207 2871 et
3242 2816 3409 2872 certe
3450 2811 3499 2871 si
3528 2813 3742 2893 aliqua
3777 2814 3902 2875 sint
3927 2814 4014 2873 le·

2480 2909 2649 2982 gata,
2680 2903 2778 2963 vel
2809 2903 3017 2982 aliqua
3046 2904 3201 2980 alia,
3250 2922 3389 2983 qum
3420 2904 3482 2964 in
3527 2910 3789 2987 utroque
3819 2911 4014 2968 testa-

2479 3001 2690 3056 mento
2721 2995 3209 3075 praescribantur
3229 3046 3244 3073 ,
3279 2996 3574 3059 videntur
3615 2999 3718 3059 illa
3749 3000 4015 3079 implen-

2483 3089 2565 3148 da
2593 3107 2750 3165 esse,
2784 3106 2927 3149 cum
2958 3089 3164 3167 quoad
3195 3090 3302 3150 illa
3331 3094 3500 3150 certo
3527 3096 3769 3153 constet
3797 3092 3872 3153 de
3903 3113 4013 3155 vo-

2481 3181 2719 3244 luntate
2748 3182 3061 3243 testatoris
3088 3230 3103 3258 ,
3152 3182 3320 3263 quod
3351 3183 3572 3245 saltem
3617 3204 3836 3245 verum
3865 3186 4006 3261 erit,

2482 3275 2531 3335 si
2563 3274 2832 3335 sufficiat
2858 3274 3180 3335 codicillus
3210 3275 3290 3335 ad
3338 3276 3586 3336 illorum
3614 3278 3913 3355 valorem,
3947 3286 4015 3341 et

2481 3367 2634 3428 illud
2663 3372 3103 3428 testamentum
3146 3368 3343 3448 possit
3384 3370 3604 3431 saltem
3643 3371 3850 3431 valere
3875 3421 3889 3448 ,
3941 3378 4014 3434 ut

2482 3460 2803 3522 codicillus
2859 3464 3112 3540 propter
3183 3462 3528 3522 clausulam
3588 3463 4009 3525 codicillarem

2480 3554 2824 3615 formaliter
2852 3554 2950 3613 vel
2976 3554 3325 3614 virtualiter
3339 3556 3627 3633 positam.
3653 3558 3869 3628 Quoad
3888 3558 4012 3618 alia

2478 3665 2650 3721 vern,
2686 3647 2749 3706 in
2780 3646 3006 3726 quibus
3035 3646 3136 3706 illa
3182 3652 3557 3709 testamenta
3585 3655 3730 3711 sunt
3766 3651 4010 3729 opposi-

2481 3744 2562 3815 ta,
2597 3739 2946 3801 communis
2989 3741 3338 3813 sententia,
3388 3742 3702 3821 loquendo
3746 3743 3823 3803 de
3861 3742 4009 3823 jure

2479 3833 2830 3910 communi,
2866 3832 3050 3894 docet
3076 3833 3299 3894 morito
3332 3839 3622 3895 neutrum
3671 3841 4010 3897 testamen-

2476 3932 2609 3989 tum
2639 3927 2846 3987 valere
2877 3931 3134 4005 propter
3163 3927 3693 4002 incertitudinem,
3719 3932 3781 3989 et
3809 3928 4010 3989 haere-

2475 4020 2736 4081 ditatem
2766 4020 2979 4079 venire
3012 4019 3090 4079 ad
3121 4018 3405 4079 haeredes
3449 4020 3528 4080 ab
3567 4021 3859 4081 intestato
3893 4040 3906 4079 :
3943 4027 4012 4084 ιιι

2473 4113 2788 4191 colligitur
2825 4131 2896 4171 ex
2928 4112 3050 4191 leg.
3086 4111 3219 4172 Duo
3240 4121 3374 4172 sunt
3408 4112 3578 4187 Titii,
3604 4112 3672 4173 de
3702 4122 4010 4174 testamen-

2473 4206 2629 4267 taria
2659 4204 2858 4266 tutela.
2894 4206 2983 4267 Ita
3017 4205 3305 4265 doctores
3349 4206 3801 4281 communiter,
3850 4227 4008 4286 quos

2473 4302 2653 4360 affert
2681 4302 2742 4360 ct
2784 4299 3065 4378 sequitur
3110 4299 3340 4360 Sancll.
3383 4299 3448 4359 d.
3481 4317 3537 4360 c.
3573 4301 3616 4360 1.
3664 4299 3814 4361 dub.
3849 4317 4003 4363 xxn.

2472 4414 2534 4454 n.
2571 4396 2630 4457 3.
2665 4394 2862 4465 Quam
2910 4396 3125 4453 tamen
3171 4391 3548 4453 seutentiam
3591 4392 3820 4454 limitat
3862 4413 4007 4455 cum

2469 4486 2606 4548 aliis
2628 4486 2852 4565 primo,
2886 4485 2936 4544 si
2967 4490 3188 4545 neuter
3216 4484 3416 4545 haercs
3452 4486 3820 4564 possideret,
3854 4488 4010 4550 alio-

2471 4580 2622 4660 quin
2652 4597 2972 4659 possessor
3000 4577 3062 4637 in
3095 4577 3286 4638 dubio
3320 4596 3444 4638 non
3475 4582 3568 4639 est
3609 4580 3998 4658 spolianduS.

2471 4671 2783 4747 Secundo,
2816 4670 2935 4731 nisi
2963 4670 3025 4730 in
3057 4670 3251 4731 altero
3278 4670 3537 4732 instituti
3570 4672 3775 4750 sintii,
3798 4675 4005 4754 quiab

2468 4766 2760 4828 intestato
2782 4764 3436 4826 deberentsuccedere
3460 4781 3472 4827 :
3498 4769 3646 4826 tunc
3665 4766 3830 4826 enim
3853 4768 4006 4829 illud

2469 4863 2633 4920 esset
2659 4857 3149 4938 praeferendum.
3184 4856 3425 4933 TertiO,
3469 4856 3584 4918 nisi
3614 4878 3810 4919 unum
3842 4867 4007 4924 esset

2466 4952 2528 5013 in
2557 4952 2838 5012 favorem
2870 4969 3076 5011 causae
3108 4949 3261 5029 pize,
3306 4949 3386 5011 ob
3417 4949 3594 5030 cujus
3626 4952 3909 5015 favorem
3938 4954 4007 5016 il-

2465 5044 2576 5106 lud
2606 5043 3037 5106 sustinebitur.

2546 5138 2810 5212 Quando
2840 5156 2986 5198 vero
3025 5137 3088 5197 in
3134 5137 3338 5216 primo
3380 5141 3755 5200 testamento
3807 5159 4003 5220 appo·

4164 5151 4235 5210 ⁴5.

2467 5233 2633 5293 nitur
2677 5231 2958 5292 clausula
3009 5230 3407 5309 derogatoria
3438 5251 3452 5291 :
3487 5231 3623 5292 haec
3668 5232 4003 5312 dupliciter
4049 5222 4235 5281 ΟΜΝ

2466 5325 2699 5405 apponi
2728 5328 2956 5404 potest.
2989 5324 3236 5399 Primo,
3280 5325 3620 5386 auferendo
3668 5325 3788 5387 sibi
3827 5334 3998 5406 pote·

2465 5426 2690 5481 statem
2758 5419 3070 5480 condendi
3140 5420 3311 5481 aliud
3382 5423 3835 5482 testamentum
3859 5468 3875 5498 ‚
3934 5426 3998 5484 et

2466 5512 2674 5593 quoad
2706 5512 2825 5574 hoc
2853 5512 2989 5574 haec
3018 5513 3297 5574 clausula
3325 5512 3560 5575 inutilis
3608 5517 3700 5577 cst
3742 5519 3804 5576 et
3840 5514 3995 5576 nihil

4127 5285 4235 5323 testa

4067 5331 4235 5377 absin!

4078 5392 4235 5437 potesta

4076 5449 4235 5484 remea

4098 5498 4146 5533 et
4169 5505 4235 5547 pon

4097 5557 4235 5590 rex-00
