4263 6376
645 935 824 997 eligendi
855 932 942 975 mi-

646 999 725 1030 nuc
753 988 938 1041 dignum.

750 826 785 869 ι’.
843 839 897 869 un

691 881 888 935 obligatio

726 1040 864 1103 Pfimq

691 1099 912 1138 canterma.

988 332 1108 393 580

991 509 1192 590 qualis
1213 507 1347 589 jam
1372 519 1495 570 non
1517 510 1612 570 est
1638 508 1762 582 ille,
1795 508 2116 588 supposita
2137 507 2515 584 exclusione,

992 603 1101 683 qui
1129 604 1215 663 ita
1242 601 1506 663 firmiter
1533 601 1611 661 ab
1644 601 1780 662 aliis
1809 602 2178 664 excluditur.

1074 696 1382 772 Secunda,
1413 699 1477 756 et
1503 694 1707 774 major
1734 695 2067 757 difficultas
2097 699 2210 771 est,
2247 713 2325 755 an
2355 694 2408 755 si
2436 693 2522 753 vi-

898 839 922 869 „
992 789 1183 849 deant
1210 787 1633 848 necessarium
1663 806 1796 848 esse
1827 787 1906 848 ad
1936 788 2396 848 excludendum
2427 787 2523 845 in-

990 881 1208 941 fimum
1237 880 1512 960 alioquin
1545 879 1901 958 eligendum
1921 927 1936 958 ,
1971 880 2121 940 dare
2152 879 2520 958 suffragium

990 973 1197 1033 minus
1228 973 1439 1052 digne,
1475 972 1703 1032 omisso
1737 972 2127 1051 dignissimO,
2162 991 2288 1033 non
2313 972 2518 1033 solum

991 1066 1253 1145 possim,
1286 1066 1395 1126 sed
1428 1064 1691 1125 debeam
1721 1065 1784 1124 id
1816 1066 2066 1126 facere?
2105 1069 2170 1127 P.
2211 1068 2515 1144 vasquez,

991 1163 1228 1236 CastrO,
1261 1164 1324 1220 et
1352 1159 1694 1219 Turrianus
1721 1159 1876 1219 locis
1906 1159 2109 1220 citatis
2141 1158 2358 1220 dicunt
2385 1176 2521 1218 esse

992 1252 1437 1331 obligationem
1490 1251 1551 1310 id
1598 1251 1865 1311 faciendi
1925 1252 2003 1310 ad
2056 1250 2522 1330 impediendam

876 1404 879 1406 ,
991 1346 1359 1406 electionem
1384 1344 1605 1420 infimi,
1641 1344 1894 1423 quando
1924 1348 2019 1405 est
2047 1344 2362 1423 indignuS.
2397 1346 2521 1404 De-

743 3227 821 3286 34

715 3352 866 3415 Vei-toi:

690 3411 894 3450 sententia

683 3464 896 3519 probatur.

986 1440 1097 1500 bet
1123 1438 1289 1499 enim
1318 1438 1553 1499 elector
1581 1456 1654 1497 ex
1677 1437 1921 1517 justitia
1952 1438 2427 1513 commutativa,
2462 1440 2525 1498 et

990 1551 1065 1593 ex
1096 1530 1304 1592 debito
1345 1532 1630 1608 respectu
1662 1529 2127 1591 communitatis
2151 1575 2167 1606 ,
2217 1529 2521 1608 impedire

990 1624 1361 1686 electionem
1388 1622 1662 1700 indigni:
1697 1640 1890 1702 quare
1912 1622 2202 1701 negando
2222 1627 2371 1684 tunc
2398 1622 2520 1681 suf-

989 1717 1258 1795 fragium
1289 1714 1652 1793 dignissimo
1681 1733 1806 1775 non
1827 1720 2048 1794 peccat
2074 1719 2292 1776 contra
2321 1714 2517 1790 illum,

990 1828 1106 1870 nec
1132 1813 1381 1870 tenetur
1435 1808 1491 1868 ei
1550 1808 1895 1887 quidquam
1948 1809 2312 1883 restituere,
2372 1807 2520 1886 quia

990 1906 1243 1964 coactus
1295 1905 1357 1961 et
1403 1918 1478 1960 ex
1521 1899 1900 1977 obligatione
1929 1899 1994 1959 id
2021 1900 2189 1960 fecit.
2255 1899 2519 1973 Quando

987 2012 1137 2055 vero
1173 1994 1424 2054 infimus
1462 2011 1586 2052 non
1617 1996 1711 2053 est
1737 1992 2032 2072 indignus
2058 2038 2072 2067 ,
2124 1992 2235 2053 sed
2267 1993 2515 2071 dignus,

990 2086 1206 2147 dicunt
1226 2104 1350 2147 non
1373 2104 1506 2145 esse
1528 2085 1971 2164 obligationem
1993 2086 2266 2164 eligendi
2286 2085 2526 2164 dignio-

988 2198 1157 2255 rem,
1192 2180 1406 2240 relicto
1440 2178 1803 2257 dignissimo
1841 2199 1854 2240 :
1905 2179 2053 2258 quia
2091 2178 2523 2240 communitati

991 2291 1115 2334 non
1143 2273 1214 2333 fit
1240 2271 1470 2350 injuria
1492 2318 1507 2347 ,
1559 2289 1702 2331 cum
1743 2270 1878 2350 jam
1909 2270 2206 2332 habitura
2233 2271 2314 2333 sit
2340 2272 2526 2332 mini—

988 2371 1188 2427 strum
1218 2365 1478 2442 dignum
1509 2384 1522 2425 :
1572 2382 1773 2443 neque
1805 2363 1993 2424 etiam
2023 2364 2301 2425 secundo
2333 2365 2523 2444 digno

988 2459 1060 2519 fit
1086 2457 1335 2538 injuria,
1368 2475 1511 2517 cum
1541 2457 1632 2517 illi
1658 2475 1881 2517 revera
1910 2474 2034 2517 non
2065 2457 2370 2518 debeatur
2399 2458 2526 2519 ele-

990 2552 1136 2627 cti0,
1169 2550 1279 2626 sed
1310 2550 1714 2629 dignissimo;
1751 2550 1920 2629 quod
1952 2568 1989 2609 a
2018 2550 2352 2629 posteriori
2380 2569 2526 2613 con-

989 2647 1145 2716 stat;
1198 2643 1344 2722 quia
1381 2642 1433 2703 si
1478 2642 1790 2704 restitutio
1822 2642 2105 2703 facienda
2138 2647 2302 2704 esset
2328 2643 2523 2705 electo

991 2737 1205 2797 infimo
1237 2735 1427 2815 digno
1453 2784 1468 2810 ,
1520 2754 1645 2796 non
1694 2735 1875 2796 fieret
1911 2736 2222 2797 restitutio
2254 2736 2524 2814 digniori

989 2828 1219 2906 medlo,
1252 2828 1364 2888 sed
1392 2827 1780 2907 dignissimo,
1814 2827 1915 2887 cui
1946 2827 2058 2889 soli
2090 2828 2308 2890 electio
2338 2829 2525 2890 debe-

988 2921 1209 2993 batur3
1268 2938 1417 2998 ergo
1468 2938 1594 2981 non
1641 2922 1712 2981 fit
1754 2920 1984 3000 injuria
2029 2921 2117 2981 illi
2160 2922 2367 2982 medio
2398 2939 2522 2983 non

990 3013 1389 3093 suffragando
1422 3013 1532 3090 illi,
1566 3017 1636 3074 ut
1661 3012 2044 3091 impediatur
2075 3014 2294 3076 electio
2325 3014 2522 3075 infimi

993 3107 1189 3185 digni.

1070 3200 1191 3262 Alii
1244 3202 1456 3259 tamen
1496 3198 1741 3274 dicunt,
1801 3217 1874 3260 eo
1932 3217 2078 3260 casu
2136 3220 2261 3261 non
2318 3202 2520 3262 solum

989 3312 1193 3373 posse,
1228 3293 1335 3353 sed
1367 3291 1598 3352 debere
1627 3292 1928 3353 electores
1958 3292 2282 3354 adhaerere
2311 3295 2521 3354 medio

991 3385 1262 3465 digniori
1305 3385 1383 3444 ad
1432 3383 1897 3462 impediendam
1929 3385 2295 3447 electionem
2325 3387 2521 3447 infimi

992 3478 1186 3557 digni,
1220 3478 1307 3539 ita
1338 3479 1521 3539 Sotus
1552 3481 1614 3537 et
1640 3478 1887 3537 Bannes
1916 3478 2084 3557 apud
2105 3479 2517 3552 Turrianum;

990 3572 1158 3633 idem
1204 3571 1387 3631 docet
1430 3572 1678 3631 Lessius
1723 3570 1889 3631 dicto
1922 3590 2094 3635 num.
2126 3574 2225 3632 60.
2280 3573 2522 3634 etmihi

990 3666 1179 3728 etiam
1234 3667 1691 3742 consequenter
1735 3663 1820 3724 ita
1863 3663 2199 3724 dicendum
2246 3665 2516 3726 videtur.

988 3761 1066 3821 Et
1111 3757 1366 3837 quidem
1413 3760 1852 3835 argumentum
1893 3756 2141 3817 illorum
2187 3762 2518 3819 auctorum

985 3850 1335 3930 retorqueri
1364 3853 1588 3928 potest,
1624 3849 1769 3928 quia
1799 3848 1899 3909 ille
1921 3850 2111 3910 etiam
2133 3851 2237 3929 qui
2260 3851 2368 3912 dat
2396 3852 2517 3913 suf-

985 3945 1258 4024 fragium
1286 3943 1652 4022 dignissimo
1674 3989 1689 4018 ,
1733 3946 1795 4002 et
1823 3960 1948 4002 non
1978 3943 2250 4022 digniori
2279 3945 2513 4023 medio,

988 4037 1085 4099 cui
1118 4037 1434 4097 debuisset
1470 4035 1622 4095 dare
1654 4035 1733 4094 ad
1763 4035 2235 4113 impediendam
2266 4038 2521 4099 electio-

988 4150 1132 4191 nem
1161 4129 1439 4209 indigni,
1494 4147 1617 4190 non
1649 4132 1896 4189 tenetur
1923 4129 2251 4191 restituere
2284 4130 2518 4211 aliquid

986 4223 1255 4303 digniori
1286 4221 1492 4282 medio
1514 4268 1532 4295 ,
1596 4220 1694 4282 cui
1743 4221 1821 4281 de
1843 4220 1985 4301 jure
2016 4240 2140 4283 non
2173 4222 2518 4285 debebatur

912 4344 917 4349 >
982 4315 1207 4378 electio
1232 4362 1248 4392 ,
1295 4314 1405 4375 sed
1436 4314 1550 4375 soli
1580 4314 1946 4392 dignissimo
1971 4360 1986 4390 ,
2028 4318 2098 4375 ut
2128 4316 2356 4377 fatetur
2384 4316 2515 4395 ipse

986 4412 1272 4489 vasquez
1302 4426 1475 4468 num.
1508 4410 1607 4469 67.
1641 4407 1750 4467 sed
1781 4407 1834 4466 si
1862 4408 2190 4468 restituere
2221 4408 2409 4470 debet
2436 4408 2515 4470 ob

986 4503 1287 4564 damnum
1315 4500 1577 4577 illatum,
1612 4500 1799 4561 debet
1827 4500 2027 4560 solum
2055 4502 2511 4580 communitati,

985 4594 1164 4675 cujus
1206 4595 1506 4654 damnum
1552 4611 1677 4653 non
1708 4592 2071 4671 impedivit,
2120 4598 2193 4654 ut
2219 4593 2510 4656 debebat.

985 4688 1284 4750 Similiter
1303 4704 1476 4765 ergo,
1501 4686 1754 4765 quando
1780 4703 1904 4746 non
1926 4684 2254 4764 impedivit
2273 4685 2518 4748 electio-

984 4800 1127 4842 nem
1159 4778 1353 4840 infimi
1402 4779 1577 4857 digni
1605 4779 1814 4839 dando
1844 4778 2212 4857 suffragium
2243 4779 2511 4859 digniori

981 4874 1214 4950 medio,
1250 4878 1313 4933 et
1341 4890 1465 4932 non
1486 4871 1874 4950 dignissim03
1910 4871 2009 4931 cui
2039 4871 2193 4932 nihil
2213 4873 2512 4950 prodesse

980 4971 1261 5048 poterat,
1321 4984 1447 5026 non
1493 4967 1713 5045 peccat
1758 4966 1973 5024 contra
2004 4964 2357 5043 digniorem
2386 4985 2513 5027 me-

981 5061 1187 5138 dium,
1222 5058 1331 5120 sed
1361 5062 1580 5119 contra
1611 5056 2156 5134 communitatem,
2192 5059 2293 5118 cui
2322 5059 2515 5120 debe-

979 5155 1089 5215 bat
1116 5153 1484 5215 electionem
1526 5150 1734 5211 minus
1763 5150 1995 5210 bonam
2025 5149 2330 5229 impedire
2356 5198 2371 5229 ,
2425 5156 2516 5213 at-

981 5265 1103 5327 que
1131 5246 1272 5306 ideo
1303 5245 1390 5304 illi
1410 5243 1525 5305 soli
1550 5241 1739 5304 debet
1756 5242 2081 5304 restituere
2108 5262 2121 5303 :
2157 5262 2280 5303 non
2300 5247 2512 5304 tamen
2610 5243 2840 5305 referat
2866 5243 3110 5304 auferre
3140 5241 3380 5302 semina
3403 5241 3723 5304 discordiae
3749 5240 3887 5299 inter
3901 5247 3978 5289 me
3997 5228 4035 5281 et

2144 330 2248 390 DE
2288 329 2645 392 JUSTITIA
2689 330 2789 391 ΕΤ
2831 331 3037 392 JURE

2624 508 2938 570 defectum
2982 511 3230 570 tenetur
3282 508 3421 586 ille,
3483 508 3596 588 qui
3638 526 3761 568 non
3802 507 4023 587 impedivit,

2621 606 2809 681 prout
2835 602 3128 679 debebat,
3163 602 3369 664 minus
3396 602 3636 663 bonam
3665 601 3971 664 electionem.

2705 695 2883 756 Ratio
2912 701 3123 757 autem
3151 713 3186 755 a
3214 695 3411 775 priori
3440 700 3573 771 est,
3609 694 3757 775 quia
3783 695 3969 770 elector,
3988 715 4027 756 eo

2623 788 2757 868 ipso
2788 787 2956 867 quod
3002 788 3288 850 minister
3332 791 3429 849 est
3475 787 3802 866 publicus,
3848 787 4030 849 debetex

2626 880 2830 942 officio
2877 881 3205 944 consulere
3261 880 3428 942 bono
3477 880 3930 955 communitatiS,
3967 901 4030 941 nec

2624 974 2826 1034 solum
2863 978 3109 1035 tenetur
3155 993 3266 1035 suo
3315 974 3620 1052 suffragio
3670 974 3859 1033 conari
3893 974 4034 1052 eligere

2621 1066 3059 1146 dignissimum
3093 1087 3107 1127 ε
3159 1066 3435 1146 alioquin
3468 1085 3678 1145 neque
3721 1066 3878 1127 etiam
3900 1067 3954 1126 ad
3974 1069 4036 1126 in

2623 1158 3001 1238 pediendam
3045 1159 3412 1220 electionem
3449 1158 3694 1237 indigni
3724 1157 4037 1219 deberetdare

2622 1251 2991 1331 suffragium
3021 1250 3314 1328 digniori,
3349 1251 3583 1312 omisso
3614 1250 3956 1331 dignissimo;
3976 1253 4037 1312 sed

2623 1344 2813 1407 debet
2840 1344 3138 1424 suffragio
3186 1363 3299 1405 suo
3350 1362 3696 1423 procurare
3725 1344 4040 1405 bonumeam-

2619 1437 2965 1514 munitatiS,
3002 1442 3065 1499 et
3093 1436 3227 1516 ejus
3254 1437 3420 1497 mala
3449 1437 3779 1517 impedire,
3808 1440 3920 1517 quia
3938 1438 3977 1498 in
3997 1458 4037 1499 en

2622 1529 2917 1609 suffragio
2965 1530 3224 1590 ferendo
3271 1530 3436 1608 gerit
3465 1530 3640 1590 vices
3669 1531 4036 1605 communitatis,

2619 1627 2683 1684 et
2711 1626 2805 1683 est
2832 1623 2966 1701 ejus
2996 1621 3281 1683 minister
3300 1622 3618 1700 publicuS.
3651 1623 4036 1684 Ministerautem

2618 1714 2905 1794 publicus
2932 1719 3182 1775 tenetur
3203 1733 3327 1775 non
3350 1715 3557 1776 solum
3590 1715 3869 1794 impedire
3883 1715 4038 1776 electio·

2620 1825 2763 1869 nem
2793 1806 3054 1885 indigni,
3087 1806 3197 1867 sed
3220 1807 3409 1867 etiam
3436 1807 3652 1868 minus
3681 1808 3852 1887 digni,
3877 1809 4034 1887 quando

2620 1899 2977 1961 notabiliter
2991 1899 3238 1978 dignior
3248 1904 3456 1978 potest
3466 1900 3709 1977 haberi,
3726 1909 3787 1962 ut
3800 1901 4036 1981 supravidi

2619 2010 2781 2068 mua,
2813 1995 3071 2070 propter
3099 1992 3612 2054 inconvenientia
3643 1997 3705 2055 et
3730 1994 3869 2054 mala
3884 2013 4035 2073 quaeex

2621 2084 2923 2145 electione
2970 2084 3176 2144 minus
3223 2084 3399 2163 digni
3455 2087 3866 2147 communitati
3901 2105 4036 2147 conse-

2622 2181 2936 2257 quuntur;
2984 2195 3133 2256 ergo
3171 2194 3294 2237 non
3341 2178 3653 2240 satisfacit
3682 2180 3884 2239 elector
3903 2179 4035 2238 debito

2623 2287 2734 2331 suo
2758 2288 2908 2348 erga
2928 2270 3467 2348 communitatem,
3493 2271 3548 2332 si
3569 2272 3896 2332 electionem
3916 2272 4037 2331 infimi

2623 2362 2794 2441 digni
2841 2380 2964 2422 non
3013 2362 3348 2441 impediat,
3385 2364 3659 2443 quando
3688 2383 3813 2424 eam
3836 2365 4036 2444 impedite
4117 2355 4124 2454 1

2620 2458 2847 2535 potest.
2882 2457 2978 2514 An
3008 2472 3156 2514 vero
3187 2462 3407 2532 peccet
3436 2474 3587 2516 cum
3617 2457 3941 2535 obligatione
3962 2476 4037 2516 res-
4117 2463 4124 2498 *

2620 2547 2888 2609 tituendi
2915 2547 3349 2608 communitati
3370 2548 3610 2609 damna
3629 2549 3930 2623 subsecuta,
3953 2568 4041 2626 pen·

2622 2641 2728 2702 det
2768 2658 2841 2700 ex
2870 2640 2975 2701 illo
3005 2639 3126 2700 alio
3150 2685 3167 2716 ,
3225 2659 3307 2699 au
3356 2641 3599 2720 eligens
3645 2643 3834 2702 minus
3867 2642 4040 2720 dignum

2622 2733 2849 2795 omisso
2879 2732 3170 2811 digniori,
3205 2732 3434 2794 debeat
3463 2734 3703 2814 aliquid
3723 2734 4041 2794 communitati

2622 2827 2947 2887 restItuere
2972 2871 2988 2902 ,
3041 2824 3118 2885 de
3161 2843 3282 2904 quo
3325 2831 3545 2905 postea
3593 2826 3847 2887 dicemus
3869 2835 4041 2904 agentes

2621 2920 2698 2978 de
2730 2918 3109 2997 obligatione
3138 2917 3511 2980 restituendi
3555 2939 3633 2979 ex
3659 2919 3810 2979 mala
3832 2919 4041 2979 electione

2622 3012 2702 3072 ad
2729 3010 3055 3072 beneficia.

2698 3103 2907 3165 Tertia
2947 3103 3283 3165 difficultas
3338 3097 3480 3164 esse
3522 3105 3716 3182 solet,
3768 3123 3836 3165 an
3869 3105 4039 3183 quand-2
4109 3111 4125 3170 1

2620 3203 2765 3260 sunt
2792 3197 2916 3259 duo
2940 3244 2955 3275 ,
2989 3199 3088 3258 vel
3116 3198 3327 3277 plures
3349 3245 3366 3275 ,
3415 3198 3583 3259 inter
3618 3218 3765 3279 quos
3791 3200 3848 3260 iit
3869 3197 4035 3269 electio,
4077 3242 4125 3281 μ,

2621 3296 2682 3353 et
2709 3291 2891 3352 video
2922 3309 3022 3351 me
3053 3291 3204 3351 nihil
3224 3309 3405 3370 posse
3427 3291 3657 3370 juvare
3685 3292 4038 3371 dignissimum,
4076 3294 4124 3349 Ε

2624 3385 2727 3464 qui
2761 3383 2839 3443 ab
2870 3383 3004 3443 aliis
3034 3383 3486 3463 derelinquitur
3507 3431 3522 3461 ,
3558 3385 3782 3464 possim
3808 3383 4040 3442 adhaerere
4077 3346 4125 3499 Ξ

2619 3478 2825 3537 minus
2855 3476 3047 3555 digno
3072 3523 3087 3552 ,
3135 3476 3281 3537 licet
3317 3477 3435 3537 1100
3467 3477 3864 3538 necessarium
3887 3474 4041 3535 nansi:
4067 3496 4124 3553 ,d

2619 3570 2699 3631 ad
2717 3568 3183 3649 impediendam
3204 3570 3576 3631 electionem
3596 3570 3837 3650 indigni,
3859 3568 3935 3628 rel
3950 3567 4041 3626 alte

2617 3663 2748 3724 rius
2775 3663 2983 3722 minus
3010 3662 3206 3741 digni.
3241 3662 3363 3723 Alii
3393 3663 3743 3739 affirmant,
3774 3662 3862 3722 alii
3886 3664 4041 3737 negant

2618 3755 2786 3835 apud
2817 3754 3049 3817 Sanch.
3084 3755 3251 3816 dicto
3269 3755 3420 3816 dub.
3449 3773 3531 3817 iv.
3564 3775 3732 3816 num.
3753 3759 3805 3817 5.
3833 3771 3943 3814 cnm
3964 3768 4041 3828 qm

2618 3848 3129 3926 distinguendum
3159 3848 3409 3908 videtur
3441 3868 3454 3909 :
3502 3848 3553 3908 si
3586 3849 3745 3908 enim
3780 3848 3874 3907 fiat
3894 3844 4041 3904 electio

2617 3941 2856 4020 praelati
2887 3941 3018 4000 sine
3049 3959 3378 4017 concursu,
3412 3940 3512 4000 vel
3535 3940 3765 4017 edictiS,
3796 3938 3885 3999 sed
3909 3936 3965 3994 ad
3985 3952 4042 3992 rt·-

2615 4036 2826 4113 gImen
2848 4037 2911 4094 et
2927 4033 3448 4112 gubernationem
3469 4054 3486 4106 ;
3516 4033 3749 4096 licitum
3766 4031 3964 4092 videtur
3975 4026 4041 4085 ad·

2617 4126 2855 4187 haerere
2883 4126 3092 4187 minus
3124 4126 3315 4205 digno
3341 4172 3355 4201 ,
3411 4126 3666 4206 quando
3703 4144 3813 4186 non
3838 4130 3912 4183 est
3930 4136 4040 4199 >nefa

2618 4220 2787 4300 quod
2818 4219 3086 4299 eligetur
3111 4219 3398 4298 dignior;
3433 4224 3500 4282 et
3526 4220 3667 4297 hoc,
3700 4224 3763 4281 ut
3786 4213 4042 4279 electiofiat

2616 4332 2758 4374 cum
2788 4312 3012 4392 majori
3040 4331 3196 4391 pace
3225 4316 3289 4374 et
3316 4314 3656 4374 concordia
3678 4360 3695 4389 ,
3725 4315 3781 4373 et
3803 4314 3860 4371 ut
3881 4308 4041 4368 electus

2616 4425 2741 4468 non
2788 4407 3017 4467 habeat
3052 4424 3245 4468 novas
3275 4407 3565 4485 querelas
3623 4410 3820 4466 contra
3858 4419 3941 4461 eos
3972 4394 4040 4474 qm·

2614 4499 2728 4579 ipsi
2740 4518 2807 4559 us
2827 4498 3115 4559 electioni
3145 4517 3269 4559 non
3290 4502 3752 4560 consenserunt.
3781 4494 3864 4557 Ad
3880 4493 4040 4551 bonam

2615 4594 2781 4653 enim
2808 4586 3328 4672 gubernationem
3357 4591 3635 4653 futuram
3661 4590 3891 4651 multum
3911 4582 4040 4644 refert

2613 4704 2736 4764 pax
2762 4685 2926 4747 inter
2953 4685 3254 4763 eligentes
3283 4688 3347 4745 et
3375 4684 3608 4746 electos
3627 4731 3642 4759 ‚
3675 4687 3731 4743 et
3755 4676 3953 4741 oaeteris
3972 4690 4040 4751 Ρὸ·

2613 4779 2820 4857 ribus,
2880 4778 2981 4838 ille
3025 4777 3249 4837 melius
3293 4776 3673 4855 gubernabit
3699 4768 4039 4856 quimajoaea

2614 4870 3013 4933 concordiam
3041 4889 3184 4931 cum
3213 4869 3477 4931 subditis
3498 4869 3761 4930 habebit.
3792 4869 3915 4928 Cum
3937 4872 4038 4933 2¹¹5ss

2614 4982 2835 5045 parum
2882 4964 3113 5025 referat
3141 4962 3311 5043 quod
3357 4962 3607 5042 dignior
3652 4961 3853 5023 babeat
3888 4964 4036 5012 meam

2614 5058 2978 5136 suffragium
3009 5056 3160 5116 nihil
3192 5056 3248 5117 ei
3278 5056 3705 5135 profuturum,
3754 5058 3807 5113 et
3829 5069 3855 5109 0
3879 5048 4036 5107 coum

2613 5150 2693 5210 ad
2724 5151 2959 5211 bonum
2987 5167 3320 5210 commune
3344 5196 3360 5226 ‚
3416 5154 3482 5211 et
3526 5150 3606 5210 ad
3633 5163 3818 5209 meum
3838 5137 4035 5201 mustum

979 5340 1183 5420 primo
1211 5338 1349 5398 loco
1372 5383 1389 5414 ,
1435 5337 1546 5398 sed
1574 5336 1747 5415 prius
1775 5339 2069 5396 tenentur
2095 5334 2182 5394 illi
2213 5335 2318 5415 qui
2350 5336 2510 5414 posi·
2610 5336 2937 5416 praelatum
2967 5335 3246 5397 futurum
3271 5382 3286 5411 ,
3344 5340 3565 5414 potero
3613 5336 3749 5396 dare
3783 5328 3854 5389 illi
3881 5332 4032 5383 meum

977 5434 1102 5497 tive
1133 5433 1458 5511 elegerunt
1482 5429 1767 5491 infimum
1797 5432 1860 5490 et
1887 5428 1952 5490 in
1973 5428 2200 5490 horum
2229 5429 2510 5491 omnium
2612 5428 2998 5509 suffragium,
3033 5427 3283 5509 quando
3313 5431 3485 5491 certo
3513 5428 3658 5505 scio,
3689 5426 3798 5486 sine
3823 5420 3937 5498 ipso
3959 5408 4033 5470 efi-
