4263 6376
1141 406 1609 466 DISPU·1·A'1*10
1658 406 1956 481 xxxvu,
2007 408 2279 469 SEC'l'lO
2325 411 2399 469 11.

214 582 337 641 (leat
362 582 469 642 tibi
520 601 595 644 ne
622 583 1008 663 relinqueres
1050 585 1306 644 Petrum
1365 583 1713 657 haeredem3

211 675 465 754 peccavit
491 676 743 757 quidem
776 682 994 738 contra
1021 677 1510 756 prohibitionem
1541 680 1603 737 et
1630 677 1719 736 in-

210 768 551 845 terdictum,
603 788 726 849 quo
775 770 1041 829 durante
1091 788 1215 829 non
1245 775 1492 848 poterat
1521 770 1584 829 in
1615 770 1718 829 illo

210 862 325 922 loco
350 860 650 940 impedire
670 862 833 923 Petri
852 862 1320 936 haereditatem;
1356 880 1474 922 non
1508 867 1718 923 tamen

210 957 429 1014 tenetur
458 957 642 1015 Petro
669 956 1033 1027 restituere;
1084 955 1234 1033 quia
1259 955 1440 1016 facile
1472 959 1719 1033 poterat

210 1050 510 1125 expectare
538 1053 716 1109 tuum
745 1066 1066 1126 egressum
1097 1066 1170 1108 ex
1186 1048 1440 1126 temple,
1467 1052 1528 1108 et
1551 1047 1719 1106 idem

207 1139 298 1200 tibi
327 1140 702 1218 persuadere
751 1161 763 1203 :
818 1158 967 1218 ergo
1000 1141 1223 1201 eodem
1254 1141 1441 1201 modo
1470 1140 1532 1199 in
1562 1158 1717 1219 prae-

208 1232 364 1308 senti,
395 1238 514 1294 etc.

273 1326 529 1386 Aliunde
559 1345 737 1402 vero,
773 1326 942 1405 quod
972 1327 1073 1387 ille
1095 1326 1291 1406 judex
1323 1330 1609 1387 teneatur
1637 1326 1717 1385 ad

206 1418 636 1479 restitutionem
685 1419 1031 1480 secundum
1075 1420 1526 1494 substantiam,
1573 1437 1718 1497 pro·

205 1511 320 1572 bari
347 1510 613 1586 videtur,
633 1512 856 1590 prime,
883 1512 1030 1591 quia
1059 1512 1159 1571 ille
1176 1530 1321 1571 vere
1352 1511 1578 1572 occidit
1607 1530 1719 1589 per

206 1604 474 1682 injuriam
505 1622 682 1664 reum
712 1623 899 1683 quem
928 1604 1404 1677 condemnavit,
1438 1622 1583 1663 nam
1611 1603 1716 1662 illa

203 1696 490 1756 sententia
519 1696 796 1757 continet
835 1697 1232 1758 manifestam
1263 1696 1554 1774 injuriam
1581 1742 1596 1772 ,
1648 1701 1718 1756 ut

205 1788 474 1848 videntur
502 1807 854 1867 supponere
908 1788 1325 1850 communiter
1381 1788 1670 1849 doctores
1695 1811 1710 1861 ;

203 1886 255 1942 et
278 1881 427 1942 ratio
458 1887 554 1942 est
581 1882 779 1958 clara,
834 1882 979 1961 quia
1012 1886 1107 1943 est
1133 1883 1443 1943 sententia
1472 1881 1714 1959 prolata

202 1994 235 2034 a
259 1993 369 2035 non
391 1974 609 2052 judice
633 2020 649 2049 ‚
682 1993 791 2035 seu
823 1975 903 2034 ab
933 1993 1006 2034 eo
1037 1974 1215 2054 cujus
1244 1974 1589 2051 iurisdictio
1622 1978 1715 2036 est

201 2067 513 2146 impedita,
549 2086 697 2145 ergo
729 2071 823 2128 est
850 2068 913 2127 in
944 2087 1068 2128 non
1098 2068 1417 2128 subditum
1441 2113 1456 2143 ,
1508 2073 1572 2128 et
1603 2086 1716 2146 per

199 2178 568 2240 consequens
597 2164 693 2220 est
720 2160 947 2220 occisio
970 2161 1134 2221 facta
1146 2179 1259 2239 per
1278 2162 1711 2222 auctoritatem

200 2272 305 2314 non
333 2253 648 2333 publicam
678 2257 740 2313 et
759 2253 1118 2332 juridicam,
1161 2254 1270 2314 sed
1301 2252 1630 2332 privatam,
1650 2253 1711 2313 in

197 2365 306 2424 quo
349 2345 697 2406 formaliter
744 2347 1031 2407 consistit
1070 2347 1309 2407 malitia
1359 2346 1708 2419 homicidii;

197 2438 490 2499 damnum
508 2443 720 2499 autem
749 2439 917 2518 quod
947 2439 1229 2518 sequitur
1254 2457 1328 2497 ex
1357 2438 1598 2498 actione
1625 2439 1712 2498 in-

190 2530 342 2608 justa
385 2531 625 2610 obligat
664 2531 738 2590 ad
774 2532 1231 2592 restitutionem
1275 2549 1351 2590 ex
1379 2532 1588 2591 radice
1616 2531 1709 2591 in-

194 2624 354 2702 justae
384 2623 767 2703 acceptionis
790 2671 806 2700 ‚
858 2642 1008 2700 ergo
1041 2625 1273 2685 damna
1321 2624 1383 2684 in
1415 2624 1534 2684 hoc
1564 2644 1711 2684 casu

195 2736 303 2776 non
329 2717 539 2776 minus
567 2716 802 2777 debent
829 2717 1104 2791 restitui,
1156 2735 1346 2796 quam
1392 2717 1440 2776 si
1490 2736 1713 2796 seque-

193 2816 391 2870 rentur
411 2827 489 2868 ex
519 2809 855 2870 homicidio
885 2809 1400 2888 factoaqualibet
1425 2809 1551 2877 alia
1580 2828 1714 2887 per-

191 2921 327 2961 sona
357 2902 625 2980 privata.
663 2902 972 2977 Secundo,
996 2902 1143 2982 quia
1162 2903 1358 2980 judex
1381 2902 1712 2963 extrahens

191 2995 448 3073 aliquem
481 2994 560 3054 ab
591 2994 873 3068 ecclesia,
909 3000 1157 3055 tenetur
1202 2994 1282 3054 ad
1314 2994 1545 3055 damna
1573 3012 1712 3074 quae

190 3087 264 3147 illi
290 3087 637 3147 obveniunt
661 3092 918 3165 propter
937 3086 1106 3147 illam
1138 3086 1610 3162 extractionem,
1646 3092 1715 3148 ut

188 3199 254 3239 ex
280 3179 599 3241 communi
626 3179 935 3241 sententia
970 3178 1322 3240 videbimus
1367 3178 1528 3239 infra
1555 3183 1705 3240 sect.

185 3273 495 3352 sequenti;
529 3292 677 3350 ergo
708 3273 898 3334 etiam
919 3273 1115 3351 judex
1145 3275 1249 3350 qui
1272 3277 1490 3333 contra
1503 3273 1712 3332 Eccle-

186 3367 281 3425 siae
310 3366 795 3445 prohibitionem
827 3366 1205 3426 condemnat
1232 3383 1432 3440 reum,
1453 3365 1601 3425 dum
1620 3369 1713 3425 est

186 3459 757 3520 excommunicatus
788 3477 911 3519 non
941 3459 1262 3534 toleratuS,
1297 3463 1359 3518 et
1385 3457 1715 3536 exequitur

184 3553 584 3627 sententiam,
619 3551 934 3612 tenebitur
960 3551 1040 3611 ad
1073 3551 1332 3622 damna;
1384 3555 1512 3610 tam
1544 3550 1712 3609 enim

180 3650 343 3706 caret
371 3648 686 3722 potestate
733 3643 812 3703 ad
863 3643 980 3703 hoc
1037 3661 1227 3722 quam
1252 3643 1350 3703 .ad
1399 3642 1586 3714 illud3
1651 3646 1714 3702 et

179 3741 509 3816 utrumque
540 3756 614 3796 ex
644 3735 1062 3815 prohibitione
1093 3734 1378 3814 ejusdem
1395 3735 1707 3798 Ecclesiae.

177 3831 400 3905 Tel-tic,
437 3829 588 3907 quia
616 3829 763 3889 licet
791 3846 907 3906 ego
938 3828 1130 3888 sciam
1160 3831 1414 3889 Petrum
1458 3829 1587 3889 vita
1614 3828 1711 3888 vel

175 3922 433 3983 fortunis
483 3922 563 3982 ab
606 3921 887 3982 hostibus
929 3921 1360 3999 spoliandum;
1408 3921 1458 3981 si
1501 3924 1713 3981 tamen

175 4033 308 4076 eum
337 4016 572 4095 injuste
601 4014 885 4092 spoliem,
920 4015 1017 4073 vel
1048 4013 1352 4090 occidam,
1385 4018 1602 4075 teneor
1630 4014 1710 4074 ad

175 4107 630 4168 restitutionem
655 4126 671 4178 ;
732 4124 882 4184 ergo
929 4106 1075 4166 licet
1113 4105 1308 4186 judex
1357 4107 1513 4166 sciat
1536 4125 1712 4167 reum

171 4200 376 4260 statim
420 4198 683 4260 obtenta
723 4198 1113 4259 absolutione
1157 4199 1290 4260 sore
1330 4198 1498 4276 juste
1537 4199 1715 4259 dam-

174 4293 489 4363 nandum;
550 4292 601 4350 si
644 4296 852 4352 tamen
901 4310 1043 4351 eum
1091 4293 1262 4370 prius
1308 4290 1534 4370 injuste
1565 4310 1714 4351 con-

172 4385 447 4461 demnet,
483 4385 796 4445 tenebitur
823 4384 904 4445 ad
932 4385 1408 4446 restitutionem.
1443 4387 1574 4445 Hoc
1603 4384 1712 4444 du-

170 4479 336 4538 bium
364 4477 578 4555 tetigit
605 4477 939 4537 novissime
969 4477 1079 4537 sed
1106 4478 1381 4538 breviter
1396 4479 1465 4538 P.
1484 4478 1706 4538 Thom.

172 4571 399 4631 Sanch.
436 4571 546 4630 lib.
583 4572 684 4630 111.
723 4569 941 4631 Consil.
976 4588 1113 4648 cap.
1149 4570 1331 4630 unico
1362 4570 1706 4630 dub.xv111.

169 4664 271 4722 ubi
298 4662 695 4742 probabilius
723 4662 1035 4723 existimat
1074 4662 1354 4741 judicem
1397 4663 1595 4723 teneri
1631 4663 1712 4723 ad

170 4757 630 4817 restitutionem
667 4776 679 4817 :
715 4755 868 4817 dicit
895 4760 1140 4826 tamen,
1179 4755 1358 4815 valde
1387 4755 1712 4833 probabile

168 4868 287 4909 non
317 4849 524 4911 teneri
562 4867 575 4910 :
613 4848 759 4928 quia
790 4848 971 4908 valde
1001 4848 1322 4925 probabile
1353 4852 1447 4908 est
1474 4868 1596 4908 non
1627 4855 1713 4911 te-

168 4943 299 5002 neri
326 4942 410 5002 ad
447 4941 837 5002 restituenda
865 4940 1386 5020 damna,quando
1418 4941 1715 5002 condem-

168 5036 339 5096 navit
387 5052 583 5113 quem
614 5038 971 5094 extraxerat
996 5034 1076 5094 ab
1108 5034 1405 5109 ecclesia,
1465 5033 1541 5092 de
1590 5052 1712 5113 quo

166 5127 414 5188 dixerat
446 5126 598 5187 dub.
635 5126 1047 5204 praecedenti:
1082 5145 1231 5205 ergo
1260 5127 1427 5185 idem
1458 5126 1575 5186 dici
1610 5145 1714 5204 po-

165 5224 282 5280 test
323 5221 390 5279 in
445 5219 566 5280 hoc
605 5238 776 5279 casu.
839 5221 970 5279 Hoc
1017 5224 1227 5280 tamen
1274 5224 1716 5296 argumentum

165 5312 320 5372 mihi
349 5331 483 5372 non
505 5312 754 5372 videtur
780 5312 929 5373 satis
959 5312 1213 5372 efficax:
1246 5313 1392 5391 quia
1411 5313 1716 5391 quidquid

165 5406 240 5466 sit
269 5406 351 5465 de
381 5404 819 5479 antecedenti,
868 5405 944 5464 de
976 5424 1098 5483 quo
1130 5405 1413 5485 sequenti
1445 5405 1715 5465 sectione

165 5498 456 5559 dicemus
483 5497 628 5572 alia,
669 5504 765 5558 est
794 5497 950 5558 ratio
982 5498 1044 5558 in
1075 5517 1223 5559 casu
1254 5503 1485 5571 nostro,
1508 5498 1570 5558 in
1592 5517 1714 5577 quo

191 5590 359 5650 udex
424 5593 685 5669 propter
731 5590 1442 5653 excommunicationem
1500 5591 1719 5670 procul

3242 408 3355 464 677

1819 584 2010 645 dubio
2040 586 2323 664 privatur
2360 585 2795 665 jurisdictione
2846 604 2859 644 ε
2922 602 3113 664 quare
3161 582 3358 642 unde-

1818 696 2086 756 cumque
2118 680 2445 756 proveniat
2474 679 2575 738 illa
2592 678 2868 739 carentia
2879 675 3352 756 jurisdictioniS‚

1819 769 1948 829 sive
1979 769 2042 829 in
2072 770 2354 831 savorem
2382 771 2507 847 rei,
2561 772 2690 831 sive
2735 772 2798 831 in
2833 771 3047 831 odium
3070 768 3302 848 judicis
3336 788 3350 828 :

1817 881 1963 922 vere
1997 868 2204 924 tamen
2227 865 2361 943 jam
2392 882 2515 924 non
2547 868 2640 924 est
2661 863 2887 942 judex;
2940 880 3088 939 ergo
3120 866 3212 921 est
3240 860 3353 920 ho-

1817 973 1919 1015 mo
1950 956 2230 1034 privatus
2255 1003 2270 1031 ‚
2319 962 2381 1016 et
2409 976 2518 1034 per
2547 975 2939 1036 consequens
2982 973 3107 1015 non
3155 953 3356 1031 magis

1818 1053 2024 1126 potest
2063 1048 2282 1126 punire
2329 1049 2793 1128 delinquentem
2850 1066 3040 1127 quam
3097 1045 3357 1124 quilibet

1818 1140 1974 1200 alius
2001 1141 2282 1220 privatus
2311 1140 2497 1200 homo
2521 1162 2534 1202 ;
2557 1160 2705 1219 ergo
2738 1142 2897 1201 sicut
2924 1140 3025 1199 alii
3056 1138 3358 1198 inferrent

1816 1232 2109 1310 injuriam
2158 1233 2542 1313 delinquenti
2590 1234 2637 1293 si
2671 1234 2843 1294 illum
2873 1232 3203 1310 punirent,
3266 1229 3355 1291 sic

1808 1326 2004 1404 judex
2042 1327 2142 1387 ille
2173 1327 2777 1399 excommunicatus;
2839 1326 2897 1385 in
2949 1344 3094 1385 casu
3145 1328 3354 1384 autem

1815 1419 2211 1480 antecedenti
2241 1439 2367 1480 non
2397 1425 2490 1481 est
2518 1425 2780 1496 certum,
2816 1417 2983 1498 quod
3007 1417 3199 1495 judex
3231 1416 3353 1495 pri-

1814 1516 1994 1571 vetur
2015 1511 2452 1591 jurisdictione
2476 1559 2490 1588 ,
2543 1518 2605 1574 et
2634 1512 2775 1573 ideo
2808 1515 3012 1589 potest
3044 1528 3178 1569 esse
3208 1527 3354 1587 pro-

1813 1604 2019 1665 babile
2052 1606 2220 1683 quod
2254 1624 2375 1665 non
2408 1609 2625 1683 peccet
2654 1610 2871 1665 contra
2894 1602 3227 1681 justitiam.

1867 1699 1961 1757 ·1n
2010 1698 2129 1757 hoc
2173 1716 2322 1774 ergo
2372 1698 2562 1757 dubio
2619 1696 2941 1757 fatendum
2985 1695 3235 1755 videtur
3289 1692 3351 1752 in

1811 1790 2029 1870 primis
2053 1837 2068 1863 ,
2130 1791 2299 1849 illam
2337 1790 2569 1868 judicis
2599 1789 2969 1850 sententiam
3000 1806 3134 1848 esse
3163 1786 3350 1846 actio-

1814 1900 1956 1941 nem
1987 1882 2306 1961 injustam,
2342 1887 2555 1960 utpote
2586 1881 2828 1960 prolata
2857 1881 2936 1940 ab
2967 1881 3069 1939 illo
3103 1879 3206 1957 qui
3238 1897 3350 1957 pro

1811 1980 1961 2036 tunc
2007 1994 2133 2035 non
2182 1975 2374 2037 habet
2405 1974 2906 2053 jurisdictionem
2963 1973 3344 2051 expeditam,

1811 2074 2000 2146 atque
2030 2067 2195 2144 ideo,
2229 2086 2340 2146 per
2365 2086 2431 2127 se
2461 2067 2772 2145 loquendo
2792 2112 2807 2141 ‚
2843 2066 3121 2142 obligare
3149 2063 3229 2124 ad
3258 2083 3352 2123 re-

1812 2160 2199 2222 stitutionem
2228 2179 2340 2239 pro
2372 2160 2649 2220 damnis:
2682 2178 2794 2237 per
2821 2159 3112 2219 accidens
3141 2162 3351 2218 tamen

1812 2254 2175 2331 frequenter
2217 2253 2615 2313 excusabitur
2655 2272 2690 2312 a
2722 2251 3110 2313 restitutione
3136 2297 3151 2328 ,
3205 2250 3354 2330 quia

1815 2366 1940 2413 non,
1980 2346 2170 2405 debet
2224 2347 2548 2406 restituere
2606 2345 2721 2405 nisi
2779 2345 3126 2405 secundum
3174 2362 3352 2422 spem

1813 2458 2003 2518 quam
2035 2457 2178 2498 reus
2208 2437 2483 2499 habebat
2506 2438 2814 2498 liberandi
2844 2457 2910 2497 se
2941 2438 3019 2497 ab
3051 2437 3152 2497 illo
3184 2436 3348 2515 peri-

1812 2532 1974 2607 cuIO,
2009 2531 2060 2590 si
2091 2549 2215 2590 non
2246 2531 2464 2591 fuisset
2492 2531 2977 2606 condemnatuS,
3010 2534 3350 2608 antequam

1813 2624 2120 2685 absolutio
2150 2624 2230 2683 ab
2268 2623 2908 2683 excommunicatione
2939 2623 3344 2695 obtineretur;

1813 2736 1936 2777 non
1966 2717 2134 2778 enim
2164 2721 2409 2776 tenetur
2438 2717 2763 2776 restituere
2803 2715 2921 2774 nisi
2949 2715 3012 2774 in
3045 2718 3349 2793 quantum

1811 2811 2130 2871 moraliter
2158 2810 2273 2869 tuit
2301 2828 2491 2870 causa
2512 2808 2736 2886 injusta
2761 2808 2923 2867 illius
2945 2806 3191 2879 damni;
3225 2825 3347 2866 non

1811 2908 2019 2964 autem
2051 2907 2342 2963 censetur
2370 2920 2558 2961 causa
2584 2900 2746 2960 illius
2776 2900 2988 2959 damni
3027 2899 3193 2978 quod
3213 2898 3349 2977 jam

1811 3000 1980 3057 certo
2012 2999 2148 3056 erat
2175 2999 2623 3072 praeparatum:
2658 2992 2820 3053 sicut
2848 2992 2896 3052 si
2926 2992 3149 3070 aliquis
3177 3010 3348 3050 com-

1810 3088 1996 3149 burat
2024 3088 2283 3148 domum
2312 3086 2577 3145 alienam
2598 3131 2612 3160 ,
2668 3104 2807 3163 quoe
2838 3084 3046 3145 statim
3075 3083 3349 3143 fluminis

1812 3180 2223 3242 inundatione
2255 3179 2526 3239 debebat
2554 3197 2769 3253 ruere,
2822 3196 2944 3238 non
2992 3180 3240 3239 tenetur
3267 3176 3349 3238 ad

1811 3273 2271 3334 restitutionem
2328 3291 2340 3331 :
2402 3272 2685 3332 similiter
2734 3271 2784 3331 si
2831 3271 3057 3349 aliquis
3104 3270 3351 3332 occidat

1813 3366 2130 3425 hominem
2179 3367 2312 3444 jam
2360 3382 2433 3424 ex
2465 3363 2833 3442 aegritudine
2877 3363 3344 3438 moribundum,

1809 3459 1954 3519 licet
1983 3463 2221 3536 peccet,
2244 3462 2595 3518 nontamen
2627 3462 2875 3518 tenetur
2904 3456 2984 3517 ad
3015 3455 3351 3517 restitutio-

1811 3569 1989 3627 nem,
2044 3550 2161 3610 nisi
2201 3569 2314 3628 pro
2344 3551 2584 3610 ratione
2630 3550 2762 3627 spei
2806 3568 2945 3629 quae
2977 3553 3187 3627 posset
3214 3568 3347 3608 esse

1811 3644 2116 3704 evadendi
2163 3661 2237 3702 ex
2269 3642 2371 3703 illo
2413 3642 2711 3721 pericu10.
2773 3643 2951 3703 Ratio
3000 3648 3209 3703 autem
3258 3646 3352 3702 est

1812 3737 1959 3818 quia
1986 3756 2084 3796 res
2112 3737 2175 3795 in
2207 3736 2309 3795 illo
2341 3739 2506 3795 statu
2531 3780 2546 3810 ,
2600 3753 2720 3794 non
2753 3736 2979 3795 retinet
3010 3754 3151 3795 eum
3180 3734 3350 3795 valo-

1811 3849 1945 3891 rem
1975 3848 2163 3909 quem
2193 3828 2454 3887 haberet
2481 3831 2656 3886 extra
2684 3826 2837 3885 illud
2866 3828 3234 3906 periculum,
3262 3832 3349 3888 at-

1812 3942 1932 4002 que
1963 3923 2101 3982 ideo
2136 3939 2259 3981 non
2298 3919 2540 3981 inducit
2567 3919 3011 3999 obligationem
3043 3924 3229 3981 tantae
3258 3938 3350 3979 re·

1811 4015 2171 4077 stitutionis,

1891 4109 2108 4184 DiceS,
2170 4108 2221 4167 si
2269 4106 2405 4186 quis
2447 4105 2714 4183 accipiat
2740 4109 2943 4165 vestes
2970 4106 3069 4166 vel
3113 4106 3348 4185 aliquid

1813 4201 1980 4263 aliud
2015 4220 2085 4260 ex
2119 4201 2307 4260 domo
2349 4200 2559 4277 aliqua
2608 4217 2744 4277 quze
2768 4197 2902 4276 jam
2933 4199 3343 4275 comburitur,

1812 4295 2019 4356 adhue
2067 4298 2315 4354 tenetur
2352 4292 2679 4352 restituere
2708 4291 2772 4351 id
2802 4291 2970 4369 quod
3000 4290 3247 4369 accipit,
3281 4292 3350 4351 li-

1813 4393 1911 4448 cet
1939 4386 2281 4448 certissime
2312 4391 2474 4445 esset
2502 4384 3029 4457 comburendum;
3081 4403 3227 4462 ergo
3271 4385 3347 4444 si·

1811 4481 2041 4540 militer
2063 4478 2260 4557 judex
2297 4481 2544 4539 tenetur
2591 4477 2653 4536 in
2702 4482 2910 4538 nostro
2958 4496 3141 4552 casu,
3204 4478 3351 4538 lIcct

1812 4592 1956 4633 reus
2004 4572 2223 4633 fuisset
2263 4571 2606 4632 certissime
2651 4575 2867 4649 postea
2924 4571 3342 4632 damnanduS.

1814 4664 2249 4744 Respondetur
2277 4664 2563 4741 negando
2594 4664 3105 4741 consequentiam
3144 4684 3156 4724 :
3205 4682 3348 4723 nam

1812 4759 1874 4818 in
1898 4776 2045 4818 casu
2063 4757 2459 4817 antecedenti
2480 4757 2714 4816 illenon
2733 4760 2980 4816 tenetur
3001 4757 3239 4818 ratione
3261 4757 3349 4816 in-

1805 4852 1992 4931 justae
2024 4850 2446 4928 acceptioniS,
2494 4850 2604 4909 sed
2650 4849 2891 4910 ratione
2921 4850 3013 4909 rei
3051 4855 3346 4928 accepta),

1814 4962 1953 5023 quae
1973 4944 2533 5022 semperquamdiu
2564 4943 2771 5003 existit
2788 4947 3002 5003 manet
3020 4943 3134 5003 sub
3156 4943 3352 5004 ‹lomi-

1814 5037 1916 5096 nio
1937 5036 2162 5113 prioris
2181 5036 2415 5095 domini
2435 5057 2447 5098 :
2466 5037 2526 5095 in
2547 5039 2755 5097 nostro
2775 5041 2982 5096 autem
3002 5054 3146 5096 casu
3158 5035 3352 5115 judex

1813 5134 2067 5190 tenetur
2096 5131 2337 5190 ratione
2383 5129 2627 5208 injusta}
2657 5129 3036 5208 acceptionis
3082 5146 3096 5192 :
3158 5145 3352 5208 quaro

1817 5240 1938 5282 non
1972 5222 2162 5282 debet
2193 5222 2471 5298 attendi,
2521 5223 2637 5283 nisi
2688 5227 2994 5301 quatenus
3020 5221 3135 5282 fuit
3162 5240 3352 5282 causa

1816 5314 2028 5374 damni
2078 5333 2229 5374 vere
2275 5315 2469 5375 secuti
2517 5319 2774 5393 propter
2816 5314 3110 5392 injustam
3157 5315 3352 5374 actio-

1816 5425 1960 5466 nem
1979 5405 2232 5484 judicis.
2294 5407 2596 5467 Videatur
2623 5407 2868 5467 Lessius
2902 5407 3008 5467 lib.
3040 5407 3115 5466 11.
3148 5425 3201 5466 c.
3236 5423 3347 5467 ΧΠ.

1816 5498 2014 5559 dubit.
2053 5502 2148 5559 15.
2203 5498 2309 5559 ubi
2358 5518 2496 5559 eam
2527 5499 2810 5576 regulam
2840 5500 2961 5560 late
2995 5498 3262 5580 explicat
3292 5505 3355 5562 et

1817 5590 2116 5653 defendit.

3503 1703 3576 1760 13

3445 1826 3657 1870 Sententia

3463 1883 3641 1924 auctoris
