<?xml version="1.0" encoding="UTF-8"?>
<!DOCTYPE html PUBLIC "-//W3C//DTD XHTML 1.0 Transitional//EN"
    "http://www.w3.org/TR/xhtml1/DTD/xhtml1-transitional.dtd">
<html xmlns="http://www.w3.org/1999/xhtml" xml:lang="en" lang="en">
 <head>
  <title>
</title>
<meta http-equiv="Content-Type" content="text/html;charset=utf-8" />
  <meta name='ocr-system' content='tesseract 3.04.00' />
  <meta name='ocr-capabilities' content='ocr_page ocr_carea ocr_par ocr_line ocrx_word'/>
</head>
<body>
  <div class='ocr_page' id='page_1' title='image "./joannisdelugodi00lugogoog_0743.png"; bbox 0 0 4263 6376; ppageno 0'>
   <div class='ocr_carea' id='block_1_1' title="bbox 1173 307 2487 389">
    <p class='ocr_par' dir='ltr' id='par_1_1' title="bbox 1173 307 2487 389">
     <span class='ocr_line' id='line_1_1' title="bbox 1173 307 2487 389; baseline -0.001 -14"><span class='ocrx_word' id='word_1_1' title='bbox 1173 312 1645 376; x_wconf 83' lang='lat' dir='ltr'><strong>DISPUTATIO</strong></span> <span class='ocrx_word' id='word_1_2' title='bbox 1689 310 1989 389; x_wconf 80' lang='lat' dir='ltr'>XXXVII,</span> <span class='ocrx_word' id='word_1_3' title='bbox 2037 307 2313 375; x_wconf 69' lang='lat' dir='ltr'><strong>sssc&#39;rlo</strong></span> <span class='ocrx_word' id='word_1_4' title='bbox 2356 313 2487 378; x_wconf 84' lang='lat' dir='ltr'><strong>vn.</strong></span> 
     </span>
    </p>
   </div>
   <div class='ocr_carea' id='block_1_2' title="bbox 229 491 1788 5614">
    <p class='ocr_par' dir='ltr' id='par_1_2' title="bbox 239 491 1772 1114">
     <span class='ocr_line' id='line_1_2' title="bbox 239 491 1768 574; baseline 0.001 -21"><span class='ocrx_word' id='word_1_5' title='bbox 239 491 395 553; x_wconf 85' lang='lat' dir='ltr'><strong>tiare</strong></span> <span class='ocrx_word' id='word_1_6' title='bbox 422 493 598 554; x_wconf 89' lang='lat' dir='ltr'><strong>illum</strong></span> <span class='ocrx_word' id='word_1_7' title='bbox 629 511 753 554; x_wconf 91' lang='lat' dir='ltr'><strong>non</strong></span> <span class='ocrx_word' id='word_1_8' title='bbox 784 494 1109 574; x_wconf 82' lang='lat' dir='ltr'><strong>praemissa</strong></span> <span class='ocrx_word' id='word_1_9' title='bbox 1133 492 1506 570; x_wconf 86' lang='lat' dir='ltr'><strong>monitione,</strong></span> <span class='ocrx_word' id='word_1_10' title='bbox 1540 493 1688 572; x_wconf 83' lang='lat' dir='ltr'><strong>quia</strong></span> <span class='ocrx_word' id='word_1_11' title='bbox 1714 492 1768 554; x_wconf 86' lang='lat' dir='ltr'><strong>si</strong></span> 
     </span>
     <span class='ocr_line' id='line_1_3' title="bbox 242 584 1770 666; baseline 0.001 -20"><span class='ocrx_word' id='word_1_12' title='bbox 242 584 374 647; x_wconf 73' lang='lat' dir='ltr'><strong>haec</strong></span> <span class='ocrx_word' id='word_1_13' title='bbox 401 587 568 648; x_wconf 90' lang='lat' dir='ltr'><strong>utilis</strong></span> <span class='ocrx_word' id='word_1_14' title='bbox 611 591 705 649; x_wconf 87' lang='lat' dir='ltr'><strong>est</strong></span> <span class='ocrx_word' id='word_1_15' title='bbox 734 588 814 648; x_wconf 89' lang='lat' dir='ltr'><strong>ad</strong></span> <span class='ocrx_word' id='word_1_16' title='bbox 842 588 1346 650; x_wconf 73' lang='lat' dir='ltr'><strong>emendationem</strong></span> <span class='ocrx_word' id='word_1_17' title='bbox 1376 585 1606 662; x_wconf 77' lang='lat' dir='ltr'><strong>fratriS,</strong></span> <span class='ocrx_word' id='word_1_18' title='bbox 1657 605 1770 666; x_wconf 89' lang='lat' dir='ltr'><strong>po·</strong></span> 
     </span>
     <span class='ocr_line' id='line_1_4' title="bbox 241 679 1771 760; baseline 0.002 -22"><span class='ocrx_word' id='word_1_19' title='bbox 241 681 359 739; x_wconf 87' lang='lat' dir='ltr'><strong>test</strong></span> <span class='ocrx_word' id='word_1_20' title='bbox 403 679 690 741; x_wconf 88' lang='lat' dir='ltr'><strong>adhiberi</strong></span> <span class='ocrx_word' id='word_1_21' title='bbox 735 685 879 760; x_wconf 91' lang='lat' dir='ltr'><strong>post</strong></span> <span class='ocrx_word' id='word_1_22' title='bbox 906 680 1485 753; x_wconf 87' lang='lat' dir='ltr'><strong>denuntiationem;</strong></span> <span class='ocrx_word' id='word_1_23' title='bbox 1540 680 1771 760; x_wconf 87' lang='lat' dir='ltr'><strong>poterit</strong></span> 
     </span>
     <span class='ocr_line' id='line_1_5' title="bbox 241 770 1764 853; baseline 0 -21"><span class='ocrx_word' id='word_1_24' title='bbox 241 770 429 833; x_wconf 86' lang='lat' dir='ltr'><strong>etiam</strong></span> <span class='ocrx_word' id='word_1_25' title='bbox 481 772 746 835; x_wconf 79' lang='lat' dir='ltr'><strong>fortasse</strong></span> <span class='ocrx_word' id='word_1_26' title='bbox 801 792 967 853; x_wconf 67' lang='lat' dir='ltr'><strong>saepe</strong></span> <span class='ocrx_word' id='word_1_27' title='bbox 1023 773 1277 833; x_wconf 91' lang='lat' dir='ltr'><strong>omnino</strong></span> <span class='ocrx_word' id='word_1_28' title='bbox 1347 772 1764 853; x_wconf 62' lang='lat' dir='ltr'><strong>praetermitti,</strong></span> 
     </span>
     <span class='ocr_line' id='line_1_6' title="bbox 242 864 1766 945; baseline 0.001 -20"><span class='ocrx_word' id='word_1_29' title='bbox 242 864 386 945; x_wconf 77' lang='lat' dir='ltr'><strong>qula</strong></span> <span class='ocrx_word' id='word_1_30' title='bbox 412 865 639 927; x_wconf 87' lang='lat' dir='ltr'><strong>melius</strong></span> <span class='ocrx_word' id='word_1_31' title='bbox 692 869 756 928; x_wconf 87' lang='lat' dir='ltr'><strong>et</strong></span> <span class='ocrx_word' id='word_1_32' title='bbox 789 867 1166 929; x_wconf 79' lang='lat' dir='ltr'><strong>fructuosius</strong></span> <span class='ocrx_word' id='word_1_33' title='bbox 1196 867 1568 945; x_wconf 78' lang='lat' dir='ltr'><strong>corripietur</strong></span> <span class='ocrx_word' id='word_1_34' title='bbox 1595 885 1633 927; x_wconf 95' lang='lat' dir='ltr'><strong>a</strong></span> <span class='ocrx_word' id='word_1_35' title='bbox 1661 885 1766 927; x_wconf 92' lang='lat' dir='ltr'><strong>su-</strong></span> 
     </span>
     <span class='ocr_line' id='line_1_7' title="bbox 241 959 1772 1039; baseline 0.001 -21"><span class='ocrx_word' id='word_1_36' title='bbox 241 959 508 1038; x_wconf 85' lang='lat' dir='ltr'><strong>periore,</strong></span> <span class='ocrx_word' id='word_1_37' title='bbox 559 959 662 1020; x_wconf 90' lang='lat' dir='ltr'><strong>cui</strong></span> <span class='ocrx_word' id='word_1_38' title='bbox 703 960 1105 1022; x_wconf 80' lang='lat' dir='ltr'><strong>denuntiatus</strong></span> <span class='ocrx_word' id='word_1_39' title='bbox 1133 964 1250 1037; x_wconf 87' lang='lat' dir='ltr'><strong>est,</strong></span> <span class='ocrx_word' id='word_1_40' title='bbox 1301 978 1490 1039; x_wconf 86' lang='lat' dir='ltr'><strong>quam</strong></span> <span class='ocrx_word' id='word_1_41' title='bbox 1539 978 1577 1020; x_wconf 90' lang='lat' dir='ltr'><strong>a</strong></span> <span class='ocrx_word' id='word_1_42' title='bbox 1621 959 1772 1020; x_wconf 85' lang='lat' dir='ltr'><strong>sub-</strong></span> 
     </span>
     <span class='ocr_line' id='line_1_8' title="bbox 242 1048 390 1114; baseline 0.014 -2"><span class='ocrx_word' id='word_1_43' title='bbox 242 1048 390 1114; x_wconf 82' lang='lat' dir='ltr'><strong>dito.</strong></span> 
     </span>
    </p>

    <p class='ocr_par' dir='ltr' id='par_1_3' title="bbox 240 1143 1776 2982">
     <span class='ocr_line' id='line_1_9' title="bbox 317 1143 1769 1226; baseline 0.001 -21"><span class='ocrx_word' id='word_1_44' title='bbox 317 1145 520 1220; x_wconf 79' lang='lat' dir='ltr'><strong>Dices,</strong></span> <span class='ocrx_word' id='word_1_45' title='bbox 552 1149 773 1208; x_wconf 85' lang='lat' dir='ltr'><strong>teneor</strong></span> <span class='ocrx_word' id='word_1_46' title='bbox 812 1163 889 1206; x_wconf 88' lang='lat' dir='ltr'><strong>ex</strong></span> <span class='ocrx_word' id='word_1_47' title='bbox 933 1143 1237 1208; x_wconf 77' lang='lat' dir='ltr'><strong>charitate</strong></span> <span class='ocrx_word' id='word_1_48' title='bbox 1278 1162 1615 1226; x_wconf 82' lang='lat' dir='ltr'><strong>procurare</strong></span> <span class='ocrx_word' id='word_1_49' title='bbox 1664 1146 1769 1207; x_wconf 89' lang='lat' dir='ltr'><strong>bo-</strong></span> 
     </span>
     <span class='ocr_line' id='line_1_10' title="bbox 243 1238 1765 1318; baseline 0 -19"><span class='ocrx_word' id='word_1_50' title='bbox 243 1256 392 1299; x_wconf 89' lang='lat' dir='ltr'><strong>num</strong></span> <span class='ocrx_word' id='word_1_51' title='bbox 435 1239 708 1317; x_wconf 82' lang='lat' dir='ltr'><strong>proximi</strong></span> <span class='ocrx_word' id='word_1_52' title='bbox 754 1256 899 1299; x_wconf 89' lang='lat' dir='ltr'><strong>cum</strong></span> <span class='ocrx_word' id='word_1_53' title='bbox 943 1239 1165 1300; x_wconf 88' lang='lat' dir='ltr'><strong>minori</strong></span> <span class='ocrx_word' id='word_1_54' title='bbox 1214 1238 1350 1318; x_wconf 87' lang='lat' dir='ltr'><strong>ejus</strong></span> <span class='ocrx_word' id='word_1_55' title='bbox 1403 1239 1765 1318; x_wconf 81' lang='lat' dir='ltr'><strong>dispendi03</strong></span> 
     </span>
     <span class='ocr_line' id='line_1_11' title="bbox 244 1331 1772 1412; baseline 0.001 -20"><span class='ocrx_word' id='word_1_56' title='bbox 244 1349 392 1410; x_wconf 88' lang='lat' dir='ltr'><strong>ergo</strong></span> <span class='ocrx_word' id='word_1_57' title='bbox 440 1331 493 1392; x_wconf 87' lang='lat' dir='ltr'><strong>si</strong></span> <span class='ocrx_word' id='word_1_58' title='bbox 542 1351 655 1411; x_wconf 90' lang='lat' dir='ltr'><strong>per</strong></span> <span class='ocrx_word' id='word_1_59' title='bbox 681 1332 1092 1394; x_wconf 91' lang='lat' dir='ltr'><strong>monitionem</strong></span> <span class='ocrx_word' id='word_1_60' title='bbox 1136 1337 1442 1393; x_wconf 84' lang='lat' dir='ltr'><strong>secretam</strong></span> <span class='ocrx_word' id='word_1_61' title='bbox 1487 1337 1772 1412; x_wconf 88' lang='lat' dir='ltr'><strong>speratur</strong></span> 
     </span>
     <span class='ocr_line' id='line_1_12' title="bbox 243 1425 1772 1506; baseline -0.001 -20"><span class='ocrx_word' id='word_1_62' title='bbox 243 1425 376 1504; x_wconf 87' lang='lat' dir='ltr'><strong>ejus</strong></span> <span class='ocrx_word' id='word_1_63' title='bbox 405 1426 736 1502; x_wconf 87' lang='lat' dir='ltr'><strong>correctio,</strong></span> <span class='ocrx_word' id='word_1_64' title='bbox 771 1444 896 1486; x_wconf 93' lang='lat' dir='ltr'><strong>non</strong></span> <span class='ocrx_word' id='word_1_65' title='bbox 924 1442 1180 1506; x_wconf 90' lang='lat' dir='ltr'><strong>possum</strong></span> <span class='ocrx_word' id='word_1_66' title='bbox 1209 1425 1506 1487; x_wconf 84' lang='lat' dir='ltr'><strong>adhibere</strong></span> <span class='ocrx_word' id='word_1_67' title='bbox 1536 1426 1772 1485; x_wconf 88' lang='lat' dir='ltr'><strong>denun-</strong></span> 
     </span>
     <span class='ocr_line' id='line_1_13' title="bbox 241 1517 1776 1598; baseline -0.001 -18"><span class='ocrx_word' id='word_1_68' title='bbox 241 1517 587 1580; x_wconf 86' lang='lat' dir='ltr'><strong>tiationem.</strong></span> <span class='ocrx_word' id='word_1_69' title='bbox 620 1519 744 1580; x_wconf 86' lang='lat' dir='ltr'><strong>Sed</strong></span> <span class='ocrx_word' id='word_1_70' title='bbox 766 1523 1023 1581; x_wconf 85' lang='lat' dir='ltr'><strong>contra:</strong></span> <span class='ocrx_word' id='word_1_71' title='bbox 1059 1519 1206 1598; x_wconf 89' lang='lat' dir='ltr'><strong>quia</strong></span> <span class='ocrx_word' id='word_1_72' title='bbox 1236 1519 1355 1579; x_wconf 87' lang='lat' dir='ltr'><strong>hac</strong></span> <span class='ocrx_word' id='word_1_73' title='bbox 1375 1519 1616 1580; x_wconf 87' lang='lat' dir='ltr'><strong>ratione</strong></span> <span class='ocrx_word' id='word_1_74' title='bbox 1640 1536 1776 1597; x_wconf 87' lang='lat' dir='ltr'><strong>pro·</strong></span> 
     </span>
     <span class='ocr_line' id='line_1_14' title="bbox 240 1610 1772 1691; baseline 0.001 -20"><span class='ocrx_word' id='word_1_75' title='bbox 240 1610 518 1688; x_wconf 85' lang='lat' dir='ltr'><strong>baretur,</strong></span> <span class='ocrx_word' id='word_1_76' title='bbox 578 1629 694 1672; x_wconf 89' lang='lat' dir='ltr'><strong>nec</strong></span> <span class='ocrx_word' id='word_1_77' title='bbox 745 1629 930 1691; x_wconf 89' lang='lat' dir='ltr'><strong>posse</strong></span> <span class='ocrx_word' id='word_1_78' title='bbox 988 1613 1176 1673; x_wconf 86' lang='lat' dir='ltr'><strong>etiam</strong></span> <span class='ocrx_word' id='word_1_79' title='bbox 1233 1612 1511 1672; x_wconf 86' lang='lat' dir='ltr'><strong>accusari</strong></span> <span class='ocrx_word' id='word_1_80' title='bbox 1570 1611 1772 1691; x_wconf 82' lang='lat' dir='ltr'><strong>proxi-</strong></span> 
     </span>
     <span class='ocr_line' id='line_1_15' title="bbox 243 1704 1774 1785; baseline -0.001 -20"><span class='ocrx_word' id='word_1_81' title='bbox 243 1722 436 1782; x_wconf 90' lang='lat' dir='ltr'><strong>mum,</strong></span> <span class='ocrx_word' id='word_1_82' title='bbox 470 1705 724 1785; x_wconf 86' lang='lat' dir='ltr'><strong>quando</strong></span> <span class='ocrx_word' id='word_1_83' title='bbox 747 1704 1044 1766; x_wconf 89' lang='lat' dir='ltr'><strong>delictum</strong></span> <span class='ocrx_word' id='word_1_84' title='bbox 1071 1708 1166 1766; x_wconf 87' lang='lat' dir='ltr'><strong>est</strong></span> <span class='ocrx_word' id='word_1_85' title='bbox 1183 1704 1524 1785; x_wconf 88' lang='lat' dir='ltr'><strong>publicum,</strong></span> <span class='ocrx_word' id='word_1_86' title='bbox 1558 1704 1610 1765; x_wconf 91' lang='lat' dir='ltr'><strong>si</strong></span> <span class='ocrx_word' id='word_1_87' title='bbox 1638 1723 1774 1784; x_wconf 86' lang='lat' dir='ltr'><strong>spe·</strong></span> 
     </span>
     <span class='ocr_line' id='line_1_16' title="bbox 244 1798 1768 1878; baseline 0.001 -19"><span class='ocrx_word' id='word_1_88' title='bbox 244 1801 413 1860; x_wconf 86' lang='lat' dir='ltr'><strong>retur</strong></span> <span class='ocrx_word' id='word_1_89' title='bbox 441 1798 852 1878; x_wconf 88' lang='lat' dir='ltr'><strong>corrigendus</strong></span> <span class='ocrx_word' id='word_1_90' title='bbox 881 1817 994 1878; x_wconf 89' lang='lat' dir='ltr'><strong>per</strong></span> <span class='ocrx_word' id='word_1_91' title='bbox 1012 1798 1420 1860; x_wconf 88' lang='lat' dir='ltr'><strong>monitionem</strong></span> <span class='ocrx_word' id='word_1_92' title='bbox 1440 1803 1768 1861; x_wconf 77' lang='lat' dir='ltr'><strong>secretam.</strong></span> 
     </span>
     <span class='ocr_line' id='line_1_17' title="bbox 244 1891 1773 1971; baseline 0 -19"><span class='ocrx_word' id='word_1_93' title='bbox 244 1891 680 1970; x_wconf 84' lang='lat' dir='ltr'><strong>Respondetur</strong></span> <span class='ocrx_word' id='word_1_94' title='bbox 707 1909 880 1971; x_wconf 88' lang='lat' dir='ltr'><strong>ergo,</strong></span> <span class='ocrx_word' id='word_1_95' title='bbox 933 1891 1187 1970; x_wconf 91' lang='lat' dir='ltr'><strong>quando</strong></span> <span class='ocrx_word' id='word_1_96' title='bbox 1232 1891 1622 1952; x_wconf 86' lang='lat' dir='ltr'><strong>denuntiatio</strong></span> <span class='ocrx_word' id='word_1_97' title='bbox 1665 1892 1773 1952; x_wconf 87' lang='lat' dir='ltr'><strong>ad·</strong></span> 
     </span>
     <span class='ocr_line' id='line_1_18' title="bbox 244 1983 1768 2064; baseline -0.001 -19"><span class='ocrx_word' id='word_1_98' title='bbox 244 1984 562 2046; x_wconf 84' lang='lat' dir='ltr'><strong>biberetur</strong></span> <span class='ocrx_word' id='word_1_99' title='bbox 590 1984 795 2047; x_wconf 87' lang='lat' dir='ltr'><strong>solum</strong></span> <span class='ocrx_word' id='word_1_100' title='bbox 848 1983 930 2046; x_wconf 84' lang='lat' dir='ltr'><strong>ad</strong></span> <span class='ocrx_word' id='word_1_101' title='bbox 974 1984 1213 2048; x_wconf 88' lang='lat' dir='ltr'><strong>bonum</strong></span> <span class='ocrx_word' id='word_1_102' title='bbox 1255 1983 1450 2064; x_wconf 88' lang='lat' dir='ltr'><strong>ipsius</strong></span> <span class='ocrx_word' id='word_1_103' title='bbox 1479 1984 1768 2064; x_wconf 85' lang='lat' dir='ltr'><strong>proximi,</strong></span> 
     </span>
     <span class='ocr_line' id='line_1_19' title="bbox 242 2078 1773 2158; baseline -0.001 -19"><span class='ocrx_word' id='word_1_104' title='bbox 242 2080 390 2140; x_wconf 87' lang='lat' dir='ltr'><strong>tnnc</strong></span> <span class='ocrx_word' id='word_1_105' title='bbox 433 2079 486 2139; x_wconf 91' lang='lat' dir='ltr'><strong>si</strong></span> <span class='ocrx_word' id='word_1_106' title='bbox 514 2083 876 2158; x_wconf 79' lang='lat' dir='ltr'><strong>speraretur</strong></span> <span class='ocrx_word' id='word_1_107' title='bbox 920 2095 1098 2158; x_wconf 72' lang='lat' dir='ltr'><strong>aeque</strong></span> <span class='ocrx_word' id='word_1_108' title='bbox 1146 2079 1307 2141; x_wconf 90' lang='lat' dir='ltr'><strong>bene</strong></span> <span class='ocrx_word' id='word_1_109' title='bbox 1354 2078 1507 2139; x_wconf 88' lang='lat' dir='ltr'><strong>illud</strong></span> <span class='ocrx_word' id='word_1_110' title='bbox 1538 2078 1773 2139; x_wconf 88' lang='lat' dir='ltr'><strong>bonum</strong></span> 
     </span>
     <span class='ocr_line' id='line_1_20' title="bbox 243 2171 1773 2251; baseline -0.001 -19"><span class='ocrx_word' id='word_1_111' title='bbox 243 2190 354 2251; x_wconf 90' lang='lat' dir='ltr'><strong>per</strong></span> <span class='ocrx_word' id='word_1_112' title='bbox 393 2177 703 2234; x_wconf 82' lang='lat' dir='ltr'><strong>secretam</strong></span> <span class='ocrx_word' id='word_1_113' title='bbox 758 2171 1188 2248; x_wconf 90' lang='lat' dir='ltr'><strong>monitionem,</strong></span> <span class='ocrx_word' id='word_1_114' title='bbox 1239 2171 1470 2233; x_wconf 89' lang='lat' dir='ltr'><strong>debere</strong></span> <span class='ocrx_word' id='word_1_115' title='bbox 1517 2172 1773 2251; x_wconf 82' lang='lat' dir='ltr'><strong>quidem</strong></span> 
     </span>
     <span class='ocr_line' id='line_1_21' title="bbox 242 2265 1775 2345; baseline -0.001 -19"><span class='ocrx_word' id='word_1_116' title='bbox 242 2265 558 2345; x_wconf 64' lang='lat' dir='ltr'><strong>praemitti.</strong></span> <span class='ocrx_word' id='word_1_117' title='bbox 596 2267 904 2327; x_wconf 86' lang='lat' dir='ltr'><strong>Coeterum</strong></span> <span class='ocrx_word' id='word_1_118' title='bbox 932 2265 997 2324; x_wconf 91' lang='lat' dir='ltr'><strong>in</strong></span> <span class='ocrx_word' id='word_1_119' title='bbox 1028 2268 1240 2326; x_wconf 88' lang='lat' dir='ltr'><strong>nostro</strong></span> <span class='ocrx_word' id='word_1_120' title='bbox 1270 2283 1419 2327; x_wconf 89' lang='lat' dir='ltr'><strong>casu</strong></span> <span class='ocrx_word' id='word_1_121' title='bbox 1450 2265 1775 2325; x_wconf 87' lang='lat' dir='ltr'><strong>denuntia-</strong></span> 
     </span>
     <span class='ocr_line' id='line_1_22' title="bbox 241 2355 1772 2437; baseline -0.001 -18"><span class='ocrx_word' id='word_1_122' title='bbox 241 2356 326 2419; x_wconf 83' lang='lat' dir='ltr'><strong>tio</strong></span> <span class='ocrx_word' id='word_1_123' title='bbox 360 2376 486 2419; x_wconf 92' lang='lat' dir='ltr'><strong>non</strong></span> <span class='ocrx_word' id='word_1_124' title='bbox 514 2359 717 2421; x_wconf 87' lang='lat' dir='ltr'><strong>tendit</strong></span> <span class='ocrx_word' id='word_1_125' title='bbox 742 2358 826 2418; x_wconf 84' lang='lat' dir='ltr'><strong>ad</strong></span> <span class='ocrx_word' id='word_1_126' title='bbox 851 2358 1054 2419; x_wconf 87' lang='lat' dir='ltr'><strong>solum</strong></span> <span class='ocrx_word' id='word_1_127' title='bbox 1083 2358 1319 2418; x_wconf 89' lang='lat' dir='ltr'><strong>bonum</strong></span> <span class='ocrx_word' id='word_1_128' title='bbox 1340 2357 1627 2437; x_wconf 87' lang='lat' dir='ltr'><strong>proximi,</strong></span> <span class='ocrx_word' id='word_1_129' title='bbox 1659 2355 1772 2418; x_wconf 89' lang='lat' dir='ltr'><strong>sed</strong></span> 
     </span>
     <span class='ocr_line' id='line_1_23' title="bbox 243 2451 1772 2532; baseline -0.002 -19"><span class='ocrx_word' id='word_1_130' title='bbox 243 2451 321 2513; x_wconf 77' lang='lat' dir='ltr'><strong>ad</strong></span> <span class='ocrx_word' id='word_1_131' title='bbox 349 2451 587 2513; x_wconf 87' lang='lat' dir='ltr'><strong>honum</strong></span> <span class='ocrx_word' id='word_1_132' title='bbox 613 2469 945 2514; x_wconf 90' lang='lat' dir='ltr'><strong>commune</strong></span> <span class='ocrx_word' id='word_1_133' title='bbox 964 2497 979 2528; x_wconf 92' lang='lat'><strong>,</strong></span> <span class='ocrx_word' id='word_1_134' title='bbox 1035 2452 1204 2532; x_wconf 92' lang='lat' dir='ltr'><strong>quod</strong></span> <span class='ocrx_word' id='word_1_135' title='bbox 1233 2453 1487 2532; x_wconf 88' lang='lat' dir='ltr'><strong>quidem</strong></span> <span class='ocrx_word' id='word_1_136' title='bbox 1518 2470 1772 2531; x_wconf 87' lang='lat' dir='ltr'><strong>possum</strong></span> 
     </span>
     <span class='ocr_line' id='line_1_24' title="bbox 241 2545 1772 2626; baseline 0 -20"><span class='ocrx_word' id='word_1_137' title='bbox 241 2545 536 2626; x_wconf 77' lang='lat' dir='ltr'><strong>praeferre</strong></span> <span class='ocrx_word' id='word_1_138' title='bbox 565 2545 654 2606; x_wconf 95' lang='lat' dir='ltr'><strong>illi</strong></span> <span class='ocrx_word' id='word_1_139' title='bbox 681 2545 851 2607; x_wconf 86' lang='lat' dir='ltr'><strong>bono</strong></span> <span class='ocrx_word' id='word_1_140' title='bbox 880 2546 1171 2625; x_wconf 86' lang='lat' dir='ltr'><strong>proximi,</strong></span> <span class='ocrx_word' id='word_1_141' title='bbox 1202 2547 1351 2609; x_wconf 92' lang='lat' dir='ltr'><strong>licet</strong></span> <span class='ocrx_word' id='word_1_142' title='bbox 1378 2565 1502 2608; x_wconf 91' lang='lat' dir='ltr'><strong>non</strong></span> <span class='ocrx_word' id='word_1_143' title='bbox 1525 2565 1772 2625; x_wconf 84' lang='lat' dir='ltr'><strong>semper</strong></span> 
     </span>
     <span class='ocr_line' id='line_1_25' title="bbox 242 2639 1768 2718; baseline 0 -18"><span class='ocrx_word' id='word_1_144' title='bbox 242 2643 477 2715; x_wconf 83' lang='lat' dir='ltr'><strong>teneas,</strong></span> <span class='ocrx_word' id='word_1_145' title='bbox 509 2643 580 2700; x_wconf 85' lang='lat' dir='ltr'><strong>ut</strong></span> <span class='ocrx_word' id='word_1_146' title='bbox 608 2639 757 2716; x_wconf 83' lang='lat' dir='ltr'><strong>dixi,</strong></span> <span class='ocrx_word' id='word_1_147' title='bbox 791 2639 941 2718; x_wconf 90' lang='lat' dir='ltr'><strong>quia</strong></span> <span class='ocrx_word' id='word_1_148' title='bbox 969 2640 1206 2701; x_wconf 87' lang='lat' dir='ltr'><strong>bonum</strong></span> <span class='ocrx_word' id='word_1_149' title='bbox 1253 2641 1406 2701; x_wconf 92' lang='lat' dir='ltr'><strong>illud</strong></span> <span class='ocrx_word' id='word_1_150' title='bbox 1436 2658 1768 2701; x_wconf 89' lang='lat' dir='ltr'><strong>commune</strong></span> 
     </span>
     <span class='ocr_line' id='line_1_26' title="bbox 241 2731 1770 2812; baseline 0.001 -20"><span class='ocrx_word' id='word_1_151' title='bbox 241 2750 364 2794; x_wconf 92' lang='lat' dir='ltr'><strong>non</strong></span> <span class='ocrx_word' id='word_1_152' title='bbox 393 2751 645 2811; x_wconf 81' lang='lat' dir='ltr'><strong>semper</strong></span> <span class='ocrx_word' id='word_1_153' title='bbox 680 2737 775 2794; x_wconf 84' lang='lat' dir='ltr'><strong>est</strong></span> <span class='ocrx_word' id='word_1_154' title='bbox 801 2731 960 2793; x_wconf 87' lang='lat' dir='ltr'><strong>adeo</strong></span> <span class='ocrx_word' id='word_1_155' title='bbox 993 2734 1412 2795; x_wconf 89' lang='lat' dir='ltr'><strong>necessarium</strong></span> <span class='ocrx_word' id='word_1_156' title='bbox 1433 2781 1454 2812; x_wconf 90' lang='lat'><strong>,</strong></span> <span class='ocrx_word' id='word_1_157' title='bbox 1504 2738 1573 2795; x_wconf 97' lang='grc' dir='ltr'><strong>ιιι</strong></span> <span class='ocrx_word' id='word_1_158' title='bbox 1619 2734 1770 2795; x_wconf 87' lang='lat' dir='ltr'><strong>obli-</strong></span> 
     </span>
     <span class='ocr_line' id='line_1_27' title="bbox 240 2826 1769 2904; baseline 0.001 -17"><span class='ocrx_word' id='word_1_159' title='bbox 240 2828 345 2904; x_wconf 80' lang='lat' dir='ltr'><strong>get</strong></span> <span class='ocrx_word' id='word_1_160' title='bbox 374 2843 591 2887; x_wconf 85' lang='lat' dir='ltr'><strong>omnes</strong></span> <span class='ocrx_word' id='word_1_161' title='bbox 649 2826 726 2886; x_wconf 89' lang='lat' dir='ltr'><strong>ad</strong></span> <span class='ocrx_word' id='word_1_162' title='bbox 759 2826 1277 2904; x_wconf 89' lang='lat' dir='ltr'><strong>denuntiandum,</strong></span> <span class='ocrx_word' id='word_1_163' title='bbox 1335 2827 1436 2888; x_wconf 75' lang='lat' dir='ltr'><strong>vel</strong></span> <span class='ocrx_word' id='word_1_164' title='bbox 1465 2845 1769 2888; x_wconf 79' lang='lat' dir='ltr'><strong>accusan-</strong></span> 
     </span>
     <span class='ocr_line' id='line_1_28' title="bbox 240 2919 413 2982; baseline 0.012 -2"><span class='ocrx_word' id='word_1_165' title='bbox 240 2919 413 2982; x_wconf 89' lang='lat' dir='ltr'><strong>dum.</strong></span> 
     </span>
    </p>

    <p class='ocr_par' dir='ltr' id='par_1_4' title="bbox 229 3013 1788 5614">
     <span class='ocr_line' id='line_1_29' title="bbox 314 3013 1771 3092; baseline 0.001 -17"><span class='ocrx_word' id='word_1_166' title='bbox 314 3013 634 3092; x_wconf 85' lang='lat' dir='ltr'><strong>Objiciunt</strong></span> <span class='ocrx_word' id='word_1_167' title='bbox 661 3013 815 3075; x_wconf 92' lang='lat' dir='ltr'><strong>illud</strong></span> <span class='ocrx_word' id='word_1_168' title='bbox 841 3014 1063 3077; x_wconf 87' lang='lat' dir='ltr'><strong>Matth.</strong></span> <span class='ocrx_word' id='word_1_169' title='bbox 1095 3029 1275 3078; x_wconf 81' lang='lat' dir='ltr'><strong>xvm.</strong></span> <span class='ocrx_word' id='word_1_170' title='bbox 1333 3013 1440 3076; x_wconf 87' lang='lat' dir='ltr'><strong>ubi</strong></span> <span class='ocrx_word' id='word_1_171' title='bbox 1489 3014 1771 3077; x_wconf 88' lang='lat' dir='ltr'><strong>Christus</strong></span> 
     </span>
     <span class='ocr_line' id='line_1_30' title="bbox 237 3108 1768 3190; baseline 0.003 -24"><span class='ocrx_word' id='word_1_172' title='bbox 237 3108 521 3187; x_wconf 60' lang='lat' dir='ltr'><strong>praecipit</strong></span> <span class='ocrx_word' id='word_1_173' title='bbox 551 3108 866 3188; x_wconf 90' lang='lat' dir='ltr'><strong>corripere</strong></span> <span class='ocrx_word' id='word_1_174' title='bbox 903 3109 1164 3170; x_wconf 90' lang='lat' dir='ltr'><strong>fratrem</strong></span> <span class='ocrx_word' id='word_1_175' title='bbox 1206 3109 1572 3190; x_wconf 76' lang='lat' dir='ltr'><strong>priusquam</strong></span> <span class='ocrx_word' id='word_1_176' title='bbox 1604 3110 1768 3171; x_wconf 84' lang='lat' dir='ltr'><strong>defe—</strong></span> 
     </span>
     <span class='ocr_line' id='line_1_31' title="bbox 236 3202 1772 3284; baseline 0.002 -21"><span class='ocrx_word' id='word_1_177' title='bbox 236 3205 413 3264; x_wconf 75' lang='lat' dir='ltr'><strong>ratur</strong></span> <span class='ocrx_word' id='word_1_178' title='bbox 439 3202 519 3263; x_wconf 88' lang='lat' dir='ltr'><strong>ad</strong></span> <span class='ocrx_word' id='word_1_179' title='bbox 547 3203 914 3265; x_wconf 83' lang='lat' dir='ltr'><strong>Ecclesiam.</strong></span> <span class='ocrx_word' id='word_1_180' title='bbox 975 3204 1346 3284; x_wconf 84' lang='lat' dir='ltr'><strong>Respondeo</strong></span> <span class='ocrx_word' id='word_1_181' title='bbox 1371 3251 1386 3282; x_wconf 96' lang='lat'><strong>,</strong></span> <span class='ocrx_word' id='word_1_182' title='bbox 1446 3204 1508 3264; x_wconf 89' lang='lat' dir='ltr'><strong>in</strong></span> <span class='ocrx_word' id='word_1_183' title='bbox 1555 3204 1772 3284; x_wconf 89' lang='lat' dir='ltr'><strong>primis</strong></span> 
     </span>
     <span class='ocr_line' id='line_1_32' title="bbox 237 3294 1775 3376; baseline 0.002 -21"><span class='ocrx_word' id='word_1_184' title='bbox 237 3294 411 3356; x_wconf 89' lang='lat' dir='ltr'><strong>illum</strong></span> <span class='ocrx_word' id='word_1_185' title='bbox 440 3296 647 3357; x_wconf 89' lang='lat' dir='ltr'><strong>locum</strong></span> <span class='ocrx_word' id='word_1_186' title='bbox 679 3315 712 3356; x_wconf 88' lang='lat' dir='ltr'><strong>a</strong></span> <span class='ocrx_word' id='word_1_187' title='bbox 744 3296 956 3358; x_wconf 90' lang='lat' dir='ltr'><strong>multis</strong></span> <span class='ocrx_word' id='word_1_188' title='bbox 982 3297 1242 3376; x_wconf 83' lang='lat' dir='ltr'><strong>intelligi</strong></span> <span class='ocrx_word' id='word_1_189' title='bbox 1275 3298 1478 3358; x_wconf 88' lang='lat' dir='ltr'><strong>solum</strong></span> <span class='ocrx_word' id='word_1_190' title='bbox 1508 3297 1586 3358; x_wconf 88' lang='lat' dir='ltr'><strong>de</strong></span> <span class='ocrx_word' id='word_1_191' title='bbox 1619 3297 1775 3358; x_wconf 90' lang='lat' dir='ltr'><strong>dcli-</strong></span> 
     </span>
     <span class='ocr_line' id='line_1_33' title="bbox 236 3388 1776 3470; baseline -0.001 -20"><span class='ocrx_word' id='word_1_192' title='bbox 236 3388 349 3451; x_wconf 86' lang='lat' dir='ltr'><strong>ctis</strong></span> <span class='ocrx_word' id='word_1_193' title='bbox 377 3394 599 3450; x_wconf 86' lang='lat' dir='ltr'><strong>contra</strong></span> <span class='ocrx_word' id='word_1_194' title='bbox 625 3391 833 3468; x_wconf 88' lang='lat' dir='ltr'><strong>ipsum</strong></span> <span class='ocrx_word' id='word_1_195' title='bbox 879 3390 1352 3453; x_wconf 85' lang='lat' dir='ltr'><strong>denuntiantem</strong></span> <span class='ocrx_word' id='word_1_196' title='bbox 1377 3437 1392 3466; x_wconf 93' lang='lat'><strong>,</strong></span> <span class='ocrx_word' id='word_1_197' title='bbox 1439 3394 1508 3451; x_wconf 90' lang='lat' dir='ltr'><strong>ut</strong></span> <span class='ocrx_word' id='word_1_198' title='bbox 1535 3389 1776 3470; x_wconf 86' lang='lat' dir='ltr'><strong>colligi-</strong></span> 
     </span>
     <span class='ocr_line' id='line_1_34' title="bbox 235 3482 1777 3565; baseline -0.001 -20"><span class='ocrx_word' id='word_1_199' title='bbox 235 3487 338 3545; x_wconf 80' lang='lat' dir='ltr'><strong>tur</strong></span> <span class='ocrx_word' id='word_1_200' title='bbox 364 3502 442 3543; x_wconf 84' lang='lat' dir='ltr'><strong>ex</strong></span> <span class='ocrx_word' id='word_1_201' title='bbox 457 3484 666 3544; x_wconf 84' lang='lat' dir='ltr'><strong>verbis</strong></span> <span class='ocrx_word' id='word_1_202' title='bbox 681 3483 940 3545; x_wconf 87' lang='lat' dir='ltr'><strong>Christi:</strong></span> <span class='ocrx_word' id='word_1_203' title='bbox 977 3482 1395 3565; x_wconf 79' lang='lat' dir='ltr'><strong>Sipeccaverit</strong></span> <span class='ocrx_word' id='word_1_204' title='bbox 1425 3483 1560 3543; x_wconf 79' lang='lat' dir='ltr'><strong>inte</strong></span> <span class='ocrx_word' id='word_1_205' title='bbox 1583 3483 1777 3564; x_wconf 81' lang='lat' dir='ltr'><strong>frater</strong></span> 
     </span>
     <span class='ocr_line' id='line_1_35' title="bbox 237 3576 1775 3657; baseline 0 -20"><span class='ocrx_word' id='word_1_206' title='bbox 237 3585 391 3653; x_wconf 78' lang='lat' dir='ltr'><strong>tuus,</strong></span> <span class='ocrx_word' id='word_1_207' title='bbox 429 3595 616 3656; x_wconf 87' lang='lat' dir='ltr'><strong>quarn</strong></span> <span class='ocrx_word' id='word_1_208' title='bbox 646 3576 1262 3657; x_wconf 87' lang='lat' dir='ltr'><strong>explicationemlate</strong></span> <span class='ocrx_word' id='word_1_209' title='bbox 1285 3576 1510 3656; x_wconf 86' lang='lat' dir='ltr'><strong>probat</strong></span> <span class='ocrx_word' id='word_1_210' title='bbox 1541 3578 1775 3638; x_wconf 87' lang='lat' dir='ltr'><strong>Suarez</strong></span> 
     </span>
     <span class='ocr_line' id='line_1_36' title="bbox 236 3669 1770 3750; baseline 0.002 -21"><span class='ocrx_word' id='word_1_211' title='bbox 236 3688 312 3730; x_wconf 88' lang='lat' dir='ltr'><strong>ex</strong></span> <span class='ocrx_word' id='word_1_212' title='bbox 338 3669 554 3731; x_wconf 87' lang='lat' dir='ltr'><strong>multis</strong></span> <span class='ocrx_word' id='word_1_213' title='bbox 583 3670 875 3732; x_wconf 84' lang='lat' dir='ltr'><strong>Patribus</strong></span> <span class='ocrx_word' id='word_1_214' title='bbox 918 3670 1026 3730; x_wconf 86' lang='lat' dir='ltr'><strong>ubi</strong></span> <span class='ocrx_word' id='word_1_215' title='bbox 1055 3689 1244 3750; x_wconf 89' lang='lat' dir='ltr'><strong>supra</strong></span> <span class='ocrx_word' id='word_1_216' title='bbox 1275 3688 1413 3749; x_wconf 87' lang='lat' dir='ltr'><strong>cap.</strong></span> <span class='ocrx_word' id='word_1_217' title='bbox 1451 3686 1562 3731; x_wconf 81' lang='lat' dir='ltr'><strong>vu.</strong></span> <span class='ocrx_word' id='word_1_218' title='bbox 1599 3689 1634 3730; x_wconf 88' lang='lat' dir='ltr'><strong>a</strong></span> <span class='ocrx_word' id='word_1_219' title='bbox 1665 3690 1770 3732; x_wconf 94' lang='lat' dir='ltr'><strong>nu.</strong></span> 
     </span>
     <span class='ocr_line' id='line_1_37' title="bbox 234 3763 1779 3841; baseline 0.001 -18"><span class='ocrx_word' id='word_1_220' title='bbox 234 3767 293 3824; x_wconf 88' lang='grc'><strong>’1.</strong></span> <span class='ocrx_word' id='word_1_221' title='bbox 327 3768 395 3825; x_wconf 91' lang='lat' dir='ltr'><strong>et</strong></span> <span class='ocrx_word' id='word_1_222' title='bbox 423 3763 813 3841; x_wconf 85' lang='lat' dir='ltr'><strong>probabilem</strong></span> <span class='ocrx_word' id='word_1_223' title='bbox 863 3782 998 3824; x_wconf 84' lang='lat' dir='ltr'><strong>esse</strong></span> <span class='ocrx_word' id='word_1_224' title='bbox 1030 3765 1261 3825; x_wconf 84' lang='lat' dir='ltr'><strong>fatetur</strong></span> <span class='ocrx_word' id='word_1_225' title='bbox 1288 3782 1460 3825; x_wconf 89' lang='lat' dir='ltr'><strong>num.</strong></span> <span class='ocrx_word' id='word_1_226' title='bbox 1497 3766 1594 3825; x_wconf 74' lang='lat'><strong>13.</strong></span> <span class='ocrx_word' id='word_1_227' title='bbox 1657 3763 1779 3825; x_wconf 85' lang='lat' dir='ltr'><strong>Alii</strong></span> 
     </span>
     <span class='ocr_line' id='line_1_38' title="bbox 234 3855 1778 3937; baseline 0 -20"><span class='ocrx_word' id='word_1_228' title='bbox 234 3858 457 3917; x_wconf 86' lang='lat' dir='ltr'><strong>volunt</strong></span> <span class='ocrx_word' id='word_1_229' title='bbox 475 3855 561 3916; x_wconf 84' lang='lat' dir='ltr'><strong>ibi</strong></span> <span class='ocrx_word' id='word_1_230' title='bbox 588 3874 713 3916; x_wconf 91' lang='lat' dir='ltr'><strong>non</strong></span> <span class='ocrx_word' id='word_1_231' title='bbox 744 3876 878 3917; x_wconf 76' lang='lat' dir='ltr'><strong>csse</strong></span> <span class='ocrx_word' id='word_1_232' title='bbox 894 3873 1139 3937; x_wconf 71' lang='lat' dir='ltr'><strong>praecep</strong></span> <span class='ocrx_word' id='word_1_233' title='bbox 1149 3862 1301 3935; x_wconf 89' lang='lat' dir='ltr'><strong>tum,</strong></span> <span class='ocrx_word' id='word_1_234' title='bbox 1319 3857 1430 3918; x_wconf 86' lang='lat' dir='ltr'><strong>sed</strong></span> <span class='ocrx_word' id='word_1_235' title='bbox 1448 3857 1778 3918; x_wconf 89' lang='lat' dir='ltr'><strong>consilium</strong></span> 
     </span>
     <span class='ocr_line' id='line_1_39' title="bbox 234 3948 1780 4025; baseline 0.003 -16"><span class='ocrx_word' id='word_1_236' title='bbox 234 3949 402 4010; x_wconf 82' lang='lat' dir='ltr'><strong>illius</strong></span> <span class='ocrx_word' id='word_1_237' title='bbox 431 3948 667 4009; x_wconf 84' lang='lat' dir='ltr'><strong>ordinis</strong></span> <span class='ocrx_word' id='word_1_238' title='bbox 696 3950 1011 4025; x_wconf 80' lang='lat' dir='ltr'><strong>servandi,</strong></span> <span class='ocrx_word' id='word_1_239' title='bbox 1046 3954 1115 4013; x_wconf 92' lang='lat' dir='ltr'><strong>ut</strong></span> <span class='ocrx_word' id='word_1_240' title='bbox 1142 3969 1218 4010; x_wconf 84' lang='lat' dir='ltr'><strong>ex</strong></span> <span class='ocrx_word' id='word_1_241' title='bbox 1247 3951 1689 4013; x_wconf 85' lang='lat' dir='ltr'><strong>Bonaventura</strong></span> <span class='ocrx_word' id='word_1_242' title='bbox 1718 3953 1780 4013; x_wconf 88' lang='lat' dir='ltr'><strong>et</strong></span> 
     </span>
     <span class='ocr_line' id='line_1_40' title="bbox 234 4041 1772 4122; baseline 0.001 -19"><span class='ocrx_word' id='word_1_243' title='bbox 234 4041 369 4103; x_wconf 89' lang='lat' dir='ltr'><strong>aliis</strong></span> <span class='ocrx_word' id='word_1_244' title='bbox 435 4042 659 4122; x_wconf 87' lang='lat' dir='ltr'><strong>probat</strong></span> <span class='ocrx_word' id='word_1_245' title='bbox 731 4042 899 4103; x_wconf 90' lang='lat' dir='ltr'><strong>idem</strong></span> <span class='ocrx_word' id='word_1_246' title='bbox 967 4045 1200 4105; x_wconf 87' lang='lat' dir='ltr'><strong>Suarez</strong></span> <span class='ocrx_word' id='word_1_247' title='bbox 1254 4042 1341 4104; x_wconf 91' lang='lat' dir='ltr'><strong>ibi</strong></span> <span class='ocrx_word' id='word_1_248' title='bbox 1396 4063 1656 4107; x_wconf 89' lang='lat' dir='ltr'><strong>numero</strong></span> <span class='ocrx_word' id='word_1_249' title='bbox 1712 4048 1772 4107; x_wconf 85' lang='lat'><strong>9.</strong></span> 
     </span>
     <span class='ocr_line' id='line_1_41' title="bbox 232 4135 1779 4216; baseline 0.001 -20"><span class='ocrx_word' id='word_1_250' title='bbox 232 4135 343 4197; x_wconf 90' lang='lat' dir='ltr'><strong>sed</strong></span> <span class='ocrx_word' id='word_1_251' title='bbox 375 4135 685 4215; x_wconf 88' lang='lat' dir='ltr'><strong>quidquid</strong></span> <span class='ocrx_word' id='word_1_252' title='bbox 715 4135 793 4195; x_wconf 91' lang='lat' dir='ltr'><strong>de</strong></span> <span class='ocrx_word' id='word_1_253' title='bbox 822 4135 918 4197; x_wconf 91' lang='lat' dir='ltr'><strong>his</strong></span> <span class='ocrx_word' id='word_1_254' title='bbox 946 4136 1064 4213; x_wconf 91' lang='lat' dir='ltr'><strong>sit,</strong></span> <span class='ocrx_word' id='word_1_255' title='bbox 1097 4154 1212 4216; x_wconf 90' lang='lat' dir='ltr'><strong>pro</strong></span> <span class='ocrx_word' id='word_1_256' title='bbox 1243 4154 1408 4197; x_wconf 91' lang='lat' dir='ltr'><strong>nunc</strong></span> <span class='ocrx_word' id='word_1_257' title='bbox 1439 4138 1779 4216; x_wconf 89' lang='lat' dir='ltr'><strong>responde-</strong></span> 
     </span>
     <span class='ocr_line' id='line_1_42' title="bbox 232 4228 1774 4309; baseline 0.001 -19"><span class='ocrx_word' id='word_1_258' title='bbox 232 4232 375 4306; x_wconf 89' lang='lat' dir='ltr'><strong>tur,</strong></span> <span class='ocrx_word' id='word_1_259' title='bbox 443 4245 799 4289; x_wconf 87' lang='lat' dir='ltr'><strong>sermonem</strong></span> <span class='ocrx_word' id='word_1_260' title='bbox 839 4228 923 4290; x_wconf 89' lang='lat' dir='ltr'><strong>ibi</strong></span> <span class='ocrx_word' id='word_1_261' title='bbox 971 4248 1106 4290; x_wconf 89' lang='lat' dir='ltr'><strong>esse</strong></span> <span class='ocrx_word' id='word_1_262' title='bbox 1156 4229 1233 4289; x_wconf 89' lang='lat' dir='ltr'><strong>de</strong></span> <span class='ocrx_word' id='word_1_263' title='bbox 1281 4230 1774 4309; x_wconf 82' lang='lat' dir='ltr'><strong>denuntiatione,</strong></span> 
     </span>
     <span class='ocr_line' id='line_1_43' title="bbox 234 4320 1780 4404; baseline 0 -21"><span class='ocrx_word' id='word_1_264' title='bbox 234 4339 376 4402; x_wconf 79' lang='lat' dir='ltr'><strong>quae</strong></span> <span class='ocrx_word' id='word_1_265' title='bbox 407 4320 482 4383; x_wconf 86' lang='lat' dir='ltr'><strong>fit</strong></span> <span class='ocrx_word' id='word_1_266' title='bbox 506 4322 711 4382; x_wconf 90' lang='lat' dir='ltr'><strong>solum</strong></span> <span class='ocrx_word' id='word_1_267' title='bbox 738 4321 820 4382; x_wconf 92' lang='lat' dir='ltr'><strong>ad</strong></span> <span class='ocrx_word' id='word_1_268' title='bbox 854 4321 1227 4383; x_wconf 86' lang='lat' dir='ltr'><strong>lucrandum</strong></span> <span class='ocrx_word' id='word_1_269' title='bbox 1256 4323 1536 4400; x_wconf 88' lang='lat' dir='ltr'><strong>fratrem,</strong></span> <span class='ocrx_word' id='word_1_270' title='bbox 1570 4323 1633 4383; x_wconf 92' lang='lat' dir='ltr'><strong>in</strong></span> <span class='ocrx_word' id='word_1_271' title='bbox 1655 4342 1780 4404; x_wconf 88' lang='lat' dir='ltr'><strong>qua</strong></span> 
     </span>
     <span class='ocr_line' id='line_1_44' title="bbox 233 4414 1780 4492; baseline 0.001 -17"><span class='ocrx_word' id='word_1_272' title='bbox 233 4418 301 4477; x_wconf 86' lang='lat' dir='ltr'><strong>ut</strong></span> <span class='ocrx_word' id='word_1_273' title='bbox 328 4414 641 4492; x_wconf 77' lang='lat' dir='ltr'><strong>diximuS,</strong></span> <span class='ocrx_word' id='word_1_274' title='bbox 698 4415 1041 4477; x_wconf 86' lang='lat' dir='ltr'><strong>attenditur</strong></span> <span class='ocrx_word' id='word_1_275' title='bbox 1088 4415 1290 4476; x_wconf 90' lang='lat' dir='ltr'><strong>solum</strong></span> <span class='ocrx_word' id='word_1_276' title='bbox 1339 4416 1417 4476; x_wconf 89' lang='lat' dir='ltr'><strong>ad</strong></span> <span class='ocrx_word' id='word_1_277' title='bbox 1446 4417 1683 4478; x_wconf 89' lang='lat' dir='ltr'><strong>bonum</strong></span> <span class='ocrx_word' id='word_1_278' title='bbox 1711 4418 1780 4478; x_wconf 92' lang='lat' dir='ltr'><strong>il-</strong></span> 
     </span>
     <span class='ocr_line' id='line_1_45' title="bbox 230 4507 1780 4589; baseline 0.003 -22"><span class='ocrx_word' id='word_1_279' title='bbox 230 4507 384 4583; x_wconf 80' lang='lat' dir='ltr'><strong>lius3</strong></span> <span class='ocrx_word' id='word_1_280' title='bbox 442 4525 567 4568; x_wconf 91' lang='lat' dir='ltr'><strong>non</strong></span> <span class='ocrx_word' id='word_1_281' title='bbox 611 4512 822 4569; x_wconf 87' lang='lat' dir='ltr'><strong>tamen</strong></span> <span class='ocrx_word' id='word_1_282' title='bbox 871 4508 949 4568; x_wconf 89' lang='lat' dir='ltr'><strong>de</strong></span> <span class='ocrx_word' id='word_1_283' title='bbox 979 4507 1085 4569; x_wconf 91' lang='lat' dir='ltr'><strong>illa</strong></span> <span class='ocrx_word' id='word_1_284' title='bbox 1117 4526 1255 4588; x_wconf 65' lang='lat' dir='ltr'><strong>quae</strong></span> <span class='ocrx_word' id='word_1_285' title='bbox 1284 4510 1353 4570; x_wconf 83' lang='lat' dir='ltr'><strong>fit</strong></span> <span class='ocrx_word' id='word_1_286' title='bbox 1381 4514 1638 4589; x_wconf 88' lang='lat' dir='ltr'><strong>propter</strong></span> <span class='ocrx_word' id='word_1_287' title='bbox 1667 4511 1780 4572; x_wconf 83' lang='lat' dir='ltr'><strong>bo-</strong></span> 
     </span>
     <span class='ocr_line' id='line_1_46' title="bbox 234 4602 1772 4682; baseline 0.003 -21"><span class='ocrx_word' id='word_1_288' title='bbox 234 4619 387 4662; x_wconf 90' lang='lat' dir='ltr'><strong>num</strong></span> <span class='ocrx_word' id='word_1_289' title='bbox 418 4602 748 4681; x_wconf 65' lang='lat' dir='ltr'><strong>super-im,</strong></span> <span class='ocrx_word' id='word_1_290' title='bbox 813 4603 996 4682; x_wconf 88' lang='lat' dir='ltr'><strong>quale</strong></span> <span class='ocrx_word' id='word_1_291' title='bbox 1028 4608 1121 4662; x_wconf 90' lang='lat' dir='ltr'><strong>est</strong></span> <span class='ocrx_word' id='word_1_292' title='bbox 1149 4603 1385 4663; x_wconf 87' lang='lat' dir='ltr'><strong>bonum</strong></span> <span class='ocrx_word' id='word_1_293' title='bbox 1416 4622 1772 4666; x_wconf 90' lang='lat' dir='ltr'><strong>commune.</strong></span> 
     </span>
     <span class='ocr_line' id='line_1_47' title="bbox 233 4693 1780 4775; baseline 0 -18"><span class='ocrx_word' id='word_1_294' title='bbox 233 4694 418 4757; x_wconf 91' lang='lat' dir='ltr'><strong>Unde</strong></span> <span class='ocrx_word' id='word_1_295' title='bbox 449 4693 655 4755; x_wconf 87' lang='lat' dir='ltr'><strong>obiter</strong></span> <span class='ocrx_word' id='word_1_296' title='bbox 679 4694 974 4772; x_wconf 83' lang='lat' dir='ltr'><strong>adverte,</strong></span> <span class='ocrx_word' id='word_1_297' title='bbox 1036 4695 1094 4755; x_wconf 93' lang='lat' dir='ltr'><strong>in</strong></span> <span class='ocrx_word' id='word_1_298' title='bbox 1135 4695 1278 4775; x_wconf 81' lang='lat' dir='ltr'><strong>jure</strong></span> <span class='ocrx_word' id='word_1_299' title='bbox 1323 4697 1623 4757; x_wconf 88' lang='lat' dir='ltr'><strong>canonico</strong></span> <span class='ocrx_word' id='word_1_300' title='bbox 1657 4716 1780 4759; x_wconf 93' lang='lat' dir='ltr'><strong>non</strong></span> 
     </span>
     <span class='ocr_line' id='line_1_48' title="bbox 233 4787 1779 4869; baseline 0.003 -21"><span class='ocrx_word' id='word_1_301' title='bbox 233 4787 486 4850; x_wconf 84' lang='lat' dir='ltr'><strong>admitti</strong></span> <span class='ocrx_word' id='word_1_302' title='bbox 545 4787 1086 4849; x_wconf 82' lang='lat' dir='ltr'><strong>denuntiationem</strong></span> <span class='ocrx_word' id='word_1_303' title='bbox 1121 4835 1135 4865; x_wconf 90' lang='lat'><strong>,</strong></span> <span class='ocrx_word' id='word_1_304' title='bbox 1209 4788 1323 4849; x_wconf 89' lang='lat' dir='ltr'><strong>nisi</strong></span> <span class='ocrx_word' id='word_1_305' title='bbox 1380 4792 1779 4869; x_wconf 63' lang='lat' dir='ltr'><strong>praec-edouto</strong></span> 
     </span>
     <span class='ocr_line' id='line_1_49' title="bbox 232 4880 1774 4963; baseline 0.003 -22"><span class='ocrx_word' id='word_1_306' title='bbox 232 4880 610 4958; x_wconf 87' lang='lat' dir='ltr'><strong>monitione,</strong></span> <span class='ocrx_word' id='word_1_307' title='bbox 648 4885 714 4942; x_wconf 94' lang='lat' dir='ltr'><strong>ut</strong></span> <span class='ocrx_word' id='word_1_308' title='bbox 743 4880 806 4940; x_wconf 93' lang='lat' dir='ltr'><strong>in</strong></span> <span class='ocrx_word' id='word_1_309' title='bbox 836 4899 975 4960; x_wconf 88' lang='lat' dir='ltr'><strong>cap.</strong></span> <span class='ocrx_word' id='word_1_310' title='bbox 1007 4880 1206 4955; x_wconf 79' lang='lat' dir='ltr'><strong>Novit,</strong></span> <span class='ocrx_word' id='word_1_311' title='bbox 1242 4880 1311 4942; x_wconf 81' lang='lat' dir='ltr'><strong>de</strong></span> <span class='ocrx_word' id='word_1_312' title='bbox 1342 4882 1602 4962; x_wconf 69' lang='lat' dir='ltr'><strong>judiciis,</strong></span> <span class='ocrx_word' id='word_1_313' title='bbox 1636 4903 1774 4963; x_wconf 86' lang='lat' dir='ltr'><strong>cap.</strong></span> 
     </span>
     <span class='ocr_line' id='line_1_50' title="bbox 236 4973 1776 5055; baseline 0 -19"><span class='ocrx_word' id='word_1_314' title='bbox 236 4974 512 5051; x_wconf 74' lang='lat' dir='ltr'><strong>Qualiter·</strong></span> <span class='ocrx_word' id='word_1_315' title='bbox 552 4982 608 5035; x_wconf 80' lang='lat' dir='ltr'><strong>et</strong></span> <span class='ocrx_word' id='word_1_316' title='bbox 635 4974 872 5055; x_wconf 77' lang='lat' dir='ltr'><strong>quando</strong></span> <span class='ocrx_word' id='word_1_317' title='bbox 897 5020 912 5051; x_wconf 91' lang='lat'><strong>,</strong></span> <span class='ocrx_word' id='word_1_318' title='bbox 971 4991 1139 5035; x_wconf 72' lang='lat' dir='ltr'><strong>xxiv.</strong></span> <span class='ocrx_word' id='word_1_319' title='bbox 1188 4973 1257 5035; x_wconf 83' lang='lat' dir='ltr'><strong>de</strong></span> <span class='ocrx_word' id='word_1_320' title='bbox 1296 4977 1776 5055; x_wconf 59' lang='lat' dir='ltr'><strong>commatice-ibus,</strong></span> 
     </span>
     <span class='ocr_line' id='line_1_51' title="bbox 232 5066 1783 5148; baseline 0.002 -21"><span class='ocrx_word' id='word_1_321' title='bbox 232 5068 385 5148; x_wconf 84' lang='lat' dir='ltr'><strong>quia</strong></span> <span class='ocrx_word' id='word_1_322' title='bbox 417 5067 719 5128; x_wconf 89' lang='lat' dir='ltr'><strong>nimirum</strong></span> <span class='ocrx_word' id='word_1_323' title='bbox 750 5066 1000 5147; x_wconf 86' lang='lat' dir='ltr'><strong>quando</strong></span> <span class='ocrx_word' id='word_1_324' title='bbox 1033 5067 1436 5130; x_wconf 84' lang='lat' dir='ltr'><strong>denuntiator</strong></span> <span class='ocrx_word' id='word_1_325' title='bbox 1464 5089 1587 5129; x_wconf 89' lang='lat' dir='ltr'><strong>non</strong></span> <span class='ocrx_word' id='word_1_326' title='bbox 1616 5071 1783 5131; x_wconf 85' lang='lat' dir='ltr'><strong>vole-</strong></span> 
     </span>
     <span class='ocr_line' id='line_1_52' title="bbox 229 5160 1784 5241; baseline 0 -18"><span class='ocrx_word' id='word_1_327' title='bbox 229 5161 345 5223; x_wconf 83' lang='lat' dir='ltr'><strong>bat</strong></span> <span class='ocrx_word' id='word_1_328' title='bbox 373 5176 697 5223; x_wconf 85' lang='lat' dir='ltr'><strong>assumere</strong></span> <span class='ocrx_word' id='word_1_329' title='bbox 730 5178 886 5222; x_wconf 87' lang='lat' dir='ltr'><strong>onus</strong></span> <span class='ocrx_word' id='word_1_330' title='bbox 913 5160 1222 5241; x_wconf 80' lang='lat' dir='ltr'><strong>probandi</strong></span> <span class='ocrx_word' id='word_1_331' title='bbox 1254 5166 1314 5224; x_wconf 88' lang='lat' dir='ltr'><strong>et</strong></span> <span class='ocrx_word' id='word_1_332' title='bbox 1341 5181 1566 5222; x_wconf 74' lang='lat' dir='ltr'><strong>munus</strong></span> <span class='ocrx_word' id='word_1_333' title='bbox 1601 5182 1784 5224; x_wconf 83' lang='lat' dir='ltr'><strong>accu-</strong></span> 
     </span>
     <span class='ocr_line' id='line_1_53' title="bbox 229 5254 1776 5335; baseline 0.001 -20"><span class='ocrx_word' id='word_1_334' title='bbox 229 5255 465 5317; x_wconf 87' lang='lat' dir='ltr'><strong>satoris</strong></span> <span class='ocrx_word' id='word_1_335' title='bbox 515 5272 639 5315; x_wconf 90' lang='lat' dir='ltr'><strong>non</strong></span> <span class='ocrx_word' id='word_1_336' title='bbox 690 5254 1139 5316; x_wconf 86' lang='lat' dir='ltr'><strong>admittebatur</strong></span> <span class='ocrx_word' id='word_1_337' title='bbox 1185 5254 1318 5335; x_wconf 87' lang='lat' dir='ltr'><strong>ejus</strong></span> <span class='ocrx_word' id='word_1_338' title='bbox 1366 5256 1776 5332; x_wconf 82' lang='lat' dir='ltr'><strong>(lenuntiati0‚</strong></span> 
     </span>
     <span class='ocr_line' id='line_1_54' title="bbox 232 5348 1782 5427; baseline 0 -19"><span class='ocrx_word' id='word_1_339' title='bbox 232 5348 350 5408; x_wconf 88' lang='lat' dir='ltr'><strong>uisi</strong></span> <span class='ocrx_word' id='word_1_340' title='bbox 387 5349 452 5408; x_wconf 89' lang='lat' dir='ltr'><strong>in</strong></span> <span class='ocrx_word' id='word_1_341' title='bbox 487 5348 705 5407; x_wconf 88' lang='lat' dir='ltr'><strong>ordine</strong></span> <span class='ocrx_word' id='word_1_342' title='bbox 754 5348 834 5406; x_wconf 86' lang='lat' dir='ltr'><strong>ad</strong></span> <span class='ocrx_word' id='word_1_343' title='bbox 877 5348 1115 5408; x_wconf 86' lang='lat' dir='ltr'><strong>honum</strong></span> <span class='ocrx_word' id='word_1_344' title='bbox 1162 5349 1370 5409; x_wconf 83' lang='lat' dir='ltr'><strong>fratris</strong></span> <span class='ocrx_word' id='word_1_345' title='bbox 1407 5348 1585 5427; x_wconf 80' lang='lat' dir='ltr'><strong>juxta</strong></span> <span class='ocrx_word' id='word_1_346' title='bbox 1617 5350 1782 5408; x_wconf 80' lang='lat' dir='ltr'><strong>ordi-</strong></span> 
     </span>
     <span class='ocr_line' id='line_1_55' title="bbox 232 5440 1786 5521; baseline -0.001 -18"><span class='ocrx_word' id='word_1_347' title='bbox 232 5460 385 5503; x_wconf 88' lang='lat' dir='ltr'><strong>nem</strong></span> <span class='ocrx_word' id='word_1_348' title='bbox 418 5440 858 5521; x_wconf 85' lang='lat' dir='ltr'><strong>evangelicum</strong></span> <span class='ocrx_word' id='word_1_349' title='bbox 885 5487 900 5517; x_wconf 91' lang='lat'><strong>,</strong></span> <span class='ocrx_word' id='word_1_350' title='bbox 951 5445 1012 5501; x_wconf 88' lang='lat' dir='ltr'><strong>et</strong></span> <span class='ocrx_word' id='word_1_351' title='bbox 1056 5441 1119 5500; x_wconf 91' lang='lat' dir='ltr'><strong>in</strong></span> <span class='ocrx_word' id='word_1_352' title='bbox 1169 5442 1289 5502; x_wconf 90' lang='lat' dir='ltr'><strong>hoc</strong></span> <span class='ocrx_word' id='word_1_353' title='bbox 1318 5440 1507 5502; x_wconf 87' lang='lat' dir='ltr'><strong>debet</strong></span> <span class='ocrx_word' id='word_1_354' title='bbox 1534 5441 1786 5501; x_wconf 82' lang='lat' dir='ltr'><strong>fundari</strong></span> 
     </span>
     <span class='ocr_line' id='line_1_56' title="bbox 235 5533 1788 5614; baseline 0 -19"><span class='ocrx_word' id='word_1_355' title='bbox 235 5534 602 5595; x_wconf 73' lang='lat' dir='ltr'><strong>differentia</strong></span> <span class='ocrx_word' id='word_1_356' title='bbox 634 5551 823 5612; x_wconf 85' lang='lat' dir='ltr'><strong>quam</strong></span> <span class='ocrx_word' id='word_1_357' title='bbox 859 5533 1046 5613; x_wconf 81' lang='lat' dir='ltr'><strong>aliqui</strong></span> <span class='ocrx_word' id='word_1_358' title='bbox 1079 5534 1404 5595; x_wconf 78' lang='lat' dir='ltr'><strong>inveniunt</strong></span> <span class='ocrx_word' id='word_1_359' title='bbox 1434 5534 1599 5596; x_wconf 86' lang='lat' dir='ltr'><strong>inter</strong></span> <span class='ocrx_word' id='word_1_360' title='bbox 1623 5533 1788 5614; x_wconf 74' lang='lat' dir='ltr'><strong>judi-</strong></span> 
     </span>
    </p>
   </div>
   <div class='ocr_carea' id='block_1_3' title="bbox 3288 316 3404 376">
    <p class='ocr_par' dir='ltr' id='par_1_5' title="bbox 3288 316 3404 376">
     <span class='ocr_line' id='line_1_57' title="bbox 3288 316 3404 376; baseline 0.017 -2"><span class='ocrx_word' id='word_1_361' title='bbox 3288 316 3404 376; x_wconf 76' lang='lat'><strong>703</strong></span> 
     </span>
    </p>
   </div>
   <div class='ocr_carea' id='block_1_4' title="bbox 1866 491 3432 5150">
    <p class='ocr_par' dir='ltr' id='par_1_6' title="bbox 1866 491 3409 1113">
     <span class='ocr_line' id='line_1_58' title="bbox 1869 491 3406 571; baseline 0 -18"><span class='ocrx_word' id='word_1_362' title='bbox 1869 509 1973 553; x_wconf 83' lang='lat' dir='ltr'><strong>ces</strong></span> <span class='ocrx_word' id='word_1_363' title='bbox 2001 493 2337 555; x_wconf 84' lang='lat' dir='ltr'><strong>saeculares</strong></span> <span class='ocrx_word' id='word_1_364' title='bbox 2366 495 2429 553; x_wconf 89' lang='lat' dir='ltr'><strong>et</strong></span> <span class='ocrx_word' id='word_1_365' title='bbox 2464 491 2919 555; x_wconf 87' lang='lat' dir='ltr'><strong>ecclesiasticos</strong></span> <span class='ocrx_word' id='word_1_366' title='bbox 2942 537 2958 569; x_wconf 90' lang='lat'><strong>,</strong></span> <span class='ocrx_word' id='word_1_367' title='bbox 3011 492 3179 571; x_wconf 85' lang='lat' dir='ltr'><strong>quod</strong></span> <span class='ocrx_word' id='word_1_368' title='bbox 3209 510 3406 553; x_wconf 68' lang='lat' dir='ltr'><strong>seecu-</strong></span> 
     </span>
     <span class='ocr_line' id='line_1_59' title="bbox 1867 583 3403 647; baseline 0.001 -4"><span class='ocrx_word' id='word_1_369' title='bbox 1867 583 2030 644; x_wconf 90' lang='lat' dir='ltr'><strong>lares</strong></span> <span class='ocrx_word' id='word_1_370' title='bbox 2078 584 2416 647; x_wconf 87' lang='lat' dir='ltr'><strong>admittant</strong></span> <span class='ocrx_word' id='word_1_371' title='bbox 2454 584 2997 647; x_wconf 87' lang='lat' dir='ltr'><strong>denuntiationem</strong></span> <span class='ocrx_word' id='word_1_372' title='bbox 3046 585 3178 646; x_wconf 87' lang='lat' dir='ltr'><strong>sine</strong></span> <span class='ocrx_word' id='word_1_373' title='bbox 3209 586 3403 646; x_wconf 89' lang='lat' dir='ltr'><strong>moni-</strong></span> 
     </span>
     <span class='ocr_line' id='line_1_60' title="bbox 1866 677 3406 758; baseline -0.001 -18"><span class='ocrx_word' id='word_1_374' title='bbox 1866 677 2035 740; x_wconf 86' lang='lat' dir='ltr'><strong>tione</strong></span> <span class='ocrx_word' id='word_1_375' title='bbox 2065 679 2411 758; x_wconf 82' lang='lat' dir='ltr'><strong>praemissa,</strong></span> <span class='ocrx_word' id='word_1_376' title='bbox 2438 678 3007 740; x_wconf 85' lang='lat' dir='ltr'><strong>ecclesiastieivero</strong></span> <span class='ocrx_word' id='word_1_377' title='bbox 3031 697 3154 740; x_wconf 90' lang='lat' dir='ltr'><strong>non</strong></span> <span class='ocrx_word' id='word_1_378' title='bbox 3184 679 3406 740; x_wconf 87' lang='lat' dir='ltr'><strong>admit-</strong></span> 
     </span>
     <span class='ocr_line' id='line_1_61' title="bbox 1867 772 3399 848; baseline 0.001 -17"><span class='ocrx_word' id='word_1_379' title='bbox 1867 774 2026 848; x_wconf 87' lang='lat' dir='ltr'><strong>tant,</strong></span> <span class='ocrx_word' id='word_1_380' title='bbox 2057 775 2127 833; x_wconf 92' lang='lat' dir='ltr'><strong>ut</strong></span> <span class='ocrx_word' id='word_1_381' title='bbox 2152 772 2288 833; x_wconf 81' lang='lat' dir='ltr'><strong>vult</strong></span> <span class='ocrx_word' id='word_1_382' title='bbox 2329 789 2471 831; x_wconf 89' lang='lat' dir='ltr'><strong>eum</strong></span> <span class='ocrx_word' id='word_1_383' title='bbox 2520 772 2657 831; x_wconf 87' lang='lat' dir='ltr'><strong>aliis</strong></span> <span class='ocrx_word' id='word_1_384' title='bbox 2686 775 2867 832; x_wconf 87' lang='lat' dir='ltr'><strong>Azor.</strong></span> <span class='ocrx_word' id='word_1_385' title='bbox 2902 772 3065 833; x_wconf 88' lang='lat' dir='ltr'><strong>dicto</strong></span> <span class='ocrx_word' id='word_1_386' title='bbox 3095 772 3203 833; x_wconf 89' lang='lat' dir='ltr'><strong>lib.</strong></span> <span class='ocrx_word' id='word_1_387' title='bbox 3240 773 3399 834; x_wconf 85' lang='lat' dir='ltr'><strong>xm.</strong></span> 
     </span>
     <span class='ocr_line' id='line_1_62' title="bbox 1870 863 3405 944; baseline 0.002 -20"><span class='ocrx_word' id='word_1_388' title='bbox 1870 880 2008 944; x_wconf 90' lang='lat' dir='ltr'><strong>cap.</strong></span> <span class='ocrx_word' id='word_1_389' title='bbox 2042 879 2145 925; x_wconf 84' lang='lat' dir='ltr'><strong>xx.</strong></span> <span class='ocrx_word' id='word_1_390' title='bbox 2180 863 2331 925; x_wconf 90' lang='lat' dir='ltr'><strong>dub.</strong></span> <span class='ocrx_word' id='word_1_391' title='bbox 2365 867 2423 925; x_wconf 83' lang='lat'><strong>5.</strong></span> <span class='ocrx_word' id='word_1_392' title='bbox 2460 863 2580 924; x_wconf 91' lang='lat' dir='ltr'><strong>hoc</strong></span> <span class='ocrx_word' id='word_1_393' title='bbox 2602 867 2810 925; x_wconf 89' lang='lat' dir='ltr'><strong>autem</strong></span> <span class='ocrx_word' id='word_1_394' title='bbox 2832 865 2949 927; x_wconf 85' lang='lat' dir='ltr'><strong>fuit</strong></span> <span class='ocrx_word' id='word_1_395' title='bbox 2977 865 3405 927; x_wconf 90' lang='lat' dir='ltr'><strong>introductum</strong></span> 
     </span>
     <span class='ocr_line' id='line_1_63' title="bbox 1870 956 3409 1020; baseline 0.003 -4"><span class='ocrx_word' id='word_1_396' title='bbox 1870 956 1951 1017; x_wconf 90' lang='lat' dir='ltr'><strong>ad</strong></span> <span class='ocrx_word' id='word_1_397' title='bbox 1977 957 2269 1018; x_wconf 81' lang='lat' dir='ltr'><strong>vitandas</strong></span> <span class='ocrx_word' id='word_1_398' title='bbox 2316 956 2541 1018; x_wconf 91' lang='lat' dir='ltr'><strong>nimias</strong></span> <span class='ocrx_word' id='word_1_399' title='bbox 2572 958 2916 1018; x_wconf 88' lang='lat' dir='ltr'><strong>calumnias</strong></span> <span class='ocrx_word' id='word_1_400' title='bbox 2956 958 3019 1019; x_wconf 91' lang='lat' dir='ltr'><strong>in</strong></span> <span class='ocrx_word' id='word_1_401' title='bbox 3049 959 3184 1020; x_wconf 86' lang='lat' dir='ltr'><strong>foro</strong></span> <span class='ocrx_word' id='word_1_402' title='bbox 3214 959 3409 1020; x_wconf 91' lang='lat' dir='ltr'><strong>eccle-</strong></span> 
     </span>
     <span class='ocr_line' id='line_1_64' title="bbox 1869 1048 2139 1113; baseline 0.015 -4"><span class='ocrx_word' id='word_1_403' title='bbox 1869 1048 2139 1113; x_wconf 80' lang='lat' dir='ltr'><strong>siastico.</strong></span> 
     </span>
    </p>

    <p class='ocr_par' dir='ltr' id='par_1_7' title="bbox 1870 1144 3415 2791">
     <span class='ocr_line' id='line_1_65' title="bbox 1951 1144 3406 1227; baseline 0.002 -23"><span class='ocrx_word' id='word_1_404' title='bbox 1951 1146 2018 1205; x_wconf 94' lang='lat' dir='ltr'><strong>In</strong></span> <span class='ocrx_word' id='word_1_405' title='bbox 2048 1145 2257 1224; x_wconf 87' lang='lat' dir='ltr'><strong>aliquo</strong></span> <span class='ocrx_word' id='word_1_406' title='bbox 2287 1147 2498 1206; x_wconf 88' lang='lat' dir='ltr'><strong>tamen</strong></span> <span class='ocrx_word' id='word_1_407' title='bbox 2532 1161 2680 1206; x_wconf 89' lang='lat' dir='ltr'><strong>casu</strong></span> <span class='ocrx_word' id='word_1_408' title='bbox 2710 1144 2971 1206; x_wconf 89' lang='lat' dir='ltr'><strong>concedi</strong></span> <span class='ocrx_word' id='word_1_409' title='bbox 2999 1149 3209 1225; x_wconf 88' lang='lat' dir='ltr'><strong>posset</strong></span> <span class='ocrx_word' id='word_1_410' title='bbox 3240 1146 3406 1227; x_wconf 89' lang='lat' dir='ltr'><strong>quod</strong></span> 
     </span>
     <span class='ocr_line' id='line_1_66' title="bbox 1872 1236 3408 1319; baseline 0.001 -22"><span class='ocrx_word' id='word_1_411' title='bbox 1872 1236 2155 1298; x_wconf 89' lang='lat' dir='ltr'><strong>debitum</strong></span> <span class='ocrx_word' id='word_1_412' title='bbox 2186 1237 2543 1313; x_wconf 76' lang='lat' dir='ltr'><strong>eharitatis,</strong></span> <span class='ocrx_word' id='word_1_413' title='bbox 2597 1241 2659 1299; x_wconf 89' lang='lat' dir='ltr'><strong>et</strong></span> <span class='ocrx_word' id='word_1_414' title='bbox 2688 1237 2947 1299; x_wconf 85' lang='lat' dir='ltr'><strong>fortasse</strong></span> <span class='ocrx_word' id='word_1_415' title='bbox 2971 1238 3227 1319; x_wconf 82' lang='lat' dir='ltr'><strong>justitiae</strong></span> <span class='ocrx_word' id='word_1_416' title='bbox 3256 1240 3408 1300; x_wconf 87' lang='lat' dir='ltr'><strong>obli-</strong></span> 
     </span>
     <span class='ocr_line' id='line_1_67' title="bbox 1871 1330 3411 1413; baseline 0.003 -23"><span class='ocrx_word' id='word_1_417' title='bbox 1871 1334 2051 1410; x_wconf 85' lang='lat' dir='ltr'><strong>garet</strong></span> <span class='ocrx_word' id='word_1_418' title='bbox 2079 1331 2158 1391; x_wconf 89' lang='lat' dir='ltr'><strong>ad</strong></span> <span class='ocrx_word' id='word_1_419' title='bbox 2189 1349 2312 1391; x_wconf 90' lang='lat' dir='ltr'><strong>non</strong></span> <span class='ocrx_word' id='word_1_420' title='bbox 2345 1330 2864 1393; x_wconf 89' lang='lat' dir='ltr'><strong>denuntiandum.</strong></span> <span class='ocrx_word' id='word_1_421' title='bbox 2894 1332 2960 1394; x_wconf 89' lang='lat' dir='ltr'><strong>Si</strong></span> <span class='ocrx_word' id='word_1_422' title='bbox 2980 1350 3040 1393; x_wconf 86' lang='lat' dir='ltr'><strong>v.</strong></span> <span class='ocrx_word' id='word_1_423' title='bbox 3065 1352 3126 1411; x_wconf 91' lang='lat' dir='ltr'><strong>g.</strong></span> <span class='ocrx_word' id='word_1_424' title='bbox 3162 1351 3411 1413; x_wconf 88' lang='lat' dir='ltr'><strong>peccas-</strong></span> 
     </span>
     <span class='ocr_line' id='line_1_68' title="bbox 1872 1424 3411 1505; baseline 0.001 -21"><span class='ocrx_word' id='word_1_425' title='bbox 1872 1428 1966 1484; x_wconf 88' lang='lat' dir='ltr'><strong>set</strong></span> <span class='ocrx_word' id='word_1_426' title='bbox 1993 1427 2234 1485; x_wconf 87' lang='lat' dir='ltr'><strong>secreto</strong></span> <span class='ocrx_word' id='word_1_427' title='bbox 2264 1424 2361 1484; x_wconf 83' lang='lat' dir='ltr'><strong>vir</strong></span> <span class='ocrx_word' id='word_1_428' title='bbox 2387 1424 2813 1503; x_wconf 77' lang='lat' dir='ltr'><strong>gravissimuS,</strong></span> <span class='ocrx_word' id='word_1_429' title='bbox 2838 1444 2915 1485; x_wconf 83' lang='lat' dir='ltr'><strong>ex</strong></span> <span class='ocrx_word' id='word_1_430' title='bbox 2947 1424 3125 1505; x_wconf 88' lang='lat' dir='ltr'><strong>cujus</strong></span> <span class='ocrx_word' id='word_1_431' title='bbox 3153 1425 3411 1486; x_wconf 83' lang='lat' dir='ltr'><strong>infamia</strong></span> 
     </span>
     <span class='ocr_line' id='line_1_69' title="bbox 1872 1515 3405 1598; baseline 0.002 -21"><span class='ocrx_word' id='word_1_432' title='bbox 1872 1515 2077 1595; x_wconf 88' lang='lat' dir='ltr'><strong>majus</strong></span> <span class='ocrx_word' id='word_1_433' title='bbox 2118 1522 2489 1598; x_wconf 87' lang='lat' dir='ltr'><strong>sequeretur</strong></span> <span class='ocrx_word' id='word_1_434' title='bbox 2542 1517 2909 1579; x_wconf 88' lang='lat' dir='ltr'><strong>scandalum</strong></span> <span class='ocrx_word' id='word_1_435' title='bbox 2952 1518 3015 1578; x_wconf 93' lang='lat' dir='ltr'><strong>in</strong></span> <span class='ocrx_word' id='word_1_436' title='bbox 3063 1519 3405 1598; x_wconf 86' lang='lat' dir='ltr'><strong>republica,</strong></span> 
     </span>
     <span class='ocr_line' id='line_1_70' title="bbox 1875 1610 3410 1690; baseline 0.003 -22"><span class='ocrx_word' id='word_1_437' title='bbox 1875 1627 2065 1689; x_wconf 88' lang='lat' dir='ltr'><strong>quam</strong></span> <span class='ocrx_word' id='word_1_438' title='bbox 2092 1610 2330 1671; x_wconf 87' lang='lat' dir='ltr'><strong>bonum</strong></span> <span class='ocrx_word' id='word_1_439' title='bbox 2343 1629 2416 1671; x_wconf 85' lang='lat' dir='ltr'><strong>ex</strong></span> <span class='ocrx_word' id='word_1_440' title='bbox 2430 1610 2592 1671; x_wconf 88' lang='lat' dir='ltr'><strong>illius</strong></span> <span class='ocrx_word' id='word_1_441' title='bbox 2612 1611 2934 1690; x_wconf 87' lang='lat' dir='ltr'><strong>punitione</strong></span> <span class='ocrx_word' id='word_1_442' title='bbox 2952 1630 2967 1686; x_wconf 91' lang='grc'>;</span> <span class='ocrx_word' id='word_1_443' title='bbox 2987 1611 3229 1673; x_wconf 85' lang='lat' dir='ltr'><strong>facilius</strong></span> <span class='ocrx_word' id='word_1_444' title='bbox 3244 1613 3410 1672; x_wconf 90' lang='lat' dir='ltr'><strong>enim</strong></span> 
     </span>
     <span class='ocr_line' id='line_1_71' title="bbox 1873 1704 3411 1781; baseline 0.003 -19"><span class='ocrx_word' id='word_1_445' title='bbox 1873 1706 2207 1781; x_wconf 90' lang='lat' dir='ltr'><strong>peccarent</strong></span> <span class='ocrx_word' id='word_1_446' title='bbox 2234 1704 2520 1764; x_wconf 87' lang='lat' dir='ltr'><strong>homines</strong></span> <span class='ocrx_word' id='word_1_447' title='bbox 2550 1708 2613 1765; x_wconf 91' lang='lat' dir='ltr'><strong>et</strong></span> <span class='ocrx_word' id='word_1_448' title='bbox 2633 1708 3107 1766; x_wconf 88' lang='lat' dir='ltr'><strong>contemnerent</strong></span> <span class='ocrx_word' id='word_1_449' title='bbox 3122 1705 3411 1766; x_wconf 87' lang='lat' dir='ltr'><strong>honesta-</strong></span> 
     </span>
     <span class='ocr_line' id='line_1_72' title="bbox 1872 1796 3411 1878; baseline 0.002 -22"><span class='ocrx_word' id='word_1_450' title='bbox 1872 1800 2001 1856; x_wconf 90' lang='lat' dir='ltr'><strong>tem</strong></span> <span class='ocrx_word' id='word_1_451' title='bbox 2029 1796 2313 1858; x_wconf 82' lang='lat' dir='ltr'><strong>videntes</strong></span> <span class='ocrx_word' id='word_1_452' title='bbox 2341 1796 2509 1858; x_wconf 85' lang='lat' dir='ltr'><strong>viros</strong></span> <span class='ocrx_word' id='word_1_453' title='bbox 2562 1796 2890 1877; x_wconf 90' lang='lat' dir='ltr'><strong>primarios</strong></span> <span class='ocrx_word' id='word_1_454' title='bbox 2938 1799 3046 1859; x_wconf 90' lang='lat' dir='ltr'><strong>aut</strong></span> <span class='ocrx_word' id='word_1_455' title='bbox 3085 1797 3411 1878; x_wconf 85' lang='lat' dir='ltr'><strong>religiosos</strong></span> 
     </span>
     <span class='ocr_line' id='line_1_73' title="bbox 1876 1888 3404 1969; baseline 0.003 -20"><span class='ocrx_word' id='word_1_456' title='bbox 1876 1888 2121 1949; x_wconf 67' lang='lat' dir='ltr'><strong>eximiae</strong></span> <span class='ocrx_word' id='word_1_457' title='bbox 2169 1889 2479 1969; x_wconf 89' lang='lat' dir='ltr'><strong>opinionis</strong></span> <span class='ocrx_word' id='word_1_458' title='bbox 2547 1890 2786 1950; x_wconf 89' lang='lat' dir='ltr'><strong>eisdem</strong></span> <span class='ocrx_word' id='word_1_459' title='bbox 2856 1890 3022 1952; x_wconf 84' lang='lat' dir='ltr'><strong>vitiis</strong></span> <span class='ocrx_word' id='word_1_460' title='bbox 3080 1890 3357 1953; x_wconf 88' lang='lat' dir='ltr'><strong>irretitos</strong></span> <span class='ocrx_word' id='word_1_461' title='bbox 3391 1911 3404 1953; x_wconf 90' lang='lat'>:</span> 
     </span>
     <span class='ocr_line' id='line_1_74' title="bbox 1871 1981 3406 2064; baseline 0.001 -21"><span class='ocrx_word' id='word_1_462' title='bbox 1871 1985 2021 2043; x_wconf 90' lang='lat' dir='ltr'><strong>tunc</strong></span> <span class='ocrx_word' id='word_1_463' title='bbox 2068 1987 2236 2043; x_wconf 88' lang='lat' dir='ltr'><strong>certe</strong></span> <span class='ocrx_word' id='word_1_464' title='bbox 2284 2001 2407 2044; x_wconf 91' lang='lat' dir='ltr'><strong>non</strong></span> <span class='ocrx_word' id='word_1_465' title='bbox 2450 1981 2697 2044; x_wconf 80' lang='lat' dir='ltr'><strong>videtur</strong></span> <span class='ocrx_word' id='word_1_466' title='bbox 2738 2001 2872 2045; x_wconf 88' lang='lat' dir='ltr'><strong>esse</strong></span> <span class='ocrx_word' id='word_1_467' title='bbox 2913 1982 3017 2064; x_wconf 90' lang='lat' dir='ltr'><strong>jus</strong></span> <span class='ocrx_word' id='word_1_468' title='bbox 3046 1984 3406 2061; x_wconf 87' lang='lat' dir='ltr'><strong>accusandi,</strong></span> 
     </span>
     <span class='ocr_line' id='line_1_75' title="bbox 1876 2074 3410 2154; baseline 0.001 -18"><span class='ocrx_word' id='word_1_469' title='bbox 1876 2074 2022 2154; x_wconf 89' lang='lat' dir='ltr'><strong>quia</strong></span> <span class='ocrx_word' id='word_1_470' title='bbox 2036 2074 2169 2135; x_wconf 89' lang='lat' dir='ltr'><strong>sine</strong></span> <span class='ocrx_word' id='word_1_471' title='bbox 2196 2075 2538 2138; x_wconf 88' lang='lat' dir='ltr'><strong>attentione</strong></span> <span class='ocrx_word' id='word_1_472' title='bbox 2569 2076 2697 2137; x_wconf 87' lang='lat' dir='ltr'><strong>ulla</strong></span> <span class='ocrx_word' id='word_1_473' title='bbox 2728 2075 2805 2136; x_wconf 93' lang='lat' dir='ltr'><strong>ad</strong></span> <span class='ocrx_word' id='word_1_474' title='bbox 2827 2077 3063 2138; x_wconf 90' lang='lat' dir='ltr'><strong>bonum</strong></span> <span class='ocrx_word' id='word_1_475' title='bbox 3081 2095 3410 2138; x_wconf 87' lang='lat' dir='ltr'><strong>commune</strong></span> 
     </span>
     <span class='ocr_line' id='line_1_76' title="bbox 1873 2169 3412 2248; baseline 0.003 -21"><span class='ocrx_word' id='word_1_476' title='bbox 1873 2169 2306 2230; x_wconf 83' lang='lat' dir='ltr'><strong>diffamaretur</strong></span> <span class='ocrx_word' id='word_1_477' title='bbox 2316 2169 2657 2248; x_wconf 79' lang='lat' dir='ltr'><strong>proximuS,</strong></span> <span class='ocrx_word' id='word_1_478' title='bbox 2692 2187 2836 2233; x_wconf 89' lang='lat' dir='ltr'><strong>cum</strong></span> <span class='ocrx_word' id='word_1_479' title='bbox 2853 2189 2927 2231; x_wconf 84' lang='lat' dir='ltr'><strong>ex</strong></span> <span class='ocrx_word' id='word_1_480' title='bbox 2945 2170 3412 2232; x_wconf 88' lang='lat' dir='ltr'><strong>denuntiatione</strong></span> 
     </span>
     <span class='ocr_line' id='line_1_77' title="bbox 1872 2262 3413 2344; baseline 0.001 -22"><span class='ocrx_word' id='word_1_481' title='bbox 1872 2262 2107 2323; x_wconf 90' lang='lat' dir='ltr'><strong>malum</strong></span> <span class='ocrx_word' id='word_1_482' title='bbox 2138 2263 2343 2342; x_wconf 86' lang='lat' dir='ltr'><strong>potius</strong></span> <span class='ocrx_word' id='word_1_483' title='bbox 2373 2281 2563 2341; x_wconf 84' lang='lat' dir='ltr'><strong>quam</strong></span> <span class='ocrx_word' id='word_1_484' title='bbox 2602 2262 2836 2323; x_wconf 87' lang='lat' dir='ltr'><strong>bonum</strong></span> <span class='ocrx_word' id='word_1_485' title='bbox 2868 2282 3203 2325; x_wconf 87' lang='lat' dir='ltr'><strong>commune</strong></span> <span class='ocrx_word' id='word_1_486' title='bbox 3234 2263 3413 2344; x_wconf 90' lang='lat' dir='ltr'><strong>sequi</strong></span> 
     </span>
     <span class='ocr_line' id='line_1_78' title="bbox 1870 2356 3411 2437; baseline 0 -21"><span class='ocrx_word' id='word_1_487' title='bbox 1870 2359 2101 2436; x_wconf 88' lang='lat' dir='ltr'><strong>posset.</strong></span> <span class='ocrx_word' id='word_1_488' title='bbox 2155 2356 2547 2435; x_wconf 87' lang='lat' dir='ltr'><strong>Regulariter</strong></span> <span class='ocrx_word' id='word_1_489' title='bbox 2588 2359 2796 2417; x_wconf 89' lang='lat' dir='ltr'><strong>tamen</strong></span> <span class='ocrx_word' id='word_1_490' title='bbox 2846 2375 3148 2437; x_wconf 89' lang='lat' dir='ltr'><strong>magnum</strong></span> <span class='ocrx_word' id='word_1_491' title='bbox 3177 2357 3411 2418; x_wconf 90' lang='lat' dir='ltr'><strong>bonum</strong></span> 
     </span>
     <span class='ocr_line' id='line_1_79' title="bbox 1872 2448 3413 2530; baseline 0.001 -21"><span class='ocrx_word' id='word_1_492' title='bbox 1872 2449 2277 2529; x_wconf 85' lang='lat' dir='ltr'><strong>consequitur</strong></span> <span class='ocrx_word' id='word_1_493' title='bbox 2326 2467 2401 2509; x_wconf 82' lang='lat' dir='ltr'><strong>ex</strong></span> <span class='ocrx_word' id='word_1_494' title='bbox 2452 2448 2779 2529; x_wconf 89' lang='lat' dir='ltr'><strong>punitione</strong></span> <span class='ocrx_word' id='word_1_495' title='bbox 2836 2449 3084 2528; x_wconf 89' lang='lat' dir='ltr'><strong>delicti,</strong></span> <span class='ocrx_word' id='word_1_496' title='bbox 3144 2449 3413 2530; x_wconf 84' lang='lat' dir='ltr'><strong>ideoque</strong></span> 
     </span>
     <span class='ocr_line' id='line_1_80' title="bbox 1872 2541 3415 2623; baseline 0.001 -21"><span class='ocrx_word' id='word_1_497' title='bbox 1872 2543 2219 2623; x_wconf 89' lang='lat' dir='ltr'><strong>puniuntur</strong></span> <span class='ocrx_word' id='word_1_498' title='bbox 2244 2541 2334 2602; x_wconf 89' lang='lat' dir='ltr'><strong>rei</strong></span> <span class='ocrx_word' id='word_1_499' title='bbox 2363 2542 2425 2602; x_wconf 93' lang='lat' dir='ltr'><strong>in</strong></span> <span class='ocrx_word' id='word_1_500' title='bbox 2459 2542 2596 2604; x_wconf 90' lang='lat' dir='ltr'><strong>loco</strong></span> <span class='ocrx_word' id='word_1_501' title='bbox 2629 2541 2878 2621; x_wconf 89' lang='lat' dir='ltr'><strong>publico</strong></span> <span class='ocrx_word' id='word_1_502' title='bbox 2905 2592 2919 2620; x_wconf 90' lang='lat'><strong>,</strong></span> <span class='ocrx_word' id='word_1_503' title='bbox 2967 2546 3037 2604; x_wconf 90' lang='lat' dir='ltr'><strong>ut</strong></span> <span class='ocrx_word' id='word_1_504' title='bbox 3066 2543 3165 2604; x_wconf 89' lang='lat' dir='ltr'><strong>illo</strong></span> <span class='ocrx_word' id='word_1_505' title='bbox 3203 2562 3415 2604; x_wconf 86' lang='lat' dir='ltr'><strong>exem-</strong></span> 
     </span>
     <span class='ocr_line' id='line_1_81' title="bbox 1870 2634 3415 2717; baseline 0.001 -21"><span class='ocrx_word' id='word_1_506' title='bbox 1870 2637 1973 2716; x_wconf 92' lang='lat' dir='ltr'><strong>plo</strong></span> <span class='ocrx_word' id='word_1_507' title='bbox 2005 2634 2291 2696; x_wconf 87' lang='lat' dir='ltr'><strong>homines</strong></span> <span class='ocrx_word' id='word_1_508' title='bbox 2324 2635 2760 2698; x_wconf 88' lang='lat' dir='ltr'><strong>deterreantur</strong></span> <span class='ocrx_word' id='word_1_509' title='bbox 2787 2641 2851 2699; x_wconf 88' lang='lat' dir='ltr'><strong>et</strong></span> <span class='ocrx_word' id='word_1_510' title='bbox 2877 2636 3119 2716; x_wconf 87' lang='lat' dir='ltr'><strong>fugiant</strong></span> <span class='ocrx_word' id='word_1_511' title='bbox 3145 2637 3415 2717; x_wconf 88' lang='lat' dir='ltr'><strong>turpitu-</strong></span> 
     </span>
     <span class='ocr_line' id='line_1_82' title="bbox 1871 2727 2267 2791; baseline 0 0"><span class='ocrx_word' id='word_1_512' title='bbox 1871 2729 2083 2791; x_wconf 90' lang='lat' dir='ltr'><strong>dinem</strong></span> <span class='ocrx_word' id='word_1_513' title='bbox 2109 2727 2267 2791; x_wconf 85' lang='lat' dir='ltr'><strong>vitii.</strong></span> 
     </span>
    </p>

    <p class='ocr_par' dir='ltr' id='par_1_8' title="bbox 1871 2821 3432 5150">
     <span class='ocr_line' id='line_1_83' title="bbox 1950 2821 3412 2902; baseline 0 -17"><span class='ocrx_word' id='word_1_514' title='bbox 1950 2825 2108 2885; x_wconf 85' lang='lat' dir='ltr'><strong>Hinc</strong></span> <span class='ocrx_word' id='word_1_515' title='bbox 2141 2842 2173 2883; x_wconf 84' lang='lat' dir='ltr'><strong>a</strong></span> <span class='ocrx_word' id='word_1_516' title='bbox 2203 2821 2442 2885; x_wconf 87' lang='lat' dir='ltr'><strong>fortiori</strong></span> <span class='ocrx_word' id='word_1_517' title='bbox 2473 2821 2759 2902; x_wconf 84' lang='lat' dir='ltr'><strong>infertur,</strong></span> <span class='ocrx_word' id='word_1_518' title='bbox 2805 2842 2931 2886; x_wconf 90' lang='lat' dir='ltr'><strong>non</strong></span> <span class='ocrx_word' id='word_1_519' title='bbox 2960 2842 3095 2887; x_wconf 89' lang='lat' dir='ltr'><strong>esse</strong></span> <span class='ocrx_word' id='word_1_520' title='bbox 3124 2844 3412 2887; x_wconf 85' lang='lat' dir='ltr'><strong>neccssa-</strong></span> 
     </span>
     <span class='ocr_line' id='line_1_84' title="bbox 1872 2917 3408 2998; baseline 0 -19"><span class='ocrx_word' id='word_1_521' title='bbox 1872 2919 1964 2980; x_wconf 93' lang='lat' dir='ltr'><strong>rio</strong></span> <span class='ocrx_word' id='word_1_522' title='bbox 2021 2917 2527 2998; x_wconf 82' lang='lat' dir='ltr'><strong>praemittendam</strong></span> <span class='ocrx_word' id='word_1_523' title='bbox 2594 2919 3045 2981; x_wconf 88' lang='lat' dir='ltr'><strong>correctionem</strong></span> <span class='ocrx_word' id='word_1_524' title='bbox 3106 2925 3408 2982; x_wconf 85' lang='lat' dir='ltr'><strong>secretam</strong></span> 
     </span>
     <span class='ocr_line' id='line_1_85' title="bbox 1871 3012 3412 3093; baseline 0 -20"><span class='ocrx_word' id='word_1_525' title='bbox 1871 3016 2015 3074; x_wconf 87' lang='lat' dir='ltr'><strong>ante</strong></span> <span class='ocrx_word' id='word_1_526' title='bbox 2040 3013 2505 3073; x_wconf 87' lang='lat' dir='ltr'><strong>accusationem</strong></span> <span class='ocrx_word' id='word_1_527' title='bbox 2518 3012 2879 3091; x_wconf 87' lang='lat' dir='ltr'><strong>juridicam,</strong></span> <span class='ocrx_word' id='word_1_528' title='bbox 2905 3014 3156 3093; x_wconf 90' lang='lat' dir='ltr'><strong>quando</strong></span> <span class='ocrx_word' id='word_1_529' title='bbox 3174 3015 3412 3075; x_wconf 86' lang='lat' dir='ltr'><strong>crimen</strong></span> 
     </span>
     <span class='ocr_line' id='line_1_86' title="bbox 1873 3104 3411 3186; baseline 0.001 -21"><span class='ocrx_word' id='word_1_530' title='bbox 1873 3104 2127 3185; x_wconf 88' lang='lat' dir='ltr'><strong>probari</strong></span> <span class='ocrx_word' id='word_1_531' title='bbox 2160 3108 2365 3184; x_wconf 87' lang='lat' dir='ltr'><strong>potest</strong></span> <span class='ocrx_word' id='word_1_532' title='bbox 2391 3105 2455 3165; x_wconf 91' lang='lat' dir='ltr'><strong>in</strong></span> <span class='ocrx_word' id='word_1_533' title='bbox 2478 3105 2742 3185; x_wconf 88' lang='lat' dir='ltr'><strong>judicie.</strong></span> <span class='ocrx_word' id='word_1_534' title='bbox 2795 3106 2888 3168; x_wconf 92' lang='lat' dir='ltr'><strong>lta</strong></span> <span class='ocrx_word' id='word_1_535' title='bbox 2918 3107 3220 3186; x_wconf 80' lang='lat' dir='ltr'><strong>Angelius</strong></span> <span class='ocrx_word' id='word_1_536' title='bbox 3243 3154 3258 3185; x_wconf 96' lang='lat'><strong>,</strong></span> <span class='ocrx_word' id='word_1_537' title='bbox 3293 3109 3411 3168; x_wconf 85' lang='lat' dir='ltr'><strong>Ar-</strong></span> 
     </span>
     <span class='ocr_line' id='line_1_87' title="bbox 1873 3198 3417 3279; baseline 0.001 -20"><span class='ocrx_word' id='word_1_538' title='bbox 1873 3198 2067 3277; x_wconf 85' lang='lat' dir='ltr'><strong>milla‚</strong></span> <span class='ocrx_word' id='word_1_539' title='bbox 2099 3199 2399 3276; x_wconf 80' lang='lat' dir='ltr'><strong>Tabiena,</strong></span> <span class='ocrx_word' id='word_1_540' title='bbox 2432 3199 2790 3277; x_wconf 79' lang='lat' dir='ltr'><strong>AbulensiS,</strong></span> <span class='ocrx_word' id='word_1_541' title='bbox 2826 3200 3207 3279; x_wconf 79' lang='lat' dir='ltr'><strong>PaludanuS,</strong></span> <span class='ocrx_word' id='word_1_542' title='bbox 3257 3204 3417 3263; x_wconf 84' lang='lat' dir='ltr'><strong>Tur-</strong></span> 
     </span>
     <span class='ocr_line' id='line_1_88' title="bbox 1871 3292 3420 3372; baseline 0.002 -19"><span class='ocrx_word' id='word_1_543' title='bbox 1871 3297 2244 3370; x_wconf 87' lang='lat' dir='ltr'><strong>recremata,</strong></span> <span class='ocrx_word' id='word_1_544' title='bbox 2295 3296 2345 3353; x_wconf 91' lang='lat' dir='ltr'>N</span> <span class='ocrx_word' id='word_1_545' title='bbox 2352 3311 2631 3371; x_wconf 78' lang='lat' dir='ltr'><strong>avarruS,</strong></span> <span class='ocrx_word' id='word_1_546' title='bbox 2690 3292 3026 3372; x_wconf 82' lang='lat' dir='ltr'><strong>AdrianuS‚</strong></span> <span class='ocrx_word' id='word_1_547' title='bbox 3088 3296 3294 3372; x_wconf 78' lang='lat' dir='ltr'><strong>SotuS,</strong></span> <span class='ocrx_word' id='word_1_548' title='bbox 3357 3298 3420 3356; x_wconf 89' lang='lat' dir='ltr'><strong>et</strong></span> 
     </span>
     <span class='ocr_line' id='line_1_89' title="bbox 1876 3386 3411 3467; baseline 0.001 -19"><span class='ocrx_word' id='word_1_549' title='bbox 1876 3386 2190 3463; x_wconf 90' lang='lat' dir='ltr'><strong>Corduba,</strong></span> <span class='ocrx_word' id='word_1_550' title='bbox 2226 3405 2383 3467; x_wconf 87' lang='lat' dir='ltr'><strong>quos</strong></span> <span class='ocrx_word' id='word_1_551' title='bbox 2413 3386 2596 3448; x_wconf 82' lang='lat' dir='ltr'><strong>affert</strong></span> <span class='ocrx_word' id='word_1_552' title='bbox 2625 3386 2856 3449; x_wconf 89' lang='lat' dir='ltr'><strong>Sanch.</strong></span> <span class='ocrx_word' id='word_1_553' title='bbox 2903 3388 3011 3450; x_wconf 89' lang='lat' dir='ltr'><strong>lib.</strong></span> <span class='ocrx_word' id='word_1_554' title='bbox 3048 3389 3151 3450; x_wconf 87' lang='lat' dir='ltr'><strong>VI.</strong></span> <span class='ocrx_word' id='word_1_555' title='bbox 3191 3387 3411 3450; x_wconf 78' lang='lat' dir='ltr'><strong>Consil.</strong></span> 
     </span>
     <span class='ocr_line' id='line_1_90' title="bbox 1875 3479 3420 3561; baseline 0 -20"><span class='ocrx_word' id='word_1_556' title='bbox 1875 3498 2016 3560; x_wconf 89' lang='lat' dir='ltr'><strong>cap.</strong></span> <span class='ocrx_word' id='word_1_557' title='bbox 2049 3496 2092 3542; x_wconf 91' lang='lat'><strong>1.</strong></span> <span class='ocrx_word' id='word_1_558' title='bbox 2131 3479 2282 3541; x_wconf 91' lang='lat' dir='ltr'><strong>dub.</strong></span> <span class='ocrx_word' id='word_1_559' title='bbox 2316 3496 2510 3542; x_wconf 77' lang='lat' dir='ltr'><strong>xxvn.</strong></span> <span class='ocrx_word' id='word_1_560' title='bbox 2548 3498 2719 3543; x_wconf 89' lang='lat' dir='ltr'><strong>num.</strong></span> <span class='ocrx_word' id='word_1_561' title='bbox 2745 3484 2804 3542; x_wconf 79' lang='lat'><strong>1.</strong></span> <span class='ocrx_word' id='word_1_562' title='bbox 2841 3481 2948 3561; x_wconf 86' lang='lat' dir='ltr'><strong>qui</strong></span> <span class='ocrx_word' id='word_1_563' title='bbox 2980 3482 3268 3543; x_wconf 87' lang='lat' dir='ltr'><strong>eamdem</strong></span> <span class='ocrx_word' id='word_1_564' title='bbox 3286 3502 3420 3541; x_wconf 87' lang='lat' dir='ltr'><strong>sen-</strong></span> 
     </span>
     <span class='ocr_line' id='line_1_91' title="bbox 1874 3574 3422 3654; baseline -0.001 -18"><span class='ocrx_word' id='word_1_565' title='bbox 1874 3574 2137 3636; x_wconf 89' lang='lat' dir='ltr'><strong>tentiam</strong></span> <span class='ocrx_word' id='word_1_566' title='bbox 2165 3577 2369 3650; x_wconf 89' lang='lat' dir='ltr'><strong>tenet,</strong></span> <span class='ocrx_word' id='word_1_567' title='bbox 2423 3574 2674 3654; x_wconf 88' lang='lat' dir='ltr'><strong>quando</strong></span> <span class='ocrx_word' id='word_1_568' title='bbox 2720 3578 3048 3636; x_wconf 88' lang='lat' dir='ltr'><strong>accusator</strong></span> <span class='ocrx_word' id='word_1_569' title='bbox 3077 3580 3329 3637; x_wconf 86' lang='lat' dir='ltr'><strong>accusat</strong></span> <span class='ocrx_word' id='word_1_570' title='bbox 3359 3576 3422 3636; x_wconf 89' lang='lat' dir='ltr'><strong>in</strong></span> 
     </span>
     <span class='ocr_line' id='line_1_92' title="bbox 1878 3666 3415 3749; baseline 0.001 -21"><span class='ocrx_word' id='word_1_571' title='bbox 1878 3685 2068 3729; x_wconf 86' lang='lat' dir='ltr'><strong>causa</strong></span> <span class='ocrx_word' id='word_1_572' title='bbox 2096 3666 2350 3746; x_wconf 90' lang='lat' dir='ltr'><strong>propria</strong></span> <span class='ocrx_word' id='word_1_573' title='bbox 2375 3667 2454 3727; x_wconf 91' lang='lat' dir='ltr'><strong>ad</strong></span> <span class='ocrx_word' id='word_1_574' title='bbox 2484 3667 3138 3748; x_wconf 87' lang='lat' dir='ltr'><strong>recompensationem</strong></span> <span class='ocrx_word' id='word_1_575' title='bbox 3168 3669 3415 3749; x_wconf 75' lang='lat' dir='ltr'><strong>injuriae</strong></span> 
     </span>
     <span class='ocr_line' id='line_1_93' title="bbox 1880 3761 3421 3841; baseline 0 -19"><span class='ocrx_word' id='word_1_576' title='bbox 1880 3766 2153 3841; x_wconf 70' lang='lat' dir='ltr'><strong>acceptae</strong></span> <span class='ocrx_word' id='word_1_577' title='bbox 2183 3780 2296 3841; x_wconf 87' lang='lat' dir='ltr'><strong>per</strong></span> <span class='ocrx_word' id='word_1_578' title='bbox 2351 3778 2606 3839; x_wconf 81' lang='lat' dir='ltr'><strong>poenam</strong></span> <span class='ocrx_word' id='word_1_579' title='bbox 2661 3781 2770 3824; x_wconf 87' lang='lat' dir='ltr'><strong>reo</strong></span> <span class='ocrx_word' id='word_1_580' title='bbox 2831 3761 3262 3839; x_wconf 85' lang='lat' dir='ltr'><strong>inferendam,</strong></span> <span class='ocrx_word' id='word_1_581' title='bbox 3324 3763 3421 3823; x_wconf 79' lang='lat' dir='ltr'><strong>vel</strong></span> 
     </span>
     <span class='ocr_line' id='line_1_94' title="bbox 1880 3853 3422 3936; baseline 0 -21"><span class='ocrx_word' id='word_1_582' title='bbox 1880 3854 2133 3936; x_wconf 88' lang='lat' dir='ltr'><strong>quando</strong></span> <span class='ocrx_word' id='word_1_583' title='bbox 2181 3853 2418 3916; x_wconf 88' lang='lat' dir='ltr'><strong>crimen</strong></span> <span class='ocrx_word' id='word_1_584' title='bbox 2464 3859 2628 3917; x_wconf 89' lang='lat' dir='ltr'><strong>esset</strong></span> <span class='ocrx_word' id='word_1_585' title='bbox 2683 3856 3003 3936; x_wconf 87' lang='lat' dir='ltr'><strong>publicum</strong></span> <span class='ocrx_word' id='word_1_586' title='bbox 3029 3901 3043 3932; x_wconf 93' lang='lat'><strong>,</strong></span> <span class='ocrx_word' id='word_1_587' title='bbox 3116 3860 3178 3917; x_wconf 89' lang='lat' dir='ltr'><strong>et</strong></span> <span class='ocrx_word' id='word_1_588' title='bbox 3227 3855 3422 3936; x_wconf 77' lang='lat' dir='ltr'><strong>judex</strong></span> 
     </span>
     <span class='ocr_line' id='line_1_95' title="bbox 1877 3948 3418 4029; baseline 0.001 -21"><span class='ocrx_word' id='word_1_589' title='bbox 1877 3948 2252 4029; x_wconf 80' lang='lat' dir='ltr'><strong>praeciperet</strong></span> <span class='ocrx_word' id='word_1_590' title='bbox 2282 3949 2783 4025; x_wconf 89' lang='lat' dir='ltr'><strong>accusationem;</strong></span> <span class='ocrx_word' id='word_1_591' title='bbox 2835 3968 3013 4011; x_wconf 88' lang='lat' dir='ltr'><strong>secus</strong></span> <span class='ocrx_word' id='word_1_592' title='bbox 3042 3966 3191 4010; x_wconf 81' lang='lat' dir='ltr'><strong>vero</strong></span> <span class='ocrx_word' id='word_1_593' title='bbox 3223 3968 3418 4029; x_wconf 85' lang='lat' dir='ltr'><strong>quan-</strong></span> 
     </span>
     <span class='ocr_line' id='line_1_96' title="bbox 1880 4041 3425 4124; baseline 0 -21"><span class='ocrx_word' id='word_1_594' title='bbox 1880 4041 1961 4103; x_wconf 92' lang='lat' dir='ltr'><strong>do</strong></span> <span class='ocrx_word' id='word_1_595' title='bbox 1992 4045 2156 4103; x_wconf 89' lang='lat' dir='ltr'><strong>esset</strong></span> <span class='ocrx_word' id='word_1_596' title='bbox 2187 4041 2498 4103; x_wconf 91' lang='lat' dir='ltr'><strong>occultum</strong></span> <span class='ocrx_word' id='word_1_597' title='bbox 2523 4088 2538 4119; x_wconf 92' lang='lat'><strong>,</strong></span> <span class='ocrx_word' id='word_1_598' title='bbox 2592 4046 2655 4105; x_wconf 92' lang='lat' dir='ltr'><strong>et</strong></span> <span class='ocrx_word' id='word_1_599' title='bbox 2682 4048 3009 4106; x_wconf 89' lang='lat' dir='ltr'><strong>accusator</strong></span> <span class='ocrx_word' id='word_1_600' title='bbox 3054 4063 3175 4105; x_wconf 92' lang='lat' dir='ltr'><strong>non</strong></span> <span class='ocrx_word' id='word_1_601' title='bbox 3209 4062 3425 4124; x_wconf 88' lang='lat' dir='ltr'><strong>prosc-</strong></span> 
     </span>
     <span class='ocr_line' id='line_1_97' title="bbox 1880 4136 3425 4217; baseline 0.001 -20"><span class='ocrx_word' id='word_1_602' title='bbox 1880 4138 2182 4216; x_wconf 89' lang='lat' dir='ltr'><strong>queretur</strong></span> <span class='ocrx_word' id='word_1_603' title='bbox 2204 4153 2460 4198; x_wconf 89' lang='lat' dir='ltr'><strong>causam</strong></span> <span class='ocrx_word' id='word_1_604' title='bbox 2489 4136 2833 4217; x_wconf 89' lang='lat' dir='ltr'><strong>propriam,</strong></span> <span class='ocrx_word' id='word_1_605' title='bbox 2869 4138 2981 4198; x_wconf 90' lang='lat' dir='ltr'><strong>sed</strong></span> <span class='ocrx_word' id='word_1_606' title='bbox 3012 4138 3284 4200; x_wconf 88' lang='lat' dir='ltr'><strong>alienam</strong></span> <span class='ocrx_word' id='word_1_607' title='bbox 3315 4137 3425 4199; x_wconf 89' lang='lat' dir='ltr'><strong>bo-</strong></span> 
     </span>
     <span class='ocr_line' id='line_1_98' title="bbox 1880 4229 3425 4313; baseline 0.002 -24"><span class='ocrx_word' id='word_1_608' title='bbox 1880 4229 1943 4289; x_wconf 91' lang='lat' dir='ltr'><strong>ni</strong></span> <span class='ocrx_word' id='word_1_609' title='bbox 1973 4229 2363 4307; x_wconf 78' lang='lat' dir='ltr'><strong>communiS,</strong></span> <span class='ocrx_word' id='word_1_610' title='bbox 2398 4234 2467 4291; x_wconf 91' lang='lat' dir='ltr'><strong>ut</strong></span> <span class='ocrx_word' id='word_1_611' title='bbox 2494 4231 2644 4311; x_wconf 87' lang='lat' dir='ltr'><strong>quia</strong></span> <span class='ocrx_word' id='word_1_612' title='bbox 2672 4230 2907 4291; x_wconf 88' lang='lat' dir='ltr'><strong>crimen</strong></span> <span class='ocrx_word' id='word_1_613' title='bbox 2940 4237 3034 4294; x_wconf 89' lang='lat' dir='ltr'><strong>est</strong></span> <span class='ocrx_word' id='word_1_614' title='bbox 3061 4232 3425 4313; x_wconf 60' lang='lat' dir='ltr'><strong>reipublicae</strong></span> 
     </span>
     <span class='ocr_line' id='line_1_99' title="bbox 1879 4321 3426 4403; baseline 0.002 -22"><span class='ocrx_word' id='word_1_615' title='bbox 1879 4321 2302 4402; x_wconf 87' lang='lat' dir='ltr'><strong>perniciosum</strong></span> <span class='ocrx_word' id='word_1_616' title='bbox 2346 4342 2359 4384; x_wconf 89' lang='lat'><strong>:</strong></span> <span class='ocrx_word' id='word_1_617' title='bbox 2411 4327 2560 4384; x_wconf 92' lang='lat' dir='ltr'><strong>tunc</strong></span> <span class='ocrx_word' id='word_1_618' title='bbox 2592 4323 2759 4383; x_wconf 90' lang='lat' dir='ltr'><strong>enim</strong></span> <span class='ocrx_word' id='word_1_619' title='bbox 2790 4323 2842 4383; x_wconf 87' lang='lat' dir='ltr'><strong>si</strong></span> <span class='ocrx_word' id='word_1_620' title='bbox 2873 4324 3010 4403; x_wconf 88' lang='lat' dir='ltr'><strong>quis</strong></span> <span class='ocrx_word' id='word_1_621' title='bbox 3042 4325 3426 4386; x_wconf 88' lang='lat' dir='ltr'><strong>certissimus</strong></span> 
     </span>
     <span class='ocr_line' id='line_1_100' title="bbox 1880 4417 3421 4496; baseline 0.002 -20"><span class='ocrx_word' id='word_1_622' title='bbox 1880 4420 2045 4477; x_wconf 89' lang='lat' dir='ltr'><strong>esset</strong></span> <span class='ocrx_word' id='word_1_623' title='bbox 2074 4435 2252 4477; x_wconf 88' lang='lat' dir='ltr'><strong>suam</strong></span> <span class='ocrx_word' id='word_1_624' title='bbox 2281 4417 2692 4479; x_wconf 90' lang='lat' dir='ltr'><strong>monitionem</strong></span> <span class='ocrx_word' id='word_1_625' title='bbox 2722 4417 3112 4496; x_wconf 86' lang='lat' dir='ltr'><strong>profuturam</strong></span> <span class='ocrx_word' id='word_1_626' title='bbox 3143 4419 3421 4494; x_wconf 85' lang='lat' dir='ltr'><strong>omnino,</strong></span> 
     </span>
     <span class='ocr_line' id='line_1_101' title="bbox 1881 4510 3423 4591; baseline 0.001 -20"><span class='ocrx_word' id='word_1_627' title='bbox 1881 4510 2204 4572; x_wconf 88' lang='lat' dir='ltr'><strong>teneretur</strong></span> <span class='ocrx_word' id='word_1_628' title='bbox 2231 4510 2401 4571; x_wconf 90' lang='lat' dir='ltr'><strong>illam</strong></span> <span class='ocrx_word' id='word_1_629' title='bbox 2428 4511 2846 4591; x_wconf 79' lang='lat' dir='ltr'><strong>praemittere:</strong></span> <span class='ocrx_word' id='word_1_630' title='bbox 2877 4512 2932 4572; x_wconf 90' lang='lat' dir='ltr'><strong>si</strong></span> <span class='ocrx_word' id='word_1_631' title='bbox 2961 4531 3110 4573; x_wconf 89' lang='lat' dir='ltr'><strong>vero</strong></span> <span class='ocrx_word' id='word_1_632' title='bbox 3142 4531 3263 4573; x_wconf 91' lang='lat' dir='ltr'><strong>non</strong></span> <span class='ocrx_word' id='word_1_633' title='bbox 3296 4531 3423 4574; x_wconf 91' lang='lat' dir='ltr'><strong>om-</strong></span> 
     </span>
     <span class='ocr_line' id='line_1_102' title="bbox 1882 4601 3425 4681; baseline 0.003 -20"><span class='ocrx_word' id='word_1_634' title='bbox 1882 4601 2029 4664; x_wconf 90' lang='lat' dir='ltr'><strong>nino</strong></span> <span class='ocrx_word' id='word_1_635' title='bbox 2061 4608 2267 4665; x_wconf 89' lang='lat' dir='ltr'><strong>certus</strong></span> <span class='ocrx_word' id='word_1_636' title='bbox 2297 4607 2479 4681; x_wconf 85' lang='lat' dir='ltr'><strong>esset,</strong></span> <span class='ocrx_word' id='word_1_637' title='bbox 2510 4608 2829 4666; x_wconf 85' lang='lat' dir='ltr'><strong>teneretur</strong></span> <span class='ocrx_word' id='word_1_638' title='bbox 2858 4603 3067 4666; x_wconf 87' lang='lat' dir='ltr'><strong>statim</strong></span> <span class='ocrx_word' id='word_1_639' title='bbox 3099 4604 3425 4667; x_wconf 90' lang='lat' dir='ltr'><strong>denuntia-</strong></span> 
     </span>
     <span class='ocr_line' id='line_1_103' title="bbox 1884 4696 3429 4760; baseline 0.001 -5"><span class='ocrx_word' id='word_1_640' title='bbox 1884 4713 1952 4756; x_wconf 91' lang='lat' dir='ltr'><strong>re</strong></span> <span class='ocrx_word' id='word_1_641' title='bbox 1973 4696 2072 4757; x_wconf 80' lang='lat' dir='ltr'><strong>vel</strong></span> <span class='ocrx_word' id='word_1_642' title='bbox 2103 4715 2424 4758; x_wconf 89' lang='lat' dir='ltr'><strong>accusare.</strong></span> <span class='ocrx_word' id='word_1_643' title='bbox 2490 4698 2782 4760; x_wconf 88' lang='lat' dir='ltr'><strong>Nostram</strong></span> <span class='ocrx_word' id='word_1_644' title='bbox 2810 4702 3023 4760; x_wconf 89' lang='lat' dir='ltr'><strong>tamen</strong></span> <span class='ocrx_word' id='word_1_645' title='bbox 3053 4698 3429 4760; x_wconf 87' lang='lat' dir='ltr'><strong>sententiam</strong></span> 
     </span>
     <span class='ocr_line' id='line_1_104' title="bbox 1885 4788 3430 4871; baseline 0.001 -22"><span class='ocrx_word' id='word_1_646' title='bbox 1885 4788 2123 4868; x_wconf 85' lang='lat' dir='ltr'><strong>absque</strong></span> <span class='ocrx_word' id='word_1_647' title='bbox 2156 4809 2231 4851; x_wconf 87' lang='lat' dir='ltr'><strong>ea</strong></span> <span class='ocrx_word' id='word_1_648' title='bbox 2260 4790 2633 4854; x_wconf 88' lang='lat' dir='ltr'><strong>limitatione</strong></span> <span class='ocrx_word' id='word_1_649' title='bbox 2658 4837 2674 4869; x_wconf 89' lang='lat'><strong>,</strong></span> <span class='ocrx_word' id='word_1_650' title='bbox 2707 4790 2843 4853; x_wconf 84' lang='lat' dir='ltr'><strong>aliis</strong></span> <span class='ocrx_word' id='word_1_651' title='bbox 2873 4790 3076 4853; x_wconf 88' lang='lat' dir='ltr'><strong>citatis</strong></span> <span class='ocrx_word' id='word_1_652' title='bbox 3101 4791 3327 4871; x_wconf 89' lang='lat' dir='ltr'><strong>probat</strong></span> <span class='ocrx_word' id='word_1_653' title='bbox 3355 4810 3430 4851; x_wconf 81' lang='lat' dir='ltr'><strong>ex</strong></span> 
     </span>
     <span class='ocr_line' id='line_1_105' title="bbox 1887 4883 3425 4964; baseline 0.002 -22"><span class='ocrx_word' id='word_1_654' title='bbox 1887 4883 2167 4961; x_wconf 88' lang='lat' dir='ltr'><strong>professo</strong></span> <span class='ocrx_word' id='word_1_655' title='bbox 2200 4883 2535 4963; x_wconf 85' lang='lat' dir='ltr'><strong>Fagundez</strong></span> <span class='ocrx_word' id='word_1_656' title='bbox 2565 4889 2882 4964; x_wconf 71' lang='lat' dir='ltr'><strong>praecepto</strong></span> <span class='ocrx_word' id='word_1_657' title='bbox 2911 4886 3074 4947; x_wconf 80' lang='lat' dir='ltr'><strong>vm.</strong></span> <span class='ocrx_word' id='word_1_658' title='bbox 3108 4903 3202 4946; x_wconf 87' lang='lat' dir='ltr'><strong>ca.</strong></span> <span class='ocrx_word' id='word_1_659' title='bbox 3238 4901 3425 4945; x_wconf 81' lang='lat' dir='ltr'>va11.</span> 
     </span>
     <span class='ocr_line' id='line_1_106' title="bbox 1886 4977 3432 5058; baseline 0.001 -21"><span class='ocrx_word' id='word_1_660' title='bbox 1886 4995 2061 5037; x_wconf 91' lang='lat' dir='ltr'><strong>num.</strong></span> <span class='ocrx_word' id='word_1_661' title='bbox 2094 4979 2194 5040; x_wconf 66' lang='lat'><strong>46.</strong></span> <span class='ocrx_word' id='word_1_662' title='bbox 2231 4977 2518 5058; x_wconf 80' lang='lat' dir='ltr'><strong>quamvis</strong></span> <span class='ocrx_word' id='word_1_663' title='bbox 2549 4978 2717 5040; x_wconf 89' lang='lat' dir='ltr'><strong>enim</strong></span> <span class='ocrx_word' id='word_1_664' title='bbox 2750 4997 2827 5039; x_wconf 83' lang='lat' dir='ltr'><strong>ex</strong></span> <span class='ocrx_word' id='word_1_665' title='bbox 2856 4977 3161 5040; x_wconf 89' lang='lat' dir='ltr'><strong>charitate</strong></span> <span class='ocrx_word' id='word_1_666' title='bbox 3193 4977 3432 5057; x_wconf 87' lang='lat' dir='ltr'><strong>oblige-</strong></span> 
     </span>
     <span class='ocr_line' id='line_1_107' title="bbox 1882 5070 3431 5150; baseline 0.001 -21"><span class='ocrx_word' id='word_1_667' title='bbox 1882 5088 2027 5130; x_wconf 89' lang='lat' dir='ltr'><strong>mur</strong></span> <span class='ocrx_word' id='word_1_668' title='bbox 2056 5070 2136 5130; x_wconf 89' lang='lat' dir='ltr'><strong>ad</strong></span> <span class='ocrx_word' id='word_1_669' title='bbox 2171 5071 2642 5148; x_wconf 84' lang='lat' dir='ltr'><strong>procurandum</strong></span> <span class='ocrx_word' id='word_1_670' title='bbox 2687 5072 2924 5133; x_wconf 90' lang='lat' dir='ltr'><strong>bonum</strong></span> <span class='ocrx_word' id='word_1_671' title='bbox 2971 5070 3238 5150; x_wconf 85' lang='lat' dir='ltr'><strong>proximi</strong></span> <span class='ocrx_word' id='word_1_672' title='bbox 3289 5090 3431 5131; x_wconf 92' lang='lat' dir='ltr'><strong>cum</strong></span> 
     </span>
    </p>
   </div>
   <div class='ocr_carea' id='block_1_5' title="bbox 1884 5162 3434 5246">
    <p class='ocr_par' dir='ltr' id='par_1_9' title="bbox 1884 5162 3434 5246">
     <span class='ocr_line' id='line_1_108' title="bbox 1884 5162 3434 5246; baseline 0.003 -24"><span class='ocrx_word' id='word_1_673' title='bbox 1884 5163 2146 5223; x_wconf 90' lang='lat' dir='ltr'><strong>minimo</strong></span> <span class='ocrx_word' id='word_1_674' title='bbox 2177 5162 2312 5243; x_wconf 81' lang='lat' dir='ltr'><strong>ejus</strong></span> <span class='ocrx_word' id='word_1_675' title='bbox 2344 5163 2719 5229; x_wconf 87' lang='lat' dir='ltr'><strong>detrimento</strong></span> <span class='ocrx_word' id='word_1_676' title='bbox 2752 5187 2764 5228; x_wconf 76' lang='grc' dir='ltr'><em>τ</em></span> <span class='ocrx_word' id='word_1_677' title='bbox 2792 5165 2899 5246; x_wconf 88' lang='lat' dir='ltr'><strong>qui</strong></span> <span class='ocrx_word' id='word_1_678' title='bbox 2928 5170 3139 5227; x_wconf 89' lang='lat' dir='ltr'><strong>tamen</strong></span> <span class='ocrx_word' id='word_1_679' title='bbox 3166 5163 3434 5226; x_wconf 80' lang='lat' dir='ltr'><strong>intendit</strong></span> 
     </span>
    </p>
   </div>
   <div class='ocr_carea' id='block_1_6' title="bbox 1883 5255 3433 5434">
    <p class='ocr_par' dir='ltr' id='par_1_10' title="bbox 1883 5255 3433 5434">
     <span class='ocr_line' id='line_1_109' title="bbox 1883 5255 3432 5339; baseline 0.001 -22"><span class='ocrx_word' id='word_1_680' title='bbox 1883 5255 2120 5317; x_wconf 89' lang='lat' dir='ltr'><strong>bonum</strong></span> <span class='ocrx_word' id='word_1_681' title='bbox 2152 5274 2487 5318; x_wconf 89' lang='lat' dir='ltr'><strong>commune</strong></span> <span class='ocrx_word' id='word_1_682' title='bbox 2507 5305 2522 5335; x_wconf 93' lang='lat'><strong>,</strong></span> <span class='ocrx_word' id='word_1_683' title='bbox 2561 5260 2731 5339; x_wconf 88' lang='lat' dir='ltr'><strong>quod</strong></span> <span class='ocrx_word' id='word_1_684' title='bbox 2760 5260 3023 5320; x_wconf 86' lang='lat' dir='ltr'><strong>resultat</strong></span> <span class='ocrx_word' id='word_1_685' title='bbox 3051 5276 3126 5319; x_wconf 88' lang='lat' dir='ltr'><strong>ex</strong></span> <span class='ocrx_word' id='word_1_686' title='bbox 3158 5277 3231 5320; x_wconf 90' lang='lat' dir='ltr'><strong>eo</strong></span> <span class='ocrx_word' id='word_1_687' title='bbox 3264 5257 3432 5338; x_wconf 93' lang='lat' dir='ltr'><strong>quod</strong></span> 
     </span>
     <span class='ocr_line' id='line_1_110' title="bbox 1886 5348 3433 5434; baseline 0.001 -25"><span class='ocrx_word' id='word_1_688' title='bbox 1886 5348 2115 5410; x_wconf 88' lang='lat' dir='ltr'><strong>delicta</strong></span> <span class='ocrx_word' id='word_1_689' title='bbox 2152 5352 2491 5429; x_wconf 87' lang='lat' dir='ltr'><strong>puniantur</strong></span> <span class='ocrx_word' id='word_1_690' title='bbox 2510 5396 2526 5429; x_wconf 91' lang='lat'><strong>,</strong></span> <span class='ocrx_word' id='word_1_691' title='bbox 2562 5357 2632 5414; x_wconf 91' lang='lat' dir='ltr'><strong>ut</strong></span> <span class='ocrx_word' id='word_1_692' title='bbox 2657 5352 2883 5415; x_wconf 85' lang='lat' dir='ltr'><strong>timore</strong></span> <span class='ocrx_word' id='word_1_693' title='bbox 2912 5372 3116 5434; x_wconf 80' lang='lat' dir='ltr'><strong>poenae</strong></span> <span class='ocrx_word' id='word_1_694' title='bbox 3146 5351 3433 5413; x_wconf 88' lang='lat' dir='ltr'><strong>homines</strong></span> 
     </span>
    </p>
   </div>
   <div class='ocr_carea' id='block_1_7' title="bbox 1888 5442 3433 5527">
    <p class='ocr_par' dir='ltr' id='par_1_11' title="bbox 1888 5442 3433 5527">
     <span class='ocr_line' id='line_1_111' title="bbox 1888 5442 3433 5527; baseline 0.002 -25"><span class='ocrx_word' id='word_1_695' title='bbox 1888 5442 2331 5505; x_wconf 85' lang='lat' dir='ltr'><strong>deterreantur</strong></span> <span class='ocrx_word' id='word_1_696' title='bbox 2364 5462 2399 5504; x_wconf 88' lang='lat' dir='ltr'><strong>a</strong></span> <span class='ocrx_word' id='word_1_697' title='bbox 2429 5445 2710 5525; x_wconf 86' lang='lat' dir='ltr'><strong>delictis,</strong></span> <span class='ocrx_word' id='word_1_698' title='bbox 2775 5448 2984 5527; x_wconf 86' lang='lat' dir='ltr'><strong>potest</strong></span> <span class='ocrx_word' id='word_1_699' title='bbox 3030 5450 3433 5508; x_wconf 90' lang='lat' dir='ltr'><strong>contemnere</strong></span> 
     </span>
    </p>
   </div>
   <div class='ocr_carea' id='block_1_8' title="bbox 1893 5536 3432 5621">
    <p class='ocr_par' dir='ltr' id='par_1_12' title="bbox 1893 5536 3432 5621">
     <span class='ocr_line' id='line_1_112' title="bbox 1893 5536 3432 5621; baseline 0.001 -23"><span class='ocrx_word' id='word_1_700' title='bbox 1893 5536 2128 5598; x_wconf 85' lang='lat' dir='ltr'><strong>bonum</strong></span> <span class='ocrx_word' id='word_1_701' title='bbox 2173 5537 2490 5616; x_wconf 89' lang='lat' dir='ltr'><strong>privatum</strong></span> <span class='ocrx_word' id='word_1_702' title='bbox 2546 5544 2804 5621; x_wconf 90' lang='lat' dir='ltr'><strong>propter</strong></span> <span class='ocrx_word' id='word_1_703' title='bbox 2853 5540 2971 5603; x_wconf 82' lang='lat' dir='ltr'><strong>hoe</strong></span> <span class='ocrx_word' id='word_1_704' title='bbox 3000 5540 3237 5604; x_wconf 89' lang='lat' dir='ltr'><strong>bonum</strong></span> <span class='ocrx_word' id='word_1_705' title='bbox 3268 5558 3432 5602; x_wconf 91' lang='lat' dir='ltr'><strong>com-</strong></span> 
     </span>
    </p>
   </div>
   <div class='ocr_carea' id='block_1_9' title="bbox 3581 2840 3647 2899">
    <p class='ocr_par' dir='ltr' id='par_1_13' title="bbox 3581 2840 3647 2899">
     <span class='ocr_line' id='line_1_113' title="bbox 3581 2840 3647 2899; baseline -0.015 0"><span class='ocrx_word' id='word_1_706' title='bbox 3581 2840 3647 2899; x_wconf 85' lang='lat'><strong>81</strong></span> 
     </span>
    </p>
   </div>
   <div class='ocr_carea' id='block_1_10' title="bbox 3462 2966 3760 3065">
    <p class='ocr_par' dir='ltr' id='par_1_14' title="bbox 3462 2966 3760 3065">
     <span class='ocr_line' id='line_1_114' title="bbox 3463 2966 3758 3011; baseline -0.014 0"><span class='ocrx_word' id='word_1_707' title='bbox 3463 2968 3549 3011; x_wconf 77' lang='lat' dir='ltr'><strong>Nec</strong></span> <span class='ocrx_word' id='word_1_708' title='bbox 3562 2967 3642 3011; x_wconf 81' lang='lat' dir='ltr'><strong>etia</strong></span> <span class='ocrx_word' id='word_1_709' title='bbox 3658 2980 3683 3008; x_wconf 88' lang='lat' dir='ltr'><strong>u</strong></span> <span class='ocrx_word' id='word_1_710' title='bbox 3708 2966 3758 3008; x_wconf 87' lang='lat' dir='ltr'><strong>ad</strong></span> 
     </span>
     <span class='ocr_line' id='line_1_115' title="bbox 3462 3021 3760 3065; baseline -0.01 -1"><span class='ocrx_word' id='word_1_711' title='bbox 3462 3021 3760 3065; x_wconf 74' lang='lat' dir='ltr'><strong>accusationem</strong></span> 
     </span>
    </p>
   </div>
  </div>
 </body>
</html>
