4263 6376
860 244 976 302 148

855 417 1093 493 ximuS,
1153 416 1301 496 quia
1354 417 1655 497 praevalet
1722 418 1981 478 affectus
2043 416 2388 496 sanguiniS‚

857 511 1024 591 quod
1054 516 1264 571 tamen
1296 510 1554 585 intelligi
1585 510 1773 571 debet
1804 511 1914 569 nisi
1948 530 2020 570 ex
2041 511 2246 570 verbis
2269 516 2393 570 tes-

855 604 1073 665 tatoris
1103 607 1418 664 constaret
1459 603 1658 681 pietas
1687 603 1876 680 legati
1912 623 1924 664 :
1977 604 2028 662 si
2057 622 2207 664 vero
2237 603 2394 662 defi-

855 697 1022 757 ciant
1049 695 1531 773 consanguinem
1560 696 1761 756 solum
1795 714 1904 774 pro
1938 716 2122 772 nune,
2160 696 2394 757 debent

854 789 1212 850 conservari
1257 788 1495 849 reditus
1537 788 1619 849 ad
1664 789 1971 850 dotandus
2001 793 2219 868 postea
2249 808 2388 867 quae

854 888 1070 954 erunt;
1105 899 1226 942 non
1259 881 1424 940 enim
1453 881 1648 942 voluit
1668 885 1929 943 testator
1947 881 2115 961 quod
2147 882 2231 942 ita
2261 882 2391 942 alli-

853 979 1109 1053 garetur
1139 975 1216 1034 ad
1249 974 1367 1034 hoc
1398 980 1665 1052 tempus,
1700 978 1769 1036 ut
1798 993 1872 1037 eo
1892 979 2207 1037 transacto
2237 975 2391 1036 solvi

855 1087 976 1128 non
1008 1068 1288 1128 deberet.

589 1174 706 1232 292
933 1160 1267 1222 Dubitatur
1286 1177 1475 1235 none,
1511 1159 1573 1219 in
1592 1159 1800 1238 legato
1823 1160 2035 1221 relicto
2060 1160 2140 1220 ad
2167 1160 2392 1239 orpha-

504 1297 539 1340 0
590 1300 785 1340 innon-um
853 1271 999 1327 neS‚
1042 1254 1150 1332 qui
1180 1252 1609 1331 orphanorum
1638 1253 1892 1313 nomine
1922 1253 2391 1330 intelligantur?

519 1311 692 1445 ,ιῖξυιιῗμο
715 1352 783 1445 «ιῖιὶ
852 1346 1062 1425 Aliqui
1086 1346 1251 1405 enim
1275 1345 1437 1406 hanc
1459 1363 1678 1406 vocem
1709 1346 2019 1424 explicant
2038 1346 2115 1405 de
2139 1353 2388 1409 carente

519 1418 603 1445 ’Μ
638 1417 733 1459 ’ω
756 1418 804 1446 '¹‘
855 1443 1120 1518 utroque
1142 1441 1425 1517 parente,
1461 1438 1563 1498 alii
1596 1438 1675 1498 de
1706 1458 1780 1499 eo
1812 1438 1918 1517 qui
1949 1443 2119 1500 caret
2146 1445 2384 1514 matre;

853 1531 962 1591 sed
994 1531 1161 1609 quod
1193 1530 1416 1590 attinet
1456 1529 1536 1591 ad
1575 1549 1709 1591 rem
1757 1536 2127 1609 praesentem
2151 1580 2165 1609 ‚
2219 1552 2391 1594 com-

852 1624 1125 1684 muniter
1154 1622 1521 1700 intelligitur
1563 1623 1640 1683 de
1684 1624 2009 1701 impubere
2055 1627 2162 1704 qui
2210 1634 2386 1705 patre

852 1722 1023 1777 caret
1042 1763 1057 1792 ,
1102 1721 1173 1777 ut
1202 1735 1275 1775 ex
1306 1716 1624 1776 communi
1657 1716 1983 1777 doctorum
2013 1718 2199 1781 docet
2227 1721 2384 1781 San-

851 1808 1001 1868 chez
1031 1827 1167 1887 cap.
1204 1810 1248 1869 1.
1286 1808 1434 1869 dub.
1471 1824 1639 1869 Lxm.
1676 1827 1847 1870 num.
1881 1814 1940 1870 4.
1977 1814 2115 1871 et5.
2153 1812 2254 1892 qui
2287 1831 2386 1872 ex-

851 1901 1001 1980 cipit
1028 1902 1306 1980 legatum
1350 1918 1462 1978 pro
1511 1901 1882 1962 maritandis
1909 1904 2128 1982 puellis
2159 1906 2388 1984 orpha-

851 1995 984 2068 nis;
1034 2014 1176 2054 cum
1210 1993 1377 2053 enim
1424 1993 1521 2054 hae
1552 2012 1675 2054 non
1706 1996 1948 2073 possint
1975 1997 2212 2056 nubere
2243 2003 2386 2060 ante

848 2088 1265 2167 pubertatem,
1298 2086 1669 2164 intelligitur
1697 2087 1774 2147 de
1805 2088 2103 2166 orphanis
2135 2091 2388 2168 puberi-

848 2181 987 2241 buS.
1036 2183 1238 2252 Quare
1286 2179 1452 2239 idem
1483 2179 1820 2241 dicendum
1847 2181 2003 2240 mihi
2031 2182 2279 2243 videtur
2309 2184 2385 2243 de

845 2274 1052 2352 legato
1097 2273 1176 2334 acl
1220 2272 1528 2334 dotandus
1569 2272 1883 2352 orphanas
1912 2274 1991 2334 ad
2032 2275 2386 2354 ingressum

848 2366 1164 2445 religionis
1183 2412 1199 2443 ,
1251 2385 1394 2427 cum
1436 2366 1626 2427 etiam
1655 2371 1801 2428 ante
1831 2368 2229 2446 pubertatem
2259 2389 2383 2430 non

847 2458 1092 2537 possint
1136 2459 1466 2520 commode
1514 2458 1886 2538 religionem
1932 2460 2214 2539 ingredi,
2266 2463 2382 2522 nisi

845 2552 1041 2612 multo
1074 2557 1354 2629 tempore
1385 2555 1714 2629 expectare
1745 2552 2017 2614 debeant
2041 2554 2120 2613 ad
2151 2555 2382 2633 profes-

845 2646 1083 2706 sionem
1128 2643 1560 2704 emittendam.
1609 2647 1702 2704 An
1734 2662 1884 2705 vero
1932 2645 2231 2723 orphana}
2271 2667 2383 2727 ap·

846 2738 1182 2816 pellatione
1212 2736 1459 2813 veniat,
1507 2756 1647 2816 quae
1677 2740 1921 2816 patrem
1950 2738 2142 2801 habet
2167 2759 2382 2801 amen-

845 2837 995 2907 tem,
1028 2831 1307 2891 dicemus
1337 2834 1489 2890 sect.
1523 2847 1662 2891 xm.

597 2940 713 2998 293
927 2923 1258 2985 Dubitatur
1299 2923 1584 2999 decimo,
1638 2942 1719 2983 an
1771 2924 2051 3002 legatum
2091 2926 2379 2988 relictum

498 3063 695 3118 Legatum
766 3078 793 3109 ο
846 3016 1191 3096 virginibus
1225 3015 1608 3094 pauperibus
1649 3015 1726 3075 ad
1756 3016 2036 3094 nuptiae,
2083 3018 2279 3097 possit
2305 3019 2379 3078 iis

498 3118 649 3172 nuptiis
684 3078 790 3174 9⁸⁹¹:—
845 3110 981 3171 dari
1009 3129 1149 3192 quae
1179 3109 1399 3171 nolunt
1424 3109 1661 3169 nubere
1681 3154 1697 3185 ‚
1750 3112 1819 3170 ut
1846 3109 2002 3169 fiant
2028 3110 2380 3190 religiosae?

495 3183 792 3288 fpffiil'ffssssa
842 3206 1174 3267 Affirmant
1201 3203 1430 3283 aliqui,
1480 3221 1637 3283 quos
1667 3205 1850 3265 affert
1878 3204 2159 3265 Sanchez
2186 3206 2292 3266 lib.
2328 3222 2372 3267 1.

524 3280 766 3375 mffiffl‘
841 3298 911 3360 de
934 3298 1200 3359 matrim.
1236 3297 1398 3376 disp.
1425 3312 1645 3357 xxxm.
1681 3315 1853 3358 num.
1878 3300 1978 3357 31.
2015 3298 2242 3376 quibus
2272 3300 2377 3359 ad-

514 3385 768 3442 religionem.
841 3392 918 3452 de
948 3394 1218 3466 Nattam,
1243 3390 1559 3465 Boerium,
1595 3389 2042 3467 Ochagaviam,
2078 3392 2377 3451 Basiliam

843 3484 1166 3559 Pontium,
1220 3487 1283 3544 et
1323 3482 1499 3558 alioS,
1552 3499 1708 3560 quos
1752 3484 1951 3558 affert,
1994 3486 2057 3544 et
2096 3486 2378 3562 sequitur

837 3579 1035 3639 Diana
1058 3581 1213 3637 tom.
1248 3577 1351 3636 IV.
1388 3580 1570 3636 tract.
1606 3591 1737 3637 xlv.
1773 3574 2013 3636 miscell.
2050 3577 2237 3638 resol.
2270 3581 2369 3639 35.

836 3688 1102 3751 quorum
1160 3668 1548 3747 praecipuum
1604 3667 2083 3730 fundamentum
2143 3676 2236 3730 est
2299 3691 2372 3731 ex

835 3762 1210 3825 Anthentico
1240 3760 1310 3821 de
1334 3759 1708 3821 sanctissimis
1745 3760 2023 3841 episcopis
2062 3763 2118 3841 ἓ.
2172 3762 2296 3822 Sed
2319 3773 2373 3824 et

836 3855 944 3921 Ιιοι·
986 3854 1281 3937 proesenti,
1334 3854 1523 3915 collat
1571 3870 1655 3918 1x.
1718 3853 1823 3913 ubi
1876 3853 1940 3914 id
1987 3853 2367 3935 decernitur,

834 3951 1084 4030 quando
1112 3951 1389 4028 legatum
1419 3946 1730 4026 ejusmodi
1760 3947 2136 4026 relinquitur
2155 3966 2361 4027 perso·

833 4063 929 4105 nae
960 4042 1387 4104 determinata».
1418 4045 1480 4100 et
1506 4045 1696 4100 certae
1733 4059 1745 4099 :
1781 4040 2004 4099 eadem
2034 4044 2248 4101 autem
2277 4042 2369 4101 vi-

833 4138 1017 4198 detur
1044 4154 1178 4196 esse
1206 4134 1365 4195 ratio
1396 4180 1411 4210 ,
1464 4133 1719 4212 quando
1749 4131 2124 4211 relinquitur
2152 4152 2367 4212 perso-

833 4247 928 4291 nae
958 4229 1209 4289 incertae
1235 4247 1249 4288 ε
1283 4226 1431 4306 quia
1459 4227 1619 4286 sicut
1646 4224 1932 4303 inprime
1963 4242 2110 4286 casu
2133 4245 2363 4304 praesu-

830 4323 1019 4384 mitur
1059 4325 1320 4382 testator
1362 4319 1628 4380 voluisse
1685 4318 2221 4395 comprehendere
2265 4339 2363 4380 ca-

832 4431 969 4476 sum
1011 4414 1088 4474 de
1131 4414 1412 4492 ingressu
1457 4411 1808 4489 religioniS,
1872 4415 1937 4471 ut
1980 4416 2127 4471 tunc
2172 4412 2362 4474 etiam

828 4511 1104 4587 legatum
1133 4507 1423 4583 daretur,
1470 4506 1559 4564 sic
1600 4504 1892 4582 praesumi
1925 4504 2113 4567 debet
2140 4507 2362 4566 eadem

827 4603 1115 4662 voluntas
1159 4600 1221 4659 in
1250 4599 1525 4659 secundo
1558 4616 1743 4673 casu,
1787 4615 1931 4656 cum
1972 4597 2141 4657 idem
2185 4600 2362 4660 favor

826 4693 1111 4774 religioni
1140 4693 1364 4754 militet
1392 4691 1454 4751 in
1484 4696 1753 4769 utroque
1782 4708 1953 4750 casu.

907 4785 1267 4850 Communis
1310 4789 1545 4859 tamen,
1598 4787 1660 4842 et
1689 4781 1894 4842 verior
1920 4784 2228 4845 sententia
2258 4804 2362 4844 ne-

823 4885 931 4962 gat
957 4881 1096 4940 dari
1124 4897 1326 4958 posce,
1363 4895 1551 4956 quam
1584 4880 1800 4936 tenent
1830 4874 2163 4953 innumeri,
2200 4896 2359 4955 quos

821 4976 1023 5047 affert,
1059 4976 1121 5033 et
1144 4969 1430 5049 sequitur
1455 4967 1738 5029 Sanchez
1770 4966 1874 5026 ubi
1907 4986 2097 5045 supra
2126 4987 2233 5029 nu.
2255 4973 2354 5030 32.

823 5068 1047 5147 quibus
1077 5064 1239 5124 adde
1262 5065 1512 5131 Laram,
1534 5065 1596 5120 et
1620 5062 1869 5120 Petrum
1891 5061 2162 5136 Cenedo,
2190 5062 2359 5140 apud

818 5161 1083 5221 Dianam
1110 5158 1248 5218 loco
1279 5156 1489 5230 citato,
1526 5153 1631 5232 qui
1662 5152 1930 5230 probant
1960 5171 2034 5212 ex
2065 5154 2359 5214 differen-

819 5254 906 5315 tia
934 5252 1118 5313 unius
1147 5267 1328 5310 casus
1367 5246 1448 5309 ab
1480 5246 1676 5306 altero
1704 5265 1716 5305 :
1753 5262 1898 5303 nam
1931 5244 1991 5305 in
2023 5247 2224 5324 primo
2255 5264 2359 5308 ca-

818 5366 891 5408 su
913 5346 1189 5423 legatum
1220 5359 1346 5401 non
1368 5343 1574 5418 potest
1602 5336 1847 5415 impleri
1865 5337 1928 5396 in
1944 5339 2200 5417 propria
2219 5358 2355 5418 spe-

819 5440 935 5513 eie,
968 5454 1114 5497 cum
1138 5435 1241 5494 illa
1255 5433 1486 5494 femina
1515 5449 1639 5491 non
1671 5430 1967 5503 nubente,
2002 5449 2126 5492 non
2160 5432 2355 5509 possit

2002 240 2104 300 DE
2146 240 2179 302 J
2190 240 2500 301 US'PITIA
2548 240 2647 299 E'r
2688 239 2890 302 JURE

2494 418 2549 477 ei
2580 417 2736 493 dari,
2772 423 2834 479 et
2857 417 2998 478 ideo
3030 416 3124 478 ex‘
3151 421 3535 496 praesumpta
3562 417 3883 479 voluntate
3909 421 4024 478 tes·

2496 511 2709 571 ultoris
2758 511 2945 572 datur
2987 511 3191 570 eidem
3238 529 3545 589 personae,
3610 515 3676 571 ut
3725 516 4022 590 quantum

2493 603 2623 663 fieri
2657 604 2871 681 possit,
2909 604 3241 682 impleatur
3269 606 3404 683 ejus
3433 606 3745 665 voluntaS.
3777 607 3858 664 At
3879 622 4023 663 vero

2493 696 2553 755 in
2586 697 2862 756 secundo
2893 715 3041 757 casu
3087 698 3364 775 legatum
3410 702 3612 758 totum
3644 697 3889 774 impleri
3917 714 4025 774 po-

2492 793 2613 849 test
2655 788 2835 868 juxta
2888 790 3203 851 testatoris
3251 791 3656 866 voluntatem,
3716 808 3859 849 cum
3903 808 4024 849 non

2491 883 2677 942 fuerit
2702 883 2932 944 tactum
2966 882 3110 943 huic
3138 883 3407 958 feminae,
3442 883 3553 943 sed
3586 882 3661 942 iis
3692 902 3832 961 quae
3870 901 4026 960 nup-

2491 974 2704 1050 serint,
2765 982 2828 1036 et
2869 975 2988 1035 bac
3038 994 3162 1035 non
3213 977 3509 1051 nubente,
3568 976 3692 1036 sint
3718 975 3856 1035 aliae
3886 993 4027 1054 quae

2493 1067 2735 1128 nubant
2780 1073 2843 1129 et
2875 1068 3100 1146 quibus
3149 1067 3282 1127 dari
3329 1073 3558 1147 potest.
3619 1070 3764 1128 Haec
3811 1073 4025 1128 tamen

2492 1160 2648 1219 ratio
2681 1178 2804 1219 non
2836 1160 3079 1220 videtur
3119 1160 3268 1222 satis
3310 1161 3531 1221 efficax
3561 1161 3642 1221 ad
3691 1161 3852 1220 hanc
3881 1179 4024 1220 sen-

2490 1252 2751 1312 tentiam
2821 1253 3234 1331 probandam.
3296 1254 3503 1314 Primo
3526 1299 3541 1328 ,
3603 1254 3750 1333 quia
3821 1271 4026 1331 neque

2490 1345 2678 1405 etiam
2708 1346 2769 1405 in
2821 1346 3021 1424 prImo
3053 1365 3199 1407 casu
3249 1347 3546 1425 impletur
3585 1347 3876 1408 voluntas
3906 1352 4028 1406 tes-

2487 1438 2703 1498 tatoris
2734 1440 2793 1499 in
2842 1440 3070 1518 specie,
3124 1440 3235 1500 sed
3279 1441 3719 1519 praesumptive
3767 1440 3830 1499 in
3877 1458 4028 1499 casu

2489 1550 2614 1591 non
2661 1550 2953 1610 expresso
2988 1553 3002 1594 :
3036 1550 3185 1610 ergo
3235 1533 3422 1595 etiam
3467 1533 3743 1612 legatum
3773 1551 3888 1611 pro
3935 1531 4029 1590 in-

2487 1624 2672 1685 certis
2700 1625 2982 1703 personis
3010 1630 3221 1703 posset
3260 1625 3502 1704 impleri
3523 1645 3646 1687 non
3677 1626 3931 1687 omnino
3963 1624 4028 1682 in

2487 1717 2718 1794 speeie,
2762 1717 2871 1777 sed
2903 1718 2964 1776 in
3013 1718 3214 1777 forma
3261 1724 3665 1798 praesumpta,
3718 1736 3865 1778 cum
3897 1736 4026 1777 non

2487 1810 2694 1870 minus
2746 1810 2987 1871 censeri
3034 1811 3230 1882 possit
3278 1813 3540 1871 affectus
3595 1811 3916 1872 testatoris
3943 1811 4028 1869 ad

2485 1902 2852 1981 religionem
2880 1903 2944 1963 in
2972 1903 3248 1964 secundo
3297 1923 3444 1964 casu
3475 1922 3666 1983 quam
3693 1904 3761 1963 in
3787 1903 4019 1982 primo.

2487 1995 2746 2071 Deinde,
2780 1996 2929 2074 quia
2957 1996 3005 2055 si
3035 1997 3312 2075 legatum
3337 1997 3418 2058 sit
3442 1997 3676 2058 factum
3705 1996 3854 2057 huic
3881 2014 4025 2074 per-

2487 2105 2654 2147 sonae
2685 2088 2765 2149 ad
2815 2088 3082 2167 nuptiaS,
3132 2089 3219 2150 ita
3259 2094 3329 2150 ut
3368 2089 3501 2168 ipsa
3545 2109 3670 2150 non
3719 2089 4019 2163 nubente,

2486 2184 2765 2241 transeat
2802 2180 2878 2240 ad
2929 2180 3115 2240 aliam
3166 2186 3397 2242 certam
3460 2200 3813 2260 personam,
3873 2186 4021 2242 tune

2486 2273 2689 2351 prima
2719 2273 2998 2351 ingressa
3027 2274 3415 2353 religionem,
3451 2280 3660 2354 posset
3696 2275 3905 2335 adhuc
3931 2275 4022 2334 le·

2484 2371 2699 2444 gatum
2730 2366 2972 2444 impleri
3020 2366 3079 2426 in
3109 2367 3366 2446 propria
3402 2368 3606 2447 specie
3635 2367 3847 2428 dando
3874 2367 4020 2427 sub-

2485 2459 2697 2520 stituto
2721 2458 2900 2539 juxta
2950 2479 3307 2538 expressam
3354 2461 3620 2520 formam
3651 2481 3690 2521 a
3718 2466 4017 2522 testatore

2483 2552 2861 2630 assignatam
2888 2557 2986 2612 :et
3015 2557 3223 2612 tamen
3252 2558 3398 2613 tunc
3422 2554 3728 2614 retinetur
3756 2572 3793 2612 a
3814 2553 4016 2631 prima

2485 2644 2739 2719 femina,
2783 2648 2852 2705 ut
2907 2644 3217 2705 deciditur
3261 2646 3324 2705 in
3374 2646 3540 2706 dicto
3582 2646 4011 2707 Authentico:

2482 2756 2632 2816 ergo
2682 2737 2841 2797 ratio
2899 2737 3080 2799 dieta}
3126 2738 3461 2800 decisionis
3535 2745 3815 2814 nonest,
3871 2739 4015 2818 quia

2478 2832 2755 2909 legatum
2795 2849 2916 2891 non
2963 2835 3169 2910 potest
3204 2836 3348 2891 tunc
3391 2832 3635 2911 impleri
3664 2833 3727 2892 in
3779 2833 4009 2910 specie,

2471 2924 2651 3004 juxta
2680 2924 3062 2985 voluntatem
3108 2925 3444 3000 testatoris,
3477 2924 3589 2985 sed
3640 2925 3810 2985 solus
3841 2926 4013 2985 favor

2477 3017 2816 3095 religionis
2850 3018 3055 3079 Tertio
3077 3017 3369 3095 denique,
3396 3019 3543 3096 quia
3570 3017 3769 3097 gratis
3788 3018 4010 3079 utrius-

2477 3129 2598 3191 que
2625 3110 2946 3171 sententiae
2992 3113 3280 3170 auctores
3310 3116 3675 3190 supponunt
3701 3111 4008 3172 rationem

2478 3203 2639 3263 illius
2685 3203 2839 3280 legis
2893 3203 3081 3263 fuisse
3131 3209 3578 3283 praesumptam
3622 3203 4005 3265 voluntatem

2475 3298 2788 3357 testatoris
2822 3317 2834 3356 :
2870 3315 3181 3375 nusquam
3212 3296 3379 3357 enim
3428 3297 3489 3357 in
3523 3314 3597 3357 eo
3627 3296 4002 3358 Anthentico

2474 3390 2615 3450 talis
2661 3389 2820 3449 ratio
2875 3389 3179 3466 redditur,
3232 3390 3340 3450 sed
3387 3390 3593 3469 potius
3637 3390 4006 3470 supponitur

2476 3483 2684 3543 induci
2714 3484 2819 3561 jus
2849 3501 3082 3543 novum
3110 3482 3191 3543 ob
3237 3484 3518 3544 favorem
3566 3483 3908 3562 religionis,
3945 3490 4001 3541 et

2475 3576 2614 3636 ideo
2659 3577 2852 3637 utitur
2895 3575 3238 3655 imperator
3274 3577 3481 3637 verbis
3528 3577 3667 3651 illis,
3721 3576 3997 3650 volumus,

2471 3668 2791 3744 sancitum,
2826 3673 2946 3731 etc.
2996 3686 3135 3747 quae
3190 3687 3314 3730 non
3371 3675 3518 3732 sunt
3566 3670 3994 3743 declaratoria‚

2472 3762 2580 3821 sed
2611 3761 2978 3823 decretoria.
3026 3760 3319 3841 Alioquin
3369 3763 3417 3822 si
3468 3763 3627 3825 ratio
3657 3763 3816 3841 legis
3842 3768 4001 3822 esset

2470 3854 2908 3933 praesumptiO,
2962 3854 3131 3933 quod
3189 3859 3449 3917 testator
3497 3855 3677 3917 malit
3726 3855 3995 3935 legatum

2469 3946 2714 4026 impleri
2742 3947 2804 4006 in
2846 3946 3101 4026 propria
3141 3947 3368 4024 specie,
3411 3951 3484 4009 ut
3534 3955 3822 4010 auctores
3863 3966 3996 4007 sen-

2467 4040 2677 4100 tentiae
2722 4039 2956 4116 volunt,
3004 4058 3127 4099 non
3177 4039 3434 4101 deberet
3479 4041 3537 4100 in
3585 4041 3712 4101 fine
3752 4041 3907 4100 illius
3931 4041 3989 4118 ἓ.

2465 4132 2598 4192 fieri
2631 4132 2912 4211 exceptio
2955 4132 3083 4208 illa,
3130 4132 3299 4211 quod
3346 4133 3585 4195 scilicet
3615 4133 3734 4195 hoc
3782 4134 3994 4195 decre-

2464 4231 2597 4287 tum
2627 4244 2748 4285 non
2783 4225 3013 4285 habeat
3038 4225 3269 4301 locum,
3305 4227 3557 4304 quando
3593 4227 3693 4287 ille
3724 4227 3828 4307 qui
3854 4227 3991 4286 reli-

2462 4317 2712 4396 gionem
2741 4317 3108 4394 ingreditur,
3140 4317 3411 4379 debebat
3448 4320 3772 4380 restituere
3801 4320 3990 4379 haere-

2464 4411 2722 4471 (litatem
2753 4410 2851 4469 vel
2882 4410 3160 4489 legatum
3190 4410 3369 4472 alteri
3399 4430 3604 4473 causae
3635 4413 3773 4491 piae,
3795 4413 3988 4472 sinon

2462 4504 2858 4564 contraheret
2880 4504 3349 4564 matrimonium
3368 4550 3384 4580 ,
3420 4505 3517 4566 vel
3544 4506 3595 4565 si
3623 4506 3754 4566 sine
3778 4505 3988 4565 liberis

2463 4596 2842 4657 decederet:
2887 4595 3035 4674 quia
3090 4596 3385 4656 nimirum
3438 4598 3620 4659 favor
3674 4598 3984 4677 religionis

2459 4694 2714 4768 propter
2743 4706 2928 4766 quem
2959 4688 3055 4747 lex
3077 4688 3230 4749 illud
3255 4688 3553 4767 decrevit,
3579 4709 3702 4751 non
3723 4690 3986 4752 debebat

2461 4781 2637 4842 alteri
2667 4799 2871 4841 causae
2893 4780 3202 4859 religiosae
3232 4783 3669 4860 praejudicare.

2541 4876 2629 4934 Ex
2658 4873 2776 4933 hoc
2823 4877 3032 4934 autem
3073 4874 3207 4952 ipso
3237 4875 3490 4951 probari
3522 4882 3725 4954 potest
3742 4874 3983 4936 facilius

2461 4967 2808 5028 communis
2829 4972 2891 5027 et
2909 4971 3121 5028 nostra
3136 4967 3444 5029 sententia
3463 4990 3476 5030 :
3499 4971 3648 5048 quia
3666 4968 3982 5048 dispositio

2457 5060 2621 5120 illius
2665 5059 3024 5120 Autlientici
3071 5061 3289 5138 procul
3339 5061 3529 5121 dubio
3583 5062 3841 5123 continet
3868 5059 3982 5139 jus

2458 5153 2964 5231 novum,etquod
2984 5158 3129 5213 ante
3153 5153 3304 5214 illud
3326 5155 3586 5232 editum,
3614 5153 3981 5215 servandum

2457 5264 2582 5306 non
2629 5250 2785 5321 erat,
2834 5250 2899 5307 ut
2946 5247 3140 5306 verba
3184 5246 3379 5325 ipsius
3404 5248 3563 5326 legis
3592 5252 3793 5327 aperte
3817 5245 3985 5305 indi-

2456 5342 2623 5415 cant,
2650 5356 2788 5417 quae
2819 5357 3047 5399 novam
3096 5339 3571 5418 dispositionem
3609 5338 3978 5418 significant,

2454 5436 2519 5493 et
2545 5450 2669 5492 non
2697 5450 2938 5492 meram
2968 5431 3456 5494 declarationem
3497 5432 3657 5513 juris
3686 5431 3980 5493 naturalis
