4263 6376
698 582 781 642 38

602 708 677 759 Ωιιι
664 706 720 757 i.d
739 717 814 760 ιιι·
778 706 897 748 non-1

623 762 761 823 juspa
739 766 866 802 atron

634 867 851 929 privilegio

650 922 850 964 ecclesia.

675 2544 752 2603 39

572 2666 692 2720 Quid,
709 2670 868 2724 quando

628 2723 760 2765 oritur
776 2736 825 2766 ex

613 2776 825 2820 voluntate

599 2828 840 2874 fundatoris.

630 4859 712 4916 40

597 4981 701 5035 Quid
722 4984 763 5026 in

574 5036 786 5101 beneficiis

602 5098 773 5134 curtus.

946 402 1064 463 582

1030 576 1177 637 Dico
1207 576 1408 656 primo
1427 623 1442 654 ,
1494 577 1745 656 quando
1768 578 1872 656 jus
1900 575 2321 656 praesentandi
2351 593 2474 635 non

949 669 1242 731 convenit
1285 673 1541 747 propter
1592 670 2026 731 fundationem
2078 688 2154 730 ex
2207 667 2476 749 propriis

598 819 791 856 onim-m
808 773 896 856 ⁸030
945 763 1146 838 bonis,
1180 762 1290 822 sed
1322 780 1396 822 ex
1425 763 1825 824 concessione
1861 762 2156 824 Ecclesiae
2186 762 2266 822 ob
2295 761 2475 821 meri-

944 859 1029 931 ta,
1063 856 1161 915 vel
1192 854 1360 915 aliud
1389 856 1620 928 simile;
1667 855 1890 916 eadem
1921 854 2216 932 obligatio
2266 858 2328 914 et
2376 871 2475 913 ea-

943 947 1088 1007 dem
1115 946 1390 1008 conditio
1439 948 1557 1008 erit
1585 947 1859 1026 eligendi
1884 947 2238 1025 digniorem
2268 946 2330 1005 in
2360 964 2476 1023 pa-

939 1045 1145 1116 trone,
1179 1058 1319 1119 quae
1347 1040 1565 1102 fuisset
1590 1041 1652 1100 in
1684 1040 1966 1117 ecclesia,
1994 1039 2043 1099 si
2066 1039 2172 1119 jus
2201 1038 2469 1117 eligendi

937 1133 1194 1213 plenum
1213 1132 1328 1193 sibi
1360 1133 1733 1194 retinuisset.
1767 1135 1915 1193 Haec
1943 1132 2193 1192 videtur
2221 1130 2470 1209 probari

938 1244 1013 1285 ex
1045 1226 1224 1287 dictis
1252 1230 1402 1287 sect.
1438 1243 1505 1287 11.
1541 1225 1688 1305 quia
1731 1226 2008 1287 Ecclesia
2055 1243 2182 1285 non
2228 1228 2473 1303 poterat

935 1319 1157 1380 saltem
1185 1318 1558 1396 regulariter
1601 1319 1886 1379 omittere
1935 1316 2285 1395 digniorem
2327 1335 2471 1396 pro-

935 1415 1077 1490 pter
1099 1410 1621 1486 inconvenientia,
1644 1414 1705 1471 et
1731 1410 2133 1471 incommoda
2153 1428 2294 1488 quae
2321 1410 2468 1469 inde

936 1504 1397 1583 sequebantur;
1448 1520 1572 1563 non
1603 1503 1804 1582 potuit
1828 1521 1977 1580 ergo
2025 1502 2088 1561 in
2131 1506 2467 1581 patronum

932 1595 1272 1657 transferre
1295 1594 1397 1673 jus
1427 1595 1695 1674 eligendi
1725 1595 1926 1674 magis
1954 1595 2243 1672 liberum,
2277 1613 2465 1673 quam

932 1690 1071 1768 ipsa
1098 1688 1409 1765 babebat,
1467 1688 1578 1748 sed
1618 1704 1761 1748 cum
1806 1686 2039 1747 eisdem
2082 1687 2376 1748 oneribus
2406 1692 2468 1748 et

933 1781 1417 1859 obligationibus
1465 1800 1478 1841 :
1532 1780 1731 1854 solum
1775 1779 1943 1839 enim
1988 1780 2194 1857 potuit
2237 1779 2465 1841 substi-

930 1879 1108 1935 tuere
1139 1873 1525 1934 voluntatem
1554 1872 1804 1957 patroni
1830 1918 1844 1947 ,
1899 1875 1968 1932 ut
2008 1871 2073 1931 id
2101 1872 2270 1952 quod
2301 1872 2464 1932 arbi-

927 1966 1046 2029 trio
1077 1965 1317 2045 praelati
1347 1965 1601 2025 suberat
1629 1964 1796 2025 circa
1823 1963 2312 2026 nominationem
2330 1984 2465 2043 per-

926 2076 1121 2134 sonae,
1154 2059 1438 2119 subesset
1467 2056 1721 2118 arbitrio
1750 2057 2000 2136 patroni
2046 2074 2060 2120 :
2094 2057 2283 2118 debet
2311 2075 2459 2137 ergo

926 2155 1230 2231 patronus
1291 2151 1352 2209 in
1411 2149 1716 2210 electione
1763 2149 2019 2209 easdem
2073 2150 2463 2211 conditiones

926 2262 1177 2305 servare
1208 2262 1362 2322 quas
1388 2242 1667 2304 Ecclesia
1698 2242 1862 2320 ipsa,
1898 2260 1974 2302 ex
2002 2244 2181 2322 cujus
2209 2260 2460 2304 conces-

926 2337 1099 2397 sione
1129 2336 1193 2395 id
1218 2335 1322 2415 jus
1353 2335 1562 2410 habet,
1588 2352 1842 2395 servare
1871 2334 2190 2396 debuisset
2217 2336 2295 2396 de
2316 2338 2459 2414 jure

925 2432 1188 2490 naturae.

1005 2523 1154 2583 Dico
1184 2520 1482 2597 secundo,
1514 2520 1566 2580 si
1596 2525 1896 2599 patronus
1925 2522 2005 2583 sit
2033 2540 2109 2581 ex
2137 2521 2457 2583 voluntate

921 2614 1290 2677 institutoris
1337 2613 1436 2674 cui
1485 2613 1797 2689 succedit,
1849 2617 1910 2675 et
1953 2614 2164 2693 quiex
2193 2616 2459 2694 propriis

920 2708 1101 2769 bonis
1127 2706 1501 2768 beneficium
1521 2705 1828 2783 fundavit,
1853 2707 2176 2785 probabile
2204 2713 2297 2769 est
2320 2726 2457 2786 pos-

921 2819 986 2862 se
1016 2801 1241 2880 ipsum,
1268 2799 1317 2860 si
1354 2800 1433 2860 ab
1462 2799 1813 2861 institutore
1842 2817 1966 2860 non
1997 2800 2308 2877 alligatur,
2343 2799 2456 2859 eli-

917 2913 1065 2973 gere
1096 2894 1297 2955 solum
1328 2892 1591 2971 dignum
1621 2911 1696 2953 ex
1723 2891 1798 2952 iis
1845 2911 1919 2952 ex
1948 2892 2175 2972 quibus
2215 2893 2455 2954 institu-

915 2991 1015 3048 tor
1041 2987 1238 3048 voluit
1265 2990 1329 3046 et
1355 3003 1429 3044 ex
1459 2983 1646 3046 modo
1690 3002 1813 3063 quo
1842 2988 2088 3064 poterat
2113 2985 2449 3046 institutor.

918 3079 1077 3151 Quia
1123 3078 1283 3139 sicut
1335 3078 1398 3137 in
1443 3076 1579 3137 aliis
1623 3077 1804 3137 bonis
1851 3077 2146 3157 relinquit
2194 3081 2454 3139 testator

916 3172 1204 3233 eamdem
1234 3173 1606 3250 potestatem
1626 3174 1688 3231 et
1711 3161 2068 3232 facultatem
2098 3171 2226 3232 suis
2256 3171 2455 3233 haere-

915 3265 1098 3325 dibus
1129 3264 1379 3345 qualem
1412 3267 1475 3324 et
1503 3266 1803 3344 quantam
1831 3264 1963 3343 ipse
1994 3264 2303 3337 habebat;
2364 3266 2453 3326 sic

911 3357 1126 3438 injure
1146 3361 1512 3437 patronatus
1539 3356 1742 3417 facere
1759 3356 2008 3418 videtur
2027 3375 2100 3417 eo
2126 3358 2260 3435 ipso
2283 3358 2451 3436 quod

910 3455 1245 3529 patronum
1274 3466 1699 3511 successorem
1742 3467 1877 3509 esse
1920 3450 2055 3510 vult
2102 3449 2168 3509 in
2198 3467 2272 3511 eo
2308 3450 2449 3530 jure

911 3543 1079 3623 quod
1105 3543 1240 3621 ipse
1275 3541 1498 3615 nabet,
1534 3541 1654 3601 nisi
1683 3540 1817 3620 ejus
1845 3541 2207 3603 facultatem
2236 3543 2448 3622 aliquo

907 3636 1096 3697 modo
1122 3635 1351 3696 limitet
1378 3637 1441 3695 et
1467 3634 1832 3696 moderetur
1860 3654 1873 3694 :
1925 3652 2250 3695 successor
2278 3637 2445 3696 enim

905 3732 1316 3809 repraesentat
1360 3745 1697 3807 personam
1727 3727 2087 3806 principalis
2120 3728 2183 3787 in
2213 3729 2287 3788 iis
2311 3777 2325 3805 ,
2383 3730 2446 3789 in

905 3822 1130 3904 quibus
1159 3821 1215 3881 ei
1246 3821 1543 3882 succedit.
1579 3820 1931 3881 Praesertim
1962 3838 2103 3880 cum
2134 3821 2445 3883 instituto-

902 3933 1003 3976 res
1031 3914 1151 3975 hoc
1173 3914 1314 3994 jure
1343 3918 1713 3993 patronatus
1761 3913 2071 3974 honorare
2100 3914 2294 3975 velint
2319 3915 2443 3975 fre-

903 4013 1170 4088 quenter
1195 4025 1323 4083 eos,
1362 4007 1470 4086 qui
1499 4006 1616 4067 sibi
1647 4006 1707 4066 in
1740 4005 1978 4067 familia
2006 4009 2070 4067 et
2094 4006 2232 4066 aliis
2260 4007 2440 4068 bonis

901 4100 1265 4176 succedunt,
1285 4103 1347 4161 et
1374 4100 1437 4160 in
1469 4117 1688 4160 eorum
1716 4099 1984 4177 gratiam
2006 4099 2111 4177 jus
2139 4104 2436 4179 patrona·

900 4198 1000 4257 tus
1029 4194 1117 4254 eis
1145 4193 1503 4272 relinquant
1550 4211 1562 4253 ε
1616 4192 1882 4252 multum
1928 4191 2095 4252 enim
2139 4192 2330 4254 refert
2358 4192 2437 4252 ad

900 4285 1333 4347 auctoritatem
1361 4283 1647 4363 patroni,
1696 4284 1865 4363 quod
1893 4302 2009 4363 pro
2035 4284 2208 4345 libito
2239 4286 2437 4363 possit

897 4378 1126 4458 eligere
1156 4395 1344 4458 quem
1374 4378 1636 4456 dignum
1665 4376 1933 4438 voluerit
1954 4423 1969 4453 ,
2006 4379 2069 4438 et
2097 4376 2217 4438 hoc
2245 4380 2430 4457 pacto

894 4489 1299 4533 remunerare
1328 4470 1616 4546 famulos„
1651 4469 2005 4549 gratificare
2034 4470 2273 4543 amiciS,
2309 4474 2430 4531 etc.

892 4568 1089 4628 totam
1140 4581 1291 4643 ergo
1340 4562 1504 4623 hanc
1551 4567 1925 4641 potestatem
1951 4564 2349 4641 praesumitur
2376 4563 2431 4623 ei

890 4661 1152 4720 testator
1176 4656 1559 4718 concessisse
1572 4656 1625 4716 si
1653 4657 1887 4735 potuit:
1913 4655 2190 4735 potuisse
2218 4660 2430 4718 autem

888 4751 938 4813 si
968 4752 1188 4827 voluit,
1222 4751 1499 4812 fatentur
1523 4750 1654 4810 fere
1685 4767 1925 4811 omnes.

967 4845 1118 4906 Dico
1145 4849 1355 4906 tamen
1385 4843 1606 4920 tertio,
1657 4842 1919 4904 facultas
1962 4843 2211 4922 patroni
2239 4843 2428 4905 etiam

884 4938 1029 5000 laici
1058 4957 1181 5000 non
1212 4956 1277 4998 es
1250 4941 1306 5000 st
1332 4939 1541 5013 tanta,
1602 4940 1670 4998 ut
1698 4936 1862 4997 circa
1903 4936 2209 4998 beneficia
2238 4938 2426 4999 etiam

882 5032 1183 5094 habentia
1212 5048 1434 5093 curam
1466 5029 1819 5090 animarum
1846 5012 2046 5108 possit
2092 5049 2205 5109 pro
2246 5030 2423 5092 libito

881 5127 1169 5188 omittere
1201 5124 1576 5204 digniorem.
1610 5125 1784 5183 Hanc
1806 5123 2271 5184 conclusionem
2287 5140 2427 5200 pro-

876 5219 1202 5283 bantmihi
1216 5216 1722 5298 imprimisverba
1734 5216 2012 5278 Trident.
2029 5235 2180 5277 5555.
2199 5218 2416 5279 XXIV.

863 5333 1002 5394 cap.
1046 5330 1091 5375 1.
1133 5311 1203 5374 de
1230 5312 1539 5392 reformat.
1570 5328 1763 5390 supra
1791 5309 2083 5387 adducta,
2108 5309 2216 5371 ubi
2240 5309 2423 5371 docet

878 5423 1098 5472 omnes
1154 5405 1260 5486 qui
1315 5405 1397 5466 ad
1445 5404 1907 5484 promotionem
1955 5404 2414 5483 episcoporum,

2096 400 2200 459 Dm
2241 399 2600 461 JUSTJTIA
2643 399 2742 458 ΕΤ
2786 398 2983 460 JURE

2577 592 2755 636 suam
2782 577 3102 654 praestant,
3134 591 3395 653 peccare
3426 569 3789 644 mortaliter,
3808 567 3904 628 nisi
3919 586 4027 648 qnos

2577 668 2892 746 digniores
2940 671 3002 728 et
3047 667 3336 728 Ecclesia}
3365 666 3569 743 magis
3592 661 3774 724 utiles
3790 660 4027 739 judicant,

2574 762 2809 840 praefiei
2837 761 3170 839 diligenter
3200 759 3592 829 curaverint;
3628 757 3693 815 in
3720 754 3921 834 quibus
3938 773 4032 814 ver-

2573 852 2669 913 bis
2694 852 2937 932 patroni
2970 853 3158 913 etiam
3188 852 3332 912 laici
3355 899 3371 928 ‚
3421 849 3526 930 qui
3551 849 3656 928 jus
3689 847 4032 928 praesentandi

2575 964 2969 1025 quacumque
2994 945 3236 1006 ratione
3283 945 3523 1004 habent
3563 941 3644 1001 ad
3688 940 4034 1019 episcopatus.

2574 1036 3024 1117 comprehendi
3050 1037 3361 1098 videntur.

2651 1132 2749 1192 Ad
2780 1132 2917 1192 haec
2943 1132 3136 1192 verba
3163 1129 3498 1210 dupliciter
3524 1127 3855 1207 respondet
3878 1128 4040 1186 Casta]

2571 1225 2676 1286 ubi
2705 1237 2893 1304 supra
2921 1243 3093 1286 num.
3131 1228 3224 1287 10.
3250 1223 3615 1303 Respondet
3637 1221 3844 1300 itaque
3868 1219 4040 1297 primo,
4079 1266 4090 1306 ἶ

2568 1317 2632 1377 in
2662 1336 2735 1378 eo
2766 1318 2969 1396 capite
2999 1336 3124 1378 non
3167 1318 3270 1396 agi
3326 1318 3405 1377 de
3453 1316 3530 1376 iis
3567 1314 3647 1375 ad
3680 1331 3835 1393 quos
3861 1317 4045 1390 spectat

2568 1409 2909 1471 nominatio
2933 1427 3044 1471 seu
3073 1409 3476 1487 praesentatio
3497 1456 3513 1484 ,
3565 1406 3679 1467 sed
3708 1406 3787 1465 de
3814 1405 3945 1465 solis
3967 1404 4045 1462 eli-
4087 1389 4090 1412 '

2564 1503 2876 1581 gentibus,
2911 1503 3128 1582 quales
3159 1521 3282 1563 non
3300 1505 3449 1562 sunt
3466 1500 3751 1579 patroni:
3778 1498 3931 1577 quod
3953 1498 4045 1556 ecl·

2561 1596 2699 1674 ligit
2726 1614 2800 1655 ex
2830 1595 3007 1656 initio
3038 1595 3322 1675 ejusdem
3342 1595 3591 1673 capitis,
3626 1593 3692 1652 in
3724 1609 3846 1671 quo
3871 1591 4046 1650 dicitur

2565 1687 3018 1749 elaborandum
3061 1706 3196 1748 esse
3220 1734 3236 1764 ,
3296 1692 3367 1748 ut
3418 1688 3478 1746 in
3520 1686 3794 1746 electione
3831 1685 4044 1763 episcopi

2565 1799 2686 1841 non
2716 1783 2980 1842 erretur.
3026 1782 3158 1841 Hoc
3196 1784 3410 1841 tamen
3460 1783 3558 1840 est
3598 1778 3821 1838 ludere
3845 1777 3927 1836 vel
3950 1777 4044 1835 elu-

2563 1873 2712 1933 dere
2741 1872 2948 1932 verbis
2980 1872 3236 1934 Concilii
3261 1920 3276 1948 ,
3339 1889 3479 1951 quae
3525 1870 3898 1932 universalia
3919 1877 4037 1938 sunt,

2562 1970 2624 2026 et
2652 1965 3076 2027 extenduntur
3105 1964 3183 2024 ad
3226 1984 3444 2026 omnes
3469 2012 3484 2041 ,
3547 1964 3662 2043 qui
3708 1978 4037 2042 quacumque

2560 2058 2801 2120 ratione
2830 2059 2909 2118 ad
2927 2058 3387 2137 promotionem
3401 2057 3847 2136 episcoporum
3862 2074 4036 2135 opem

2557 2171 2722 2211 suam
2740 2159 3032 2232 praestant
3086 2170 3110 2210 .·
3165 2151 3304 2229 quis
3347 2155 3564 2211 autem
3614 2151 3818 2228 magis
3843 2166 4035 2226 operam

2559 2248 2835 2324 praestat,
2871 2262 3062 2323 quam
3087 2248 3412 2322 patronuS,
3446 2261 3484 2302 a
3514 2261 3644 2322 quo
3678 2242 3786 2322 qui
3831 2260 4035 2319 praesec

2559 2341 2748 2412 tatur,
2783 2353 2908 2396 non
2937 2340 3143 2415 potest
3169 2354 3206 2394 a
3234 2338 3407 2413 Papa
3435 2335 3638 2413 rejici,
3659 2335 3717 2394 si
3734 2335 3939 2412 dignus
3958 2334 4038 2392 sil?

2564 2429 2874 2504 Secunde,
2909 2430 3057 2508 quia
3085 2428 3230 2489 licet
3253 2427 3398 2487 finis
3427 2427 3594 2487 illius
3627 2425 3863 2486 decreti
3886 2426 4036 2500 sit,u1

2556 2522 2621 2582 in
2650 2521 2952 2583 electione
2982 2538 3106 2581 non
3134 2526 3377 2582 erretur
3422 2540 3436 2581 :
3489 2519 3572 2580 ad
3602 2519 3731 2579 hoc
3755 2523 3944 2580 tamen
3966 2517 4038 2576 de-

2558 2620 2901 2676 cernuntur
2926 2614 3135 2674 media
3167 2613 3523 2674 necessaria
3551 2660 3566 2689 ,
3629 2618 3705 2674 ut
3750 2611 4041 2672 suntinim-

2554 2708 2885 2783 mationes,
2920 2707 3374 2786 inquisitioneS,
3403 2706 3777 2781 relationes,
3800 2711 3909 2767 ete.
3929 2705 4045 2764 inter

2558 2802 2678 2861 alia
2726 2805 2938 2861 autem
2977 2799 3184 2859 media
3232 2801 3615 2879 proponitur
3658 2799 3813 2858 illud
3859 2816 4044 2858 summe

2558 2894 2997 2968 necessarium,
3033 2897 3101 2953 ut
3128 2893 3364 2954 scilicet
3394 2893 3434 2953 ii
3466 2893 3576 2972 qui
3609 2892 3866 2972 aliquod
3885 2889 4044 2970 jasad

2554 2986 3012 3065 promotionem
3041 2985 3308 3061 habent,
3355 2985 3457 3044 vel
3488 2984 3708 3064 aliquo
3739 2984 3917 3045 modo
3940 3002 4046 3044 con-

2555 3082 2834 3155 currunt,
2869 3082 2978 3140 aut
3007 3097 3265 3157 operam
3294 3083 3626 3157 praestant,
3665 3078 4043 3139 recordentur.

2552 3173 2661 3234 sed
2692 3171 2921 3234 debere
2950 3172 3065 3233 sub
3093 3171 3339 3234 mortali
3370 3190 3747 3250 procurare,
3795 3170 3947 3251 quod
3970 3169 4048 3229 eli-

2552 3271 2781 3345 gantur
2807 3266 3096 3326 meliores
3124 3269 3187 3326 et
3215 3265 3557 3342 digniores.
3623 3266 3915 3337 Quamvis
3938 3280 4046 3339 erga

2550 3359 2913 3420 intendatur
2936 3359 3103 3419 bona
3122 3358 3363 3433 electi0,
3388 3357 3600 3436 potuit
3619 3363 3838 3419 tamen
3854 3356 3925 3418 ad
3941 3373 4045 3415 eun

2548 3451 2738 3511 finem
2770 3450 2872 3529 agi
2902 3450 2979 3511 de
3011 3450 3178 3512 bona
3221 3451 3719 3529 praesentatione
3743 3497 3760 3525 ,
3801 3469 3929 3529 que
3949 3466 4047 3507 ma·

2547 3543 2711 3605 xime
2740 3543 3092 3605 necessaria
3121 3549 3215 3604 est
3242 3543 3322 3603 ad
3350 3543 3591 3604 bonam
3622 3543 3987 3603 electionem.

2620 3636 2910 3698 Secundo
2943 3654 3093 3715 ergo
3124 3636 3498 3715 respondet,
3533 3635 3621 3696 ibi
3655 3637 3858 3697 solum
3882 3635 3969 3713 agi
3989 3636 4044 3692 de

2546 3730 2640 3808 iis,
2667 3730 2771 3809 qui
2804 3748 2878 3789 ex
2907 3729 3075 3789 sedis
3103 3728 3479 3809 Apostolicae
3511 3729 3846 3809 privilegio
3863 3728 4045 3808 jusha-

2545 3823 2696 3883 bent
2724 3822 3167 3900 praesentandi,
3186 3839 3309 3882 non
3343 3821 3423 3882 de
3446 3821 3523 3882 iis
3543 3822 3657 3901 qui
3679 3842 3757 3882 ex
3787 3821 4045 3899 majorum

2544 3915 2909 3976 fundatione
2940 3915 3002 3975 id
3032 3915 3288 3975 habent.
3337 3915 3545 3988 Quare
3568 3961 3584 3990 ,
3647 3915 3799 3976 licet
3824 3915 3904 3974 illi
3929 3912 4046 3973 obli·

2541 4014 2768 4087 gentur
2793 4009 2875 4069 ad
2903 4008 3413 4087 praesentandum
3455 4008 3820 4087 digniorem
3843 4055 3861 4082 ‚
3899 4004 4048 4067 1]ῑῶ-

2542 4101 2745 4162 ximus
2771 4101 3177 4163 conclusione
3207 4102 3411 4179 prima
3430 4147 3447 4177 ,
3481 4119 3613 4161 non
3645 4108 3860 4162 tamen
3888 4100 3942 4159 bi
3965 4097 4044 4176 qui

2541 4195 2742 4273 magis
2768 4194 3031 4255 liberam
3050 4198 3427 4273 potestatem
3446 4194 3711 4255 habent.
3739 4197 3886 4254 Haec
3900 4192 4044 4252 etim

2541 4288 2863 4368 responsio
2917 4287 3198 4367 rejicitur
3241 4287 3443 4366 primo
3471 4333 3488 4363 ,
3549 4287 3706 4366 quia
3745 4286 4044 4349 Concilium

2546 4398 2670 4441 non
2700 4380 2882 4457 dixit,
2945 4381 3052 4462 qui
3073 4399 3148 4441 ez·
3187 4380 3498 4461 privileqio
3530 4379 3704 4441 Sedis
3728 4376 4042 4460 Apostoli&

2525 4472 2633 4553 jus
2661 4473 2892 4550 habent,
2925 4473 3033 4534 sed
3056 4520 3071 4549 ,
3119 4473 3258 4554 quia
3286 4492 3322 4532 α
3351 4471 3505 4532 Sede
3527 4472 3879 4553 Apostolim
3899 4466 4045 4551 qund-

2538 4584 2781 4647 cumque
2792 4566 2923 4647 jus,
2957 4584 3321 4648 quacumque
3345 4566 3578 4625 ratione
3604 4565 3824 4625 habent
3867 4584 3891 4623 .·
3933 4579 4042 4622 cer·

2540 4663 2674 4721 tum
2704 4663 2798 4720 est
2827 4662 3057 4735 autem,
3092 4657 3538 4737 quodcumque
3559 4658 3668 4737 jus
3697 4660 4043 4736 praesentan-

2539 4753 2604 4814 di
2633 4753 2956 4833 episcopos
2985 4770 3119 4813 esse
3147 4770 3183 4811 a
3212 4752 3361 4811 sede
3390 4751 3779 4830 Apostolica,
3813 4750 3933 4808 sine
3955 4764 4042 4804 ea-

2531 4845 2634 4926 jus
2671 4846 3071 4907 concessione
3118 4844 3404 4905 fundatio
3449 4844 3587 4904 sola
3633 4844 3758 4905 tale
3796 4841 3897 4920 jus
3937 4854 4038 4898 nen

2536 4940 2738 5000 daret.
2775 4938 3065 5001 Secundo
3097 4938 3217 4998 hoc
3244 4937 3454 5016 ipsum
3486 4940 3735 4998 constat
3759 4953 3835 4996 ex
3860 4932 4037 4992 suffie—

2537 5031 2890 5113 quentibus,
2923 5030 2986 5090 in
3016 5030 3243 5110 quibus
3271 5048 3387 5108 pro
3415 5031 3584 5091 bona
3613 5028 3909 5090 electione
3933 5019 4036 5100 epi-

2530 5142 2904 5203 scoporum,
2939 5123 3016 5183 de
3047 5142 3171 5202 qua
3202 5141 3411 5183 sermo
3442 5123 3671 5199 fuerat,
3713 5116 4035 5181 decernitur

2531 5216 2994 5298 quomodofieri
3016 5215 3290 5277 debeant
3314 5215 3808 5289 informationeS,
3824 5220 3880 5271 et
3909 5226 4030 5287 qw-

2527 5310 2716 5371 modo
2761 5310 2823 5370 in
2871 5309 3240 5371 consistorio
3284 5308 3563 5370 debeant
3612 5304 3966 5381 subscript&
4001 5314 4028 5354 ³

2525 5408 2794 5483 quatuor
2838 5402 3263 5463 cardinalibus
3313 5400 3680 5482 praesentari
3734 5413 3872 5459 cum
3909 5390 4026 5451 ⁸55³

868 5499 1348 5583 quodcumque
1323 5518 1451 5577 Jus
1503 5516 1968 5578 quamcumque
2016 5497 2325 5559 rationem
2372 5516 2410 5557 a
2517 5497 2728 5558 multis
2758 5494 3263 5569 circumstantiis,
3285 5511 3428 5573 quae
3460 5510 3674 5556 omnes
3701 5510 3777 5551 ex
3803 5491 3858 5547 vi
3886 5483 4026 5544 illim

864 5594 1013 5657 sede
1043 5592 1405 5672 Apostolica
1423 5590 1676 5668 habent,
1707 5594 1816 5651 aut
1834 5590 2112 5671 alioquin
2144 5607 2406 5670 operam
2511 5590 2749 5653 decreti
2781 5592 3116 5652 servantur
3160 5588 3240 5650 de
3286 5588 3457 5650 facto
3503 5588 3567 5649 in
3594 5585 3888 5647 electione
3910 5591 4022 5653 φῦ·
