4263 6376
684 4832 721 4889 2

611 4956 784 5000 Multum

569 5009 740 5052 interest
758 5011 809 5053 nd

591 5064 792 5117 justitiam

560 5123 810 5168 contractus,

536 5171 651 5212 anisii
666 5172 834 5223 locatio,

536 5224 602 5265 vel
641 5223 830 5267 societas.

908 288 1026 347 468
2063 279 2168 339 DE
2211 278 2567 341 JUSTITIA
2611 279 2712 339 ET
2753 277 2952 339 JURE

908 459 1229 539 perficitur
1256 463 1399 521 ante
1421 457 1821 520 traditionem
1841 456 1940 516 vel
1969 455 2401 516 executionem
2424 473 2439 527 ;

911 553 1285 614 contributio
1328 570 1477 612 vero
1523 568 1912 630 consequens
1957 551 2051 609 est
2100 548 2267 608 solus
2296 548 2447 606 effe-

911 648 1047 705 ctus
1077 664 1151 704 ex
1180 648 1502 706 contractu
1531 643 1932 723 praecedenti,
1987 642 2092 721 qui
2141 642 2271 701 solo
2304 658 2448 700 con-

910 757 1094 798 sensu
1142 738 1411 798 exterius
1459 754 1752 814 expresso
1802 734 2043 810 verbiS,
2101 733 2200 793 vel
2257 732 2447 792 etiam

911 830 1207 908 epistoliS,
1252 830 1491 909 absque
1534 829 1655 889 alio
1714 828 2124 888 instrumento
2175 824 2268 885 vel
2301 823 2448 884 scri-

913 927 1096 1001 ptura
1121 922 1333 1000 perfici
1364 926 1589 1000 potest,
1626 925 1687 981 et
1715 938 1935 999 parere
1997 918 2446 995 obligationem

909 1021 1218 1076 mutuam.
1278 1012 1665 1076 contributio
1714 1017 1924 1073 autem
1986 1017 2079 1073 est
2135 1010 2449 1090 objectum

911 1108 991 1167 ad
1021 1126 1211 1187 quam
1241 1125 1365 1167 non
1411 1107 1750 1185 requiritur
1796 1111 1864 1167 ut
1892 1105 2119 1183 singuli
2160 1103 2310 1164 socii
2340 1122 2449 1183 pe-

911 1201 1160 1260 cuniam
1190 1200 1290 1260 vel
1338 1217 1583 1259 merces
1612 1199 2031 1273 contribuant,
2092 1197 2203 1257 sed
2244 1200 2450 1275 potest

910 1292 1249 1372 aliquando
1281 1292 1439 1352 alter
1467 1291 1841 1351 industriam
1863 1295 1924 1350 et
1943 1307 2202 1368 operam
2222 1288 2443 1363 solam,

911 1386 1069 1446 alter
1098 1385 1451 1464 pecuniam,
1502 1388 1807 1461 sumptuS,
1859 1387 1966 1442 aut
2012 1399 2254 1441 merces
2299 1398 2451 1441 con-

910 1477 1096 1537 ferre.
1157 1476 1429 1537 Additur
1471 1475 1551 1535 ad
1592 1493 1889 1534 commune
1917 1473 2165 1549 lucrum,
2219 1472 2447 1532 adhoc

914 1570 1082 1629 enim
1111 1570 1339 1646 singuli
1369 1569 1766 1629 contribuere
1797 1568 2050 1642 debent,
2105 1573 2172 1628 ut
2203 1566 2446 1626 lue-rum

913 1662 992 1722 sit
1021 1680 1374 1737 commune,
1426 1666 1488 1722 et
1534 1660 1943 1721 dividendum
1987 1677 2097 1738 pro
2147 1664 2285 1720 rata
2314 1659 2448 1736 ejus

908 1755 1103 1834 partis
1132 1772 1321 1834 quam
1343 1754 1572 1831 singuli
1595 1752 2090 1814 contribuerunt.
2124 1751 2304 1813 Unde
2323 1768 2446 1810 non

911 1851 1006 1908 est
1034 1848 1298 1906 societas
1327 1845 1437 1905 sed
1466 1845 1713 1920 locatio,
1767 1844 2019 1922 quando
2070 1863 2230 1903 unus
2268 1843 2447 1903 alteri

910 1938 1204 1999 animalia
1234 1938 1426 2000 tradit
1468 1939 1529 1997 in
1561 1937 1694 2015 ejus
1729 1937 2080 1997 custodiam
2109 1940 2173 1997 et
2201 1954 2441 2013 curam,

911 2033 1223 2109 assignato
1248 2030 1301 2090 ei
1334 2030 1642 2110 stipendio
1662 2049 1773 2107 pro
1799 2029 2014 2089 labore
2051 2050 2063 2089 :
2098 2033 2248 2089 tunc
2279 2029 2446 2087 enim

908 2125 1154 2184 lucrum
1184 2142 1307 2184 non
1339 2128 1433 2183 est
1462 2141 1795 2183 commune
1841 2123 1952 2182 sed
1982 2121 2442 2183 solius'condu-

909 2217 1119 2293 ctoriS,
1172 2216 1279 2295 qui
1303 2216 1502 2292 pretio
1533 2214 1848 2292 assignato
1895 2214 2192 2275 conducit
2218 2232 2446 2291 operas

911 2310 1185 2374 alteriue.
1221 2307 1398 2379 Quod
1430 2311 1632 2385 potest
1659 2308 1847 2367 etiam
1877 2307 2263 2385 contingere,
2300 2306 2446 2366 data

909 2419 1022 2479 pro
1050 2401 1263 2460 labore
1286 2403 1461 2477 parte
1493 2405 1663 2460 certa
1679 2400 1777 2459 vel
1805 2400 2082 2479 aliquota
2100 2400 2440 2475 fructuum,

909 2512 1034 2572 qua
1072 2492 1238 2571 juste
1268 2492 1661 2568 compensari
1707 2491 1995 2551 videatur
2040 2491 2219 2551 labor
2261 2495 2323 2551 et
2350 2491 2446 2549 in-

909 2585 1148 2646 dustria
1177 2582 1560 2643 adhibenda.
1621 2583 1798 2645 Sicut
1841 2602 1874 2643 e
1917 2587 2138 2643 contra
2172 2600 2298 2642 non
2329 2584 2447 2643 erit

906 2678 1171 2739 societas
1201 2677 1410 2751 etiam,
1446 2676 1702 2755 quando
1732 2694 1953 2754 capras
1974 2676 2070 2735 vel
2101 2694 2331 2754 pecora
2359 2675 2446 2735 al-

906 2771 1100 2833 terius
1128 2769 1451 2845 conduciS,
1504 2769 1709 2828 soluta
1747 2768 1800 2827 ei
1847 2768 2167 2845 pensione,
2219 2769 2442 2828 sivein

905 2863 1172 2942 pecunia
1214 2863 1344 2922 sive
1400 2862 1463 2920 in
1502 2865 1679 2940 parte
1719 2861 2057 2936 fructuum,
2119 2879 2192 2920 ea
2232 2866 2442 2922 tamen

905 2955 1249 3018 intentione
1279 2958 1349 3015 ut
1374 2955 1616 3014 lucrum
1648 2952 1727 3012 ad
1772 2956 1832 3013 te
1875 2953 2206 3031 pertineat,
2258 2958 2320 3014 et
2344 2971 2444 3013 so-

903 3048 1036 3108 lum
1084 3046 1301 3125 pensio
1345 3045 1424 3104 ad
1470 3045 1834 3116 dominum3
1894 3064 2034 3123 quae
2077 3045 2196 3106 erit
2236 3046 2442 3125 potius

906 3138 1261 3211 conductio,
1296 3136 1393 3197 vel
1425 3140 1594 3198 certe
1622 3138 1798 3217 quasi
1828 3136 2184 3214 conductiO,
2217 3138 2443 3217 sipen-

907 3232 998 3293 sio
1048 3250 1171 3292 non
1213 3231 1491 3291 solvatur
1544 3230 1606 3289 in
1648 3231 1943 3309 pecunia,
2002 3230 2112 3290 sed
2155 3231 2219 3290 in
2262 3235 2440 3310 parte

904 3325 1220 3385 fructuum
1251 3340 1390 3402 quae
1427 3324 1677 3401 proprie
1708 3342 1832 3384 non
1876 3327 1970 3383 est
1998 3325 2289 3401 pretium,
2323 3323 2434 3384 sed

906 3417 1083 3496 quasi
1122 3416 1413 3495 pretium.
1475 3417 1553 3475 Et
1603 3415 1859 3494 quidem
1915 3416 2166 3494 quando
2221 3417 2438 3494 pensio

903 3510 1003 3570 vel
1030 3528 1270 3569 merces
1297 3508 1591 3569 statuitur
1620 3513 1811 3586 certa,
1858 3530 1919 3570 v.
1953 3528 2014 3586 g.
2051 3513 2302 3570 centum
2333 3529 2438 3570 au-

900 3602 1015 3679 rei,
1051 3602 1145 3662 vel
1175 3607 1427 3662 centum
1456 3600 1624 3660 casei
1652 3600 1851 3677 librae,
1886 3607 2004 3662 etc.
2040 3607 2285 3663 constat
2313 3621 2437 3662 non

902 3713 1038 3754 esse
1068 3694 1463 3768 societatem,
1510 3693 1621 3752 sed
1658 3693 2033 3754 locationem
2073 3698 2182 3755 aut
2209 3695 2441 3755 condu-

902 3788 1192 3848 ctionem.
1254 3786 1515 3859 Quando
1573 3805 1720 3846 vero
1778 3805 1901 3847 non
1958 3787 2434 3864 determinatur,

898 3880 1010 3941 sed
1065 3879 1449 3958 promittitur
1484 3882 1658 3938 sexta
1715 3879 1814 3940 vel
1858 3884 2081 3941 octava
2136 3899 2279 3959 pars
2308 3881 2436 3940 fru-

899 3977 1134 4048 ctuum,
1195 3972 1394 4050 magis
1452 3971 1726 4031 dubitari
1778 3972 2007 4049 poterit
2062 3991 2141 4031 an
2199 3973 2439 4034 intenta

898 4066 1086 4126 fuerit
1113 4065 1377 4125 societas
1406 4063 1503 4123 vel
1535 4063 1889 4124 conductiO.
1927 4064 1992 4125 Si
2021 4083 2169 4125 vero
2201 4065 2438 4142 stipen-

900 4156 1008 4232 dii,
1067 4155 1397 4230 mercediS,
1454 4159 1564 4216 aut
1616 4156 1933 4234 pensionis
1987 4157 2221 4217 mentio
2269 4157 2438 4218 facta

898 4249 1085 4309 fuerit
1113 4249 1332 4309 saltem
1361 4248 1665 4323 virtualis,
1701 4266 1827 4309 non
1859 4248 2107 4310 videtur
2129 4248 2436 4328 judican-

899 4342 981 4403 da
1009 4342 1293 4417 societas,
1328 4341 1438 4400 sed
1470 4340 1803 4402 conductio
1834 4341 2159 4402 industria-3
2189 4360 2261 4402 ac
2291 4360 2435 4421 ope-

896 4453 1016 4509 rae3
1074 4434 1234 4494 sicut
1261 4453 1294 4493 e
1324 4438 1542 4494 contra
1583 4434 1751 4493 nulla
1780 4433 1885 4494 tali
1922 4434 2240 4495 mentione
2270 4435 2435 4496 facta

897 4545 1190 4606 expressa
1230 4530 1338 4587 aut
1373 4525 1642 4601 virtuali,
1703 4527 2103 4605 praesumitur
2140 4527 2426 4605 societaS,

896 4624 966 4681 ut
1011 4620 1238 4680 docent
1273 4618 1505 4679 Melina
1563 4618 1723 4696 disp.
1767 4622 1909 4680 411.
1971 4638 2234 4680 numero
2262 4622 2321 4681 3.
2372 4625 2434 4682 et

896 4713 1022 4777 alii.

975 4804 1261 4866 Advertit
1302 4808 1512 4864 autem
1541 4803 1705 4863 idem
1738 4803 1989 4880 Melina,
2032 4805 2301 4866 multum
2331 4825 2431 4866 re-

890 4899 1052 4958 ferre
1071 4897 1237 4976 quod
1259 4915 1403 4975 pars
1431 4896 1709 4975 aliquota
1728 4895 2042 4956 fructuum
2073 4898 2428 4976 assignetur

886 5010 999 5070 pro
1029 4990 1363 5068 stipendi0‚
1398 4993 1460 5050 et
1488 4988 1832 5064 sitlocati0‚
1868 4989 1965 5050 vel
1987 4990 2160 5069 quod
2185 4991 2425 5051 ratione

886 5101 1092 5163 operte
1122 5082 1488 5143 admittatur
1515 5081 1593 5140 ad
1625 5081 1985 5140 societatem
2027 5100 2040 5143 ε
2085 5086 2241 5158 tum,
2278 5084 2424 5162 quia

881 5177 945 5235 in
987 5176 1187 5254 primo
1246 5193 1391 5234 casu
1452 5176 1811 5234 contractus
1867 5192 1992 5232 non
2029 5173 2425 5253 judicaret-ur

871 5268 1051 5348 juxta
1079 5267 1249 5346 leges
1279 5266 1613 5341 societatis,
1647 5283 1762 5324 nec
1790 5267 2100 5326 frueretur
2130 5266 2264 5345 ejus
2295 5268 2422 5345 pri-

876 5361 1118 5439 vilegiis
1150 5379 1164 5419 :
1214 5365 1348 5420 tum
1382 5359 1595 5433 etiam,
1639 5357 1786 5435 quia
1816 5359 2181 5437 contingere
2212 5364 2422 5437 posset

877 5456 1269 5514 contractum
1307 5470 1439 5511 esse
1490 5450 1729 5530 justum
1775 5450 1837 5510 in
1878 5452 2118 5513 ratione
2158 5452 2416 5515 locatio-

2548 452 2663 531 nis,
2698 458 2760 514 et
2785 472 2910 514 non
2939 473 3073 516 esse
3096 455 3336 535 justum
3365 458 3429 519 in
3459 459 3704 520 ratione
3731 458 4010 528 societatis3

2544 553 2757 625 posset
2776 547 2942 606 enim
2970 567 3114 627 pars
3134 548 3238 608 illa
3258 550 3577 612 fructuum
3598 553 3882 631 promissa
3900 551 4015 611 asti-

2545 639 2703 699 mari
2736 639 3047 700 sufficiens
3089 644 3592 721 recompensatio
3635 645 3855 705 laboris
3879 645 3928 703 in
3948 663 4014 703 ra·

2546 732 2712 792 tione
2743 732 3056 810 stipendii,
3103 735 3246 814 quia
3279 736 3458 797 multi
3486 755 3601 814 pro
3645 737 3746 797 illo
3773 736 4016 816 stipendio

2543 824 2825 885 locarent
2866 844 3088 903 operas
3131 845 3325 899 suas;
3387 833 3450 888 et
3489 832 3706 889 tamen
3754 848 3865 889 non
3903 836 4018 889 esset

2547 917 2861 977 sufficiens
2892 936 3036 996 pars
3066 920 3565 998 correspondens
3595 921 3887 995 societati,
3914 924 4019 1000 quia

2549 1028 2623 1069 ex
2650 1028 2882 1088 magno
2921 1010 3094 1071 lucro
3125 1011 3265 1089 plus
3305 1012 3393 1072 illi
3434 1014 3843 1093 contingeret,
3882 1017 3924 1073 si
3946 1015 4019 1073 ad-

2546 1103 2772 1162 missus
2800 1102 3018 1164 fuisset
3043 1107 3112 1164 ut
3140 1104 3369 1166 socius,

2627 1196 2758 1254 Hoc
2808 1194 3096 1255 ultimum
3147 1196 3400 1257 difficile
3450 1198 3658 1275 prima
3703 1200 3850 1259 facie
3873 1200 4019 1258 videri

2547 1291 2756 1363 posset
2788 1308 2801 1347 :
2849 1288 2997 1365 quia
3024 1288 3072 1347 si
3104 1287 3345 1349 locator
3370 1291 3636 1369 apponit
3661 1297 3758 1353 ter
3783 1291 3928 1350 mille
3946 1309 4019 1350 au-

2547 1399 2708 1456 reOS,
2743 1384 2804 1439 et
2829 1381 2990 1441 alter
3018 1380 3274 1442 adhibet
3291 1400 3569 1460 operam,
3596 1388 3664 1444 et
3693 1383 4017 1455 industriam,

2548 1491 2687 1551 quae
2715 1473 2882 1533 valet
2907 1472 3076 1532 mille
3106 1491 3364 1551 θυι-θος,
3415 1474 3583 1534 idem
3633 1475 3870 1535 videtur
3909 1476 4022 1534 dan-

2547 1564 2698 1624 dum
2722 1564 2805 1624 illi
2837 1582 2971 1624 esse
3003 1583 3114 1642 pro
3147 1583 3370 1643 opera,
3405 1567 3535 1628 sive
3574 1568 3659 1628 sit
3685 1568 3892 1629 locatio
3927 1571 4020 1627 sive

2546 1657 2848 1732 societaS,
2891 1657 2942 1716 si
2987 1656 3048 1716 in
3078 1662 3343 1737 utroque
3372 1677 3520 1720 casu
3571 1660 3732 1720 nibil
3760 1660 3812 1718 ei
3839 1666 4019 1720 certum

2547 1750 2917 1828 assignetur,
2940 1750 3051 1809 sed
3067 1768 3211 1827 pars
3227 1750 3431 1811 solum
3451 1752 3732 1831 aliquota
3746 1753 4016 1812 fructuum.

2549 1845 2810 1920 Semper
2836 1841 3001 1901 enim
3018 1842 3207 1903 debet
3226 1843 3280 1902 ei
3307 1861 3648 1921 correspon
3657 1845 3802 1905 dere
3819 1845 4016 1922 aliquid:

2548 1934 2725 2012 cujus
2753 1953 2916 2011 spes,
2942 1934 3194 1995 attentis
3211 1934 3529 2013 pericuHS,
3550 1937 3880 1998 aestimetur
3901 1955 4017 1995 nunc

2546 2028 2714 2087 mille
2743 2027 2972 2102 aureiS,
3005 2027 3280 2105 alioquin
3313 2046 3436 2088 non
3477 2029 3742 2090 solvitur
3767 2029 3840 2088 ad
3864 2047 4020 2107 aequa-

2545 2120 2784 2179 litatem
2811 2117 3118 2179 industria
3149 2123 3212 2180 et
3239 2119 3420 2179 labor
3464 2140 3477 2179 :
3530 2140 3657 2181 non
3686 2126 3920 2200 apparet
3941 2140 4020 2179 au·

2545 2216 2674 2273 tem
2703 2210 3017 2290 quomodo
3049 2212 3256 2272 valeat
3298 2212 3470 2271 mille
3498 2232 3728 2273 aureos
3754 2214 4017 2291 promissio

2545 2304 2739 2384 partis
2766 2303 3059 2382 aliquotae
3084 2349 3099 2379 ,
3161 2304 3277 2364 nisi
3325 2305 3406 2366 sit
3450 2306 3591 2365 talis
3642 2310 3704 2366 et
3740 2312 4018 2385 tantapars

2545 2399 2882 2472 fructuum,
2916 2397 3166 2475 qualem
3196 2416 3448 2474 sperare
3479 2399 3802 2476 potuisset,
3831 2400 3876 2457 si
3899 2416 4017 2457 nunc

2544 2491 2679 2551 loco
2708 2489 3030 2550 industriae
3060 2490 3485 2551 contribueret
3531 2491 3703 2550 mille
3748 2490 4017 2551 aureosad

2545 2583 2906 2643 societatem
2927 2581 3089 2641 illius
3111 2582 3553 2659 negotiationis
3577 2601 3592 2645 :
3625 2584 3733 2643 illa
3758 2584 3904 2643 enim
3925 2584 4019 2642 sola

2544 2694 2686 2755 spes
2705 2674 2859 2735 lucri
2890 2674 3225 2753 aequivalet
3251 2692 3461 2754 operae
3484 2722 3500 2750 ,
3548 2694 3693 2754 quae
3722 2676 3876 2736 valet
3896 2675 4018 2734 mille

2542 2786 2787 2843 aureOS,
2822 2785 2963 2845 quae
2993 2785 3134 2843 spes
3163 2766 3378 2826 haberi
3411 2773 3628 2846 posset
3669 2787 3746 2828 ex
3773 2768 3917 2827 mille
3939 2787 4019 2827 au-

2541 2861 2664 2921 reis
2691 2858 3057 2921 contributis
3083 2858 3165 2919 ad
3195 2859 3560 2921 societatem
3593 2880 3607 2921 :
3645 2880 3794 2939 ergo
3822 2861 3930 2920 sive
3951 2860 4015 2919 lo·

2542 2958 2718 3015 cetur
2747 2970 2939 3030 opera
2966 2951 3113 3011 Titii
3137 2997 3152 3026 ,
3185 2953 3316 3012 sive
3347 2971 3458 3029 pro
3491 2972 3690 3032 opera
3719 2953 4020 3012 admittatur

2540 3046 2604 3105 in
2634 3046 2872 3105 socium
2897 3090 2912 3120 ‚
2965 3043 3225 3123 aequalis
3256 3063 3399 3122 pars
3430 3045 3715 3125 aliquota
3742 3045 3911 3121 lucri,
3950 3044 4018 3103 vel

2540 3140 2854 3200 fructuum
2910 3137 3100 3199 debet
3155 3137 3210 3197 ei
3280 3138 3345 3198 in
3401 3142 3676 3218 utroque
3735 3158 3869 3200 casu
3915 3156 4019 3217 pro-

2538 3232 2720 3294 mitti.
3361 3275 3370 3284 ·

2621 3324 2844 3385 Adhuc
2887 3328 3095 3385 tamen
3139 3323 3423 3386 doctrina
3471 3325 3578 3385 illa
3615 3325 3857 3385 Molinae
3884 3325 3934 3382 in
3955 3323 4016 3381 ri·
4117 3327 4134 3380 ³

2538 3437 2689 3497 gore
2710 3436 2861 3477 vera
2890 3423 3004 3492 est,
3038 3423 3101 3478 et
3127 3418 3336 3478 locum
3367 3417 3604 3477 habere
3637 3423 3836 3495 potest
3867 3416 3918 3474 in
3942 3432 4019 3473 ne·
4067 3459 4138 3502 ,μ

2531 3510 2721 3590 -gotiis
2750 3510 2888 3588 plus
2916 3510 3070 3569 lueri
3110 3510 3264 3571 certi
3312 3509 3728 3584 habentibu3‚
3772 3507 4017 3588 quamla-
4061 3507 4138 3597 ffl

2538 3603 2748 3678 horis,
2800 3602 2896 3661 vel
2940 3600 3246 3680 periculi,
3292 3622 3353 3662 v.
3386 3621 3450 3680 g.
3503 3602 3557 3661 si
3586 3601 3785 3663 Titius
3837 3600 4017 3660 habam
4060 3615 4139 3652 αι·

2539 3700 2789 3756 centum
2833 3695 3079 3755 modios
3126 3694 3314 3754 tritici
3358 3694 3619 3773 Neapoli
3667 3694 3819 3754 sciat
3841 3708 4015 3768 magno
4085 3665 4139 3764 Ξ

2537 3788 2739 3867 pretio
2771 3789 2824 3848 V
2828 3788 3048 3847 enetiis
3076 3787 3299 3862 vendi,
3334 3791 3396 3847 et
3423 3787 3744 3848 conducat
3771 3786 3949 3845 navim
3971 3789 4018 3841 ut

2535 3881 2688 3941 illud
2720 3880 3123 3940 vendendum
3162 3881 3456 3941 Venetias
3501 3881 3903 3946 transmittat,
3943 3895 4016 3953 po·

2535 3978 2658 4035 test
2685 3972 3018 4051 dupliciter
3047 3990 3190 4032 cum
3221 3973 3518 4033 nauclero
3550 3973 3894 4033 convenire.
3928 3969 4017 4028 Pri·

2537 4084 2639 4128 mo
2691 4065 3100 4126 conducendo
3151 4064 3286 4144 ejus
3333 4065 3549 4126 navim
3604 4069 3667 4126 et
3711 4081 3937 4145 operam
3969 4065 4018 4120 ut

2535 4159 2871 4219 transferat
2898 4157 3172 4218 triticum
3201 4158 3518 4233 VenetiaS,
3554 4158 3765 4237 ibique
3793 4155 4015 4235 ejusdem

2535 4251 2675 4311 Titii
2708 4251 2959 4310 nomine
2986 4250 3254 4323 vendat3
3303 4269 3618 4329 ponamus
3663 4256 3866 4311 autem
3888 4245 4014 4327 quod

2535 4348 2792 4404 vectura
2820 4348 2883 4404 et
2910 4361 3102 4421 opera
3133 4343 3510 4404 venditionis
3553 4345 3884 4405 aestimetur
3903 4356 4015 4418 qua·

2536 4437 2854 4514 dringenis
2884 4436 3122 4508 aureis;
3175 4440 3382 4514 potest
3409 4454 3524 4514 pro
3574 4437 3651 4497 iis
3695 4433 4015 4514 quadringe-

2535 4530 2629 4590 nis
2659 4529 2863 4589 aureis
2892 4528 3258 4608 promittere
3301 4528 3508 4588 eidem
3556 4529 3841 4589 nauclero
3880 4523 4014 4583 dimi·

2534 4622 2707 4682 dium
2737 4622 2912 4681 aurei
2942 4641 3016 4680 ex
3044 4621 3304 4699 singulis
3324 4621 3554 4681 modiis
3585 4619 3924 4694 vendendis,
3942 4615 4013 4673 vel

2530 4715 2862 4792 septimam
2891 4719 3134 4792 partem
3160 4714 3319 4774 lucri
3348 4714 3566 4789 futuri,
3603 4733 3739 4794 quae
3766 4730 3922 4791 spes,
3946 4713 4014 4766 at-

2530 4812 2703 4869 tenta
2731 4806 3103 4868 certitudine
3133 4806 3532 4882 venditioniS,
3585 4812 3648 4868 et
3672 4804 3913 4884 penuria
3935 4800 4014 4862 tri-

2529 4901 2656 4975 tici,
2691 4918 2830 4979 quae
2849 4899 3122 4962 Venetiis
3152 4903 3266 4975 est,
3291 4903 3496 4978 potest
3515 4899 3874 4979 aequivalere
3896 4911 4014 4972 qua·

2529 4991 2845 5070 dringenis
2903 4991 3142 5068 aureis,
3208 5010 3366 5070 quos
3423 4993 3707 5052 absolute
3761 4987 4010 5070 potuisset

2527 5085 2909 5162 promittere,
2942 5089 3132 5164 atque
3161 5084 3249 5145 ita
3280 5085 3508 5146 satisfit
3536 5085 3617 5144 ad
3647 5082 4010 5163 aequalitatem

2524 5177 2691 5252 navi,
2726 5183 2787 5238 et
2817 5196 3023 5256 operae
3053 5177 3331 5236 naucleri
3361 5176 3708 5237 conductae.
3771 5169 4006 5237 Sec-undo

2523 5269 2711 5329 modo
2741 5275 2950 5348 posset
2995 5288 3138 5329 cum
3187 5269 3480 5330 nauclero
3514 5268 3776 5347 pacisci,
3830 5263 4008 5326 admit-

2521 5361 2711 5421 tendo
2755 5362 2930 5421 illum
2977 5365 3045 5423 ut
3107 5361 3347 5422 socium
3411 5359 3843 5441 negotiationis
3885 5355 4002 5416 adeo

2520 5454 2708 5530 utilis,
2744 5458 2806 5516 et
2834 5454 3102 5515 dicendo
3135 5471 3150 5518 :
3185 5453 3364 5529 vole,
3400 5458 3471 5516 ut
3498 5450 3898 5533 quadringeni
3921 5465 4003 5506 au·
