4263 6376
1255 319 1726 381 DISPUTATIO
1771 317 1988 394 XXIV,
2038 316 2311 378 SECTIO
2357 316 2460 376 lx.

260 489 628 551 codicillaris
657 491 941 553 formalis
969 494 1066 554 vel
1096 493 1401 573 virtuali3‚
1436 495 1614 576 cujus
1646 497 1795 556 effe-

260 587 387 644 ctus
432 601 626 662 supra
671 584 1139 664 explicavimuS,
1202 605 1324 666 quo
1382 607 1529 648 casu
1585 589 1795 667 legata

258 676 443 736 etiam
469 694 595 737 non
627 677 733 755 pia
761 677 1072 740 debentur
1098 680 1179 740 ab
1211 680 1463 741 haerede
1493 680 1572 742 ab
1599 681 1792 742 intes-

259 772 403 829 tato.
436 767 764 847 Excipitur
788 772 974 832 tertio
1005 772 1257 851 quando
1290 777 1550 834 testator
1581 773 1796 851 prohi-

259 861 390 922 buit
410 861 644 922 haeredi
670 863 1004 925 detrahere
1022 866 1386 942 Falcidiam,
1423 870 1484 928 et
1500 866 1640 927 ideo
1671 885 1794 926 non

261 954 387 1015 vult
415 954 590 1014 adire
639 955 1098 1035 haereditatem,
1154 977 1277 1038 quo
1309 959 1497 1020 etiam
1531 977 1679 1020 casu
1708 959 1797 1019 le-

259 1053 397 1126 gata
419 1048 735 1110 debentur
790 1069 868 1111 cx
894 1051 1268 1127 Anthentico
1322 1052 1400 1113 dc
1454 1052 1687 1114 haered.
1736 1054 1798 1113 et

264 1140 489 1204 Falcid.
521 1142 579 1220 ξ.
614 1141 696 1203 Si
718 1162 856 1204 vero
885 1144 1225 1225 expressim.

335 1235 424 1294 Ex
446 1234 660 1314 legato
686 1237 898 1299 valido
919 1237 1265 1300 dominium
1284 1238 1376 1299 rei
1391 1238 1614 1317 legatae
1630 1242 1796 1300 tsan-

262 1326 338 1387 sit
363 1326 442 1387 ad
487 1328 894 1407 legatarium,
943 1330 1060 1392 hoc
1105 1332 1316 1408 modo,
1364 1336 1434 1394 ut
1484 1333 1537 1392 si
1591 1333 1800 1409 legata

263 1419 374 1480 fuit
396 1439 553 1499 pure
583 1426 649 1484 et
678 1440 802 1483 non
833 1422 898 1481 in
935 1423 1104 1483 diem
1134 1425 1438 1496 futurum,
1458 1443 1559 1485 res
1588 1424 1800 1503 aliqua

265 1511 679 1576 determinata
706 1516 770 1575 in
817 1515 1143 1594 singulari,
1197 1518 1408 1578 statIm
1456 1517 1628 1578 adita
1672 1517 1804 1578 hae-

265 1606 542 1683 reditate,
605 1607 958 1668 dominium
1010 1610 1238 1671 transit
1283 1610 1347 1669 in
1389 1609 1760 1688 legatarium
1780 1656 1796 1686 ,

265 1697 392 1775 ipso
419 1699 612 1759 etiam
642 1701 983 1777 nesciente,
1015 1703 1367 1763 revocaailc
1396 1705 1629 1780 tamen,
1656 1702 1804 1781 quia

265 1791 314 1852 si
340 1790 468 1869 ipse
496 1793 796 1871 repudiat
823 1794 1124 1872 legatum,
1159 1800 1453 1858 censetur
1472 1813 1797 1875 nunquam

267 1883 611 1944 dominium
662 1904 1088 1965 comparasse;
1121 1887 1176 1949 si
1224 1893 1438 1952 autem
1492 1892 1798 1969 acceptet,

269 1981 555 2039 censetur
586 1977 885 2040 dominus
915 1998 1040 2040 non
1069 1981 1272 2041 solum
1303 1982 1382 2043 ab
1411 1980 1582 2043 adita
1612 1982 1806 2041 haere·

268 2070 475 2144 ditate,
535 2072 651 2132 sed
704 2091 742 2132 a
787 2077 989 2134 morte
1037 2073 1172 2152 ipsa
1219 2074 1555 2150 testator-ie,
1609 2077 1800 2153 atque

266 2161 400 2223 ideo
429 2181 505 2224 ex
533 2164 644 2226 illo
673 2169 955 2245 tempore
980 2167 1217 2228 fructus
1240 2166 1329 2225 roi
1356 2167 1584 2244 legatae
1614 2166 1673 2226 ei
1702 2166 1806 2226 de·

269 2256 580 2319 bei-entur.
674 2260 880 2330 Quare
953 2259 1347 2338 distinguunt
1403 2260 1597 2339 aliqui
1646 2259 1805 2320 bene

270 2347 485 2427 triplex
538 2349 894 2411 dominium
939 2351 1030 2411 rei
1085 2352 1309 2429 legatae
1365 2351 1428 2410 in
1477 2351 1802 2430 legatario·

272 2443 541 2503 Primum
569 2444 813 2521 fictum,
847 2444 1015 2523 quod
1047 2444 1303 2522 fingitur
1329 2444 1623 2505 habuisse
1644 2445 1811 2524 lega-

272 2535 456 2595 tarius
484 2554 522 2596 a
551 2541 762 2599 morte
792 2537 1103 2598 testatoris
1120 2537 1201 2598 ad
1228 2537 1467 2598 aditam
1485 2537 1810 2599 haeredita-

273 2632 415 2704 tem,
461 2615 611 2690 cum
662 2634 876 2691 tamen
927 2648 1152 2692 revera
1192 2649 1318 2692 non
1352 2630 1434 2692 sit
1489 2630 1801 2692 dominus·

275 2722 633 2783 Secundum
665 2723 1017 2784 dominium
1045 2742 1267 2785 verum
1292 2723 1372 2785 ab
1404 2723 1577 2785 adita
1607 2723 1806 2784 haere-

275 2814 458 2876 ditate
487 2835 692 2896 usque
723 2816 803 2876 ad
834 2817 1354 2896 acceptationem,
1389 2816 1498 2877 sed
1552 2835 1807 2879 revoca-

276 2908 413 2985 bile,
446 2909 496 2968 si
528 2913 759 2988 postea
789 2928 911 2970 non
963 2914 1267 2988 acceptet,
1304 2928 1426 2991 quo
1459 2928 1609 2971 casu
1651 2930 1812 2970 nun-

277 3019 458 3079 quam
488 3006 786 3063 censetur
816 3002 1008 3063 fuisse
1038 3002 1353 3064 dominus,
1405 2994 1685 3064 Tertium
1727 3003 1810 3063 ir-

278 3095 629 3155 revocabile
671 3096 923 3175 quando
944 3099 1234 3175 acceptat
1260 3097 1539 3175 legatum
1573 3113 1588 3160 ε
1624 3097 1810 3158 sive-

279 3207 346 3248 ro
374 3187 628 3267 legatur
682 3209 839 3269 pure
869 3193 931 3251 et
960 3208 1084 3250 non
1114 3190 1178 3250 in
1209 3190 1378 3251 diem
1406 3209 1508 3251 res
1539 3190 1812 3251 indeter-

279 3281 529 3358 minata,
557 3301 686 3344 non
709 3283 929 3344 transit
956 3282 1304 3344 dominium
1333 3283 1396 3343 in
1415 3283 1810 3361 legatarium,

284 3393 391 3435 nec
415 3375 735 3437 debentur
762 3376 820 3436 ei
849 3375 1112 3453 sructuS,
1161 3376 1279 3437 nisi
1309 3395 1346 3436 a
1373 3380 1660 3456 tempore
1691 3394 1814 3455 quo

283 3467 393 3528 fuit
421 3467 626 3529 haeres
660 3468 722 3528 in
751 3487 929 3530 mora
955 3469 1283 3542 tradendi;
1319 3469 1488 3549 quod
1509 3468 1678 3529 idem
1696 3472 1810 3546 est,

283 3561 528 3639 quando
578 3580 685 3622 res
751 3562 942 3623 etiam
995 3562 1410 3624 determinata
1467 3562 1711 3640 legatur
1753 3561 1815 3621 in

284 3652 464 3729 diem,
522 3654 661 3714 sive
703 3658 946 3715 certum
999 3654 1129 3715 sive
1174 3654 1504 3732 incertum,
1553 3655 1653 3715 vel
1698 3655 1816 3715 sub

284 3746 636 3808 conditione
667 3768 679 3808 :
717 3766 841 3808 non
872 3752 1084 3809 tamen
1114 3748 1338 3810 transit
1376 3748 1724 3809 dominium
1754 3749 1817 3808 in

285 3839 689 3917 legatarium,
729 3859 845 3901 nec
890 3841 1202 3904 debentur
1242 3842 1300 3902 ei
1327 3843 1587 3918 fructuS,
1635 3841 1754 3901 nisi
1780 3861 1819 3902 a

287 3931 379 3992 die
408 3932 687 4013 impleta}
718 3933 1123 4011 conditioniS,
1154 3935 1252 3994 vel
1281 3935 1534 4014 quando
1566 3934 1699 3995 dies
1728 3935 1818 3995 le·

288 4026 409 4102 gati
439 4026 720 4087 advenit.
758 4028 850 4087 Ex
878 4045 1003 4107 qna
1054 4027 1409 4089 differentia
1438 4029 1529 4105 fit,
1573 4028 1739 4107 qnod
1768 4027 1817 4088 si

289 4117 630 4197 legatarius
661 4119 759 4179 cui
791 4138 892 4180 res
921 4123 1093 4182 certa
1115 4139 1293 4200 pure,
1337 4125 1400 4182 et
1426 4121 1634 4182 statim
1664 4121 1822 4181 dan-

289 4210 366 4269 da
391 4211 605 4291 legata
636 4216 751 4288 est,
803 4212 1111 4274 moriatur
1155 4218 1297 4292 post
1340 4216 1610 4275 mortem
1637 4217 1821 4275 testa·

289 4304 455 4381 toris,
492 4306 863 4368 transmittit
890 4306 1168 4385 legatum
1199 4307 1281 4367 ad
1304 4326 1449 4368 snos
1480 4306 1764 4367 haeredes
1802 4325 1817 4368 ε

290 4397 336 4457 si
363 4416 511 4459 vero
560 4404 700 4461 erat
729 4417 828 4459 res
855 4399 1115 4476 incerta,
1154 4399 1264 4460 sed
1284 4418 1440 4479 pure
1470 4404 1537 4463 et
1577 4419 1703 4462 non
1756 4399 1821 4460 in

292 4489 449 4550 diem
495 4491 810 4553 incertum
854 4492 1084 4572 legata,
1131 4494 1501 4556 transmittit
1545 4494 1627 4554 ad
1677 4511 1822 4554 suos

294 4582 593 4662 haeredcs,
647 4603 771 4645 non
817 4586 1074 4665 quidem
1103 4585 1474 4660 dominium,
1512 4586 1681 4666 quod
1708 4586 1825 4647 hu-

294 4694 521 4757 cusque
553 4677 837 4739 nondum
869 4678 1180 4739 habuerat
1195 4678 1285 4738 rei
1307 4679 1555 4757 legatae,
1588 4680 1698 4740 sod
1719 4681 1825 4759 jus

296 4773 362 4830 ut
387 4770 477 4830 eis
532 4771 816 4832 solvatur
869 4770 1146 4850 legatum
1193 4789 1335 4832 cum
1378 4772 1734 4851 hypotheca
1760 4772 1825 4832 in

297 4861 579 4924 universa
604 4863 971 4925 haereditate
994 4864 1080 4925 :si
1107 4882 1257 4925 vero
1281 4869 1416 4926 erat
1434 4884 1534 4926 res
1551 4866 1825 4927 certavel

299 4953 802 5033 indeterminata,
819 4957 932 5018 sed
958 4958 1165 5037 legata
1181 4958 1297 5018 sub
1327 4958 1706 5037 conditione,
1726 4959 1824 5020 vel

300 5046 360 5107 in
383 5048 550 5109 diem
577 5050 913 5128 incertum,
939 5068 1078 5131 quae
1108 5051 1524 5129 conditi0,vel
1556 5052 1661 5131 qui
1693 5053 1827 5113 dics

302 5143 571 5204 nondum
602 5144 965 5221 advenerat,
1000 5145 1244 5223 expirat
1270 5145 1548 5223 legatum
1579 5149 1642 5206 et
1669 5145 1824 5205 nihil

300 5236 735 5298 transmittitur
761 5237 843 5297 ad
864 5237 1148 5299 haeredes
1176 5238 1484 5317 legatarii,
1512 5238 1657 5317 quia
1673 5258 1829 5299 nun-

303 5345 487 5406 quam
532 5330 617 5389 illi
675 5330 957 5391 debitum
1009 5331 1146 5393 fuit.
1205 5334 1398 5393 Secus
1442 5336 1625 5408 esset,
1680 5333 1732 5393 si
1761 5332 1828 5392 in

300 5419 460 5482 diem
513 5427 754 5484 certum
803 5424 1084 5485 futurum
1133 5425 1412 5504 legatum
1462 5429 1644 5501 esset,
1680 5425 1827 5505 quia

607 5519 765 5581 Tou.
799 5519 929 5579 VII.

3315 317 3428 376 129

1884 495 2021 574 jam
2046 496 2198 556 tunc
2228 492 2493 554 debetur
2522 491 2806 553 absolute
2822 492 3122 570 legatum,
3142 491 3290 553 licet
3309 511 3432 552 non

1893 586 2264 648 solvendum
2295 590 2442 647 tunc
2473 585 2583 645 sed
2613 588 2854 664 postca,
2891 589 2952 646 ot
2982 585 3121 645 ideo
3144 586 3250 664 jus
3278 585 3433 645 illud

1891 680 2334 742 transmittitur
2361 678 2444 739 ad
2491 678 2775 739 hoeredes
2821 678 3109 756 legatarii
3141 699 3153 739 :
3188 697 3437 757 semper

1892 776 2105 834 tamen
2137 790 2391 832 necesse
2424 774 2519 831 est
2548 772 2716 851 quod
2763 771 3105 849 legatarius
3155 770 3437 850 supervi-

1891 865 2053 927 xerit
2078 864 2364 927 testatori
2398 884 2411 924 :
2447 864 2724 942 alioquin
2753 863 3034 941 legatum
3056 863 3321 942 expirat.
3349 865 3435 923 De

1896 958 2147 1039 quibuis
2176 957 2409 1020 Molina
2446 957 2636 1018 variis
2684 956 2859 1032 lociS,
2893 956 3241 1035 praesertim
3271 956 3430 1035 disp.

1897 1055 2031 1113 156.
2069 1055 2205 1114 181.
2241 1054 2375 1112 194.
2411 1053 2550 1112 205.
2576 1054 2639 1111 et
2658 1050 2828 1111 alibi.
2866 1049 3028 1122 Scio,
3058 1050 3435 1111 sententiam

1895 1144 2161 1206 fortasse
2202 1143 2404 1222 magis
2452 1160 2852 1204 communem
2905 1160 3063 1218 esse,
3099 1142 3268 1222 quod
3313 1143 3439 1203 fru-

1897 1240 2034 1299 ctus
2080 1236 2273 1315 legati
2316 1253 2441 1295 non
2485 1235 2841 1314 pertineant
2877 1234 2957 1293 ad
3001 1234 3372 1313 legatarium
3403 1254 3440 1294 a

1896 1335 2095 1391 morte
2151 1327 2501 1403 testatoris,
2548 1327 2661 1388 sed
2708 1327 2786 1387 ab
2835 1327 3002 1388 adita
3048 1327 3435 1404 haereditate,

1900 1442 2090 1503 quam
2120 1423 2334 1482 dicens
2365 1439 2499 1481 esse
2529 1421 2659 1481 fere
2693 1419 2996 1497 omnium,
3035 1420 3317 1499 sequitur
3362 1420 3440 1480 de

1895 1515 2035 1596 jure
2067 1514 2386 1576 communi
2437 1512 2719 1575 Sanchcz
2748 1512 2858 1574 lib.
2892 1514 2994 1574 lv.
3043 1511 3264 1574 Consil.
3297 1531 3434 1592 cap.

1899 1625 1969 1669 11.
2004 1608 2154 1669 dub.
2189 1624 2359 1668 xxvl.
2395 1625 2569 1667 num.
2601 1611 2661 1665 7.
2696 1605 2821 1666 Sed
2851 1606 3166 1667 contraria
3198 1611 3441 1667 sentcn-

1901 1702 1986 1763 tio
2018 1704 2112 1762 est
2142 1700 2398 1777 Bartoli,
2434 1703 2495 1760 et
2513 1700 2784 1760 aliorum
2815 1716 2972 1776 quos
3004 1699 3286 1778 sequitur
3312 1700 3444 1759 Mo-

1902 1795 2028 1854 lina
2073 1793 2227 1854 locis
2270 1792 2492 1868 citatis,
2546 1791 2899 1871 praesertim
2930 1791 3089 1871 disp.
3145 1809 3343 1852 cxcur.
3379 1792 3443 1851 in

1878 1885 2230 1967 principio,
2279 1889 2341 1947 et
2369 1888 2655 1964 vasquez
2698 1902 2839 1962 cap.
2872 1885 3031 1960 VIII,
3063 1886 3119 1964 g.
3156 1902 3199 1946 1.
3235 1904 3342 1945 nu.
3376 1888 3436 1948 5.

1905 1984 1969 2041 et
1992 1980 2048 2058 ἓ.
2085 1995 2171 2039 1v.
2208 1997 2381 2039 num.
2415 1982 2513 2039 74.
2549 1981 2613 2038 et
2637 1977 2847 2037 verior
2875 1976 3145 2054 videtur,
3199 1977 3443 2038 adhibi-

1904 2073 2051 2134 bitis
2105 2072 2482 2152 quibusdam
2536 2069 3029 2150 exceptionibuS‚
3063 2089 3218 2150 quas
3266 2070 3444 2131 adhi-

1905 2166 2013 2227 bet
2041 2165 2209 2226 idem
2237 2165 2472 2226 Molina
2500 2163 2661 2242 disp.
2698 2180 2935 2226 chxxI.
2971 2162 3030 2222 in
3060 2164 3206 2224 fine.

1987 2257 2302 2337 Quidquid
2331 2256 2559 2335 {autem
2607 2257 2685 2316 de
2725 2256 3027 2317 fructibus
3068 2256 3165 2330 sit,
3202 2260 3442 2318 certum

1908 2355 2022 2429 est,
2075 2352 2533 2413 incrementum
2591 2354 2792 2412 totum
2849 2350 3018 2429 quod
3072 2369 3172 2411 res
3234 2351 3443 2430 legata

1908 2444 2194 2506 habuita
2233 2448 2608 2506 testamento
2658 2442 2932 2520 condito,
2993 2444 3305 2522 pertinere
3361 2445 3441 2505 ad

1906 2538 2302 2616 legatarium,
2364 2537 2491 2597 imo
2535 2539 2598 2598 et
2650 2536 2888 2598 fructus
2945 2536 3136 2614 ipSOS,
3189 2538 3441 2617 quando

1910 2650 2023 2711 per
2064 2629 2325 2692 modum
2378 2629 2746 2690 incrementi
2789 2647 2984 2690 unum
3014 2629 3164 2709 quid
3210 2630 3448 2694 faciunt

1910 2742 2054 2786 cum
2084 2741 2150 2783 re
2181 2724 2390 2801 legata
2422 2742 2436 2783 :
2471 2725 2541 2783 ut
2567 2723 2620 2782 si
2660 2723 2868 2802 legato
2898 2740 3110 2802 grege,
3147 2727 3365 2785 auctus
3393 2725 3445 2785 is

1909 2816 1991 2878 sit
2035 2815 2292 2877 foetibus
2321 2815 2505 2893 natiS,
2539 2814 2646 2894 qui
2674 2833 2936 2894 gregem
2976 2815 3166 2877 etiam
3197 2834 3448 2897 compo·

1912 2913 2091 2986 nunt,
2138 2908 2298 2969 sicut
2345 2909 2534 2969 etiam
2562 2908 3035 2968 decrementum
3087 2913 3329 2990 spectat
3368 2911 3449 2972 ad

1910 3003 2213 3063 damnum
2260 3000 2567 3080 legatarii.
2619 3000 2799 3063 Unde
2825 3001 3034 3080 legato
3064 3003 3307 3081 peculio
3339 3004 3454 3064 ali-

1913 3113 2058 3176 quo,
2095 3094 2370 3173 pertinet
2397 3094 2478 3155 ad
2498 3094 2894 3172 legatarium,
2923 3094 3052 3155 sive
3084 3099 3341 3157 auctum
3371 3096 3454 3157 si-

1912 3208 1987 3250 ve
2007 3187 2385 3250 diminutum
2407 3186 2594 3249 fuerit
2621 3191 2763 3268 post
2782 3192 3229 3250 testamentum
3250 3210 3263 3251 ε
3285 3188 3453 3251 idem

1912 3284 2005 3342 est
2033 3281 2110 3341 de
2142 3280 2378 3341 familia
2405 3298 2732 3341 servorum
2762 3280 2993 3360 legata.
3041 3283 3304 3344 Nomine
3346 3304 3452 3345 au-

1913 3379 2040 3437 tem
2086 3361 2411 3436 servorum
2457 3373 2895 3452 intelliguntur
2939 3375 3130 3437 etiam
3187 3378 3448 3456 ancillae,

1910 3468 2056 3530 licet
2100 3466 2352 3529 nomine
2407 3466 2782 3528 ancillarum
2838 3486 2963 3529 non
3018 3468 3456 3547 intelligantur

1914 3560 2196 3622 maseuli.
2231 3560 2403 3621 Idem
2440 3564 2534 3622 est
2562 3560 2640 3620 de
2684 3560 2881 3621 fundo
2912 3562 3140 3640 legam,
3177 3563 3283 3643 qui
3313 3582 3454 3643 pos-

1914 3658 2015 3715 tea
2053 3656 2273 3714 auctus
2317 3654 2416 3714 vel
2447 3652 2793 3714 diminutus
2822 3654 2959 3730 fuit,
3015 3656 3259 3717 etiamsi
3287 3657 3350 3716 in
3381 3676 3454 3718 eo

1916 3750 2182 3808 testator
2233 3750 2452 3825 postea
2481 3745 2753 3823 vineam,
2789 3746 2884 3807 vel
2955 3747 3253 3809 olivetum
3283 3749 3455 3828 plan-

1915 3839 2176 3915 taverit,
2209 3839 2310 3898 vel
2338 3858 2372 3898 e
2402 3841 2621 3900 contra
2678 3857 2752 3898 ex
2798 3839 2983 3899 vinea
3027 3839 3237 3918 legata
3295 3842 3455 3903 vites

1917 3935 2136 4013 postea
2175 3931 2418 3992 auferat
2450 3951 2463 3992 ε
2495 3931 2708 4009 legata
2733 3931 2884 3993 item
2915 3931 3103 3992 domo
3136 3938 3198 3994 et
3240 3938 3461 4012 postea

1919 4028 2157 4102 exusta,
2219 4043 2366 4084 area
2422 4023 2706 4086 debetur.
2770 4026 2964 4086 Secus
3021 4029 3217 4104 esset,
3270 4028 3323 4087 si
3373 4028 3460 4088 ibi

1918 4118 2106 4179 aliam
2135 4117 2395 4179 domum
2431 4136 2663 4178 novam
2707 4120 2969 4179 testator
2999 4124 3219 4197 postea
3266 4120 3463 4181 aedifi-

1920 4216 2142 4273 casset.
2206 4211 2381 4274 Sicut
2409 4210 2599 4272 etiam
2644 4211 2853 4290 legato
2881 4211 3064 4289 bove,
3122 4213 3171 4273 si
3220 4213 3271 4274 is
3316 4218 3462 4276 ante

1918 4309 2187 4366 mortem
2214 4304 2529 4367 testatoris
2554 4306 2882 4383 moriatur,
2903 4305 3176 4367 cadaver
3207 4326 3331 4368 non
3349 4308 3461 4368 de-

1920 4398 2105 4460 betur
2151 4398 2476 4476 legatario,
2514 4398 2660 4477 quia
2711 4403 3003 4459 censetur
3037 4400 3317 4461 totaliter
3351 4420 3465 4480 pe-

1919 4491 2097 4551 riisse
2128 4509 2229 4550 res
2258 4490 2487 4568 legata,
2523 4494 2586 4552 et
2614 4490 2768 4551 nihil
2801 4492 3084 4571 eiusdem
3107 4493 3371 4555 rationis
3400 4494 3462 4554 in

1924 4603 1997 4645 ea
2027 4583 2470 4663 permansisse3
2509 4583 2657 4663 quia
2687 4585 2952 4645 materia
2979 4586 3187 4665 prima
3219 4606 3340 4650 non
3372 4591 3466 4650 ost

1925 4677 2026 4738 hic
2055 4676 2315 4756 aliquid,
2361 4677 2472 4737 sed
2514 4696 2624 4737 ens
2672 4677 3120 4757 incompletum
3167 4700 3291 4742 non
3322 4699 3465 4742 con-

1923 4770 2255 4831 siderabile
2285 4768 2365 4829 ad
2396 4788 2545 4830 usus
2580 4770 2913 4849 humanm,
2947 4776 3018 4834 ut
3046 4778 3292 4836 constat
3321 4792 3396 4833 ex
3420 4774 3460 4834 l.

1925 4862 2161 4924 Mortuo
2191 4860 2348 4939 bove,
2380 4862 2443 4921 in
2473 4862 2671 4941 princ.
2706 4865 2770 4926 ff.
2806 4864 2875 4925 de
2895 4864 3100 4945 leqatis
3120 4883 3188 4928 11.
3224 4867 3303 4927 de
3335 4868 3465 4946 qui-

1926 4957 2064 5017 buS.
2118 4958 2181 5017 et
2218 4955 2353 5014 aliis
2398 4956 2697 5036 exemplis
2739 4959 2974 5019 Molina
3019 4959 3187 5021 dicta
3232 4959 3460 5038 disput.

1928 5066 2128 5111 cxciv.
2164 5050 2449 5127 Vasquez
2480 5067 2618 5128 cap.
2652 5051 2754 5111 lv.
2787 5051 2843 5130 ἓ.
2880 5067 2970 5114 lv.
3002 5051 3149 5112 dub.
3185 5056 3243 5112 4.

2010 5142 2285 5203 Adverte
2316 5146 2551 5218 tamen,
2588 5143 2875 5222 quamvis
2898 5143 3244 5205 dominium
3271 5145 3364 5205 rei
3383 5146 3471 5205 lc-

1928 5239 2093 5316 gatae
2121 5234 2557 5297 determinatae
2586 5235 2900 5314 pertineat
2928 5237 3400 5316 adlegatarium
3430 5258 3469 5300 a

1929 5333 2133 5391 morte
2162 5328 2479 5389 testatoris
2508 5328 2746 5405 fictum,
2803 5334 2866 5391 et
2891 5330 2972 5390 ab
3001 5330 3173 5392 adita
3205 5331 3469 5393 haeredi-

1930 5426 2058 5484 tate
2111 5438 2356 5499 verum,
2421 5440 2545 5483 non
2591 5441 2773 5501 posse
2827 5427 3042 5485 tamen
3097 5424 3473 5504 legatarium

3116 5523 3154 5582 9

3616 5166 3736 5226 240

3563 5291 3629 5333 An
3649 5293 3780 5354 possit

3589 5358 3753 5399 propria

3556 5399 3797 5441 auctoritate

3526 5450 3707 5505 legatum
3742 5453 3821 5495 sibi

3579 5504 3776 5559 accipere.
