4263 6376
626 2771 745 2823 Quid,
779 2772 841 2867 sin

599 2805 813 2874 ιιιὼιιέιμι

653 2892 700 2920 α·
769 2840 841 2920 ·ne

575 2932 866 2988 inoeunterrgt

643 4633 760 4685 Quid,
796 4632 831 4673 SI

589 4686 674 4729 inte
651 4699 796 4739 een-ug
775 4691 866 4727 elur

668 4741 763 4781 xus
770 4742 829 4781 isa

589 4805 719 4847 proesu
722 4793 849 4847 mptio

939 311 1057 370 770

2092 304 2194 365 DE
2237 302 2590 367 JUSTI'PIA
2640 302 2740 366 ΕΤ
2783 303 2982 366 JURE

938 487 1231 567 speciali,
1266 485 1571 567 quidquid
1603 485 1680 545 sit
1713 484 1789 544 de
1840 483 2015 559 aliis,
2073 501 2196 544 nou
2227 486 2474 543 tenetur
2573 481 2773 558 Saim,
2809 483 3139 562 Fagundez
3180 486 3494 562 praecepto
3527 483 3691 545 VIII.
3726 501 3857 562 cap.
3887 499 4044 545 xxm.

935 580 1110 641 testis
1154 579 1444 652 obedire;
1494 578 1641 657 quia
1680 577 1876 658 judex
1919 595 2041 638 non
2093 575 2348 635 habeta
2375 592 2476 634 re-

937 673 1189 751 publica
1219 676 1594 750 petestatem
1624 668 2054 749 interrogandi
2085 669 2189 730 viu
2217 667 2474 747 inquisi-

934 765 1121 826 tionis
1151 765 1432 826 subditos
1471 783 1583 842 pro
1626 764 1836 839 libitu,
1887 764 1997 823 sed
2045 760 2470 840 interrogandi

932 857 995 917 in
1026 858 1209 918 certis
1251 857 1533 933 casibus,
1593 860 1742 916 tunc
1798 855 2034 917 scilicet
2080 854 2332 934 quando
2380 854 2476 918 est

931 950 1250 1029 publicum
1284 949 1616 1023 delictum,
1652 948 1750 1008 vel
1790 947 2113 1027 probabile
2162 947 2384 1007 saltem
2421 944 2469 1003 si

927 1043 1226 1122 procedat
1256 1061 1367 1120 per
1396 1040 1880 1115 accusationem,
1907 1045 2025 1103 etc.
2051 1038 2227 1118 juxta
2252 1056 2472 1115 supra-

930 1133 1096 1196 dicta
1126 1155 1140 1195 :
1175 1134 1365 1195 debet
1410 1151 1557 1212 ergo
1591 1134 1762 1211 prius
1791 1132 2191 1193 manifestare
2220 1131 2469 1191 subdito

927 1231 1304 1306 potestatem
1335 1226 1763 1304 interrogandi
1792 1227 1854 1285 in
1887 1226 2005 1286 hoc
2036 1244 2185 1286 casu
2212 1271 2227 1300 ,
2278 1242 2468 1303 quam

928 1320 1156 1394 habct3
1192 1319 1468 1399 alioquin
1503 1321 1632 1398 ipse
1665 1319 1952 1380 subditus
1980 1318 2261 1397 possidet
2286 1335 2464 1376 suam

922 1413 1277 1474 libertatem
1317 1433 1329 1472 :
1363 1412 1550 1492 judex
1579 1419 1789 1473 autom
1823 1430 1944 1471 non
1990 1410 2267 1490 possidet
2297 1414 2468 1487 pote-

922 1512 1148 1569 statem
1205 1505 1656 1584 interrogandi,
1710 1505 1827 1565 nisi
1881 1522 2024 1564 cum
2074 1504 2303 1565 talibus
2346 1503 2466 1563 cir-

922 1599 1343 1671 cumstantiis;
1381 1599 1503 1658 imo
1526 1598 1876 1677 respublica
1899 1616 2024 1658 non
2046 1601 2335 1658 censetur
2359 1595 2466 1656 de·

922 1691 1085 1752 disse
1116 1690 1171 1751 ei
1203 1694 1576 1769 potestatem
1601 1689 2052 1769 interrogandi,
2076 1689 2192 1749 nisi
2215 1694 2464 1750 ostensa

920 1783 1093 1864 prius
1124 1783 1493 1863 probatione
1523 1782 1851 1843 sufficienti
1872 1782 1949 1842 ad
1973 1782 2247 1861 legitime
2276 1781 2462 1842 inter-

921 1877 1317 1955 rogandum;
1369 1880 1625 1955 propter
1653 1894 1884 1954 magna
1928 1873 2454 1950 inconvenientia,

920 1989 1060 2050 quse
1091 1973 1504 2049 sequerentur
1532 1969 1582 2028 si
1610 1972 1821 2049 posset
1843 1968 2038 2047 judex
2064 1968 2457 2047 interrogare

917 2082 1041 2124 non
1091 2068 1340 2124 ostensa
1379 2063 1617 2141 praevia
1673 2062 2062 2140 probatione.
2111 2063 2255 2122 Jam
2306 2078 2455 2138 ergo

917 2155 1206 2217 subditus
1234 2174 1358 2216 non
1389 2154 1636 2215 dubilat
1681 2155 1744 2214 in
1795 2154 2001 2233 rigore
2044 2153 2107 2213 in
2137 2153 2451 2232 praesenti,

917 2249 1027 2309 sed
1076 2249 1283 2327 potius
1336 2247 1576 2327 judicat
1622 2247 1966 2326 prudenter
2003 2246 2284 2326 judicem
2331 2263 2455 2306 non

916 2358 1098 2420 posse
1131 2341 1232 2400 hic
1261 2344 1321 2400 et
1350 2358 1515 2399 nunc
1545 2339 1932 2418 interrogare
1956 2385 1971 2415 ,
2019 2339 2219 2399 donec
2250 2342 2460 2398 osten-

917 2434 1027 2495 dat
1046 2433 1546 2506 fundamentum,
1570 2433 1739 2512 quod
1761 2432 1953 2494 habet
1969 2432 2046 2491 ad
2070 2432 2460 2509 interrogen-

917 2526 1091 2587 dum.
1127 2525 1310 2588 Unde

997 2619 1268 2679 Infertur
1324 2618 1562 2696 prime,
1626 2616 1743 2678 hoc
1807 2617 2152 2696 procedere
2204 2617 2454 2696 quando

918 2730 1082 2788 reuS‚
1117 2711 1214 2771 vel
1245 2711 1418 2772 testis
1450 2712 1637 2772 etiam
1661 2710 1949 2771 dubitant
1978 2730 2056 2770 au
2080 2711 2275 2791 judex
2299 2710 2457 2788 juri-

919 2805 1057 2865 dice
1085 2805 1448 2882 interroget.
1491 2806 1581 2864 Ita
1634 2804 1915 2864 Sauchez
1944 2804 2052 2865 lib.
2089 2804 2189 2865 Vl.
2230 2801 2452 2867 Consil.

919 2918 1056 2978 cap.
1091 2915 1207 2958 111.
1245 2897 1396 2957 dub.
1433 2915 1606 2960 xxxi.
1640 2902 1703 2957 et
1730 2896 1836 2958 lib.
1873 2914 1966 2957 vi.
2003 2897 2058 2956 in
2081 2895 2360 2975 Decoloq.
2395 2914 2450 2957 c.

2077 2989 2452 3068 Heusiquez,

919 3085 1190 3158 Βιιιιιισε,
1227 3083 1434 3157 SotuS‚
1467 3081 1739 3157 Medina,
1763 3100 1918 3160 quos
1947 3083 2131 3142 affert
2158 3087 2222 3143 et
2250 3082 2457 3160 sequi-

918 3178 1022 3239 tur
1048 3176 1248 3236 Diana
1275 3174 1378 3235 111.
1414 3175 1575 3252 part.
1610 3180 1780 3235 tract.
1819 3193 1878 3236 v.
1911 3172 2230 3236 miscellan.
2263 3174 2450 3235 resol.

922 3272 1057 3331 ¹06.
1092 3267 1285 3330 Addit
1342 3272 1553 3327 autem
1608 3285 1752 3327 cum
1809 3269 1981 3343 Sot0‚
2034 3272 2095 3329 et
2141 3271 2451 3345 Navarr0‚

919 3011 1037 3052 111.
1101 3008 1271 3052 num.
1333 2992 1430 3052 24.
1479 2989 1747 3065 Lessius,
1811 2989 2017 3065 Seiae,

925 3361 1205 3424 Sanchez
1236 3359 1297 3424 d.
1332 3360 1482 3420 dub.
1516 3378 1691 3421 xxxi.
1729 3379 1788 3421 n.
1824 3363 1884 3421 6.
1919 3361 2092 3421 Idem
2119 3361 2458 3421 dicendum

924 3455 1177 3535 quando
1207 3453 1403 3514 multo
1434 3452 1636 3530 magis
1656 3453 1959 3514 inclinant
1976 3454 2058 3514 ad
2072 3453 2455 3514 credendum

915 3547 1195 3628 judicem
1223 3547 1339 3608 rite
1369 3546 1732 3626 procedere,
1768 3547 1918 3607 dum
1945 3552 2156 3608 tamen
2177 3566 2323 3607 vere
2345 3546 2458 3607 ad·

925 3642 1047 3702 huc
1076 3640 1367 3701 dubitant
1401 3659 1413 3700 ε
1449 3640 1616 3718 quod
1647 3659 1764 3717 ego
1816 3640 2091 3718 intelligo
2140 3640 2218 3700 de
2266 3639 2455 3701 dubio

925 3734 1217 3814 negativo
1269 3732 1638 3793 excludente
1697 3751 2019 3793 assensum
2048 3751 2162 3811 pro
2194 3738 2456 3812 utraque

922 3832 1124 3910 parte,
1159 3846 1339 3887 secus
1367 3825 1416 3886 si
1464 3844 1577 3903 pro
1627 3825 1838 3907 judice
1897 3825 2203 3887 haberent
2248 3845 2460 3886 assen-

927 3941 1066 3983 sum
1115 3919 1527 4001 probabilem,
1590 3922 1652 3979 et
1706 3923 1926 3980 contra
1973 3919 2176 3998 ipsum
2219 3920 2459 3979 nullum

926 4014 1314 4095 probabilem
1343 4030 1666 4073 assensum
1698 4017 1952 4091 possent
1981 4012 2234 4073 habere.
2269 4012 2462 4073 Addit

929 4109 1097 4168 idem
1129 4106 1410 4168 Sanchez
1442 4103 1527 4165 ibi
1558 4123 1729 4164 num.
1765 4110 1819 4165 Ἰ.
1875 4105 2044 4165 idem
2091 4106 2455 4184 procedere,

929 4200 1170 4262 etiamsi
1200 4199 1392 4279 judex
1421 4198 1536 4257 sub
1568 4199 2218 4259 excommunicatione
2249 4199 2464 4278 praeci-

930 4294 1083 4374 piat,
1117 4292 1264 4371 quia
1294 4292 1428 4351 haec
1456 4309 1580 4352 non
1610 4291 1847 4370 obligat
1863 4292 1914 4353 si
1936 4298 2320 4371 praeceptum
2336 4310 2460 4354 non

933 4387 1013 4448 sit
1038 4384 1408 4469 legitimum.

1014 4479 1282 4540 Infertur
1328 4477 1626 4553 secundo,
1680 4477 1925 4538 etIamsi
1957 4478 2151 4558 judex
2193 4477 2463 4560 juridice

933 4575 1275 4650 interroget
1299 4572 1464 4632 circa
1491 4570 1748 4650 aliquid,
1773 4590 1954 4649 posse
1982 4591 2161 4632 reum
2193 4573 2276 4652 (et
2297 4573 2462 4633 idem

934 4673 1028 4728 est
1055 4666 1132 4727 de
1163 4666 1339 4745 teste)
1374 4683 1605 4741 negare
1635 4710 1649 4740 ‚
1701 4665 1952 4743 quando
1985 4666 2045 4726 id
2077 4667 2358 4745 precedit
2387 4686 2461 4726 ex

860 4759 1418 4842 praesumptione
1444 4758 1599 4818 salsa
1646 4757 1877 4834 delicti,
1926 4762 1993 4818 ut
2037 4760 2089 4818 si
2119 4761 2463 4838 interroget

933 4873 1012 4915 an
1043 4853 1260 4914 exierit
1290 4870 1362 4910 ex
1393 4851 1500 4910 tali
1531 4851 1718 4910 domo
1750 4851 1965 4911 stricto
1996 4870 2179 4928 ense,
2235 4853 2462 4930 poterit

928 4968 1073 5009 reus
1101 4945 1165 5006 id
1197 4962 1451 5021 negare,
1484 4943 1629 5004 licet
1659 4942 1816 5002 sciat
1844 4943 2179 5020 probatum
2211 4964 2343 5004 esse
2363 4965 2457 5005 se-

930 5040 1204 5120 miplena
1232 5035 1600 5115 probatione
1624 5081 1639 5110 ,
1689 5034 1941 5113 quando
1970 5055 2115 5095 reus
2144 5037 2293 5097 exiit
2321 5038 2458 5117 qui-

932 5135 1076 5195 dem
1107 5150 1231 5191 non
1260 5134 1473 5191 tamen
1504 5128 1667 5188 facto
1700 5128 1928 5188 delicto
1951 5174 1967 5205 ,
2021 5128 2129 5189 sed
2163 5130 2243 5189 ob
2274 5131 2459 5191 aliam

931 5244 1216 5300 causam,
1263 5221 1409 5301 quia
1454 5224 1604 5282 tunc
1634 5238 1755 5279 non
1786 5220 2130 5300 interrogat
2149 5221 2344 5300 judex
2366 5223 2463 5301 ju-

930 5322 1147 5395 ridice,
1183 5316 1299 5376 nisi
1330 5334 1402 5374 ex
1444 5313 1599 5374 falsa
1641 5315 2161 5393 praesumptioiie3
2213 5316 2263 5374 si
2293 5317 2459 5376 enim

930 5400 1258 5477 veritatem
1291 5409 1497 5482 sciret,
1534 5426 1659 5467 non
1690 5412 1899 5485 posset
1928 5408 2338 5487 interrogare,
2374 5410 2461 5471 ita

930 5528 1073 5570 cuin
1106 5506 1335 5569 Sancto
1365 5502 1605 5562 Thema
1664 5519 1767 5583 qu.
1825 5516 1983 5561 Lx1x.
2036 5504 2153 5563 art.
2188 5505 2244 5562 1.
2280 5504 2453 5581 Soto,

2572 593 2743 636 num.
2806 579 2904 636 14.
2967 579 3029 637 et
3082 575 3186 635 alii
3247 594 3405 655 quos
3473 577 3664 637 affert
3720 580 3781 636 et
3830 576 4050 655 sequitur

2569 668 2902 823 Rigingsslli.
2936 673 3135 748 parte,
3170 678 3486 731 tractat.v.
3520 668 3897 728 miscellaneo.
3924 688 4049 730 nso·

2649 855 2920 915 Infertur
2945 854 3150 932 tertio,
3187 855 3351 917 hanc
3381 855 3745 918 doctrinam
3772 854 4049 933 pmcedere
4149 871 4163 924 5

2570 945 2630 1005 in
2660 946 2902 1008 delictis
2930 948 3117 1008 etiam
3145 948 3536 1027 gravissimis
3563 948 3908 1022 transactis,
3928 955 3976 1008 et
3996 968 4051 1007 ex
4110 993 4163 1040 k

2570 1040 2795 1118 quibus
2825 1041 3064 1102 nullum
3092 1041 3419 1121 impendet
3448 1042 3765 1102 damnum
3794 1041 4049 1119 publicum
4092 1049 4163 1086 *εἰ*

2567 1132 2664 1192 vel
2694 1133 3027 1212 privatum,
3079 1139 3266 1214 atque
3297 1134 3438 1195 ideo
3469 1135 3670 1195 etiam
3712 1135 3777 1193 in
3804 1134 4051 1194 occisione
4085 1112 4163 1151 μ’

2566 1226 2840 1303 supremi
2873 1227 3190 1305 principis,
3219 1232 3530 1288 utcontra
3559 1227 3807 1306 aliquos
3833 1227 4053 1287 indican-

2564 1322 2657 1378 tes
2685 1318 3066 1380 contrarium
3099 1320 3328 1398 probat
3371 1320 3497 1379 late
3531 1319 3820 1380 Sanc-hez
3856 1320 3946 1379 liu.
3975 1321 4047 1379 Vl.

2568 1408 2786 1472 Camil.
2807 1429 2945 1489 cap.
2973 1431 3033 1472 v.
3060 1411 3207 1491 quia
3237 1412 3299 1471 in
3322 1411 3420 1470 his
3443 1411 3640 1472 etiam
3668 1411 4053 1472 eaedemratio-

2562 1521 2671 1563 nes
2700 1505 3084 1582 procedunt,
3148 1509 3210 1565 et
3268 1523 3397 1565 non
3445 1509 3546 1566 est
3592 1523 3717 1566 cur
3762 1505 4050 1565 differentia

2561 1598 2769 1676 quoad
2799 1597 2919 1659 hoc
2947 1597 3244 1677 ponenda
3278 1599 3383 1659 sit.

2640 1690 2906 1751 Infertur
2936 1695 3179 1769 quarte,
3212 1690 3381 1750 idem
3413 1690 3769 1751 dicendum
3797 1690 4050 1764 essem
4152 1703 4161 1746 ι

2549 1781 2743 1862 judex
2774 1783 3082 1862 procedat
3111 1800 3305 1843 causa
3334 1783 3596 1863 cognita
3652 1785 3789 1844 sive
3832 1802 3937 1844 nou
3974 1801 4053 1843 co-
4129 1825 4155 1861 Α,

2556 1876 2752 1954 gnita,
2778 1878 2849 1936 ut
2877 1879 3097 1936 contra
3128 1878 3483 1936 Navarrum
3535 1895 3686 1955 cap.
3722 1875 3877 1937 Inter
3900 1875 4047 1950 cerba,
4098 1890 4161 1954 ’ἢ

2554 1970 2769 2030 coroll.
2804 1972 2902 2030 52.
2939 1985 3113 2029 uum.
3147 1972 3289 2030 600.
3327 1970 3436 2049 qui
3470 1969 3646 2029 inter
3675 1988 3789 2030 eos
3816 1971 3952 2030 dnos
3972 1987 4050 2030 ca·

2555 2081 2659 2124 sus
2690 2062 3102 2122 differentiam
3132 2064 3391 2141 agnovit
3411 2109 3427 2138 ,
3479 2062 3724 2142 probat
3760 2063 3911 2123 idem
3935 2065 4053 2122 San·

2554 2154 2705 2215 chez
2735 2155 2797 2216 d.
2829 2154 2938 2215 lib.
2976 2155 3079 2215 vl.
3113 2173 3253 2233 cap.
3302 2171 3398 2215 111.
3435 2154 3595 2215 dub.
3632 2172 3809 2218 xxxi.
3839 2174 3982 2216 num.
4004 2159 4048 2214 ὁ.

2555 2267 2629 2308 ex
2658 2248 2792 2326 ipso
2822 2250 3098 2308 Navarro
3129 2248 3193 2307 in
3224 2248 3365 2307 aliis
3392 2248 3553 2308 locis
3574 2295 3590 2324 ,
3648 2255 3717 2309 et
3746 2250 3876 2310 aliis
3899 2249 4051 2327 quiid

2555 2340 2991 2403 universaliter
3020 2340 3399 2416 concedunt,
3422 2342 3686 2402 etiamsi
3707 2342 3894 2421 judex
3910 2359 4053 2401 canu

2555 2434 2804 2512 cognita
2832 2433 3153 2513 procedat.
3177 2434 3291 2507 Qui
3324 2453 3387 2494 n.
3412 2437 3473 2495 3.
3505 2438 3647 2495 et4.
3674 2435 4055 2509 admensure-

2553 2527 2764 2606 gulam
2778 2527 2942 2587 hanc
2958 2545 3078 2588 non
3096 2527 3442 2606 procedere
3454 2527 3523 2587 in
3538 2527 3741 2588 rebus
3753 2528 4050 2596 leviorum,

2553 2621 2661 2680 ubi
2688 2620 2825 2680 leve
2848 2621 3132 2699 sequitur
3146 2620 3528 2697 periculum,
3550 2621 3615 2680 in
3636 2622 3884 2700 quibus,
3899 2623 4055 2680 sicon-

2554 2718 2673 2774 stet
2694 2713 2977 2793 judicem
3009 2732 3146 2773 esse
3177 2713 3386 2772 virum
3418 2713 3707 2791 probum
3729 2719 3793 2776 et
3820 2715 4053 2793 peritum.

2554 2810 2681 2869 tam
2701 2825 2843 2867 reus
2864 2825 3053 2887 quam
3082 2806 3267 2867 testis
3287 2805 3530 2868 debent
3552 2808 3615 2866 in
3644 2808 3840 2868 dubio
3858 2825 4057 2885 respon-

2559 2899 2704 2960 dere
2721 2903 2782 2961 et
2797 2899 3199 2960 manifestare
3215 2899 3752 2961 veritatemJtem
3770 2920 3883 2961 uon
3895 2917 4056 2978 pusce-

2559 2992 2706 3052 dere
2738 2993 2988 3072 quando
3019 2992 3249 3053 delicta
3268 2997 3417 3053 sunt
3437 2993 3501 3052 in
3536 2993 4059 3072 praejudiciumpu·

2556 3086 2788 3147 blicum
2819 3086 3172 3161 imminenS,
3195 3086 3516 3147 autetiam
3534 3088 3861 3165 privatum
3891 3108 3905 3149 :
3931 3084 4057 3165 qued

2556 3179 2923 3258 intelligitur
2952 3179 3160 3259 quoad
3209 3183 3436 3240 testem
3476 3201 3491 3244 ε
3528 3199 3689 3241 nam
3719 3202 3880 3255 rem,
3910 3180 4059 3259 inquii

2559 3272 2839 3333 Sanchez
2858 3319 2874 3350 ,
2909 3276 3121 3351 posset
3150 3272 3297 3333 huic
3326 3273 3618 3351 periculo
3652 3274 3991 3343 consulere,
4016 3278 4059 3329 et

2558 3366 2859 3426 damnum
2927 3364 3232 3445 impedire
3289 3366 3537 3445 absque
3604 3367 3891 3428 criminis
3935 3365 4061 3425 dele-

2558 3459 2786 3534 ctione,
2833 3459 2942 3518 sed
2992 3463 3160 3520 certe
3217 3458 3355 3519 haec
3393 3459 3560 3521 ratio
3618 3478 3757 3521 non
3810 3456 4057 3538 procedit,

2558 3551 2809 3631 quando
2864 3551 3072 3630 agitur
3117 3553 3196 3612 de
3250 3552 3636 3630 detegendis
3692 3554 3894 3624 sociis,
3946 3568 4061 3630 quos

2558 3664 2702 3705 reus
2757 3644 3062 3724 impedire
3119 3664 3245 3706 non
3300 3646 3539 3723 poterit
3577 3665 3620 3706 a
3671 3646 3899 3707 damno
3945 3646 4061 3705 inse-

2557 3737 2775 3798 rende.

2639 3831 2972 3893 Dubitatur
2994 3832 3200 3907 tertio,
3238 3851 3319 3891 an
3348 3831 3432 3893 ad
3461 3833 3587 3894 hoc
3620 3835 3795 3896 utsit
3814 3832 4060 3911 obliptio

2557 3924 2976 4002 respondendi
3000 3924 3237 4004 judici,
3269 3926 3642 4003 requiratur
3671 3928 3849 4006 quod
3876 3941 4062 3987 tuom
4110 3968 4143 4005 L

2558 4018 2704 4079 tcsti
2746 4017 3113 4079 ostendatur
3150 4018 3421 4097 juridice
3470 4020 3773 4097 probata,
3812 4020 3905 4081 vel
3945 4018 4145 4111 inin-1
4094 4032 4145 4057 Β*

2558 4110 2706 4184 mia,
2742 4110 3122 4187 velindicia,
3155 4111 3651 4172 veltestimonia
3676 4133 3874 4192 ‚quoe
3910 4109 4063 4191 judu-i
4122 4136 4157 4169 ι·-

2553 4204 2659 4284 jus
2688 4205 2843 4265 dant
2866 4203 3346 4282 interrogandi?
3373 4206 3441 4265 ln
3480 4205 3602 4266 hoc
3628 4225 3759 4267 non
3776 4205 4062 4268 satisclm

2560 4298 2901 4376 loquuntur
2929 4300 3237 4358 auctores
3273 4296 3481 4376 Aliqui
3532 4298 3759 4359 dicunt
3822 4299 3935 4360 hoe
3974 4308 4063 4355 nun

2560 4391 2814 4469 requiri,
2849 4390 2959 4451 sed
2988 4390 3274 4450 sufficere
3305 4390 3471 4468 quod
3495 4390 3703 4469 judex
3725 4391 4069 4453 habenarum·

2561 4484 2925 4544 damentum
2970 4482 3423 4561 interrogandi.
3478 4485 3600 4545 Pro
3646 4484 3771 4545 hac
3803 4480 4066 4546 sententia

2560 4577 2907 4637 afferuntur
2936 4577 4067 4655 Gregor.1.opez‚A1-evalo‚sn1iae

2561 4671 2702 4732 Clat
2707 4689 2798 4745 us
2834 4674 2894 4729 et
2923 4670 3269 4730 Guttierrez
3299 4669 3469 4747 apud
3502 4671 3798 4732 Sanchez
3821 4673 3961 4733 dict.
3980 4670 4061 4727 lin.

2562 4766 2663 4825 Vl.
2703 4761 2919 4824 Εοηειὶ.
2947 4780 3086 4842 cap.
3119 4781 3238 4823 nr.
3269 4762 3422 4823 dub.
3455 4779 3656 4824 xxxu.
3693 4783 3874 4827 num.
3909 4769 3959 4826 Ι.
3986 4763 4067 4840 qni

2562 4876 2697 4917 eam
2731 4856 2905 4935 prob
2893 4856 3122 4915 ihilem
3151 4855 3323 4916 dicit.
3356 4856 3570 4935 Aliqui
3599 4856 3851 4934 dicunt,
3874 4854 4065 4935 mquid

2560 4951 2621 5010 id
2656 4968 2788 5009 esse
2820 4949 3154 5027 probatum
3204 4948 3267 5007 in
3308 4947 3553 5027 judicio
3583 4956 3649 5011 et
3676 4968 3788 5011 reo
3820 4951 4068 5013 nodfin-

2559 5047 2715 5116 tum,
2753 5045 2821 5102 ut
2837 5059 2983 5101 reus
3026 5040 3259 5101 debeat
3301 5043 3717 5120 respondere.
3768 5046 3863 5105 Ita
3891 5046 4064 5106 snm.

2561 5137 2896 5208 Navarrus,
2932 5132 3289 5212 CajetanuS,
3322 5135 3693 5198 Bernartius
3721 5137 3891 5210 Diu,
3924 5135 4069 5198 rm-

2558 5227 2708 5303 εἰσε,
2743 5226 3110 5301 Philiarcus,
3156 5229 3539 5290 Emmanuel
3565 5230 3857 5292 Corduba
3878 5278 3893 5303 ‚
3926 5230 4066 5289 Salo-

2560 5321 2718 5395 nius,
2752 5318 3126 5397 Aragonius,
3160 5320 3415 5381 Bannes
3441 5369 3458 5397 ,
3497 5323 3787 5400 Sebeda,
3819 5324 4061 5387 Meum.

2558 5431 2715 5493 quos
2745 5412 2925 5471 affert
2953 5416 3016 5472 et
3041 5413 3333 5490 sequitur
3374 5414 3466 5476 ibi
3512 5436 3694 5482 num.
3716 5422 3775 5479 2.
3806 5418 3949 5479 Item
3976 5417 4061 5475 To-

2554 5506 2715 5568 letus
2763 5505 2870 5565 lib.
2906 5506 2978 5567 V.
3014 5505 3302 5583 Summoe,
3351 5526 3500 5590 cap.
3554 5527 3729 5575 tvm.
3772 5508 4063 5588 Fagundez
