<?xml version="1.0" encoding="UTF-8"?>
<!DOCTYPE html PUBLIC "-//W3C//DTD XHTML 1.0 Transitional//EN"
    "http://www.w3.org/TR/xhtml1/DTD/xhtml1-transitional.dtd">
<html xmlns="http://www.w3.org/1999/xhtml" xml:lang="en" lang="en">
 <head>
  <title>
</title>
<meta http-equiv="Content-Type" content="text/html;charset=utf-8" />
  <meta name='ocr-system' content='tesseract 3.04.00' />
  <meta name='ocr-capabilities' content='ocr_page ocr_carea ocr_par ocr_line ocrx_word'/>
</head>
<body>
  <div class='ocr_page' id='page_1' title='image "./joannisdelugodi00lugogoog_0732.png"; bbox 0 0 4263 6376; ppageno 0'>
   <div class='ocr_carea' id='block_1_1' title="bbox 792 181 907 242">
    <p class='ocr_par' dir='ltr' id='par_1_1' title="bbox 792 181 907 242">
     <span class='ocr_line' id='line_1_1' title="bbox 792 181 907 242; baseline -0.035 0"><span class='ocrx_word' id='word_1_1' title='bbox 792 181 907 242; x_wconf 76' lang='lat'>692</span> 
     </span>
    </p>
   </div>
   <div class='ocr_carea' id='block_1_2' title="bbox 767 352 2348 5453">
    <p class='ocr_par' dir='ltr' id='par_1_2' title="bbox 767 352 2348 4878">
     <span class='ocr_line' id='line_1_2' title="bbox 794 352 2330 433; baseline -0.002 -16"><span class='ocrx_word' id='word_1_2' title='bbox 794 356 870 418; x_wconf 84' lang='lat' dir='ltr'>V.</span> <span class='ocrx_word' id='word_1_3' title='bbox 905 357 1057 416; x_wconf 87' lang='lat' dir='ltr'>tom.</span> <span class='ocrx_word' id='word_1_4' title='bbox 1090 352 1161 414; x_wconf 85' lang='lat' dir='ltr'>de</span> <span class='ocrx_word' id='word_1_5' title='bbox 1179 353 1444 433; x_wconf 75' lang='lat' dir='ltr'>justitia,</span> <span class='ocrx_word' id='word_1_6' title='bbox 1481 372 1587 433; x_wconf 89' lang='lat' dir='ltr'>qu.</span> <span class='ocrx_word' id='word_1_7' title='bbox 1622 371 1710 416; x_wconf 75' lang='lat' dir='ltr'>iv,</span> <span class='ocrx_word' id='word_1_8' title='bbox 1755 360 1870 416; x_wconf 87' lang='lat' dir='ltr'>art.</span> <span class='ocrx_word' id='word_1_9' title='bbox 1905 358 1966 415; x_wconf 77' lang='lat'>2.</span> <span class='ocrx_word' id='word_1_10' title='bbox 2025 356 2330 432; x_wconf 69' lang='lat' dir='ltr'>Tabiana,</span> 
     </span>
     <span class='ocr_line' id='line_1_3' title="bbox 797 447 2333 528; baseline 0.001 -20"><span class='ocrx_word' id='word_1_11' title='bbox 797 449 860 508; x_wconf 85' lang='lat' dir='ltr'>et</span> <span class='ocrx_word' id='word_1_12' title='bbox 884 447 993 509; x_wconf 88' lang='lat' dir='ltr'>alii</span> <span class='ocrx_word' id='word_1_13' title='bbox 1021 465 1178 527; x_wconf 88' lang='lat' dir='ltr'>quos</span> <span class='ocrx_word' id='word_1_14' title='bbox 1207 447 1490 524; x_wconf 80' lang='lat' dir='ltr'>sequitur</span> <span class='ocrx_word' id='word_1_15' title='bbox 1518 447 1763 509; x_wconf 87' lang='lat' dir='ltr'>Valent.</span> <span class='ocrx_word' id='word_1_16' title='bbox 1795 447 1858 507; x_wconf 93' lang='lat' dir='ltr'>in</span> <span class='ocrx_word' id='word_1_17' title='bbox 1888 466 2073 526; x_wconf 75' lang='lat' dir='ltr'>praes,</span> <span class='ocrx_word' id='word_1_18' title='bbox 2100 448 2333 528; x_wconf 86' lang='lat' dir='ltr'>disput.</span> 
     </span>
     <span class='ocr_line' id='line_1_4' title="bbox 796 539 2340 621; baseline 0.001 -19"><span class='ocrx_word' id='word_1_19' title='bbox 796 541 872 602; x_wconf 87' lang='lat' dir='ltr'>V.</span> <span class='ocrx_word' id='word_1_20' title='bbox 907 559 1012 621; x_wconf 90' lang='lat' dir='ltr'>qu.</span> <span class='ocrx_word' id='word_1_21' title='bbox 1045 556 1132 601; x_wconf 79' lang='grc' dir='ltr'>ΧΙ.</span> <span class='ocrx_word' id='word_1_22' title='bbox 1168 543 1382 618; x_wconf 85' lang='lat' dir='ltr'>punct.</span> <span class='ocrx_word' id='word_1_23' title='bbox 1426 543 1484 601; x_wconf 83' lang='lat'>2.</span> <span class='ocrx_word' id='word_1_24' title='bbox 1520 539 1687 600; x_wconf 88' lang='lat' dir='ltr'>circa</span> <span class='ocrx_word' id='word_1_25' title='bbox 1715 541 1908 600; x_wconf 89' lang='lat' dir='ltr'>finem</span> <span class='ocrx_word' id='word_1_26' title='bbox 1932 587 1949 617; x_wconf 94' lang='lat'>,</span> <span class='ocrx_word' id='word_1_27' title='bbox 1995 541 2340 603; x_wconf 89' lang='lat' dir='ltr'>Turrianus</span> 
     </span>
     <span class='ocr_line' id='line_1_5' title="bbox 798 631 2341 712; baseline 0.001 -20"><span class='ocrx_word' id='word_1_28' title='bbox 798 633 906 693; x_wconf 84' lang='lat' dir='ltr'>ubi</span> <span class='ocrx_word' id='word_1_29' title='bbox 934 652 1122 712; x_wconf 86' lang='lat' dir='ltr'>supra</span> <span class='ocrx_word' id='word_1_30' title='bbox 1140 678 1157 710; x_wconf 88' lang='lat'>,</span> <span class='ocrx_word' id='word_1_31' title='bbox 1188 631 1390 694; x_wconf 84' lang='lat' dir='ltr'><strong>Julius</strong></span> <span class='ocrx_word' id='word_1_32' title='bbox 1419 633 1635 694; x_wconf 83' lang='lat' dir='ltr'>Clarus</span> <span class='ocrx_word' id='word_1_33' title='bbox 1663 652 1854 711; x_wconf 89' lang='lat' dir='ltr'>super</span> <span class='ocrx_word' id='word_1_34' title='bbox 1880 634 2002 694; x_wconf 86' lang='lat' dir='ltr'>ritu</span> <span class='ocrx_word' id='word_1_35' title='bbox 2029 637 2170 696; x_wconf 79' lang='lat'><strong>285.</strong></span> <span class='ocrx_word' id='word_1_36' title='bbox 2205 653 2341 695; x_wconf 90' lang='lat' dir='ltr'>ma-</span> 
     </span>
     <span class='ocr_line' id='line_1_6' title="bbox 796 725 2344 806; baseline 0.001 -21"><span class='ocrx_word' id='word_1_37' title='bbox 796 744 938 804; x_wconf 82' lang='lat' dir='ltr'>gnae</span> <span class='ocrx_word' id='word_1_38' title='bbox 970 725 1161 786; x_wconf 84' lang='lat' dir='ltr'>curiae</span> <span class='ocrx_word' id='word_1_39' title='bbox 1189 770 1205 803; x_wconf 92' lang='lat'>‚</span> <span class='ocrx_word' id='word_1_40' title='bbox 1240 729 1303 787; x_wconf 86' lang='lat' dir='ltr'>et</span> <span class='ocrx_word' id='word_1_41' title='bbox 1331 726 1434 785; x_wconf 88' lang='lat' dir='ltr'>alii</span> <span class='ocrx_word' id='word_1_42' title='bbox 1464 725 1669 788; x_wconf 89' lang='lat' dir='ltr'>multi.</span> <span class='ocrx_word' id='word_1_43' title='bbox 1726 727 1804 787; x_wconf 85' lang='lat' dir='ltr'>Et</span> <span class='ocrx_word' id='word_1_44' title='bbox 1833 726 2090 806; x_wconf 89' lang='lat' dir='ltr'>quidem</span> <span class='ocrx_word' id='word_1_45' title='bbox 2121 745 2344 788; x_wconf 91' lang='lat' dir='ltr'>conse-</span> 
     </span>
     <span class='ocr_line' id='line_1_7' title="bbox 799 818 2344 898; baseline 0.001 -19"><span class='ocrx_word' id='word_1_46' title='bbox 799 822 1064 898; x_wconf 88' lang='lat' dir='ltr'>quenter</span> <span class='ocrx_word' id='word_1_47' title='bbox 1111 818 1192 878; x_wconf 87' lang='lat' dir='ltr'>ad</span> <span class='ocrx_word' id='word_1_48' title='bbox 1240 818 1581 878; x_wconf 91' lang='lat' dir='ltr'>secundam</span> <span class='ocrx_word' id='word_1_49' title='bbox 1611 819 1987 880; x_wconf 87' lang='lat' dir='ltr'>sententiam</span> <span class='ocrx_word' id='word_1_50' title='bbox 2033 818 2170 880; x_wconf 85' lang='lat' dir='ltr'>haec</span> <span class='ocrx_word' id='word_1_51' title='bbox 2200 837 2344 898; x_wconf 92' lang='lat' dir='ltr'>pars</span> 
     </span>
     <span class='ocr_line' id='line_1_8' title="bbox 796 911 2346 991; baseline 0.002 -20"><span class='ocrx_word' id='word_1_52' title='bbox 796 911 1047 973; x_wconf 85' lang='lat' dir='ltr'>videtur</span> <span class='ocrx_word' id='word_1_53' title='bbox 1074 911 1301 972; x_wconf 85' lang='lat' dir='ltr'>verior.</span> <span class='ocrx_word' id='word_1_54' title='bbox 1363 912 1429 973; x_wconf 92' lang='lat' dir='ltr'>Si</span> <span class='ocrx_word' id='word_1_55' title='bbox 1476 911 1643 972; x_wconf 91' lang='lat' dir='ltr'>enim</span> <span class='ocrx_word' id='word_1_56' title='bbox 1682 911 1881 991; x_wconf 80' lang='lat' dir='ltr'>judex</span> <span class='ocrx_word' id='word_1_57' title='bbox 1927 930 2051 972; x_wconf 91' lang='lat' dir='ltr'>non</span> <span class='ocrx_word' id='word_1_58' title='bbox 2094 917 2346 974; x_wconf 88' lang='lat' dir='ltr'>tenetur</span> 
     </span>
     <span class='ocr_line' id='line_1_9' title="bbox 799 1003 2339 1084; baseline 0.001 -20"><span class='ocrx_word' id='word_1_59' title='bbox 799 1003 1054 1065; x_wconf 92' lang='lat' dir='ltr'>omnino</span> <span class='ocrx_word' id='word_1_60' title='bbox 1120 1003 1435 1064; x_wconf 83' lang='lat' dir='ltr'>abstinere</span> <span class='ocrx_word' id='word_1_61' title='bbox 1491 1023 1527 1064; x_wconf 92' lang='lat' dir='ltr'>a</span> <span class='ocrx_word' id='word_1_62' title='bbox 1568 1004 1920 1084; x_wconf 77' lang='lat' dir='ltr'>prolatione</span> <span class='ocrx_word' id='word_1_63' title='bbox 1976 1004 2339 1079; x_wconf 80' lang='lat' dir='ltr'>sententiae3</span> 
     </span>
     <span class='ocr_line' id='line_1_10' title="bbox 798 1098 2346 1176; baseline 0.001 -18"><span class='ocrx_word' id='word_1_64' title='bbox 798 1116 948 1176; x_wconf 86' lang='lat' dir='ltr'>ergo</span> <span class='ocrx_word' id='word_1_65' title='bbox 996 1115 1121 1158; x_wconf 92' lang='lat' dir='ltr'>non</span> <span class='ocrx_word' id='word_1_66' title='bbox 1161 1100 1410 1158; x_wconf 87' lang='lat' dir='ltr'>tenetur</span> <span class='ocrx_word' id='word_1_67' title='bbox 1446 1098 1808 1158; x_wconf 85' lang='lat' dir='ltr'>renuntiare</span> <span class='ocrx_word' id='word_1_68' title='bbox 1840 1098 2043 1158; x_wconf 83' lang='lat' dir='ltr'>officio</span> <span class='ocrx_word' id='word_1_69' title='bbox 2094 1118 2171 1158; x_wconf 91' lang='lat' dir='ltr'>ne</span> <span class='ocrx_word' id='word_1_70' title='bbox 2202 1117 2346 1159; x_wconf 91' lang='lat' dir='ltr'>con-</span> 
     </span>
     <span class='ocr_line' id='line_1_11' title="bbox 798 1189 2346 1270; baseline 0.001 -20"><span class='ocrx_word' id='word_1_71' title='bbox 798 1189 1054 1251; x_wconf 89' lang='lat' dir='ltr'>demnet</span> <span class='ocrx_word' id='word_1_72' title='bbox 1097 1190 1497 1251; x_wconf 79' lang='lat' dir='ltr'>innocentem</span> <span class='ocrx_word' id='word_1_73' title='bbox 1545 1210 1558 1251; x_wconf 92' lang='lat'>:</span> <span class='ocrx_word' id='word_1_74' title='bbox 1609 1190 1915 1270; x_wconf 89' lang='lat' dir='ltr'>probatur</span> <span class='ocrx_word' id='word_1_75' title='bbox 1954 1209 2346 1270; x_wconf 89' lang='lat' dir='ltr'>consequen-</span> 
     </span>
     <span class='ocr_line' id='line_1_12' title="bbox 795 1282 2342 1363; baseline 0.001 -19"><span class='ocrx_word' id='word_1_76' title='bbox 795 1282 917 1355; x_wconf 88' lang='lat' dir='ltr'>tia,</span> <span class='ocrx_word' id='word_1_77' title='bbox 971 1282 1120 1362; x_wconf 88' lang='lat' dir='ltr'>quia</span> <span class='ocrx_word' id='word_1_78' title='bbox 1150 1282 1426 1361; x_wconf 87' lang='lat' dir='ltr'>alioquin</span> <span class='ocrx_word' id='word_1_79' title='bbox 1473 1286 1793 1344; x_wconf 81' lang='lat' dir='ltr'>teneretur</span> <span class='ocrx_word' id='word_1_80' title='bbox 1822 1283 2009 1345; x_wconf 88' lang='lat' dir='ltr'>etiam</span> <span class='ocrx_word' id='word_1_81' title='bbox 2041 1303 2163 1345; x_wconf 91' lang='lat' dir='ltr'>non</span> <span class='ocrx_word' id='word_1_82' title='bbox 2198 1303 2342 1363; x_wconf 84' lang='lat' dir='ltr'>pro-</span> 
     </span>
     <span class='ocr_line' id='line_1_13' title="bbox 796 1374 2348 1454; baseline 0 -18"><span class='ocrx_word' id='word_1_83' title='bbox 796 1375 960 1436; x_wconf 84' lang='lat' dir='ltr'>ferre</span> <span class='ocrx_word' id='word_1_84' title='bbox 992 1374 1399 1452; x_wconf 81' lang='lat' dir='ltr'>sententiam,</span> <span class='ocrx_word' id='word_1_85' title='bbox 1432 1375 1580 1436; x_wconf 90' lang='lat' dir='ltr'>licet</span> <span class='ocrx_word' id='word_1_86' title='bbox 1605 1376 1723 1436; x_wconf 88' lang='lat' dir='ltr'>hac</span> <span class='ocrx_word' id='word_1_87' title='bbox 1753 1376 2232 1454; x_wconf 86' lang='lat' dir='ltr'>viaincurreret</span> <span class='ocrx_word' id='word_1_88' title='bbox 2259 1377 2348 1436; x_wconf 91' lang='lat' dir='ltr'>in-</span> 
     </span>
     <span class='ocr_line' id='line_1_14' title="bbox 798 1468 2342 1548; baseline 0.001 -21"><span class='ocrx_word' id='word_1_89' title='bbox 798 1468 1230 1546; x_wconf 80' lang='lat' dir='ltr'>dignationem</span> <span class='ocrx_word' id='word_1_90' title='bbox 1285 1469 1648 1548; x_wconf 81' lang='lat' dir='ltr'>reipublicae</span> <span class='ocrx_word' id='word_1_91' title='bbox 1714 1473 1776 1530; x_wconf 91' lang='lat' dir='ltr'>et</span> <span class='ocrx_word' id='word_1_92' title='bbox 1830 1469 1952 1530; x_wconf 89' lang='lat' dir='ltr'>alia</span> <span class='ocrx_word' id='word_1_93' title='bbox 2024 1470 2342 1548; x_wconf 83' lang='lat' dir='ltr'>pericula;</span> 
     </span>
     <span class='ocr_line' id='line_1_15' title="bbox 798 1560 2340 1641; baseline 0 -19"><span class='ocrx_word' id='word_1_94' title='bbox 798 1561 968 1641; x_wconf 86' lang='lat' dir='ltr'>quod</span> <span class='ocrx_word' id='word_1_95' title='bbox 997 1560 1047 1622; x_wconf 90' lang='lat' dir='ltr'>si</span> <span class='ocrx_word' id='word_1_96' title='bbox 1079 1562 1214 1622; x_wconf 85' lang='lat' dir='ltr'>haec</span> <span class='ocrx_word' id='word_1_97' title='bbox 1242 1562 1523 1641; x_wconf 84' lang='lat' dir='ltr'>pericula</span> <span class='ocrx_word' id='word_1_98' title='bbox 1552 1580 1677 1623; x_wconf 92' lang='lat' dir='ltr'>non</span> <span class='ocrx_word' id='word_1_99' title='bbox 1711 1567 1963 1624; x_wconf 84' lang='lat' dir='ltr'>tenetur</span> <span class='ocrx_word' id='word_1_100' title='bbox 1989 1562 2340 1639; x_wconf 89' lang='lat' dir='ltr'>incurrere,</span> 
     </span>
     <span class='ocr_line' id='line_1_16' title="bbox 798 1654 2348 1733; baseline -0.001 -18"><span class='ocrx_word' id='word_1_101' title='bbox 798 1673 911 1715; x_wconf 90' lang='lat' dir='ltr'>cur</span> <span class='ocrx_word' id='word_1_102' title='bbox 945 1654 1261 1716; x_wconf 85' lang='lat' dir='ltr'>tenebitur</span> <span class='ocrx_word' id='word_1_103' title='bbox 1287 1655 1581 1733; x_wconf 80' lang='lat' dir='ltr'>amplecti</span> <span class='ocrx_word' id='word_1_104' title='bbox 1610 1655 1762 1716; x_wconf 91' lang='lat' dir='ltr'>illud</span> <span class='ocrx_word' id='word_1_105' title='bbox 1792 1673 1917 1715; x_wconf 92' lang='lat' dir='ltr'>non</span> <span class='ocrx_word' id='word_1_106' title='bbox 1947 1655 2151 1716; x_wconf 92' lang='lat' dir='ltr'>solum</span> <span class='ocrx_word' id='word_1_107' title='bbox 2182 1654 2348 1733; x_wconf 87' lang='lat' dir='ltr'>peri-</span> 
     </span>
     <span class='ocr_line' id='line_1_17' title="bbox 798 1745 2347 1827; baseline -0.001 -20"><span class='ocrx_word' id='word_1_108' title='bbox 798 1747 1029 1823; x_wconf 89' lang='lat' dir='ltr'>culum,</span> <span class='ocrx_word' id='word_1_109' title='bbox 1059 1745 1169 1806; x_wconf 89' lang='lat' dir='ltr'>sed</span> <span class='ocrx_word' id='word_1_110' title='bbox 1201 1746 1502 1807; x_wconf 89' lang='lat' dir='ltr'>damnum</span> <span class='ocrx_word' id='word_1_111' title='bbox 1532 1747 1885 1808; x_wconf 86' lang='lat' dir='ltr'>amissionis</span> <span class='ocrx_word' id='word_1_112' title='bbox 1916 1747 2140 1809; x_wconf 87' lang='lat' dir='ltr'>officii:</span> <span class='ocrx_word' id='word_1_113' title='bbox 2177 1746 2347 1827; x_wconf 90' lang='lat' dir='ltr'>quod</span> 
     </span>
     <span class='ocr_line' id='line_1_18' title="bbox 798 1838 2340 1920; baseline 0.001 -22"><span class='ocrx_word' id='word_1_114' title='bbox 798 1839 1055 1918; x_wconf 89' lang='lat' dir='ltr'>quidem</span> <span class='ocrx_word' id='word_1_115' title='bbox 1085 1838 1290 1919; x_wconf 87' lang='lat' dir='ltr'>majus</span> <span class='ocrx_word' id='word_1_116' title='bbox 1320 1843 1414 1901; x_wconf 89' lang='lat' dir='ltr'>est</span> <span class='ocrx_word' id='word_1_117' title='bbox 1443 1840 1780 1919; x_wconf 90' lang='lat' dir='ltr'>aliquando</span> <span class='ocrx_word' id='word_1_118' title='bbox 1830 1859 2020 1920; x_wconf 91' lang='lat' dir='ltr'>quam</span> <span class='ocrx_word' id='word_1_119' title='bbox 2063 1839 2340 1916; x_wconf 87' lang='lat' dir='ltr'>exilium,</span> 
     </span>
     <span class='ocr_line' id='line_1_19' title="bbox 796 1931 2343 2010; baseline 0.001 -18"><span class='ocrx_word' id='word_1_120' title='bbox 796 1932 896 1992; x_wconf 90' lang='lat' dir='ltr'>vel</span> <span class='ocrx_word' id='word_1_121' title='bbox 926 1932 1064 1991; x_wconf 76' lang='lat' dir='ltr'>aliae</span> <span class='ocrx_word' id='word_1_122' title='bbox 1094 1931 1329 1992; x_wconf 85' lang='lat' dir='ltr'>similes</span> <span class='ocrx_word' id='word_1_123' title='bbox 1358 1933 1603 2010; x_wconf 80' lang='lat' dir='ltr'>poenae?</span> <span class='ocrx_word' id='word_1_124' title='bbox 1631 1932 1794 2004; x_wconf 85' lang='lat' dir='ltr'>Quid</span> <span class='ocrx_word' id='word_1_125' title='bbox 1823 1932 2012 2010; x_wconf 76' lang='lat' dir='ltr'>enim,</span> <span class='ocrx_word' id='word_1_126' title='bbox 2038 1932 2088 1992; x_wconf 89' lang='lat' dir='ltr'>si</span> <span class='ocrx_word' id='word_1_127' title='bbox 2118 1951 2343 1994; x_wconf 88' lang='lat' dir='ltr'>renun-</span> 
     </span>
     <span class='ocr_line' id='line_1_20' title="bbox 799 2022 2345 2103; baseline -0.001 -16"><span class='ocrx_word' id='word_1_128' title='bbox 799 2022 1088 2087; x_wconf 86' lang='lat' dir='ltr'>tiandum</span> <span class='ocrx_word' id='word_1_129' title='bbox 1118 2026 1281 2085; x_wconf 76' lang='lat' dir='ltr'>esset</span> <span class='ocrx_word' id='word_1_130' title='bbox 1305 2041 1565 2085; x_wconf 86' lang='lat' dir='ltr'>summae</span> <span class='ocrx_word' id='word_1_131' title='bbox 1594 2024 2126 2103; x_wconf 81' lang='lat' dir='ltr'>praefecturae‚vel</span> <span class='ocrx_word' id='word_1_132' title='bbox 2154 2026 2345 2087; x_wconf 90' lang='lat' dir='ltr'>etiam</span> 
     </span>
     <span class='ocr_line' id='line_1_21' title="bbox 797 2116 2338 2196; baseline 0.002 -19"><span class='ocrx_word' id='word_1_133' title='bbox 797 2134 992 2194; x_wconf 84' lang='lat' dir='ltr'>regno</span> <span class='ocrx_word' id='word_1_134' title='bbox 1017 2116 1046 2176; x_wconf 79' lang='lat'>⁸?</span> <span class='ocrx_word' id='word_1_135' title='bbox 1111 2117 1259 2176; x_wconf 84' lang='lat' dir='ltr'>Haec</span> <span class='ocrx_word' id='word_1_136' title='bbox 1331 2120 1541 2177; x_wconf 87' lang='lat' dir='ltr'>autem</span> <span class='ocrx_word' id='word_1_137' title='bbox 1619 2116 1890 2177; x_wconf 87' lang='lat' dir='ltr'>maxime</span> <span class='ocrx_word' id='word_1_138' title='bbox 1964 2118 2338 2196; x_wconf 88' lang='lat' dir='ltr'>procedunt,</span> 
     </span>
     <span class='ocr_line' id='line_1_22' title="bbox 799 2208 2345 2289; baseline 0.001 -19"><span class='ocrx_word' id='word_1_139' title='bbox 799 2208 1051 2289; x_wconf 90' lang='lat' dir='ltr'>quando</span> <span class='ocrx_word' id='word_1_140' title='bbox 1100 2209 1479 2270; x_wconf 82' lang='lat' dir='ltr'>renuntiatio</span> <span class='ocrx_word' id='word_1_141' title='bbox 1528 2228 1653 2269; x_wconf 92' lang='lat' dir='ltr'>non</span> <span class='ocrx_word' id='word_1_142' title='bbox 1702 2214 1867 2271; x_wconf 87' lang='lat' dir='ltr'>esset</span> <span class='ocrx_word' id='word_1_143' title='bbox 1895 2210 2223 2289; x_wconf 81' lang='lat' dir='ltr'>profutura</span> <span class='ocrx_word' id='word_1_144' title='bbox 2250 2211 2345 2271; x_wconf 90' lang='lat' dir='ltr'>in-</span> 
     </span>
     <span class='ocr_line' id='line_1_23' title="bbox 799 2302 2347 2380; baseline 0.002 -18"><span class='ocrx_word' id='word_1_145' title='bbox 799 2302 1084 2378; x_wconf 81' lang='lat' dir='ltr'>nocenti,</span> <span class='ocrx_word' id='word_1_146' title='bbox 1133 2302 1241 2380; x_wconf 92' lang='lat' dir='ltr'>qui</span> <span class='ocrx_word' id='word_1_147' title='bbox 1288 2302 1512 2363; x_wconf 89' lang='lat' dir='ltr'>eodem</span> <span class='ocrx_word' id='word_1_148' title='bbox 1540 2302 1729 2363; x_wconf 89' lang='lat' dir='ltr'>modo</span> <span class='ocrx_word' id='word_1_149' title='bbox 1759 2304 2156 2365; x_wconf 84' lang='lat' dir='ltr'>damnandus</span> <span class='ocrx_word' id='word_1_150' title='bbox 2184 2307 2347 2365; x_wconf 88' lang='lat' dir='ltr'>esset</span> 
     </span>
     <span class='ocr_line' id='line_1_24' title="bbox 800 2393 2340 2475; baseline 0.001 -20"><span class='ocrx_word' id='word_1_151' title='bbox 800 2396 879 2455; x_wconf 86' lang='lat' dir='ltr'>ab</span> <span class='ocrx_word' id='word_1_152' title='bbox 909 2394 1029 2455; x_wconf 90' lang='lat' dir='ltr'>alio</span> <span class='ocrx_word' id='word_1_153' title='bbox 1051 2393 1288 2472; x_wconf 87' lang='lat' dir='ltr'>judice.</span> <span class='ocrx_word' id='word_1_154' title='bbox 1342 2393 1405 2456; x_wconf 90' lang='lat' dir='ltr'>Si</span> <span class='ocrx_word' id='word_1_155' title='bbox 1436 2398 1646 2456; x_wconf 88' lang='lat' dir='ltr'>autem</span> <span class='ocrx_word' id='word_1_156' title='bbox 1676 2400 1965 2473; x_wconf 88' lang='lat' dir='ltr'>speratur</span> <span class='ocrx_word' id='word_1_157' title='bbox 1991 2397 2340 2475; x_wconf 85' lang='lat' dir='ltr'>profutura,</span> 
     </span>
     <span class='ocr_line' id='line_1_25' title="bbox 799 2487 2344 2566; baseline 0 -16"><span class='ocrx_word' id='word_1_158' title='bbox 799 2492 947 2550; x_wconf 87' lang='lat' dir='ltr'>tunc</span> <span class='ocrx_word' id='word_1_159' title='bbox 1004 2490 1463 2566; x_wconf 86' lang='lat' dir='ltr'>consequenter</span> <span class='ocrx_word' id='word_1_160' title='bbox 1517 2487 1597 2546; x_wconf 90' lang='lat' dir='ltr'>ad</span> <span class='ocrx_word' id='word_1_161' title='bbox 1653 2487 1945 2548; x_wconf 89' lang='lat' dir='ltr'>eamdem</span> <span class='ocrx_word' id='word_1_162' title='bbox 1999 2490 2344 2550; x_wconf 89' lang='lat' dir='ltr'>secundam</span> 
     </span>
     <span class='ocr_line' id='line_1_26' title="bbox 798 2579 2343 2659; baseline 0.003 -18"><span class='ocrx_word' id='word_1_163' title='bbox 798 2580 1206 2657; x_wconf 87' lang='lat' dir='ltr'>sententiam,</span> <span class='ocrx_word' id='word_1_164' title='bbox 1251 2579 1449 2659; x_wconf 83' lang='lat' dir='ltr'>judex</span> <span class='ocrx_word' id='word_1_165' title='bbox 1495 2579 1757 2643; x_wconf 89' lang='lat' dir='ltr'>deberet</span> <span class='ocrx_word' id='word_1_166' title='bbox 1795 2583 2161 2642; x_wconf 86' lang='lat' dir='ltr'>renuntiare</span> <span class='ocrx_word' id='word_1_167' title='bbox 2210 2583 2343 2645; x_wconf 83' lang='lat' dir='ltr'>offi-</span> 
     </span>
     <span class='ocr_line' id='line_1_27' title="bbox 798 2672 2343 2754; baseline 0.001 -18"><span class='ocrx_word' id='word_1_168' title='bbox 798 2675 929 2752; x_wconf 90' lang='lat' dir='ltr'>cio,</span> <span class='ocrx_word' id='word_1_169' title='bbox 980 2674 1031 2734; x_wconf 93' lang='lat' dir='ltr'>si</span> <span class='ocrx_word' id='word_1_170' title='bbox 1079 2692 1205 2733; x_wconf 93' lang='lat' dir='ltr'>non</span> <span class='ocrx_word' id='word_1_171' title='bbox 1235 2675 1398 2734; x_wconf 88' lang='lat' dir='ltr'>esset</span> <span class='ocrx_word' id='word_1_172' title='bbox 1425 2672 1489 2732; x_wconf 91' lang='lat' dir='ltr'>in</span> <span class='ocrx_word' id='word_1_173' title='bbox 1517 2674 1959 2753; x_wconf 86' lang='lat' dir='ltr'>gravissimum</span> <span class='ocrx_word' id='word_1_174' title='bbox 2001 2676 2199 2754; x_wconf 91' lang='lat' dir='ltr'>ipsius</span> <span class='ocrx_word' id='word_1_175' title='bbox 2239 2676 2343 2737; x_wconf 88' lang='lat' dir='ltr'>de·</span> 
     </span>
     <span class='ocr_line' id='line_1_28' title="bbox 796 2766 2344 2844; baseline 0.001 -16"><span class='ocrx_word' id='word_1_176' title='bbox 796 2767 1162 2829; x_wconf 84' lang='lat' dir='ltr'>trimentum</span> <span class='ocrx_word' id='word_1_177' title='bbox 1183 2812 1199 2843; x_wconf 91' lang='lat'>,</span> <span class='ocrx_word' id='word_1_178' title='bbox 1254 2784 1403 2826; x_wconf 91' lang='lat' dir='ltr'>nam</span> <span class='ocrx_word' id='word_1_179' title='bbox 1446 2784 1559 2844; x_wconf 91' lang='lat' dir='ltr'>pro</span> <span class='ocrx_word' id='word_1_180' title='bbox 1589 2766 1721 2829; x_wconf 84' lang='lat' dir='ltr'>vita</span> <span class='ocrx_word' id='word_1_181' title='bbox 1747 2768 2099 2831; x_wconf 86' lang='lat' dir='ltr'>innocentis</span> <span class='ocrx_word' id='word_1_182' title='bbox 2129 2769 2344 2830; x_wconf 87' lang='lat' dir='ltr'>defen-</span> 
     </span>
     <span class='ocr_line' id='line_1_29' title="bbox 798 2858 2342 2940; baseline 0 -19"><span class='ocrx_word' id='word_1_183' title='bbox 798 2861 1040 2936; x_wconf 89' lang='lat' dir='ltr'>denda,</span> <span class='ocrx_word' id='word_1_184' title='bbox 1093 2863 1155 2922; x_wconf 81' lang='lat' dir='ltr'>et</span> <span class='ocrx_word' id='word_1_185' title='bbox 1194 2876 1307 2937; x_wconf 89' lang='lat' dir='ltr'>pro</span> <span class='ocrx_word' id='word_1_186' title='bbox 1340 2858 1599 2920; x_wconf 85' lang='lat' dir='ltr'>vitanda</span> <span class='ocrx_word' id='word_1_187' title='bbox 1629 2862 2070 2940; x_wconf 85' lang='lat' dir='ltr'>cooperatione</span> <span class='ocrx_word' id='word_1_188' title='bbox 2111 2862 2216 2922; x_wconf 92' lang='lat' dir='ltr'>illa</span> <span class='ocrx_word' id='word_1_189' title='bbox 2261 2861 2342 2923; x_wconf 89' lang='lat' dir='ltr'>ad</span> 
     </span>
     <span class='ocr_line' id='line_1_30' title="bbox 797 2951 2344 3034; baseline -0.001 -19"><span class='ocrx_word' id='word_1_190' title='bbox 797 2954 933 3034; x_wconf 87' lang='lat' dir='ltr'>ejus</span> <span class='ocrx_word' id='word_1_191' title='bbox 1002 2952 1472 3013; x_wconf 86' lang='lat' dir='ltr'>damnationem</span> <span class='ocrx_word' id='word_1_192' title='bbox 1554 2951 1810 3032; x_wconf 85' lang='lat' dir='ltr'>aliquod</span> <span class='ocrx_word' id='word_1_193' title='bbox 1896 2953 2344 3016; x_wconf 87' lang='lat' dir='ltr'>detrimentum</span> 
     </span>
     <span class='ocr_line' id='line_1_31' title="bbox 798 3044 2343 3126; baseline 0 -18"><span class='ocrx_word' id='word_1_194' title='bbox 798 3050 1046 3125; x_wconf 82' lang='lat' dir='ltr'>oportet</span> <span class='ocrx_word' id='word_1_195' title='bbox 1073 3044 1305 3106; x_wconf 90' lang='lat' dir='ltr'>subire.</span> <span class='ocrx_word' id='word_1_196' title='bbox 1360 3044 1427 3106; x_wconf 89' lang='lat' dir='ltr'>Si</span> <span class='ocrx_word' id='word_1_197' title='bbox 1469 3047 1683 3106; x_wconf 90' lang='lat' dir='ltr'>tamen</span> <span class='ocrx_word' id='word_1_198' title='bbox 1711 3051 1876 3108; x_wconf 89' lang='lat' dir='ltr'>esset</span> <span class='ocrx_word' id='word_1_199' title='bbox 1901 3047 2343 3126; x_wconf 85' lang='lat' dir='ltr'>gravissimum</span> 
     </span>
     <span class='ocr_line' id='line_1_32' title="bbox 798 3138 2336 3216; baseline 0.001 -15"><span class='ocrx_word' id='word_1_200' title='bbox 798 3138 1244 3202; x_wconf 87' lang='lat' dir='ltr'>detrimentum</span> <span class='ocrx_word' id='word_1_201' title='bbox 1269 3182 1286 3216; x_wconf 90' lang='lat'>,</span> <span class='ocrx_word' id='word_1_202' title='bbox 1351 3155 1477 3199; x_wconf 91' lang='lat' dir='ltr'>non</span> <span class='ocrx_word' id='word_1_203' title='bbox 1532 3142 1857 3201; x_wconf 88' lang='lat' dir='ltr'>teneretur</span> <span class='ocrx_word' id='word_1_204' title='bbox 1912 3141 2274 3202; x_wconf 85' lang='lat' dir='ltr'>renuntiare</span> <span class='ocrx_word' id='word_1_205' title='bbox 2324 3161 2336 3203; x_wconf 93' lang='lat'><strong>:</strong></span> 
     </span>
     <span class='ocr_line' id='line_1_33' title="bbox 798 3230 2340 3312; baseline 0.001 -19"><span class='ocrx_word' id='word_1_206' title='bbox 798 3252 922 3294; x_wconf 93' lang='lat' dir='ltr'>non</span> <span class='ocrx_word' id='word_1_207' title='bbox 970 3233 1136 3293; x_wconf 88' lang='lat' dir='ltr'>enim</span> <span class='ocrx_word' id='word_1_208' title='bbox 1179 3230 1430 3293; x_wconf 86' lang='lat' dir='ltr'>videtur</span> <span class='ocrx_word' id='word_1_209' title='bbox 1475 3232 1832 3311; x_wconf 88' lang='lat' dir='ltr'>respublica</span> <span class='ocrx_word' id='word_1_210' title='bbox 1877 3234 2158 3312; x_wconf 87' lang='lat' dir='ltr'>obligare</span> <span class='ocrx_word' id='word_1_211' title='bbox 2199 3253 2340 3295; x_wconf 89' lang='lat' dir='ltr'>cum</span> 
     </span>
     <span class='ocr_line' id='line_1_34' title="bbox 796 3324 2339 3404; baseline -0.001 -15"><span class='ocrx_word' id='word_1_212' title='bbox 796 3330 969 3389; x_wconf 86' lang='lat' dir='ltr'>tanto</span> <span class='ocrx_word' id='word_1_213' title='bbox 999 3324 1375 3386; x_wconf 84' lang='lat' dir='ltr'>detrimento</span> <span class='ocrx_word' id='word_1_214' title='bbox 1398 3324 1683 3404; x_wconf 87' lang='lat' dir='ltr'>judicem</span> <span class='ocrx_word' id='word_1_215' title='bbox 1705 3371 1720 3402; x_wconf 93' lang='lat'>,</span> <span class='ocrx_word' id='word_1_216' title='bbox 1757 3331 1825 3387; x_wconf 91' lang='lat' dir='ltr'>ut</span> <span class='ocrx_word' id='word_1_217' title='bbox 1853 3326 2083 3388; x_wconf 84' lang='lat' dir='ltr'>debeat</span> <span class='ocrx_word' id='word_1_218' title='bbox 2109 3345 2339 3388; x_wconf 92' lang='lat' dir='ltr'>renun-</span> 
     </span>
     <span class='ocr_line' id='line_1_35' title="bbox 796 3418 2340 3499; baseline 0 -19"><span class='ocrx_word' id='word_1_219' title='bbox 796 3421 951 3482; x_wconf 86' lang='lat' dir='ltr'>tiare</span> <span class='ocrx_word' id='word_1_220' title='bbox 983 3437 1245 3480; x_wconf 80' lang='lat' dir='ltr'>summae</span> <span class='ocrx_word' id='word_1_221' title='bbox 1276 3418 1589 3498; x_wconf 84' lang='lat' dir='ltr'>dignitati,</span> <span class='ocrx_word' id='word_1_222' title='bbox 1623 3419 1722 3478; x_wconf 85' lang='lat' dir='ltr'>vel</span> <span class='ocrx_word' id='word_1_223' title='bbox 1750 3438 1969 3497; x_wconf 89' lang='lat' dir='ltr'>regno.</span> <span class='ocrx_word' id='word_1_224' title='bbox 2004 3422 2159 3480; x_wconf 91' lang='lat' dir='ltr'>Cum</span> <span class='ocrx_word' id='word_1_225' title='bbox 2190 3439 2340 3499; x_wconf 85' lang='lat' dir='ltr'>ergo</span> 
     </span>
     <span class='ocr_line' id='line_1_36' title="bbox 794 3510 2338 3589; baseline 0.001 -17"><span class='ocrx_word' id='word_1_226' title='bbox 794 3513 901 3573; x_wconf 91' lang='lat' dir='ltr'>illa</span> <span class='ocrx_word' id='word_1_227' title='bbox 924 3510 1233 3573; x_wconf 85' lang='lat' dir='ltr'>sententia</span> <span class='ocrx_word' id='word_1_228' title='bbox 1261 3514 1591 3589; x_wconf 84' lang='lat' dir='ltr'>supponat,</span> <span class='ocrx_word' id='word_1_229' title='bbox 1624 3512 2079 3588; x_wconf 83' lang='lat' dir='ltr'>rempublicam</span> <span class='ocrx_word' id='word_1_230' title='bbox 2105 3512 2338 3574; x_wconf 87' lang='lat' dir='ltr'>habere</span> 
     </span>
     <span class='ocr_line' id='line_1_37' title="bbox 795 3603 2341 3685; baseline 0.001 -19"><span class='ocrx_word' id='word_1_231' title='bbox 795 3608 1166 3685; x_wconf 77' lang='lat' dir='ltr'>potestatem</span> <span class='ocrx_word' id='word_1_232' title='bbox 1196 3603 1258 3664; x_wconf 93' lang='lat' dir='ltr'>in</span> <span class='ocrx_word' id='word_1_233' title='bbox 1290 3620 1362 3662; x_wconf 91' lang='lat' dir='ltr'>eo</span> <span class='ocrx_word' id='word_1_234' title='bbox 1393 3620 1539 3663; x_wconf 88' lang='lat' dir='ltr'>casu</span> <span class='ocrx_word' id='word_1_235' title='bbox 1591 3603 1670 3663; x_wconf 90' lang='lat' dir='ltr'>ad</span> <span class='ocrx_word' id='word_1_236' title='bbox 1717 3605 2130 3665; x_wconf 84' lang='lat' dir='ltr'>occidendum</span> <span class='ocrx_word' id='word_1_237' title='bbox 2160 3606 2341 3667; x_wconf 91' lang='lat' dir='ltr'>inno-</span> 
     </span>
     <span class='ocr_line' id='line_1_38' title="bbox 795 3697 2337 3776; baseline -0.001 -16"><span class='ocrx_word' id='word_1_238' title='bbox 795 3703 1042 3760; x_wconf 89' lang='lat' dir='ltr'>centem</span> <span class='ocrx_word' id='word_1_239' title='bbox 1083 3700 1341 3776; x_wconf 85' lang='lat' dir='ltr'>propter</span> <span class='ocrx_word' id='word_1_240' title='bbox 1369 3713 1702 3755; x_wconf 89' lang='lat' dir='ltr'>commune</span> <span class='ocrx_word' id='word_1_241' title='bbox 1730 3697 1967 3757; x_wconf 85' lang='lat' dir='ltr'>bonum</span> <span class='ocrx_word' id='word_1_242' title='bbox 1992 3743 2008 3773; x_wconf 86' lang='lat'>,</span> <span class='ocrx_word' id='word_1_243' title='bbox 2066 3701 2129 3758; x_wconf 89' lang='lat' dir='ltr'>et</span> <span class='ocrx_word' id='word_1_244' title='bbox 2176 3698 2337 3759; x_wconf 91' lang='lat' dir='ltr'>occi·</span> 
     </span>
     <span class='ocr_line' id='line_1_39' title="bbox 793 3789 2339 3855; baseline -0.003 -1"><span class='ocrx_word' id='word_1_245' title='bbox 793 3793 1034 3855; x_wconf 87' lang='lat' dir='ltr'>sionem</span> <span class='ocrx_word' id='word_1_246' title='bbox 1081 3790 1249 3848; x_wconf 88' lang='lat' dir='ltr'>illam</span> <span class='ocrx_word' id='word_1_247' title='bbox 1296 3807 1421 3848; x_wconf 90' lang='lat' dir='ltr'>non</span> <span class='ocrx_word' id='word_1_248' title='bbox 1471 3805 1605 3848; x_wconf 89' lang='lat' dir='ltr'>esse</span> <span class='ocrx_word' id='word_1_249' title='bbox 1651 3789 1810 3850; x_wconf 86' lang='lat' dir='ltr'>adeo</span> <span class='ocrx_word' id='word_1_250' title='bbox 1840 3790 2175 3851; x_wconf 86' lang='lat' dir='ltr'>intrinsece</span> <span class='ocrx_word' id='word_1_251' title='bbox 2205 3810 2339 3850; x_wconf 79' lang='lat' dir='ltr'>ina-</span> 
     </span>
     <span class='ocr_line' id='line_1_40' title="bbox 767 3879 2338 3962; baseline -0.002 -17"><span class='ocrx_word' id='word_1_252' title='bbox 767 3886 918 3947; x_wconf 88' lang='lat' dir='ltr'>·lam</span> <span class='ocrx_word' id='word_1_253' title='bbox 938 3931 954 3962; x_wconf 86' lang='lat'><strong>,</strong></span> <span class='ocrx_word' id='word_1_254' title='bbox 1012 3885 1082 3943; x_wconf 93' lang='lat' dir='ltr'>ut</span> <span class='ocrx_word' id='word_1_255' title='bbox 1108 3901 1231 3941; x_wconf 92' lang='lat' dir='ltr'>non</span> <span class='ocrx_word' id='word_1_256' title='bbox 1261 3879 1458 3959; x_wconf 83' lang='lat' dir='ltr'>possit</span> <span class='ocrx_word' id='word_1_257' title='bbox 1485 3898 1561 3940; x_wconf 84' lang='lat' dir='ltr'>ex</span> <span class='ocrx_word' id='word_1_258' title='bbox 1593 3880 1901 3960; x_wconf 83' lang='lat' dir='ltr'>aliquibus</span> <span class='ocrx_word' id='word_1_259' title='bbox 1930 3883 2137 3943; x_wconf 87' lang='lat' dir='ltr'>causis</span> <span class='ocrx_word' id='word_1_260' title='bbox 2159 3882 2338 3962; x_wconf 87' lang='lat' dir='ltr'>justi-</span> 
     </span>
     <span class='ocr_line' id='line_1_41' title="bbox 792 3974 2338 4053; baseline -0.001 -13"><span class='ocrx_word' id='word_1_261' title='bbox 792 3977 1012 4050; x_wconf 79' lang='lat' dir='ltr'>ficari3</span> <span class='ocrx_word' id='word_1_262' title='bbox 1065 3975 1185 4036; x_wconf 75' lang='lat' dir='ltr'>illa:</span> <span class='ocrx_word' id='word_1_263' title='bbox 1230 3974 1484 4053; x_wconf 89' lang='lat' dir='ltr'>quidem</span> <span class='ocrx_word' id='word_1_264' title='bbox 1532 3991 1735 4034; x_wconf 69' lang='lat' dir='ltr'>causa}</span> <span class='ocrx_word' id='word_1_265' title='bbox 1769 3975 2062 4036; x_wconf 85' lang='lat' dir='ltr'>videntur</span> <span class='ocrx_word' id='word_1_266' title='bbox 2101 3977 2168 4035; x_wconf 88' lang='lat' dir='ltr'>in</span> <span class='ocrx_word' id='word_1_267' title='bbox 2218 3977 2338 4038; x_wconf 87' lang='lat' dir='ltr'>hoc</span> 
     </span>
     <span class='ocr_line' id='line_1_42' title="bbox 794 4067 2335 4149; baseline -0.002 -17"><span class='ocrx_word' id='word_1_268' title='bbox 794 4090 943 4133; x_wconf 92' lang='lat' dir='ltr'>casu</span> <span class='ocrx_word' id='word_1_269' title='bbox 974 4086 1375 4141; x_wconf 81' lang='lat' dir='ltr'>concurrere3</span> <span class='ocrx_word' id='word_1_270' title='bbox 1411 4084 1558 4126; x_wconf 89' lang='lat' dir='ltr'>nam</span> <span class='ocrx_word' id='word_1_271' title='bbox 1585 4067 1639 4126; x_wconf 90' lang='lat' dir='ltr'>si</span> <span class='ocrx_word' id='word_1_272' title='bbox 1666 4085 1775 4126; x_wconf 90' lang='lat' dir='ltr'>rex</span> <span class='ocrx_word' id='word_1_273' title='bbox 1802 4072 2122 4128; x_wconf 87' lang='lat' dir='ltr'>teneretur</span> <span class='ocrx_word' id='word_1_274' title='bbox 2141 4087 2335 4149; x_wconf 85' lang='lat' dir='ltr'>regno</span> 
     </span>
     <span class='ocr_line' id='line_1_43' title="bbox 790 4160 2330 4239; baseline -0.002 -14"><span class='ocrx_word' id='word_1_275' title='bbox 790 4162 1149 4225; x_wconf 87' lang='lat' dir='ltr'>renuntiare</span> <span class='ocrx_word' id='word_1_276' title='bbox 1175 4207 1191 4237; x_wconf 93' lang='lat'>,</span> <span class='ocrx_word' id='word_1_277' title='bbox 1226 4160 1323 4219; x_wconf 77' lang='lat' dir='ltr'>vel</span> <span class='ocrx_word' id='word_1_278' title='bbox 1352 4179 1585 4239; x_wconf 81' lang='lat' dir='ltr'>praeses</span> <span class='ocrx_word' id='word_1_279' title='bbox 1615 4179 1877 4220; x_wconf 81' lang='lat' dir='ltr'>summae</span> <span class='ocrx_word' id='word_1_280' title='bbox 1908 4160 2330 4238; x_wconf 61' lang='lat' dir='ltr'>praefecturam</span> 
     </span>
     <span class='ocr_line' id='line_1_44' title="bbox 793 4252 1560 4331; baseline -0.009 -13"><span class='ocrx_word' id='word_1_281' title='bbox 793 4258 1049 4318; x_wconf 87' lang='lat' dir='ltr'>daretur</span> <span class='ocrx_word' id='word_1_282' title='bbox 1079 4252 1322 4315; x_wconf 87' lang='lat' dir='ltr'>occasio</span> <span class='ocrx_word' id='word_1_283' title='bbox 1351 4252 1560 4331; x_wconf 78' lang='lat' dir='ltr'>iniqui:</span> 
     </span>
     <span class='ocr_line' id='line_1_45' title="bbox 793 4345 1560 4423; baseline -0.007 -12"><span class='ocrx_word' id='word_1_284' title='bbox 793 4351 1158 4410; x_wconf 86' lang='lat' dir='ltr'>innoeentes</span> <span class='ocrx_word' id='word_1_285' title='bbox 1183 4396 1196 4423; x_wconf 94' lang='lat'>,</span> <span class='ocrx_word' id='word_1_286' title='bbox 1248 4348 1317 4406; x_wconf 88' lang='lat' dir='ltr'>ut</span> <span class='ocrx_word' id='word_1_287' title='bbox 1362 4345 1481 4405; x_wconf 86' lang='lat' dir='ltr'>hac</span> <span class='ocrx_word' id='word_1_288' title='bbox 1511 4347 1560 4406; x_wconf 76' lang='lat' dir='ltr'>vi</span> 
     </span>
     <span class='ocr_line' id='line_1_46' title="bbox 792 4438 1557 4518; baseline -0.008 -13"><span class='ocrx_word' id='word_1_289' title='bbox 792 4442 1080 4505; x_wconf 85' lang='lat' dir='ltr'>nuntiare</span> <span class='ocrx_word' id='word_1_290' title='bbox 1109 4458 1238 4500; x_wconf 67' lang='lat' dir='ltr'>suae</span> <span class='ocrx_word' id='word_1_291' title='bbox 1270 4438 1557 4518; x_wconf 87' lang='lat' dir='ltr'>dignitati</span> 
     </span>
     <span class='ocr_line' id='line_1_47' title="bbox 789 4531 1560 4613; baseline -0.01 -14"><span class='ocrx_word' id='word_1_292' title='bbox 789 4542 892 4599; x_wconf 86' lang='lat' dir='ltr'>tur</span> <span class='ocrx_word' id='word_1_293' title='bbox 909 4533 1260 4613; x_wconf 85' lang='lat' dir='ltr'>respublica</span> <span class='ocrx_word' id='word_1_294' title='bbox 1279 4531 1524 4593; x_wconf 88' lang='lat' dir='ltr'>dedisse</span> <span class='ocrx_word' id='word_1_295' title='bbox 1547 4552 1560 4610; x_wconf 57' lang='lat' dir='ltr'><em>g</em></span> 
     </span>
     <span class='ocr_line' id='line_1_48' title="bbox 788 4626 1560 4704; baseline -0.006 -14"><span class='ocrx_word' id='word_1_296' title='bbox 788 4628 1122 4691; x_wconf 84' lang='lat' dir='ltr'>limitatam</span> <span class='ocrx_word' id='word_1_297' title='bbox 1147 4673 1162 4704; x_wconf 92' lang='lat'><strong>,</strong></span> <span class='ocrx_word' id='word_1_298' title='bbox 1211 4626 1324 4687; x_wconf 87' lang='lat' dir='ltr'>sed</span> <span class='ocrx_word' id='word_1_299' title='bbox 1354 4643 1496 4687; x_wconf 88' lang='lat' dir='ltr'>cum</span> <span class='ocrx_word' id='word_1_300' title='bbox 1526 4645 1560 4684; x_wconf 92' lang='lat' dir='ltr'>n</span> 
     </span>
     <span class='ocr_line' id='line_1_49' title="bbox 789 4717 1555 4785; baseline -0.01 0"><span class='ocrx_word' id='word_1_301' title='bbox 789 4721 1067 4785; x_wconf 88' lang='lat' dir='ltr'>securior</span> <span class='ocrx_word' id='word_1_302' title='bbox 1121 4723 1285 4782; x_wconf 86' lang='lat' dir='ltr'>esset</span> <span class='ocrx_word' id='word_1_303' title='bbox 1339 4718 1417 4779; x_wconf 89' lang='lat' dir='ltr'>ab</span> <span class='ocrx_word' id='word_1_304' title='bbox 1473 4717 1555 4778; x_wconf 90' lang='lat' dir='ltr'>ini</span> 
     </span>
     <span class='ocr_line' id='line_1_50' title="bbox 787 4812 1377 4878; baseline -0.012 0"><span class='ocrx_word' id='word_1_305' title='bbox 787 4812 1377 4878; x_wconf 82' lang='lat' dir='ltr'>machinationibus.</span> 
     </span>
    </p>

    <p class='ocr_par' dir='ltr' id='par_1_3' title="bbox 780 4909 1560 5453">
     <span class='ocr_line' id='line_1_51' title="bbox 866 4909 1560 4988; baseline -0.007 -17"><span class='ocrx_word' id='word_1_306' title='bbox 866 4913 999 4971; x_wconf 92' lang='lat' dir='ltr'>Hoc</span> <span class='ocrx_word' id='word_1_307' title='bbox 1026 4909 1232 4988; x_wconf 88' lang='lat' dir='ltr'>ipsum</span> <span class='ocrx_word' id='word_1_308' title='bbox 1279 4923 1423 4966; x_wconf 89' lang='lat' dir='ltr'>cum</span> <span class='ocrx_word' id='word_1_309' title='bbox 1468 4923 1560 4984; x_wconf 83' lang='lat' dir='ltr'>pr(</span> 
     </span>
     <span class='ocr_line' id='line_1_52' title="bbox 786 4998 1557 5063; baseline -0.006 0"><span class='ocrx_word' id='word_1_310' title='bbox 786 5005 851 5063; x_wconf 89' lang='lat' dir='ltr'>in</span> <span class='ocrx_word' id='word_1_311' title='bbox 881 5003 1017 5063; x_wconf 87' lang='lat' dir='ltr'>aliis</span> <span class='ocrx_word' id='word_1_312' title='bbox 1045 4998 1446 5061; x_wconf 75' lang='lat' dir='ltr'>interioribus</span> <span class='ocrx_word' id='word_1_313' title='bbox 1472 4999 1557 5059; x_wconf 91' lang='lat' dir='ltr'>mi</span> 
     </span>
     <span class='ocr_line' id='line_1_53' title="bbox 787 5092 1560 5170; baseline -0.004 -14"><span class='ocrx_word' id='word_1_314' title='bbox 787 5116 930 5156; x_wconf 81' lang='lat' dir='ltr'>men</span> <span class='ocrx_word' id='word_1_315' title='bbox 963 5092 1324 5155; x_wconf 87' lang='lat' dir='ltr'>addendum</span> <span class='ocrx_word' id='word_1_316' title='bbox 1354 5098 1467 5170; x_wconf 86' lang='lat' dir='ltr'>cst,</span> <span class='ocrx_word' id='word_1_317' title='bbox 1500 5112 1560 5154; x_wconf 84' lang='lat' dir='ltr'>ra</span> 
     </span>
     <span class='ocr_line' id='line_1_54' title="bbox 782 5186 1560 5266; baseline -0.005 -15"><span class='ocrx_word' id='word_1_318' title='bbox 782 5191 937 5252; x_wconf 86' lang='lat' dir='ltr'>tiare</span> <span class='ocrx_word' id='word_1_319' title='bbox 968 5188 1172 5250; x_wconf 84' lang='lat' dir='ltr'>officio</span> <span class='ocrx_word' id='word_1_320' title='bbox 1204 5205 1391 5265; x_wconf 85' lang='lat' dir='ltr'>quam</span> <span class='ocrx_word' id='word_1_321' title='bbox 1414 5186 1560 5266; x_wconf 80' lang='lat' dir='ltr'>judi</span> 
     </span>
     <span class='ocr_line' id='line_1_55' title="bbox 780 5279 1551 5363; baseline 0 -21"><span class='ocrx_word' id='word_1_322' title='bbox 780 5283 927 5342; x_wconf 86' lang='lat' dir='ltr'>dam</span> <span class='ocrx_word' id='word_1_323' title='bbox 955 5279 1367 5363; x_wconf 80' lang='lat' dir='ltr'>sententiam²</span> <span class='ocrx_word' id='word_1_324' title='bbox 1404 5281 1551 5362; x_wconf 91' lang='lat' dir='ltr'>quia</span> 
     </span>
     <span class='ocr_line' id='line_1_56' title="bbox 780 5372 1529 5453; baseline 0.007 -18"><span class='ocrx_word' id='word_1_325' title='bbox 780 5374 1086 5436; x_wconf 88' lang='lat' dir='ltr'>nuntiatio</span> <span class='ocrx_word' id='word_1_326' title='bbox 1116 5372 1397 5453; x_wconf 91' lang='lat' dir='ltr'>proderit</span> <span class='ocrx_word' id='word_1_327' title='bbox 1421 5395 1529 5439; x_wconf 91' lang='lat' dir='ltr'>reo</span> 
     </span>
    </p>
   </div>
   <div class='ocr_carea' id='block_1_3' title="bbox 1947 180 2775 243">
    <p class='ocr_par' dir='ltr' id='par_1_4' title="bbox 1947 180 2775 243">
     <span class='ocr_line' id='line_1_57' title="bbox 1947 180 2775 243; baseline 0.001 -4"><span class='ocrx_word' id='word_1_328' title='bbox 1947 181 2046 240; x_wconf 78' lang='grc' dir='ltr'>ΒΕ</span> <span class='ocrx_word' id='word_1_329' title='bbox 2088 180 2445 242; x_wconf 77' lang='lat' dir='ltr'>JUSTITIA</span> <span class='ocrx_word' id='word_1_330' title='bbox 2492 182 2591 240; x_wconf 80' lang='grc' dir='ltr'>ΕΤ</span> <span class='ocrx_word' id='word_1_331' title='bbox 2633 182 2775 243; x_wconf 75' lang='lat' dir='ltr'>JUR</span> 
     </span>
    </p>
   </div>
   <div class='ocr_carea' id='block_1_4' title="bbox 2436 357 2863 901">
    <p class='ocr_par' dir='ltr' id='par_1_5' title="bbox 2436 357 2863 901">
     <span class='ocr_line' id='line_1_58' title="bbox 2437 357 2795 436; baseline -0.008 -16"><span class='ocrx_word' id='word_1_332' title='bbox 2437 357 2696 420; x_wconf 87' lang='lat' dir='ltr'>tiatione</span> <span class='ocrx_word' id='word_1_333' title='bbox 2746 378 2795 436; x_wconf 85' lang='lat' dir='ltr'>p</span> 
     </span>
     <span class='ocr_line' id='line_1_59' title="bbox 2436 450 2740 526; baseline -0.007 -14"><span class='ocrx_word' id='word_1_334' title='bbox 2436 450 2592 512; x_wconf 86' lang='lat' dir='ltr'>tiam</span> <span class='ocrx_word' id='word_1_335' title='bbox 2618 451 2740 526; x_wconf 90' lang='lat' dir='ltr'>rei;</span> 
     </span>
     <span class='ocr_line' id='line_1_60' title="bbox 2439 544 2820 605; baseline -0.003 -2"><span class='ocrx_word' id='word_1_336' title='bbox 2439 563 2555 605; x_wconf 89' lang='lat' dir='ltr'>nec</span> <span class='ocrx_word' id='word_1_337' title='bbox 2583 544 2820 605; x_wconf 74' lang='lat' dir='ltr'>etiamsi</span> 
     </span>
     <span class='ocr_line' id='line_1_61' title="bbox 2440 636 2813 716; baseline -0.003 -20"><span class='ocrx_word' id='word_1_338' title='bbox 2440 636 2813 716; x_wconf 71' lang='lat' dir='ltr'>quandojux</span> 
     </span>
     <span class='ocr_line' id='line_1_62' title="bbox 2437 728 2845 808; baseline 0.007 -20"><span class='ocrx_word' id='word_1_339' title='bbox 2437 728 2672 808; x_wconf 84' lang='lat' dir='ltr'>regulae</span> <span class='ocrx_word' id='word_1_340' title='bbox 2703 748 2845 790; x_wconf 90' lang='lat' dir='ltr'>cum</span> 
     </span>
     <span class='ocr_line' id='line_1_63' title="bbox 2441 820 2863 901; baseline 0 -19"><span class='ocrx_word' id='word_1_341' title='bbox 2441 840 2552 901; x_wconf 90' lang='lat' dir='ltr'>pro</span> <span class='ocrx_word' id='word_1_342' title='bbox 2577 820 2792 901; x_wconf 88' lang='lat' dir='ltr'>judice</span> <span class='ocrx_word' id='word_1_343' title='bbox 2823 842 2863 882; x_wconf 68' lang='grc' dir='ltr'><em>ο</em></span> 
     </span>
    </p>
   </div>
   <div class='ocr_carea' id='block_1_5' title="bbox 2445 1550 3098 1741">
    <p class='ocr_par' dir='ltr' id='par_1_6' title="bbox 2445 1550 3098 1741">
     <span class='ocr_line' id='line_1_64' title="bbox 2445 1550 3068 1633; baseline -0.003 -20"><span class='ocrx_word' id='word_1_344' title='bbox 2445 1552 2541 1613; x_wconf 81' lang='lat' dir='ltr'>An</span> <span class='ocrx_word' id='word_1_345' title='bbox 2578 1550 2767 1633; x_wconf 81' lang='lat' dir='ltr'>possit</span> <span class='ocrx_word' id='word_1_346' title='bbox 2802 1551 3068 1633; x_wconf 44' lang='lat' dir='ltr'>juda</span> 
     </span>
     <span class='ocr_line' id='line_1_65' title="bbox 2741 1675 3098 1741; baseline 0.011 -22"><span class='ocrx_word' id='word_1_347' title='bbox 2741 1675 3075 1741; x_wconf 61' lang='lat' dir='ltr'>prava-t(</span> <span class='ocrx_word' id='word_1_348' title='bbox 3091 1703 3098 1715; x_wconf 78' lang='lat'><em>,</em></span> 
     </span>
    </p>
   </div>
   <div class='ocr_carea' id='block_1_6' title="bbox 2433 1929 3390 4235">
    <p class='ocr_par' dir='ltr' id='par_1_7' title="bbox 2440 1929 3185 2362">
     <span class='ocr_line' id='line_1_66' title="bbox 2526 1929 3141 1990; baseline 0.003 -2"><span class='ocrx_word' id='word_1_349' title='bbox 2526 1929 2740 1989; x_wconf 84' lang='lat' dir='ltr'>Restat</span> <span class='ocrx_word' id='word_1_350' title='bbox 2755 1944 3018 1989; x_wconf 78' lang='lat' dir='ltr'>nuno</span> <span class='ocrx_word' id='word_1_351' title='bbox 3048 1947 3141 1990; x_wconf 54' lang='lat' dir='ltr'>sc</span> 
     </span>
     <span class='ocr_line' id='line_1_67' title="bbox 2444 2020 3166 2101; baseline -0.001 -19"><span class='ocrx_word' id='word_1_352' title='bbox 2444 2039 2524 2082; x_wconf 89' lang='lat' dir='ltr'>an</span> <span class='ocrx_word' id='word_1_353' title='bbox 2554 2021 2749 2101; x_wconf 86' lang='lat' dir='ltr'>possit</span> <span class='ocrx_word' id='word_1_354' title='bbox 2769 2020 3098 2100; x_wconf 78' lang='lat' dir='ltr'>judex</span> <span class='ocrx_word' id='word_1_355' title='bbox 3146 2055 3166 2081; x_wconf 60' lang='lat' dir='ltr'>k</span> 
     </span>
     <span class='ocr_line' id='line_1_68' title="bbox 2443 2113 3158 2194; baseline -0.003 -19"><span class='ocrx_word' id='word_1_356' title='bbox 2443 2118 2610 2175; x_wconf 87' lang='lat' dir='ltr'>certo</span> <span class='ocrx_word' id='word_1_357' title='bbox 2642 2114 2758 2175; x_wconf 92' lang='lat' dir='ltr'>scit</span> <span class='ocrx_word' id='word_1_358' title='bbox 2778 2113 3158 2194; x_wconf 71' lang='lat' dir='ltr'>deliqui</span> 
     </span>
     <span class='ocr_line' id='line_1_69' title="bbox 2440 2207 3185 2286; baseline -0.003 -17"><span class='ocrx_word' id='word_1_359' title='bbox 2440 2208 2542 2269; x_wconf 81' lang='lat' dir='ltr'>vel</span> <span class='ocrx_word' id='word_1_360' title='bbox 2570 2207 2793 2268; x_wconf 83' lang='lat' dir='ltr'>saltem</span> <span class='ocrx_word' id='word_1_361' title='bbox 2822 2224 3068 2268; x_wconf 83' lang='lat' dir='ltr'>non</span> <span class='ocrx_word' id='word_1_362' title='bbox 3108 2226 3185 2286; x_wconf 49' lang='lat' dir='ltr'>pl</span> 
     </span>
     <span class='ocr_line' id='line_1_70' title="bbox 2447 2319 2665 2362; baseline -0.005 0"><span class='ocrx_word' id='word_1_363' title='bbox 2447 2319 2665 2362; x_wconf 87' lang='lat' dir='ltr'>omnes</span> 
     </span>
    </p>

    <p class='ocr_par' dir='ltr' id='par_1_8' title="bbox 2442 2393 3221 2658">
     <span class='ocr_line' id='line_1_71' title="bbox 2526 2393 3178 2471; baseline -0.002 -16"><span class='ocrx_word' id='word_1_364' title='bbox 2526 2394 2754 2471; x_wconf 89' lang='lat' dir='ltr'>Prim0,</span> <span class='ocrx_word' id='word_1_365' title='bbox 2816 2393 2930 2453; x_wconf 84' lang='lat' dir='ltr'>id</span> <span class='ocrx_word' id='word_1_366' title='bbox 2992 2411 3178 2454; x_wconf 88' lang='lat' dir='ltr'>non</span> 
     </span>
     <span class='ocr_line' id='line_1_72' title="bbox 2443 2487 3202 2566; baseline -0.005 -16"><span class='ocrx_word' id='word_1_367' title='bbox 2443 2487 2610 2550; x_wconf 86' lang='lat' dir='ltr'>enim</span> <span class='ocrx_word' id='word_1_368' title='bbox 2639 2505 2763 2548; x_wconf 94' lang='lat' dir='ltr'>non</span> <span class='ocrx_word' id='word_1_369' title='bbox 2793 2489 3141 2566; x_wconf 78' lang='lat' dir='ltr'>potest</span> <span class='ocrx_word' id='word_1_370' title='bbox 3170 2487 3202 2546; x_wconf 86' lang='lat' dir='ltr'>d</span> 
     </span>
     <span class='ocr_line' id='line_1_73' title="bbox 2442 2578 3221 2658; baseline -0.003 -17"><span class='ocrx_word' id='word_1_371' title='bbox 2442 2580 2549 2658; x_wconf 80' lang='lat' dir='ltr'>riS,</span> <span class='ocrx_word' id='word_1_372' title='bbox 2582 2580 2875 2641; x_wconf 72' lang='lat' dir='ltr'>maxime</span> <span class='ocrx_word' id='word_1_373' title='bbox 2937 2578 3061 2638; x_wconf 90' lang='lat' dir='ltr'>in</span> <span class='ocrx_word' id='word_1_374' title='bbox 3100 2596 3181 2639; x_wconf 90' lang='lat' dir='ltr'>re</span> <span class='ocrx_word' id='word_1_375' title='bbox 3215 2613 3221 2639; x_wconf 55' lang='grc' dir='ltr'><strong><em>ι</em></strong></span> 
     </span>
    </p>

    <p class='ocr_par' dir='ltr' id='par_1_9' title="bbox 2433 2673 3390 4235">
     <span class='ocr_line' id='line_1_74' title="bbox 2523 2673 3215 2749; baseline -0.007 -13"><span class='ocrx_word' id='word_1_376' title='bbox 2523 2673 2815 2736; x_wconf 88' lang='lat' dir='ltr'>Secundo</span> <span class='ocrx_word' id='word_1_377' title='bbox 2855 2688 3215 2749; x_wconf 85' lang='lat' dir='ltr'>suppon</span> 
     </span>
     <span class='ocr_line' id='line_1_75' title="bbox 2443 2763 3220 2848; baseline -0.004 -21"><span class='ocrx_word' id='word_1_378' title='bbox 2443 2767 2689 2848; x_wconf 87' lang='lat' dir='ltr'>privata</span> <span class='ocrx_word' id='word_1_379' title='bbox 2731 2763 3115 2827; x_wconf 75' lang='lat' dir='ltr'>scientia</span> <span class='ocrx_word' id='word_1_380' title='bbox 3167 2767 3220 2824; x_wconf 85' lang='lat' dir='ltr'>a]</span> 
     </span>
     <span class='ocr_line' id='line_1_76' title="bbox 2443 2858 3232 2939; baseline -0.004 -17"><span class='ocrx_word' id='word_1_381' title='bbox 2443 2878 2567 2922; x_wconf 91' lang='lat' dir='ltr'>non</span> <span class='ocrx_word' id='word_1_382' title='bbox 2595 2859 2806 2939; x_wconf 87' lang='lat' dir='ltr'>agitur</span> <span class='ocrx_word' id='word_1_383' title='bbox 2835 2858 2988 2919; x_wconf 79' lang='lat' dir='ltr'>de</span> <span class='ocrx_word' id='word_1_384' title='bbox 3041 2859 3232 2934; x_wconf 69' lang='lat' dir='ltr'>punh</span> 
     </span>
     <span class='ocr_line' id='line_1_77' title="bbox 2441 2949 3242 3034; baseline 0 -20"><span class='ocrx_word' id='word_1_385' title='bbox 2441 2953 2752 3034; x_wconf 91' lang='lat' dir='ltr'>pediendo</span> <span class='ocrx_word' id='word_1_386' title='bbox 2781 2949 3051 3011; x_wconf 78' lang='lat' dir='ltr'>malo</span> <span class='ocrx_word' id='word_1_387' title='bbox 3080 2951 3242 3031; x_wconf 78' lang='lat' dir='ltr'>reip1</span> 
     </span>
     <span class='ocr_line' id='line_1_78' title="bbox 2443 3049 3255 3128; baseline 0.004 -24"><span class='ocrx_word' id='word_1_388' title='bbox 2443 3064 2633 3128; x_wconf 85' lang='lat' dir='ltr'>quam</span> <span class='ocrx_word' id='word_1_389' title='bbox 2661 3059 3114 3124; x_wconf 78' lang='lat' dir='ltr'>personam</span> <span class='ocrx_word' id='word_1_390' title='bbox 3151 3062 3164 3103; x_wconf 76' lang='grc' dir='ltr'><strong><em>ε</em></strong></span> <span class='ocrx_word' id='word_1_391' title='bbox 3195 3049 3255 3109; x_wconf 75' lang='lat' dir='ltr'>tu</span> 
     </span>
     <span class='ocr_line' id='line_1_79' title="bbox 2442 3136 3259 3204; baseline 0.002 -4"><span class='ocrx_word' id='word_1_392' title='bbox 2442 3138 2804 3200; x_wconf 82' lang='lat' dir='ltr'>defensione</span> <span class='ocrx_word' id='word_1_393' title='bbox 2826 3157 2878 3197; x_wconf 79' lang='lat' dir='ltr'>n</span> <span class='ocrx_word' id='word_1_394' title='bbox 2900 3136 3196 3198; x_wconf 68' lang='lat' dir='ltr'>aturali</span> <span class='ocrx_word' id='word_1_395' title='bbox 3212 3164 3259 3204; x_wconf 68' lang='lat' dir='ltr'>n</span> 
     </span>
     <span class='ocr_line' id='line_1_80' title="bbox 2441 3232 3262 3308; baseline 0.001 -15"><span class='ocrx_word' id='word_1_396' title='bbox 2441 3232 2713 3293; x_wconf 91' lang='lat' dir='ltr'>Dubium</span> <span class='ocrx_word' id='word_1_397' title='bbox 2743 3236 2877 3306; x_wconf 82' lang='lat' dir='ltr'>est,</span> <span class='ocrx_word' id='word_1_398' title='bbox 2951 3248 3071 3288; x_wconf 82' lang='lat' dir='ltr'>an</span> <span class='ocrx_word' id='word_1_399' title='bbox 3100 3242 3262 3308; x_wconf 82' lang='lat' dir='ltr'>possi</span> 
     </span>
     <span class='ocr_line' id='line_1_81' title="bbox 2441 3325 3268 3404; baseline 0.002 -18"><span class='ocrx_word' id='word_1_400' title='bbox 2441 3325 2894 3404; x_wconf 76' lang='lat' dir='ltr'>deliquentem</span> <span class='ocrx_word' id='word_1_401' title='bbox 2954 3341 3063 3380; x_wconf 77' lang='lat' dir='ltr'>ex</span> <span class='ocrx_word' id='word_1_402' title='bbox 3096 3326 3268 3401; x_wconf 78' lang='lat' dir='ltr'>priva</span> 
     </span>
     <span class='ocr_line' id='line_1_82' title="bbox 2441 3415 3277 3497; baseline 0.002 -19"><span class='ocrx_word' id='word_1_403' title='bbox 2441 3417 2633 3497; x_wconf 78' lang='lat' dir='ltr'>aliqui</span> <span class='ocrx_word' id='word_1_404' title='bbox 2673 3415 3019 3496; x_wconf 71' lang='lat' dir='ltr'>juristae‚</span> <span class='ocrx_word' id='word_1_405' title='bbox 3074 3417 3277 3487; x_wconf 80' lang='lat' dir='ltr'>Covar</span> 
     </span>
     <span class='ocr_line' id='line_1_83' title="bbox 2439 3508 3291 3591; baseline -0.002 -20"><span class='ocrx_word' id='word_1_406' title='bbox 2439 3511 2709 3586; x_wconf 83' lang='lat' dir='ltr'>bericuS,</span> <span class='ocrx_word' id='word_1_407' title='bbox 2772 3514 2835 3570; x_wconf 87' lang='lat' dir='ltr'>et</span> <span class='ocrx_word' id='word_1_408' title='bbox 2886 3508 3216 3591; x_wconf 67' lang='lat' dir='ltr'>Pennus,</span> <span class='ocrx_word' id='word_1_409' title='bbox 3284 3554 3291 3575; x_wconf 66' lang='lat'><em>‹</em></span> 
     </span>
     <span class='ocr_line' id='line_1_84' title="bbox 2441 3603 3357 3684; baseline 0.004 -20"><span class='ocrx_word' id='word_1_410' title='bbox 2441 3603 2732 3684; x_wconf 76' lang='lat' dir='ltr'>praesenti</span> <span class='ocrx_word' id='word_1_411' title='bbox 2762 3621 2951 3681; x_wconf 91' lang='lat' dir='ltr'>cap.</span> <span class='ocrx_word' id='word_1_412' title='bbox 3002 3617 3177 3667; x_wconf 72' lang='lat' dir='ltr'><strong>xxlx.</strong></span> <span class='ocrx_word' id='word_1_413' title='bbox 3218 3627 3357 3672; x_wconf 64' lang='lat' dir='ltr'>nr·-</span> 
     </span>
     <span class='ocr_line' id='line_1_85' title="bbox 2437 3694 3302 3762; baseline 0.005 -3"><span class='ocrx_word' id='word_1_414' title='bbox 2437 3695 2696 3759; x_wconf 81' lang='lat' dir='ltr'>tentiam</span> <span class='ocrx_word' id='word_1_415' title='bbox 2745 3696 2991 3755; x_wconf 77' lang='lat' dir='ltr'>docet</span> <span class='ocrx_word' id='word_1_416' title='bbox 3032 3694 3302 3762; x_wconf 80' lang='lat' dir='ltr'>Matienz</span> 
     </span>
     <span class='ocr_line' id='line_1_86' title="bbox 2436 3790 3301 3870; baseline 0.007 -21"><span class='ocrx_word' id='word_1_417' title='bbox 2436 3794 2597 3870; x_wconf 85' lang='lat' dir='ltr'>part.</span> <span class='ocrx_word' id='word_1_418' title='bbox 2632 3790 2735 3850; x_wconf 86' lang='lat'><em>111.</em></span> <span class='ocrx_word' id='word_1_419' title='bbox 2771 3805 2955 3864; x_wconf 84' lang='lat' dir='ltr'>cap.</span> <span class='ocrx_word' id='word_1_420' title='bbox 3004 3802 3152 3850; x_wconf 74' lang='lat' dir='ltr'>xm.</span> <span class='ocrx_word' id='word_1_421' title='bbox 3190 3811 3301 3854; x_wconf 88' lang='lat' dir='ltr'>nu.</span> 
     </span>
     <span class='ocr_line' id='line_1_87' title="bbox 2436 3878 3323 3958; baseline 0.002 -14"><span class='ocrx_word' id='word_1_422' title='bbox 2436 3882 2742 3944; x_wconf 86' lang='lat' dir='ltr'>sententia</span> <span class='ocrx_word' id='word_1_423' title='bbox 2772 3882 3039 3958; x_wconf 81' lang='lat' dir='ltr'>negat,</span> <span class='ocrx_word' id='word_1_424' title='bbox 3071 3878 3132 3939; x_wconf 88' lang='lat' dir='ltr'>id</span> <span class='ocrx_word' id='word_1_425' title='bbox 3163 3884 3323 3945; x_wconf 81' lang='lat' dir='ltr'>licer</span> 
     </span>
     <span class='ocr_line' id='line_1_88' title="bbox 2435 3974 3390 4054; baseline 0.002 -18"><span class='ocrx_word' id='word_1_426' title='bbox 2435 3977 2524 4038; x_wconf 88' lang='lat' dir='ltr'>ita</span> <span class='ocrx_word' id='word_1_427' title='bbox 2550 3974 2944 4054; x_wconf 81' lang='lat' dir='ltr'>CajetanuS,</span> <span class='ocrx_word' id='word_1_428' title='bbox 3012 3976 3072 4030; x_wconf 78' lang='lat' dir='ltr'>et</span> <span class='ocrx_word' id='word_1_429' title='bbox 3100 3975 3305 4038; x_wconf 89' lang='lat' dir='ltr'>Sotus</span> <span class='ocrx_word' id='word_1_430' title='bbox 3335 4003 3390 4014; x_wconf 48' lang='grc'>··’</span> 
     </span>
     <span class='ocr_line' id='line_1_89' title="bbox 2433 4063 3318 4146; baseline -0.002 -16"><span class='ocrx_word' id='word_1_431' title='bbox 2433 4074 2537 4131; x_wconf 87' lang='lat' dir='ltr'>tur</span> <span class='ocrx_word' id='word_1_432' title='bbox 2579 4067 2833 4129; x_wconf 89' lang='lat' dir='ltr'>Lessius</span> <span class='ocrx_word' id='word_1_433' title='bbox 2904 4063 3028 4123; x_wconf 85' lang='lat' dir='ltr'>ubi</span> <span class='ocrx_word' id='word_1_434' title='bbox 3085 4083 3318 4146; x_wconf 85' lang='lat' dir='ltr'>supra,</span> 
     </span>
     <span class='ocr_line' id='line_1_90' title="bbox 2435 4162 3321 4235; baseline -0.001 -13"><span class='ocrx_word' id='word_1_435' title='bbox 2435 4163 2681 4222; x_wconf 78' lang='lat' dir='ltr'>restitut.</span> <span class='ocrx_word' id='word_1_436' title='bbox 2714 4177 2874 4235; x_wconf 89' lang='lat' dir='ltr'>cap.</span> <span class='ocrx_word' id='word_1_437' title='bbox 2926 4170 3027 4214; x_wconf 86' lang='lat'>111.</span> <span class='ocrx_word' id='word_1_438' title='bbox 3063 4173 3128 4215; x_wconf 88' lang='lat' dir='ltr'>n.</span> <span class='ocrx_word' id='word_1_439' title='bbox 3171 4162 3321 4221; x_wconf 80' lang='lat'><strong>197.</strong></span> 
     </span>
    </p>
   </div>
  </div>
 </body>
</html>
