4263 6376
1246 311 1716 374 DISPUTATIO
1763 313 1979 389 xxxl,
2029 313 2302 375 SECTIO
2346 315 2393 374 1.
3257 318 3369 377 501

240 487 528 548 mitterent
554 487 784 566 eosqui
811 488 960 549 ludo
990 488 1267 549 alienare
1298 507 1423 550 non
1453 495 1736 568 possunt,

239 585 464 656 auteos,
484 580 591 659 qui
612 598 751 640 cum
772 582 951 658 gravi
970 585 1227 660 peccato
1259 582 1397 643 aliis
1425 584 1629 644 modis
1651 583 1741 644 lu-

238 673 436 733 derent
463 692 476 732 :
510 691 700 752 quare
730 691 845 733 nee
874 673 1112 735 absolvi
1136 674 1390 753 debere,
1427 676 1548 735 nisi
1578 676 1740 736 serio

237 770 563 844 proponant
590 766 670 825 ab
699 765 1009 846 ejusmodi
1051 769 1344 830 exercitio
1377 773 1436 829 et
1466 769 1601 829 ludi
1633 788 1734 829 ex-

242 857 515 936 positione
564 858 897 920 abstinere.
947 860 1153 937 Addo,
1204 861 1308 921 uhi
1357 861 1513 941 legis
1554 881 1742 941 poena

239 950 559 1011 executioni
614 953 971 1030 mandatur,
1033 973 1154 1014 non
1219 973 1402 1034 posse
1466 973 1502 1014 a
1558 956 1742 1035 culpa

238 1043 391 1120 gravi
421 1045 719 1122 excusari,
752 1051 940 1126 prout
965 1048 1096 1108 vidi
1118 1050 1330 1108 Romae
1353 1048 1430 1107 ad
1454 1048 1742 1109 triremes

240 1137 497 1197 damnari
552 1138 848 1217 aliquem,
911 1140 1016 1219 qui
1071 1141 1241 1201 domi
1286 1160 1413 1201 suae
1461 1160 1742 1203 mensam

240 1229 524 1308 publicam
551 1230 912 1292 ludentibus
942 1238 1335 1312 exposuerat.

307 1322 514 1394 Quinto
562 1323 906 1402 dubitatur,
958 1345 1037 1386 an
1086 1331 1350 1406 peccent
1395 1328 1744 1389 mortaliter

166 1468 185 1478 -
240 1420 504 1492 65166165,
539 1418 647 1496 qui
675 1418 893 1479 vident
921 1419 1136 1479 ludere
1163 1439 1291 1496 eos,
1326 1421 1431 1500 qui
1462 1422 1744 1483 mortali-

238 1512 321 1568 ter
346 1508 607 1569 ludendo
640 1511 947 1588 peccant?
976 1513 1436 1591 Respondetur‚
1471 1532 1737 1592 peccare

239 1601 575 1677 mortaliter,
609 1603 864 1682 quando
883 1622 997 1664 sua
1017 1606 1354 1684 praesentia
1377 1624 1568 1666 causa
1598 1610 1744 1667 sunt

237 1693 523 1764 talisludi,
578 1696 678 1755 vel
710 1697 964 1776 quando
994 1698 1372 1759 tenebantur
1416 1698 1499 1759 ad
1547 1698 1742 1760 corri-

237 1786 506 1863 gendum,
558 1789 657 1849 vel
706 1789 1199 1867 impediendum,
1252 1795 1314 1851 et
1368 1810 1493 1853 non
1549 1792 1741 1871 impe-

238 1879 414 1940 diunt.
459 1882 652 1942 Seeus
697 1882 748 1942 si
778 1901 852 1942 ex
884 1884 1312 1961 suppositione
1348 1884 1502 1962 ludi,
1554 1903 1740 1965 quem

239 1990 341 2031 non
368 1974 717 2052 approbant
758 1993 877 2035 nec
915 1975 1298 2053 desiderant,
1351 1978 1745 2039 delectantur

238 2064 479 2126 videndo
534 2066 934 2143 industriam,
985 2074 1048 2130 et
1082 2070 1315 2130 bonam
1363 2070 1460 2130 vel
1510 2071 1741 2132 malam

236 2157 521 2218 fortunam
565 2160 939 2221 ludentium.
996 2164 1086 2223 Ita
1116 2178 1260 2222 cum
1299 2165 1600 2224 Navarro.
1635 2164 1744 2223 Al—

238 2268 349 2310 coz.
378 2252 527 2312 Lud.
559 2255 716 2331 Lop.
751 2258 813 2315 et
840 2254 977 2314 aliis
1008 2255 1239 2316 Sanch.
1277 2256 1427 2316 dub.
1466 2273 1607 2317 xxx.

306 2345 476 2405 Sexto
506 2346 853 2422 dubitatur,
883 2366 988 2423 an,
1041 2351 1104 2408 et
1132 2349 1448 2427 quomodo
1473 2351 1617 2427 jure
1648 2348 1737 2409 ei-

165 2501 177 2527 .
237 2435 328 2494 vili
349 2437 695 2514 prohibitus
715 2439 1027 2502 sitludus?
1047 2442 1502 2520 Respondetur,
1523 2443 1743 2502 ludum

165 2542 197 2583 13·
236 2529 508 2607 alearum,
560 2550 674 2591 seu
712 2532 981 2593 fortunoe
1023 2534 1343 2613 prohiberi
1367 2536 1410 2596 l.
1447 2552 1514 2596 11.
1554 2552 1647 2595 111.
1683 2539 1746 2596 61

236 2639 309 2683 1v.
340 2625 395 2684 ff.
428 2623 570 2684 aleoe
596 2644 725 2697 tes-u,
762 2629 825 2686 et
851 2626 914 2685 in
946 2626 1247 2689 Authent.
1277 2628 1555 2688 Alearum
1582 2648 1737 2702 usim,

236 2715 364 2775 Cod.
410 2715 476 2776 de
513 2717 688 2798 reliq.
734 2726 791 2777 et
816 2727 1031 2799 sumpt.
1077 2728 1133 2779 et
1158 2720 1291 2801 sun.
1327 2721 1433 2781 ubi
1466 2722 1739 2799 additur,

238 2808 441 2869 victum
472 2828 595 2870 non
630 2829 767 2870 esse
809 2812 1358 2873 condemnandum
1391 2814 1468 2873 ad
1499 2815 1744 2875 solven-

235 2900 385 2975 dum,
418 2901 540 2963 imo
571 2903 1045 2964 concedendam
1079 2906 1136 2966 ei
1162 2906 1261 2966 vel
1315 2906 1449 2986 ejus
1480 2908 1744 2967 1116116111-

236 2992 354 3068 bus,
383 2996 819 3073 repetitionem
865 2997 1073 3073 soluti,
1107 2999 1495 3077 permittitur
1532 3004 1742 3061 tamen

237 3085 285 3143 in
314 3086 380 3145 iis
412 3088 656 3165 legibus
685 3089 901 3149 ludere
930 3090 995 3148 in
1025 3091 1310 3151 convivio
1340 3091 1397 3151 id
1432 3094 1599 3172 quod
1633 3113 1732 3154 eo-

237 3179 585 3242 medendum
619 3187 733 3244 est.
769 3182 1192 3244 Prohibentur
1233 3184 1425 3246 etiam
1456 3187 1739 3265 sponsio-

238 3291 329 3332 nes
379 3292 413 3332 a
466 3276 1024 3338 circumstantibus
1081 3277 1144 3336 in
1201 3278 1481 3338 favorem
1529 3281 1747 3340 luden-

240 3366 395 3428 tium.
425 3368 711 3448 Denique
740 3369 803 3428 in
835 3368 1004 3430 dicta
1037 3370 1418 3433 Anthentica
1446 3372 1736 3451 prohibe-

236 3463 343 3529 tur,
377 3479 449 3520 ne
476 3461 617 3521 aliis
647 3462 837 3522 etiam
865 3462 1029 3522 ludis
1059 3481 1183 3524 non
1205 3464 1536 3541 prohibitis
1566 3464 1745 3543 perdi

240 3552 409 3627 pessit
434 3554 512 3613 ab
542 3572 669 3614 uno
700 3554 954 3616 ludente
985 3573 1174 3635 supra
1216 3575 1410 3616 unum
1449 3557 1741 3633 solidum,

238 3647 382 3721 quod
414 3647 644 3707 Sanch.
681 3648 831 3709 dub.
877 3664 1021 3708 xxv.
1057 3667 1120 3709 n.
1157 3653 1216 3710 4.
1252 3668 1395 3709 cum
1430 3651 1567 3710 aliis
1596 3651 1748 3712 dicit

239 3738 586 3816 mquivalere
659 3740 788 3800 fere
859 3741 1106 3801 duobus
1176 3743 1421 3803 ducatis
1493 3744 1740 3805 11651115.

239 3830 370 3890 Aliae
414 3838 555 3893 sunt
598 3832 1058 3911 prohibitiones
1105 3836 1519 3915 municipales
1550 3837 1611 3896 in
1646 3857 1749 3897 re-

237 3941 344 4000 gno
384 3926 689 4002 Castellae,
732 3945 888 4005 quas
926 3928 1207 3990 referunt
1250 3929 1534 3990 Sanchez
1590 3930 1740 3991 dub.

238 4032 385 4078 xxvi.
440 4019 673 4079 Molina
725 4019 886 4098 disp.
949 4025 1086 4082 512.
1132 4027 1194 4082 61
1237 4022 1414 4082 Salas
1457 4022 1609 4082 dub.
1657 4039 1742 4084 1v.

238 4109 553 4172 Difficultas
584 4117 698 4188 est,
743 4132 819 4172 611
852 4118 1068 4174 contra
1117 4114 1229 4174 1165
1258 4114 1430 4193 leges
1459 4115 1748 4176 ludentes

240 4209 476 4280 peccent
502 4206 872 4268 mortaliter.

307 4298 625 4360 Affirmant
653 4299 883 4377 plure5‚
909 4319 1065 4380 quos
1094 4300 1375 4379 congerit
1393 4301 1568 4363 Salas
1590 4302 1742 4362 dub.

169 4449 176 4475 Ι
241 4403 321 4450 111.
356 4410 411 4451 n.
444 4396 501 4453 5.
537 4392 660 4453 Alii
688 4397 896 4452 tamen
945 4393 1362 4453 communiter
1412 4394 1476 4454 id
1516 4399 1752 4472 negant

169 4500 187 4529 ο
241 4480 307 4539 de
333 4483 565 4563 legibus
587 4485 749 4564 juris
768 4485 976 4546 ‘civilis
1006 4487 1375 4547 communis.
1422 4489 1512 4549 Ita
1570 4488 1748 4548 Moli-

244 4593 312 4633 na
338 4577 490 4655 disp.
523 4582 667 4639 521.
727 4579 903 4639 Salas
933 4579 1082 4640 dub.
1132 4595 1225 4640 111.
1286 4599 1349 4640 n.
1392 4583 1452 4640 2.
1515 4580 1746 4641 Sancti.

242 4667 373 4728 dub.
406 4687 547 4732 xxv.
606 4691 669 4732 n.
729 4674 788 4732 5.
840 4672 1089 4732 Lessius
1146 4691 1199 4733 c.
1276 4688 1447 4733 xxvl.
1507 4658 1659 4756 duh.
1704 4691 1748 4736 1.

243 4778 296 4820 n.
323 4766 377 4821 6.
411 4766 589 4824 Azor.
628 4780 722 4824 m.
755 4768 907 4825 tom.
940 4764 1048 4825 lib.
1084 4767 1161 4825 V·
1219 4784 1272 4824 6.
1336 4782 1531 4826 xxvn.
1568 4785 1629 4845 q.
1690 4770 1747 4827 1.

245 4853 461 4916 Pilliuc.
496 4862 577 4917 tr.
613 4859 915 4917 XXXVII.
952 4875 1006 4918 6.
1043 4874 1127 4919 1v.
1156 4878 1217 4918 n.
1252 4861 1351 4920 58.
1386 4864 1447 4919 et
1478 4860 1581 4919 alii
1611 4860 1753 4938 plu-

245 4964 331 5005 res
356 4967 505 5027 quos
534 4950 652 5029 ipsi
707 4951 1002 5022 afferunt;
1064 4951 1210 5030 quia
1255 4952 1356 5011 vel
1410 4952 1579 5030 leges
1637 4954 1755 5013 illa>

246 5039 427 5101 solum
456 5043 820 5122 obligabant
848 5041 929 5102 ad
985 5062 1259 5122 poenam,
1310 5043 1410 5104 vel
1445 5064 1567 5105 non
1624 5045 1758 5105 fue-

244 5137 373 5194 runt
390 5135 564 5195 aliter
583 5140 876 5214 receptae,
910 5137 1008 5197 vel
1031 5140 1176 5196 sunt
1195 5136 1328 5214 jam
1358 5157 1470 5197 usu
1495 5137 1757 5217 abroga-

243 5226 332 5284 161.
366 5228 538 5298 Quod
580 5229 747 5288 idem
805 5229 867 5288 in
915 5229 1157 5308 legibus
1199 5231 1481 5292 Castellae
1530 5231 1759 5294 docent

244 5319 505 5391 praedicti
564 5326 891 5382 auctores:
950 5326 1010 5383 et
1068 5323 1354 5401 quamvis
1408 5323 1638 5383 Melina
1687 5324 1750 5385 d.

246 5407 389 5487 disp.
421 5416 556 5475 521.
593 5434 713 5476 11611
773 5416 1004 5476 audeat
1057 5434 1354 5476 excusare
1403 5434 1439 5475 a
1496 5416 1744 5478 mortali

248 5500 514 5568 ludente-i
544 5509 812 5585 tesseris,
839 5528 947 5569 seu
979 5509 1224 5587 taxillis,
1250 5510 1524 5588 Hispane
1553 5509 1752 5587 dadas,

1843 490 2011 569 quod
2042 490 2211 549 idem
2242 489 2472 551 docent
2501 493 2742 566 CastrO,
2794 495 2856 552 et
2901 491 3161 552 Alcozer
3207 491 3375 570 apud

1845 583 2074 645 Sanch.
2110 583 2262 644 dub.
2295 600 2465 645 xxvl.
2518 604 2580 646 n.
2613 588 2673 645 6.
2709 585 2840 663 ipse
2871 589 3081 646 tamen
3139 584 3369 645 Sanch.

1841 695 1902 736 n.
1937 680 1997 736 7.
2033 694 2178 735 cum
2199 676 2356 752 aliis,
2392 681 2454 737 et
2483 677 2658 737 Salas
2688 677 2840 739 dub.
2873 694 2960 737 iv.
2995 696 3056 737 n.
3101 680 3195 738 10.
3232 677 3371 755 plu-

1838 787 1937 829 res
1985 769 2283 844 referens,
2318 769 2696 847 generaliter
2750 769 3113 848 loquuntur,
3149 774 3211 830 et
3266 788 3376 828 ne-

1838 866 1992 939 gant
2022 879 2094 920 ex
2125 862 2188 921 vi
2219 880 2437 921 earum
2467 862 2675 939 legum
2716 880 2850 921 esse
2894 862 3080 923 hodie
3137 863 3373 939 obliga-

1838 954 2072 1015 tionem
2097 973 2354 1033 gravem
2387 972 2510 1015 non
2538 954 2793 1014 ludendi
2825 954 3076 1015 iisludis
3099 955 3372 1033 prohibi-

1841 1047 1954 1119 tis;
1990 1065 2129 1125 quae
2150 1046 2458 1107 sententia
2489 1047 2739 1107 videtur
2755 1048 2906 1107 satis
2935 1066 3008 1106 ex
3037 1047 3210 1127 praxi
3230 1066 3373 1109 con-

1840 1140 2101 1199 firmari.
2138 1139 2424 1200 Advertit
2444 1143 2651 1199 tamen
2676 1140 2986 1201 Sanch.n.
3023 1145 3083 1202 8.
3119 1140 3371 1219 quando

1842 1233 1937 1292 lex
1968 1231 2171 1293 irritat
2197 1232 2668 1293 translationem
2712 1232 2998 1308 dominii,
3031 1237 3219 1312 prout
3270 1234 3370 1293 lex

1840 1325 2116 1404 Hispana
2148 1325 2655 1397 videturirritare
2686 1325 2852 1385 circa
2884 1325 3112 1386 milites
3140 1326 3202 1385 in
3223 1326 3371 1386 ludo

1841 1417 2220 1493 taxillorum,
2256 1417 2500 1496 peccari
2533 1417 2881 1479 mortaliter
2930 1422 3149 1479 contra
3188 1417 3374 1497 justi-

1839 1510 2014 1586 tiam,
2049 1528 2191 1570 cum
2223 1510 2355 1570 sine
2387 1511 2564 1572 titulo
2595 1510 2930 1573 sufficienti
2950 1512 3235 1591 accipere
3267 1530 3374 1571 ve-

1840 1603 1956 1664 lint
1984 1603 2258 1663 alienum
2289 1603 2392 1682 qui
2425 1603 2511 1663 ita
2542 1603 2785 1665 ludunt.

1924 1695 2100 1769 Quod
2134 1695 2369 1755 dietum
2402 1698 2495 1754 est
2523 1696 2601 1755 de
2639 1696 2782 1775 jure
2813 1697 2999 1772 civili,
3035 1697 3371 1757 dicendum

1841 1793 1936 1849 est
1962 1788 2038 1847 de
2058 1790 2201 1868 jure
2231 1789 2545 1849 communi
2595 1789 2896 1849 canonico
2944 1793 3228 1868 respectu
3259 1790 3374 1851 lai-

1841 1899 2077 1943 corum.
2141 1884 2297 1941 Nam
2341 1882 2487 1942 licet
2540 1882 2601 1941 in
2658 1899 2715 1944 e.
2767 1883 3119 1964 Episcopus,
3180 1900 3366 1944 xxxv.

1841 1975 1983 2035 dist.
2019 1975 2283 2050 dicatur,
2320 1974 2486 2054 quod
2515 1975 2714 2035 laicus
2761 1975 2910 2035 ludo
2941 1976 3094 2036 aleae
3151 1976 3367 2036 deser-

1841 2067 2016 2127 viens
2046 2066 2487 2127 communione
2542 2068 2843 2145 privetur,
2880 2067 3048 2147 quod
3080 2068 3375 2146 intelligi-

1840 2164 1942 2221 tur
1970 2159 2047 2218 de
2093 2159 2251 2219 laico
2298 2160 2480 2219 nimis
2526 2160 2736 2221 dedito
2781 2162 2970 2222 ludo:
3008 2161 3115 2222 illa
3162 2166 3372 2222 tamen

1841 2252 2179 2332 prohibitio
2224 2253 2444 2314 saltem
2505 2254 2710 2333 quoad
2740 2255 2932 2316 laicos
2979 2273 3104 2316 non
3134 2259 3229 2316 651
3257 2274 3372 2315 11511

1840 2350 2118 2425 recepta,
2153 2350 2220 2406 ut
2241 2364 2384 2406 cum
2420 2349 2721 2423 Navarro,
2758 2352 2820 2408 et
2846 2347 2982 2407 aliis
3023 2347 3206 2408 docet
3231 2350 3373 2409 Les-

1841 2438 1988 2499 siuS.
2014 2457 2075 2498 n.
2110 2442 2169 2498 6.
2205 2442 2266 2499 61
2294 2439 2500 2499 Sanch
2525 2440 2673 2500 dub.
2708 2457 2903 2501 xxvn.
2940 2459 3002 2501 n.
3027 2444 3086 2501 7.

1924 2531 2201 2609 Septimo
2257 2531 2601 2607 dubitatur,
2655 2552 2731 2592 611
2818 2532 3035 2594 Clerici
3112 2536 3376 2611 peccent
3521 2543 3598 2604 10

1841 2624 2188 2684 mortaliter
2214 2624 2487 2684 ludendo
2518 2625 2680 2684 ludis
2711 2625 2800 2685 615
2829 2625 3186 2704 prohibitis,
3216 2628 3371 2704 Sup-
3421 2670 3607 2712 eanum
3626 2681 3722 2723 pro-

1842 2717 2201 2795 ponendum
2238 2722 2351 2794 est,
2384 2719 2592 2777 varias
2646 2737 2781 2778 6556
2828 2719 2999 2797 leges
3028 2719 3254 2797 quibus
3281 2720 3372 2779 lu·
3422 2724 3719 2820 gffinctfgfigs-

1843 2809 1960 2868 dus
2014 2809 2257 2868 clericis
2314 2809 2713 2887 prohibetur;
2768 2811 3075 2889 quasdam
3115 2811 3373 2891 quidem
3706 2806 3718 2818 '

1845 2904 2183 2977 CoesareaS,
2243 2902 2302 2960 in
2354 2902 2755 2964 Anthentica.
2809 2903 3242 2977 InterdicimuS,
3304 2908 3372 2968 C.

1842 2994 1911 3055 de
1938 2995 2003 3055 E
1993 2994 2250 3076 pise-opis
2277 3003 2333 3054 et
2358 2995 2606 3069 clem’miff
2633 2996 2711 3055 (16
2736 2996 2888 3076 ‘qua
2916 3000 3127 3058 tamen
3155 2997 3294 3073 lege
3316 3003 3378 3058 et

1843 3087 1978 3167 ejus
2032 3106 2222 3167 poena
2266 3107 2489 3168 parum
2557 3090 2908 3150 curandum
2966 3096 3169 3167 esset,
3232 3108 3376 3150 cum

1842 3182 2135 3262 princeps
2156 3182 2473 3243 saeeularis
2492 3202 2613 3243 non
2646 3184 2840 3262 possit
2887 3204 3139 3264 poenam
3197 3183 3378 3245 cleri-

1844 3276 1932 3336 cis
1962 3275 2284 3354 imponere
2309 3322 2324 3351 ,
2367 3276 2454 3335 vel
2486 3277 2689 3355 legem
2746 3277 3079 3355 specialem
3110 3296 3222 3355 pro
3256 3277 3380 3336 ele-

1845 3367 1988 3428 ricis
2018 3369 2203 3438 ferre,
2237 3373 2306 3428 ut
2335 3386 2480 3427 cum
2507 3369 2645 3428 aliis
2693 3373 2913 3430 notant
2952 3369 3184 3430 Melina
3212 3370 3373 3448 disp.

1843 3465 1981 3522 512.
2017 3463 2080 3521 et
2109 3461 2284 3521 Salas
2314 3460 2464 3520 dub.
2518 3478 2688 3522 xxiv.
2751 3463 2813 3521 in
2871 3463 2979 3523 fin.
3036 3465 3163 3523 tam
3212 3462 3381 3522 circa

1846 3555 2077 3614 dictam
2108 3554 2338 3632 legem.
2372 3571 2564 3632 quam
2590 3554 2757 3615 circa
2788 3555 2941 3615 alias
2988 3555 3220 3615 similes
3247 3574 3381 3614 mu-

1845 3647 2167 3726 nicipales.
2206 3648 2514 3708 Caeterum
2544 3648 2604 3706 in
2630 3646 2772 3726 jure
2825 3647 3125 3709 canonico
3190 3647 3378 3709 etiam

1845 3740 2065 3801 eadem
2092 3739 2428 3819 prohibitio
2485 3740 2802 3801 invenitur
2855 3741 2918 3800 in
2957 3759 3098 3802 6611.
3134 3757 3262 3801 xiv.
3317 3747 3381 3802 et

1844 3851 1987 3894 xm.
2023 3834 2487 3911 Apostolorum,
2523 3833 2627 3911 qui
2685 3833 2996 3894 habentur
3052 3835 3113 3893 in
3145 3852 3283 3914 cap.
3322 3851 3364 3895 1.

1847 3928 1989 3988 dist.
2049 3943 2233 3986 xxxv.
2297 3926 2402 3985 uhi
2458 3926 2711 3987 dicitur:
2783 3949 2810 3982 «
2839 3927 3204 4006 EpiscopuS,
3267 3932 3376 3989 aut

1847 4018 2231 4099 presbytcr,‘⁴
2256 4022 2364 4079 aut
2402 4018 2702 4079 diaeonus
2746 4020 2922 4096 61616,
2957 4024 3142 4099 atque
3182 4021 3378 4081 ebric-

1847 4114 1962 4176 tati
2019 4131 2274 4188 vacanS,
2323 4116 2431 4174 aut
2484 4112 2748 4190 desinat,
2805 4118 2914 4175 aut
2993 4114 3370 4193 deponatur.

1850 4207 2275 4268 subdiaconus
2323 4209 2432 4266 aut
2478 4211 2718 4282 cantor,
2753 4211 2861 4267 aut
2907 4207 3103 4267 lector
3156 4207 3384 4268 similia

1848 4299 2104 4374 faciens,
2154 4304 2264 4359 aut
2292 4298 2556 4374 desinat,
2592 4310 2701 4360 aut
2756 4304 3164 4379 separetur.»
3222 4303 3376 4361 Item

1847 4392 1911 4452 in
1942 4412 1997 4453 c.
2034 4392 2269 4464 Clerici,
2293 4391 2361 4450 de
2383 4392 2496 4451 rita
2526 4401 2582 4452 et
2620 4392 2837 4452 leonest.
2897 4392 3261 4468 clericorum,
3302 4393 3379 4452 (16

1852 4487 2087 4547 eisdem
2144 4485 2408 4546 dicitur:
2471 4486 2565 4545 Ad
2611 4487 2799 4559 61665,
2843 4490 2905 4546 61
2957 4486 3201 4546 taxillos
3259 4505 3384 4546 non

1850 4581 2092 4653 ludant,
2129 4597 2241 4637 1166
2284 4578 2637 4655 hujusmodi
2679 4578 2843 4639 ludis
2872 4579 3195 4640 intersint:
3232 4584 3379 4639 616.

1853 4673 2016 4733 Inter
2042 4671 2296 4746 (literam,
2322 4669 2390 4729 de
2434 4670 2754 4730 caecessz'bus
2799 4671 3213 4751 proelatorum,
3249 4671 3387 4750 qui—

1855 4766 2001 4824 dam
2030 4764 2293 4825 clericus
2316 4763 2600 4841 repulsus
2654 4768 2748 4825 651
2775 4782 2814 4824 a
2860 4764 3166 4840 dignitate
3194 4764 3387 4824 eccle-

1856 4859 2125 4932 siastica,
2181 4857 2257 4916 ad
2320 4874 2506 4935 quam
2551 4857 2756 4918 suerat
2803 4856 3060 4932 61661115,
3093 4875 3167 4917 eo
3220 4856 3387 4937 quod

1856 4956 2017 5011 65561,
2044 4949 2329 5029 publicus
2361 4950 2602 5011 aleator
2635 4954 2698 5011 61
2725 4949 3066 5026 usurarius,
3103 4968 3216 5010 nee
3247 4968 3387 5029 pro-

1854 5044 1970 5104 fuit
1998 5044 2084 5102 illi
2111 5043 2416 5117 dicere,in
2455 5043 2652 5103 Gallia
2680 5061 2813 5102 esse
2845 5042 3384 5118 consuetudinem,

1858 5141 1926 5198 ut
1955 5135 2162 5196 clerici
2195 5136 2381 5197 etiam
2401 5136 2549 5196 aleis
2579 5136 2801 5196 ludant
2825 5155 2837 5195 :
2860 5135 3201 5213 respondet
3224 5135 3390 5195 enim

1856 5230 2164 5306 Pontifex,
2199 5230 2367 5289 illam
2400 5248 2535 5289 6556
2591 5228 3010 5307 corruptelam
3067 5246 3191 5288 non
3237 5229 3393 5288 tole-

1858 5325 2145 5400 randum,
2205 5323 2314 5384 sed
2359 5322 2764 5401 puniendam.
2825 5321 3106 5401 Denique
3166 5322 3386 5382 concil.

1857 5418 2029 5494 Trid,
2065 5421 2214 5478 sect.
2267 5434 2420 5478 xxli.
2457 5436 2511 5477 6.
2568 5433 2609 5477 1.
2671 5415 2740 5476 (le
2768 5416 3075 5495 reformat.
3132 5419 3396 5476 renovat

1861 5530 2076 5573 omnes
2107 5511 2399 5590 antiquos
2428 5528 2701 5571 canones
2756 5510 2923 5570 eirca
2978 5508 3143 5570 hanc
3196 5513 3394 5570 mate-
