4263 6376
134 2864 206 3010 geg,

1191 329 1657 392 DISPU'PATIO
1703 329 1973 402 xxvlu,
2023 328 2297 390 SECTlO
2341 328 2385 388 1.

244 510 385 591 hujus
428 513 786 571 contractus
832 512 1123 570 naturam
1150 555 1165 585 ,
1228 508 1487 588 ejusque
1543 505 1731 584 justi-

241 605 372 680 tiam,
401 603 495 663 vel
526 601 896 680 injustitiam
928 601 1148 662 notitia
1178 620 1300 661 non
1331 600 1577 677 vulgari
1608 599 1728 659 cal·

242 699 353 758 lere.

686 1130 1112 1215 sterio
1191 1131 1240 1211 Ι.

446 1434 616 1513 Quid,
650 1444 707 1495 et
733 1433 1054 1515 quotuplex
1079 1433 1158 1493 sit
1184 1431 1489 1493 cambium.

307 1703 615 1765 cambium
646 1701 707 1760 in
729 1699 1021 1779 proesenti
1051 1698 1364 1777 significat
1378 1698 1583 1758 solum
1606 1714 1741 1775 per·

249 1796 617 1858 mutationem
650 1793 834 1854 unius
881 1792 1162 1871 pecuniae
1192 1808 1305 1870 pro
1351 1791 1475 1852 alia
1528 1809 1540 1850 :
1593 1807 1740 1851 nam

247 1890 358 1950 licet
379 1888 640 1948 verbum
667 1884 993 1946 cambiendi
1006 1884 1309 1962 applicari
1330 1884 1527 1945 soleat
1551 1884 1741 1943 etiam

250 1982 309 2042 ad
331 1980 809 2061 permutationes
837 1977 1098 2038 aliarum
1122 1995 1354 2054 rerum,
1388 1976 1658 2036 maxime
1678 1976 1742 2035 in

247 2075 504 2136 idiomate
531 2073 748 2135 italico
778 2069 1056 2149 vulgari;
1105 2070 1385 2149 theologi
1429 2075 1642 2132 tamen
1683 2072 1746 2130 et

242 2168 445 2246 juristae
500 2167 620 2227 hoc
666 2164 922 2226 nomine
968 2162 1494 2242 permutationem
1541 2161 1744 2223 solum

246 2261 490 2338 pecuniae
520 2275 635 2338 pro
666 2256 931 2336 pecunia
951 2255 1324 2333 significant.
1358 2255 1747 2317 Contrahen-

247 2360 321 2414 tes
342 2372 481 2413 vero
510 2353 684 2430 ipsos
709 2354 958 2426 vocant,
1013 2348 1409 2429 Campsorem,
1457 2356 1598 2408 eum
1629 2347 1747 2408 sci-

244 2446 380 2520 licet,
427 2444 631 2524 quiin
659 2443 929 2522 gratiam
970 2441 1228 2502 alterius
1258 2441 1512 2517 cambit,
1568 2439 1617 2501 C
1620 2460 1748 2500 am-

244 2539 470 2598 marium
492 2543 709 2598 autem
745 2536 944 2611 illum,
995 2535 1058 2594 in
1089 2533 1267 2613 cujus
1296 2534 1585 2611 gratiam,
1637 2552 1748 2594 seu

245 2649 346 2709 quo
371 2635 644 2709 petente,
677 2627 996 2689 cambium
1024 2628 1115 2688 fit.

309 2725 515 2786 Differt
542 2721 859 2783 cambium
887 2720 968 2780 ab
997 2719 1135 2780 aliis
1174 2719 1600 2780 contractibus
1629 2719 1751 2779 sal-

248 2822 349 2877 tem
375 2817 618 2878 ratione
661 2813 963 2874 materiae.
998 2812 1093 2873 Ab
1125 2813 1439 2892 emptione
1471 2812 1746 2892 quidem,

245 2914 296 2969 et
318 2908 669 2970 venditione
699 2907 928 2981 differt,
980 2905 1127 2985 quia
1182 2906 1244 2964 in
1289 2905 1408 2965 illis
1438 2906 1623 2965 datur
1650 2924 1752 2984 pe·

245 3003 404 3063 cunia
431 3020 550 3081 pro
596 3018 829 3075 merce,
865 3017 988 3059 non
1034 3016 1147 3078 pro
1205 2998 1327 3058 alia
1382 2998 1666 3077 pecunia.
1701 3002 1747 3058 Α

242 3100 434 3155 mutuo
466 3093 681 3154 differt
707 3092 933 3170 primo,
967 3091 1115 3170 quia
1143 3090 1204 3151 in
1236 3096 1455 3152 mutuo
1487 3089 1754 3170 requiri-

244 3193 347 3264 tur,
371 3186 540 3267 quod
572 3185 857 3247 debitum
886 3188 1028 3263 post
1048 3183 1305 3263 aliquod
1338 3187 1582 3262 tempus
1609 3182 1753 3243 red-

241 3280 425 3357 datur,
484 3279 659 3360 quod
689 3279 754 3340 in
784 3278 1027 3339 cambio
1059 3278 1204 3338 licet
1250 3276 1590 3356 aliquando
1620 3276 1749 3352 fiat,

242 3373 293 3433 id
316 3381 522 3435 tamen
563 3377 658 3433 est
698 3390 811 3451 per
834 3370 1147 3446 accidens,
1187 3373 1248 3431 et
1277 3389 1403 3431 non
1418 3369 1758 3449 requiritur

235 3466 304 3526 ad
330 3467 670 3540 cambium,
706 3483 850 3525 cum
910 3468 1172 3542 utraque
1219 3462 1486 3542 pecunia
1531 3462 1755 3523 eodem

236 3565 499 3638 tempore
530 3557 670 3618 dari
699 3555 913 3637 possit.
949 3556 1263 3631 Secundo,
1299 3555 1445 3635 quia
1469 3561 1756 3617 mutuum

236 3654 453 3713 versari
480 3655 694 3732 potest
720 3668 797 3709 ex
835 3668 901 3709 se
931 3649 1098 3710 circa
1125 3667 1224 3710 res
1247 3648 1421 3723 alias,
1456 3669 1515 3709 v.
1550 3667 1611 3728 g.
1645 3647 1757 3709 tri-

237 3744 434 3823 ticum,
465 3745 712 3818 vinum,
765 3743 995 3819 oleum,
1028 3746 1146 3802 etc.
1210 3741 1536 3802 Cambium
1592 3741 1760 3801 circa

232 3837 380 3898 solas
408 3836 735 3916 pecunias.
777 3834 1011 3910 Terti0,
1046 3833 1196 3913 quia
1216 3833 1281 3892 in
1310 3838 1526 3894 mutuo
1556 3837 1760 3912 potest

233 3929 397 3989 reddi
427 3928 658 3991 eadem
707 3945 971 3987 numero
1015 3926 1281 4005 pecunia
1328 3944 1467 4004 quae
1497 3930 1756 4004 accepta

232 4022 334 4083 fuit
363 4043 380 4097 ς
441 4023 509 4081 in
567 4020 814 4082 cambio
886 4019 1070 4079 reddi
1125 4018 1317 4080 debet
1376 4018 1531 4095 alia,
1606 4018 1760 4079 alio-

233 4114 369 4192 quin
398 4132 530 4174 non
549 4114 673 4174 erit
700 4111 1041 4187 cambium,
1074 4111 1174 4172 vel
1203 4115 1375 4172 certe
1405 4111 1595 4172 debet
1622 4129 1758 4171 esse

230 4206 469 4268 diversa
499 4206 715 4286 quoad
763 4206 970 4266 locum
1008 4205 1228 4265 saltem
1273 4222 1396 4284 quo
1454 4203 1755 4281 redditur,

230 4299 361 4362 licet
386 4301 617 4361 eadem
649 4316 908 4359 numero
930 4297 1253 4359 reddatur.
1288 4298 1588 4376 Denique,
1614 4297 1761 4376 quia

228 4397 534 4468 mutuum,
563 4393 625 4452 in
657 4391 900 4452 ratione
932 4391 1131 4451 mutui
1161 4390 1511 4469 completur
1552 4391 1763 4451 omni-

231 4503 324 4562 uo,
361 4485 625 4566 quando
686 4483 954 4562 pecunia
1009 4483 1196 4544 datur
1240 4483 1642 4560 mutuatario,
1701 4488 1764 4545 et

228 4576 350 4656 ipse
379 4598 451 4639 se
502 4578 749 4657 obligat
773 4576 856 4638 ad
894 4576 1286 4638 tantumdem
1329 4576 1759 4641 reddendum:

229 4671 546 4732 cambium
590 4688 744 4730 vero
794 4688 918 4729 non
949 4673 1044 4729 est
1071 4669 1324 4729 omnino
1355 4669 1759 4746 completum,

225 4761 420 4825 donec
453 4762 776 4841 utrimque
812 4761 1079 4840 pecunia
1126 4761 1330 4821 detur.
1382 4761 1618 4821 Deinde
1648 4762 1764 4821 dif-

224 4857 335 4917 tert
363 4855 694 4917 cambium
726 4874 762 4914 a
795 4853 1103 4932 deposita,
1139 4853 1365 4933 quiain
1397 4853 1516 4914 hoc
1539 4854 1763 4914 eadem

223 4966 315 5010 res
334 4948 635 5030 deposita
664 4947 990 5008 reddenda
1020 4951 1133 5023 est,
1170 4963 1285 5006 nec
1316 4964 1389 5005 ea
1445 4947 1672 5008 transit
1702 4947 1764 5007 in

223 5042 578 5102 dominium
606 5040 995 5118 depositarii,
1031 5040 1200 5119 quod
1230 5043 1450 5100 contra
1478 5039 1541 5100 in
1592 5059 1763 5100 cam-

225 5133 322 5196 bio
350 5134 695 5213 contingit.
747 5134 1027 5212 Denique
1083 5132 1296 5195 differt
1351 5134 1670 5194 cambium
1730 5154 1767 5196 a

224 5227 695 5306 permutatione
749 5230 1050 5304 tanquam
1115 5226 1356 5305 species
1409 5244 1446 5285 a
1507 5244 1763 5305 genere,

223 5319 630 5402 quatenusin
662 5336 735 5379 eo
767 5323 1160 5398 permutatur
1213 5319 1417 5379 solum
1474 5321 1763 5399 pecunia,

221 5415 381 5477 sicut
408 5415 479 5475 in
535 5411 674 5473 aliis
721 5412 1285 5491 permutationibus
1324 5430 1423 5471 res
1470 5412 1608 5471 aliae
1657 5431 1769 5490 pro

226 5506 357 5567 aliis
397 5507 876 5586 permutantur.

3243 327 3357 383 387

1910 505 2109 583 Magis
2136 504 2298 564 dere
2329 503 2602 565 dubitari
2624 506 2856 582 posset,
2890 520 2970 561 an
3001 504 3358 562 contractus

3543 506 3581 565 3

1830 597 2056 658 cambii
2086 598 2186 674 sit,
2242 601 2309 658 ut
2352 597 2414 656 in
2437 616 2510 657 eo
2557 595 2967 657 transferatur
3012 592 3358 655 dominium
3407 630 3705 673 Antmnsrom

1828 690 2111 769 pecuniae
2137 691 2271 769 ipsa
2293 689 2651 766 traditione,
2677 693 3014 767 antequam
3034 688 3193 748 alter
3221 705 3362 747 con·
3448 684 3669 727 dwuinium

1826 783 2080 845 trahens
2109 783 2444 862 pecuniam
2486 781 2749 843 alteram
2804 780 3076 840 vicissim
3123 779 3354 840 tradat.

3463 739 3659 793 pecuaioe.

3454 797 3667 846 antequam

3462 847 3663 901 utrimque

1830 874 2117 936 Bartolus
2147 875 2314 934 enim
2362 874 2420 934 in
2451 873 2492 935 l.
2532 873 2609 938 Si
2635 872 2877 949 Servus,
2909 873 2965 951 ἓ.
3016 871 3255 947 Locavz',
3291 872 3355 931 ff.
3424 900 3694 953 mmmmm,

1829 967 1899 1028 de
1923 967 2125 1047 furtale,
2152 973 2214 1029 et
2236 968 2297 1027 in
2329 966 2370 1028 l.
2406 983 2474 1027 11.
2509 967 2575 1028 C.
2616 965 2685 1027 de
2711 984 2830 1027 rer.
2856 974 3112 1046 permut.
3173 970 3237 1026 et
3276 962 3364 1023 ihi

1832 1059 2068 1121 additio
2114 1060 2405 1139 quaedam
2436 1059 2515 1119 ad
2545 1059 2841 1138 glossam,
2883 1062 3119 1137 negant
3161 1062 3366 1119 trans-

1831 1153 1976 1213 ferri
2035 1152 2407 1228 dominium,
2460 1152 2660 1213 donec
2716 1171 2791 1211 ex
2858 1156 3123 1230 utraque
3190 1153 3367 1228 parte

1834 1249 2190 1307 contractus
2210 1246 2619 1325 compleatur.
2653 1245 2773 1305 Alii
2795 1249 3004 1306 tamen
3025 1242 3368 1304 communi-

1833 1344 1929 1400 ter
1958 1338 2279 1399 affirmant
2307 1337 2652 1414 transferri,
2686 1354 2843 1416 quos
2874 1337 3056 1397 affert
3082 1339 3145 1397 et
3161 1334 3371 1413 sequi-

1834 1436 1938 1491 tur
1963 1430 2175 1491 Molin.
2209 1430 2367 1510 disp.
2404 1433 2542 1493 396.
2584 1449 2647 1494 n.
2706 1432 2765 1491 8.
2828 1433 2890 1490 et
2946 1429 3121 1491 Salas
3168 1434 3246 1488 tr.
3302 1425 3372 1486 de

1837 1521 2096 1600 cambiis,
2129 1522 2281 1584 dub.
2317 1540 2360 1583 1.
2396 1543 2457 1584 n.
2516 1527 2584 1584 4.
2616 1526 2679 1584 et
2705 1522 2930 1583 merito
2961 1521 3110 1601 quia
3153 1519 3372 1599 regula

1838 1616 2149 1695 generalis
2177 1619 2291 1691 est,
2351 1615 2520 1695 quod
2574 1615 2913 1678 traditione
2967 1613 3375 1675 transferatur

1840 1708 2212 1783 dominium,
2245 1711 2315 1768 ut
2343 1707 2609 1769 habetur
2664 1707 2726 1766 in
2756 1708 2810 1785 §.
2862 1705 3138 1781 Venditoe,
3199 1708 3262 1765 et
3312 1705 3368 1783 ἓ.

1842 1801 1960 1862 Per
1988 1798 2380 1876 traditionem,
2414 1800 2612 1861 lnstit.
2649 1799 2728 1859 de
2783 1818 2901 1860 rer.
2934 1797 3107 1859 divis,
3158 1816 3195 1857 a
3251 1814 3376 1875 qua

1841 1892 2116 1973 generali
2146 1893 2365 1971 regula
2407 1893 2540 1953 sola
2596 1892 2903 1970 excipitur
2959 1890 3262 1965 venditio,
3311 1888 3374 1948 in

1844 2005 1967 2066 qua
2023 2004 2144 2045 non
2202 1984 2571 2046 transfertur
2623 1985 2972 2045 dominium
3029 1985 3119 2044 rei
3163 1980 3377 2042 vendi-

1845 2083 1923 2138 tae
1953 2081 2014 2137 et
2041 2076 2309 2151 traditan,
2344 2076 2545 2138 donec
2573 2075 2851 2136 solvatur
2878 2076 3147 2153 pretium
3169 2072 3266 2134 vel
3288 2071 3381 2132 of-

1846 2170 2105 2244 feratur,
2139 2175 2250 2231 aut
2279 2169 2590 2230 habeatur
2637 2187 2750 2247 pro
2778 2168 3007 2244 solut0,
3040 2171 3110 2229 ut
3137 2169 3383 2226 constat

1846 2282 1919 2323 ex
1950 2261 2129 2323 dictis
2156 2262 2247 2340 ἐξ.
2284 2260 2565 2334 Quarein
2597 2261 3058 2341 permutatione
3081 2259 3377 2321 transfer·

1848 2354 1898 2415 ri
1928 2355 2139 2415 statim
2170 2354 2515 2414 dominium
2545 2358 2886 2432 antequam
2926 2357 3284 2414 contractus
3306 2369 3383 2410 ex

1849 2449 2044 2509 altera
2069 2451 2246 2525 parte
2278 2446 2687 2524 compleatur,
2722 2446 2994 2507 habetur
3040 2445 3104 2505 in
3150 2444 3194 2506 l.
3234 2443 3383 2505 Cum

1841 2539 2206 2622 precibus,C.
2226 2537 2294 2599 de
2304 2558 2498 2598 rerum
2512 2538 3060 2619 pevvnue.ctpraxis
3073 2537 3132 2597 id
3166 2536 3379 2612 habet,

1851 2650 1992 2692 cum
2022 2649 2313 2710 campsor
2340 2632 2436 2691 vel
2467 2631 2854 2709 campsarius
2884 2636 3146 2710 accepta
3195 2648 3386 2708 pecu-

1854 2726 1955 2786 nia
1983 2725 2193 2786 statIm
2239 2729 2496 2785 utantur
2526 2728 2828 2803 tanquam
2874 2742 3009 2800 sua,
3045 2727 3385 2802 antequam

1851 2819 2182 2898 pecuniam
2198 2817 2463 2878 alteram
2492 2816 2642 2877 alibi
2671 2816 2962 2877 reddant.
2996 2815 3176 2877 Unde
3196 2814 3387 2875 meri-

1852 2919 1916 2972 to
1945 2912 2137 2971 etiam
2167 2910 2356 2970 refert
2416 2907 2730 2985 RebelluS,
2766 2927 2954 2988 quem
2985 2910 3166 2969 affert
3194 2913 3256 2967 et
3284 2925 3386 2967 se-

1855 3004 2067 3083 quitur
2084 3003 2260 3064 Salas
2289 3003 2351 3063 d.
2390 3021 2445 3061 n.
2484 3006 2543 3063 4.
2571 3021 2695 3062 non
2728 3020 2863 3061 esse
2883 3000 3123 3062 licitum
3144 3004 3390 3062 contra-

1857 3096 2025 3157 henti
2058 3115 2094 3155 a
2123 3094 2371 3156 cambio
2402 3095 2640 3155 resilire
2687 3094 2907 3155 saltem
2950 3093 3011 3153 in
3042 3094 3177 3154 foro
3205 3111 3389 3153 cons-

1855 3190 2122 3263 ciendae,
2156 3193 2414 3267 accepta
2446 3190 2542 3248 vel
2588 3187 2818 3250 tradita
2844 3186 3114 3267 pecunia
3162 3206 3239 3247 ex
3266 3204 3393 3247 una

1855 3288 2052 3362 parte,
2075 3281 2191 3341 nisi
2224 3282 2604 3341 contrariam
2634 3281 3046 3342 intentionem
3074 3279 3387 3356 habuerit,

1858 3374 2166 3455 quidquid
2198 3373 2424 3435 dixerit
2453 3376 2770 3434 Navarrus
2791 3373 2852 3433 in
2875 3373 3294 3452 c-.naviganti,
3324 3372 3394 3433 de

1857 3466 2051 3527 usuris
2081 3486 2163 3526 nu
2193 3470 2253 3529 9.

1937 3559 2264 3621 Cambium
2293 3558 2722 3638 multipliciter
2747 3558 2943 3619 dividi
2985 3559 3169 3620 solet.
3205 3556 3390 3619 Aliud

1857 3653 2023 3714 enim
2054 3652 2284 3713 dicitur
2321 3651 2639 3712 cambium
2681 3652 2938 3727 siccum,
2998 3651 3063 3710 in
3120 3669 3244 3729 quo
3301 3654 3397 3711 est

1859 3745 2229 3826 apparentia
2275 3744 2438 3805 tituli
2466 3742 2544 3804 ad
2576 3743 2841 3820 lucrum,
2877 3744 2988 3803 sed
3018 3762 3238 3803 revera
3268 3761 3394 3803 non

1859 3845 1951 3900 est
1976 3838 2317 3912 cambium,
2353 3835 2462 3896 sed
2500 3840 2789 3896 mutuum
2820 3854 2962 3896 cum
2989 3837 3188 3911 lucro,
3222 3834 3393 3915 quod

1859 3930 2223 4006 intenditur,
2249 3935 2313 3990 et
2334 3928 2474 3988 ideo
2495 3927 2725 3989 dicitur
2742 3927 3000 4004 siccum,
3035 3928 3099 3988 id
3129 3931 3245 4005 est,
3278 3928 3392 3988 hu-

1859 4044 2034 4086 more
2066 4029 2128 4085 ct
2156 4021 2508 4083 substantia
2526 4039 2768 4096 curem,
2802 4039 2877 4096 ac
2904 4021 3114 4082 sterile
3136 4022 3391 4082 omnino

1859 4118 1938 4178 ad
1959 4115 2487 4177 fructificandum.
2521 4114 2708 4176 Aliud
2739 4117 2833 4175 est
2861 4115 3178 4175 cambium
3196 4116 3388 4190 reale,

1858 4210 2025 4290 quod
2047 4228 2193 4269 vere
2214 4213 2308 4269 est
2336 4208 2674 4284 cambium,
2709 4212 2773 4270 et
2801 4213 3017 4288 aptum
3064 4207 3143 4267 ad
3173 4208 3392 4269 fructi-

1860 4301 2176 4364 ficandum
2235 4306 2297 4362 et
2351 4300 2747 4361 reddendum
2805 4300 3079 4362 fructum
3123 4300 3384 4361 licitum.

1861 4400 2096 4457 Rursus
2125 4394 2441 4455 cambium
2471 4394 2639 4454 reale
2669 4393 2840 4455 aliud
2871 4398 2966 4454 est
2996 4394 3178 4454 unius
3200 4411 3394 4473 pecu·

1858 4489 1976 4550 niae
2025 4506 2138 4568 pro
2170 4487 2290 4548 alia
2321 4487 2608 4563 ejusdem
2647 4487 2879 4548 valoris
2908 4487 3134 4548 eodem
3164 4487 3301 4547 loco
3334 4490 3398 4548 et

1859 4587 2142 4660 tempore
2205 4578 2570 4658 accipienda
2626 4578 2864 4658 absque
2916 4580 3039 4640 ullo
3087 4579 3285 4656 lucr0,
3320 4580 3398 4640 de

1863 4693 1986 4756 quo
2017 4673 2262 4734 cambio
2293 4673 2467 4732 nulla
2524 4675 2619 4733 est
2664 4672 3020 4733 difficultas.
3070 4673 3257 4733 Aliud
3307 4676 3403 4735 est

1862 4767 2178 4828 cambium
2208 4764 2488 4843 pecuniae
2519 4764 2815 4836 maliolis,
2852 4766 2982 4825 sive
3014 4764 3220 4844 quoad
3268 4783 3403 4825 ma·

1862 4860 2084 4922 teriam
2113 4859 2244 4920 sive
2276 4858 2483 4938 quoad
2538 4857 2834 4936 sigillum,
2884 4858 2983 4917 vel
3042 4857 3399 4933 utilitatem,

1865 4972 1975 5032 pro
2005 4952 2126 5012 alia
2157 4952 2423 5030 pecunia
2453 4969 2577 5011 non
2635 4950 2723 5011 ita
2769 4950 2956 5025 bona,
2992 4949 3160 5028 quod
3193 4950 3405 5028 appel-

1863 5046 2025 5106 latur
2053 5043 2371 5105 cambium
2400 5043 2713 5104 manuale.
2749 5042 2936 5103 Aliud
2967 5049 3062 5102 est
3080 5043 3401 5103 cambium

1867 5157 1979 5218 pro
2009 5136 2278 5216 pecunia
2331 5138 2393 5196 in
2438 5136 2559 5195 alio
2598 5134 2735 5196 loco
2794 5134 3175 5213 recipienda,
3231 5134 3402 5214 quod

1874 5228 2468 5308 appellaturlocale.
2502 5227 2688 5288 Aliud
2719 5226 2987 5305 denique
3005 5232 3099 5287 est
3128 5227 3408 5305 pecuniae

1868 5340 1981 5401 pro
2015 5321 2285 5400 pecunia
2313 5321 2437 5381 alio
2488 5324 2770 5400 tempore
2824 5320 3071 5396 dandas,
3106 5321 3274 5399 quod
3304 5338 3415 5400 ap·-

1870 5415 2138 5495 pellatur
2162 5414 2532 5493 temporale,
2568 5413 2737 5494 quod
2768 5413 3025 5493 quidem
3077 5413 3156 5473 oh
3212 5414 3413 5473 solam

1871 5508 2167 5585 temporis
2198 5507 2561 5566 dilationem
2594 5508 2838 5566 lucrum
2887 5507 3125 5566 licitum
3189 5526 3411 5585 parere

3578 3579 3616 3636 4

3461 3704 3583 3746 Varia
3600 3714 3722 3744 cam-

3510 3757 3671 3799 biorum

3517 3822 3669 3865 genera
