4263 6376
624 4629 698 4689 87

526 4757 591 4799 Αιι
612 4757 820 4800 matrimo-

525 4812 637 4852 nium
669 4812 820 4854 existi-

526 4871 678 4908 matum
711 4867 820 4917 lem-

539 4919 655 4960 111001
680 4920 806 4962 filium

550 4973 792 5024 inatus-alem,

524 5025 591 5068 vel
614 5027 821 5068 matrimo-

522 5079 632 5119 nium
643 5079 817 5123 validum

525 5132 722 5185 legitime!
764 5135 817 5175 n-

523 5185 621 5227 lium
637 5187 816 5239 spurium

523 5239 798 5284 existimatum

549 5294 790 5337 naturalem.

878 269 954 328 82

877 447 1027 504 runt
1053 441 1115 500 in
1158 438 1315 501 facie
1365 436 1665 512 ecclesiae,
1711 436 1774 496 ui
1825 437 2072 497 constat
2099 453 2176 494 ex
2204 433 2407 495 citatis

870 534 1139 615 juribuS,
1174 537 1237 593 et
1283 532 1560 593 fatentur
1588 548 1806 591 omnes
1839 549 1852 590 ε
1888 529 1991 589 1110
2034 531 2245 588 autem
2273 545 2410 587 ma-

876 627 1171 689 trimonia
1203 644 1325 686 nen
1370 625 1625 685 fuerunt
1663 627 1985 684 contracta
2014 622 2076 681 in
2120 620 2280 680 facie
2312 638 2408 679 ec·

876 721 1102 796 clesiae,
1154 722 1223 779 ut
1272 722 1534 792 constat,
1588 735 1737 795 ergo
1787 734 1910 775 000
1963 715 2275 793 reperitur
2320 713 2408 772 eis

875 829 1238 874 cencessum
1267 811 1391 872 tale
1434 809 1850 888 privilegium.
1898 808 2210 883 Secunde,
2261 807 2410 886 quia

876 925 1000 967 000
1031 904 1278 963 videtur
1323 921 1456 963 esse
1502 903 1562 962 in
1614 901 1978 981 parentibus
2021 902 2187 962 bona
2224 901 2401 976 fideS,

875 999 1095 1059 saltem
1122 997 1185 1057 in
1213 995 1448 1058 Judaeis
1483 1015 1499 1056 τ
1531 1013 1673 1055 cum
1705 995 1870 1055 enim
1900 995 1962 1055 hi
1986 1012 2110 1055 000
2134 995 2408 1055 habeant

872 1091 1103 1151 bonam
1148 1088 1340 1150 fidem
1383 1087 1549 1148 circa
1578 1106 1755 1147 suam
1812 1092 2069 1164 sectam,
2130 1087 2404 1166 alioquin

873 1202 997 1243 nen
1028 1184 1362 1260 peccarent
1409 1185 1628 1241 centra
1683 1179 1893 1255 fidem,
1944 1185 2180 1240 sectam
2228 1197 2406 1240 suam

871 1274 1220 1345 retinendo,
1242 1277 1695 1352 consequenter
1723 1291 1846 1333 nen
1876 1278 2137 1351 possunt.
2174 1272 2405 1333 habere

872 1369 1103 1429 bonam
1146 1366 1337 1426 fidem
1374 1366 1540 1426 circa
1568 1366 1758 1426 ritum
1801 1365 2045 1443 repudii
2073 1365 2136 1425 in
2168 1385 2280 1425 sua
2307 1384 2407 1426 se-

872 1467 971 1522 cta
1027 1460 1426 1538 permissum,
1478 1462 1541 1518 et
1602 1458 1663 1517 in
1719 1458 2019 1537 religione
2066 1458 2405 1520 christiana

872 1552 1277 1631 prohibitum.
1311 1549 1603 1628 Alioquin
1633 1551 1938 1612 deberent
1963 1551 2300 1612 existimari
2325 1551 2403 1612 de

871 1647 1034 1706 facto
1065 1644 1177 1704 filii
1205 1643 1490 1722 legitimi,
1524 1643 1629 1722 qui
1654 1648 1996 1704 nascuntur
2024 1663 2098 1704 ex
2128 1645 2405 1723 parenti-

870 1739 988 1798 bus
1009 1736 1318 1797 haereticis
1347 1735 1859 1797 contrahentibus
1889 1736 2126 1816 absque
2153 1738 2404 1817 dispen-

870 1830 1111 1892 satione
1141 1848 1283 1889 cum
1314 1828 1817 1907 consanguineiS,
1853 1830 1950 1890 vel
1981 1831 2274 1890 affinibus
2315 1830 2405 1890 in-

868 1931 964 1985 tra
993 1923 1228 2002 gradus
1257 1921 1628 2001 probibiteS,
1675 1921 1842 2001 qued
1888 1928 2097 1983 tamen
2129 1923 2193 1982 10
2225 1924 2401 2003 praxi

871 2036 996 2078 000
1025 2015 1213 2076 credo
1245 2014 1602 2084 observari;
1640 2014 1749 2073 sed
1779 2016 1984 2093 proles
2017 2015 2119 2075 illa
2149 2021 2402 2094 reputa-

868 2114 972 2171 tur
994 2108 1226 2187 spuria,
1253 2111 1313 2167 et
1341 2106 1690 2168 excluditur
1719 2125 1754 2166 a
1785 2108 2176 2168 successione
2207 2108 2270 2168 in
2299 2110 2402 2170 tri-

867 2201 1202 2263 bunalibus
1224 2199 1511 2279 judicum
1544 2200 2021 2262 catholicorum.
2081 2202 2180 2262 Ad
2230 2203 2399 2281 qued

867 2297 1027 2356 ferte
1055 2292 1402 2373 periculum
1430 2292 1754 2353 vitandum
1783 2293 1906 2354 due
1938 2294 2237 2374 conjuges
2267 2295 2396 2355 bae-

870 2387 1043 2448 retici
1071 2384 1285 2465 paucis
1315 2384 1557 2445 abhinc
1587 2386 1765 2445 annis
1782 2386 2104 2463 instanter,
2126 2388 2399 2449 ethemi-

868 2481 1010 2542 liter
1039 2479 1353 2558 petierunt
1379 2497 1418 2537 a
1464 2497 1706 2538 summo
1736 2479 2035 2541 Pontifice
2083 2480 2398 2559 dispensa-

868 2573 1125 2647 tionem,
1150 2575 1220 2631 ut
1246 2588 1370 2630 000
1402 2569 1689 2630 obstante
1707 2572 2247 2650 consanguinitate
2263 2591 2400 2652 pos·

870 2669 1008 2726 sent
1044 2665 1108 2724 in
1138 2662 1537 2722 matrimonio
1578 2661 1710 2741 jam
1744 2663 1850 2723 diu
1883 2669 2028 2725 ante
2072 2665 2225 2727 inito
2258 2686 2378 2745 per·

871 2776 1180 2834 severare,
1215 2762 1278 2817 et
1306 2755 1512 2833 proles
1548 2756 1827 2834 legitima
1865 2758 2104 2818 censeri
2142 2778 2155 2818 :
2191 2761 2294 2838 qui
2326 2761 2400 2821 li-

870 2858 970 2913 cet
998 2850 1235 2911 nollent
1253 2848 1617 2927 promittere
1636 2848 2069 2911 reductionem
2084 2851 2163 2911 ad
2182 2853 2393 2930 fidem,

869 2947 1057 3023 prout
1084 2942 1163 3002 ab
1193 2941 1312 3002 illis
1363 2940 1754 3019 exigebatur;
1808 2961 1874 3002 se
1914 2948 2120 3003 tamen
2155 2945 2401 3006 bumili-

870 3044 964 3098 ter
1008 3033 1463 3096 submittebant
1509 3035 1791 3095 Romane
1835 3036 2122 3097 Pontifici
2151 3037 2227 3097 ad
2273 3039 2402 3098 dis-

871 3128 1301 3211 pensationem
1346 3126 1702 3205 petendam.
1765 3129 1894 3207 Ege
1924 3133 2135 3190 tamen
2182 3149 2403 3193 eonsu-

870 3225 979 3300 lui,
1014 3241 1091 3282 00
1139 3220 1414 3294 daretur,
1462 3219 1609 3300 quia
1651 3238 1773 3280 000
1825 3227 2116 3299 poterant
2150 3225 2404 3286 aliunde

870 3314 1112 3377 moveri
1165 3311 1442 3373 baeretici
1498 3311 1815 3390 obstinati,
1877 3319 1945 3375 ut
1990 3335 2056 3376 se
2124 3318 2405 3379 Pontifici

872 3407 1330 3480 submitterent,
1363 3404 1476 3464 0131
1509 3409 1578 3465 ut
1605 3405 1760 3483 proli
1792 3425 1921 3467 suae
1947 3409 2405 3471 successionem

871 3517 1158 3563 securam
1202 3497 1541 3558 redderent
1592 3503 1811 3559 contra
1864 3519 2254 3562 successores
2285 3504 2406 3564 for·

871 3601 1033 3655 tasse
1088 3590 1425 3653 catholicos
1448 3635 1463 3665 ‚
1526 3590 1629 3668 qui
1657 3591 1847 3668 prelis
1901 3592 2402 3671 illegitimitatem

871 3692 1089 3768 postea
1118 3683 1466 3763 opposituri
1511 3688 1737 3759 essent,
1781 3685 2009 3763 quibus
2052 3705 2178 3748 non
2221 3708 2403 3768 expe-

872 3782 907 3839 d
919 3779 1085 3840 iebat
1097 3775 1507 3855 praejudicare
1524 3775 1792 3837 favendo
1807 3777 2136 3856 haeretici5‚
2159 3782 2404 3843 etiamsi

871 3871 1352 3934 submissionem
1396 3867 1670 3946 aliquam
1730 3871 2115 3947 praeferrent.
2177 3876 2402 3936 Fateor

871 3974 1103 4040 tamen,
1153 3980 1334 4042 pesse
1364 3960 1753 4039 contingere,
1787 3963 1954 4041 quod
1994 3965 2163 4044 apud
2193 3967 2397 4027 ethni-

871 4079 983 4120 003
1011 4059 1178 4118 bona
1205 4054 1360 4115 fides
1389 4053 1585 4132 possit
1614 4054 1844 4115 alicubi
1868 4074 2002 4117 esse
2032 4057 2199 4118 circa
2219 4078 2400 4140 repu-

870 4153 1064 4227 dium,
1100 4155 1163 4211 et
1189 4146 1541 4225 ignorantia
1588 4147 1966 4209 invincibilis
1999 4171 2012 4211 :
2046 4151 2158 4210 secl
2186 4156 2398 4213 tamen

874 4262 1075 4323 neque
1098 4242 1158 4301 in
1191 4240 1310 4300 illis
1339 4238 1544 4316 proles
1573 4239 1764 4301 debet
1790 4241 2087 4303 aestimari
2117 4244 2400 4322 legitima

874 4358 946 4398 ex
976 4337 1079 4396 1110
1118 4350 1429 4395 canonum
1460 4331 1808 4411 privilegie,
1837 4334 1983 4413 quia
2014 4334 2167 4395 illud
2197 4338 2398 4398 selum

873 4427 1257 4501 conceditur,
1292 4430 1362 4485 ut
1387 4424 1539 4501 dixi,
1573 4425 1971 4488 matrimonio
2001 4427 2305 4490 bonafide
2336 4431 2400 4491 10

872 4524 1029 4584 facie
1060 4518 1339 4581 ecclesiae
1370 4521 1713 4579 contracte.

952 4611 1240 4675 Secunde
1271 4609 1436 4670 circa
1465 4608 1632 4669 idem
1662 4609 1932 4671 dubitari
1963 4617 2189 4691 petest,
2212 4633 2293 4675 an
2314 4615 2405 4676 in-

873 4707 1149 4768 validum
1204 4702 1674 4764 matrimonium
1717 4704 1883 4764 bona
1931 4704 2055 4766 fide
2101 4708 2287 4769 unius
2325 4728 2399 4769 ex

870 4799 1240 4881 conjugibus
1295 4800 1683 4856 contractum
1738 4797 2006 4859 sufficiat
2059 4801 2140 4860 ad
2195 4801 2398 4881 legiti-

869 4893 1171 4955 mandum
1223 4889 1421 4949 filium
1461 4888 1811 4949 naturalem
1859 4897 2046 4953 antea
2072 4895 2401 4971 genitum?

873 4990 1107 5048 Rursus
1137 5003 1169 5045 e
1201 4985 1438 5054 centra,
1475 4999 1553 5040 an
1574 4981 1626 5041 si
1658 4983 1882 5061 aliquis
1911 4986 2247 5048 contrahat
2273 5008 2402 5047 ma-

869 5079 1230 5142 trimonium
1277 5073 1580 5150 validum,
1627 5075 1897 5136 sufficiat
1926 5077 2006 5137 ad
2044 5078 2400 5155 legitiman-

868 5174 1018 5233 dum
1067 5171 1257 5231 silium
1280 5170 1415 5247 jam
1462 5170 1700 5242 natum,
1734 5167 1838 5247 qui
1870 5174 2051 5230 natus
2091 5172 2298 5233 fuerat
2324 5191 2398 5232 ex

866 5264 1229 5345 parentibus
1275 5279 1401 5320 000
1442 5260 1801 5337 petentibus
1844 5263 2239 5341 contrahere,
2286 5264 2397 5325 sed

865 5357 1204 5419 cum‘bona
1245 5353 1370 5414 tide
1417 5352 1674 5413 alterius
1717 5370 1792 5413 ex
1845 5356 2228 5433 parentibus,
2288 5356 2395 5436 qui

864 5450 1382 5530 impedimentum
1406 5445 1703 5505 dirimens
1730 5446 2083 5525 ignorabat.
2106 5451 2174 5510 In
2190 5451 2394 5530 primo

2035 258 2139 317 DE
2180 255 2534 318 JUSTITIA
2578 254 2679 318 ΕΤ
2718 256 2918 319 JURE

2508 452 2658 494 casu
2696 434 2968 497 affirmat
3005 433 3235 497 Melina
3269 434 3518 513 jurista,
3570 436 3739 515 apud
3769 437 4036 500 alterum

2506 525 2803 587 Molinam
2833 527 2895 587 d.
2929 527 3089 605 disp.
3124 543 3343 588 chxu.
3378 529 3432 606 ἓ.
3467 528 3713 591 Melina.
3757 530 3817 590 in
3857 530 4032 594 calce.

2508 621 2577 680 In
2608 619 2882 679 secunde
2905 624 3114 682 autem
3145 638 3296 681 casu
3314 622 3630 684 affirmant
3656 624 3857 700 multi,
3879 643 4037 703 ques

2507 714 2689 774 affert
2718 715 2971 774 Cevarr.
3005 733 3066 772 m
3119 714 3256 794 epit.
3295 734 3438 796 par.
3472 717 3546 776 ΙΙ.
3597 735 3651 778 0.
3688 733 3824 777 vm.
3857 718 3920 794 ἓ.
3963 734 4031 778 11.

2509 824 2680 866 num.
2720 808 2814 867 ⁴6.
2849 808 3020 867 Less,
3050 824 3104 867 c.
3140 823 3266 868 xlx.
3304 827 3474 868 num.
3509 812 3607 869 57.
3645 814 3708 869 et
3726 810 3854 887 alii,
3882 828 4036 888 0003

2508 900 2688 960 affert
2718 901 2904 978 Vasq.
2958 899 3019 960 d.
3071 901 3127 980 ξ.
3176 918 3245 962 11.
3295 921 3467 963 num.
3514 905 3613 963 34.
3666 903 3771 982 qui
3825 909 4036 964 tamen

2506 991 2567 1050 in
2600 990 2718 1052 hec
2747 993 3021 1053 secundo
3064 1012 3235 1070 casu,
3285 999 3349 1056 et
3381 994 3615 1056 Melina
3664 996 3724 1056 in
3769 1001 4037 1074 utreque

2505 1084 2728 1144 merite
2760 1091 3014 1162 negant.
3050 1086 3227 1147 Ratio
3258 1093 3468 1148 autem
3501 1093 3614 1164 est,
3637 1089 3785 1168 quia
3801 1093 4036 1150 utrum-

2506 1197 2629 1257 que
2657 1178 3055 1258 privilegium
3100 1180 3315 1242 datum
3345 1186 3440 1243 ost
3467 1182 3548 1242 ad
3577 1201 3790 1242 casum
3833 1182 4037 1243 selum

2504 1271 2642 1350 lege
2674 1271 3179 1350 determinatum,
3216 1292 3438 1354 nempe
3470 1276 3763 1353 primum,
3785 1276 4037 1355 quando

2503 1363 2575 1424 fit
2603 1383 2821 1424 verum
2853 1366 3347 1444 matrimonium,
3391 1369 3560 1446 quod
3590 1368 3791 1429 selum
3823 1373 3886 1430 et
3912 1387 4036 1430 000

2505 1457 2878 1536 putativum,
2912 1458 3102 1521 habet
3129 1460 3258 1520 vim
3288 1459 3681 1539 legitimandi
3721 1462 3882 1523 filies
3926 1481 4039 1524 na-

2505 1551 2759 1611 turaleS.
2796 1552 3154 1612 Secundum
3186 1572 3335 1613 vere
3379 1554 3582 1614 selum
3613 1554 3803 1615 datur
3839 1555 3918 1615 ad
3949 1556 4038 1615 le·-

2503 1642 2958 1720 gitimationem
3003 1643 3275 1705 filiorum
3324 1665 3399 1705 ex
3426 1647 3823 1708 matrimonio
3855 1653 4038 1726 puta·-

2502 1736 2631 1798 tive
2683 1737 3076 1796 nascentium
3108 1758 3121 1798 ε
3158 1756 3280 1799 000
3321 1738 3402 1798 ad
3442 1739 3562 1799 hec
3610 1741 3779 1819 qued
3823 1742 3931 1820 001
3961 1760 4038 1801 ex

2502 1829 2808 1890 adulterio
2855 1834 3219 1906 nascuntur,
3259 1838 3634 1894 censeantur
3689 1835 4030 1912 naturales,

2503 1926 2566 1983 et
2594 1941 2715 1983 000
2766 1922 2959 2000 spurii
2995 1943 3008 1983 ε
3040 1924 3362 1986 concessio
3398 1930 3609 1987 autem
3667 1944 3791 1987 nen
3847 1927 4038 1989 debet

2502 2015 2751 2077 extendi
2798 2015 2877 2074 ad
2922 2014 3075 2076 alies
3113 2035 3295 2076 casus
3342 2036 3466 2077 000
3516 2019 4031 2097 comprehenses;

2501 2125 2650 2186 ergo
2696 2108 2808 2167 filii
2848 2107 2935 2166 illi
2996 2113 3253 2169 manent
3298 2127 3446 2169 vere
3503 2111 3738 2188 spurii,
3790 2112 4033 2173 etiamsi

2499 2205 2756 2279 propter
2780 2200 3011 2260 bonam
3041 2201 3231 2260 fidem
3264 2219 3388 2261 nen
3419 2203 4035 2265 committaturadul·

2497 2293 2726 2354 terium
2761 2292 3045 2369 formale,
3079 2293 3189 2353 sed
3221 2295 3353 2354 sela
3383 2295 3647 2374 simplex
3678 2297 4031 2360 fornicatiO.

2501 2386 2609 2446 His
2638 2385 2879 2463 positiS,

2578 2478 2923 2539 Dicendum
2951 2482 3044 2539 est
3069 2478 3293 2557 prime,
3318 2479 3511 2540 filium
3534 2483 3903 2561 naturalem,
3923 2484 4035 2544 de·
4183 2495 4231 2552 81

2499 2572 2851 2633 sicientibus
2879 2571 3171 2650 legitimis
3200 2571 3723 2636 descendentibus
3739 2580 4036 2638 etascen-
4107 2617 4231 2671 Qum

2501 2665 2812 2740 dentibus,
2847 2682 3028 2741 pesse
3058 2664 3340 2743 accipere
3362 2684 3397 2725 a
3428 2668 3793 2745 parentibus
3823 2672 4034 2730 emnia
4089 2672 4193 2766 ⁶1¹3?
4180 2684 4231 2765 αξ

2500 2758 2667 2818 bona
2695 2756 3169 2833 exAuth.Licet,
3205 2760 3270 2820 C.
3305 2757 3374 2819 de
3401 2761 3767 2822 naturalibus
3795 2763 4031 2837 liberis;
4090 2789 4231 2831 apaten

2501 2851 2578 2911 de
2608 2851 2831 2910 eodem
2858 2857 3066 2911 autem
3080 2853 3223 2929 jure
3245 2854 3583 2930 communi,
3608 2855 3686 2916 de
3716 2874 3840 2935 que
3869 2875 4035 2917 sem-

2497 2962 2612 3022 per
2647 2942 2994 3021 loquimur,
3055 2944 3462 3005 existentibus
3512 2946 4040 3011 descendentibus

2499 3035 2830 3114 legitimis,
2879 3037 3082 3096 solum
3122 3041 3328 3114 potest
3369 3038 3505 3099 dari
3550 3041 3693 3102 filiis
3739 3043 4044 3103 naturali-

2499 3128 2618 3192 bus
2641 3175 2656 3205 ,
2712 3133 2774 3188 et
2801 3147 3017 3190 eorum
3046 3130 3230 3191 matri
3257 3130 3441 3192 simul
3471 3150 3508 3193 a
3537 3137 3711 3212 patre
3741 3133 4040 3197 duedeci-

2503 3240 2604 3282 ma
2634 3222 2942 3282 benorum
2973 3241 3152 3302 pars;
3199 3224 3380 3285 matri
3422 3230 3634 3288 autem
3676 3228 3787 3288 soli
3820 3247 4040 3308 super-

2503 3315 2630 3376 stiti
2647 3316 2779 3374 dari
2812 3320 3016 3394 petest
3034 3316 3364 3376 dimidium
3396 3317 3784 3381 duedecimae
3815 3322 4032 3399 partis,

2505 3428 2580 3468 ex
2609 3408 2798 3469 Auth.
2846 3407 3051 3489 quibus
3077 3408 3261 3470 modis
3286 3411 3583 3472 natm-ales
3608 3412 3764 3494 effic.
3796 3414 3925 3491 sui,
3975 3416 4032 3494 §-

2503 3501 2823 3582 lleiqttwu
2885 3502 3063 3563 Unde
3094 3504 3347 3565 Covarr.
3392 3523 3580 3583 quem
3623 3508 3804 3569 affert
3842 3514 3905 3571 et
3944 3529 4037 3570 se-

2504 3595 2713 3674 quitur
2740 3594 2974 3656 Melina
3010 3595 3170 3673 disp.
3220 3613 3416 3659 cuin.
3465 3597 3527 3658 10
3574 3600 3773 3678 princ.
3823 3601 4035 3679 infert,

2502 3688 2643 3747 filiis
2675 3687 3057 3747 naturalibus
3084 3693 3334 3751 mortua
3362 3709 3578 3752 eorum
3607 3697 3829 3771 matre,
3854 3713 4038 3773 posse

2502 3799 2539 3839 a
2567 3784 2744 3858 patre
2773 3779 2911 3840 dari
2952 3780 3263 3860 integram
3295 3782 3733 3845 duodecimam
3764 3792 4030 3865 partem.

2499 3873 2941 3933 Deficientibus
2972 3892 3122 3934 vero
3165 3874 3690 3938 descendentibus
3718 3879 4033 3958 legitimis,

2501 3971 2564 4027 et
2594 3965 3000 4027 existentibus
3030 3968 3511 4029 ascendentibus
3545 3969 3869 4049 legitimis,
3904 3974 4038 4052 qui-

2497 4059 2617 4120 bus
2658 4058 2734 4118 de
2755 4057 2899 4137 jure
2929 4061 3248 4119 communi
3297 4061 3561 4123 debetur
3613 4063 3798 4125 tertia
3839 4065 4040 4126 bone-

2501 4170 2640 4211 rum
2670 4170 2849 4230 para,
2896 4150 3208 4230 reliquum
3237 4151 3372 4213 dari
3421 4159 3627 4231 potest
3670 4156 3814 4216 111113
3859 4161 4036 4219 natu·

2499 4244 2763 4318 ralibuS,
2799 4248 2867 4304 ut
2896 4248 3139 4305 constat
3168 4263 3237 4303 ex
3270 4245 3472 4306 citatis
3500 4247 3911 4309 Authenticis.

2581 4337 2759 4398 Circa
2786 4336 2905 4396 hec
2934 4336 3204 4398 dubitari
3236 4341 3472 4416 petest,
3518 4358 3599 4398 00
3628 4340 4041 4403 existentibus
4211 4348 4231 4409 ξ

2497 4430 2639 4490 filiis
2666 4428 2982 4507 legitimiS,
3013 4429 3123 4489 secl
3145 4430 3252 4508 001
3279 4431 3482 4491 valide
3513 4437 3575 4494 et
3601 4433 3838 4512 absque
3862 4435 4041 4497 frau-
4090 4473 4211 4526 ουκ,

2499 4523 2576 4583 de
2616 4521 3055 4582 renuntiarunt
3085 4521 3263 4582 benis
3293 4524 3599 4601 paternis,
3634 4527 3827 4603 possit
3854 4534 4040 4606 pater
4107 4528 4231 4621 ¹⁶5¹ss

2499 4614 2710 4676 omnia
2737 4632 2848 4675 sua
2878 4614 3233 4693 relinquere
3263 4615 3404 4674 filiis
3431 4618 3859 4680 naturalibus?
3907 4622 4037 4682 Ali·
4116 4594 4231 4689 1:3²⁹·

2499 4707 2605 4787 qui
2636 4711 2906 4784 negant,
2956 4725 3113 4785 ques
3159 4707 3351 4768 refert
3395 4708 3620 4769 Sanch.
3664 4710 3726 4772 d.
3770 4713 3876 4774 lib.
3923 4715 4033 4777 lv.
4171 4689 4231 4731 ¹¹⁸¹

2498 4819 2651 4861 cons.
2687 4817 2741 4859 c.
2778 4816 2871 4859 111.
2905 4798 3057 4859 dub.
3091 4815 3247 4859 xvn.
3302 4799 3450 4878 quia
3504 4819 3629 4861 nen
3677 4805 4040 4867 verificatur

2497 4892 2768 4954 conditio
2790 4939 2804 4966 ‚
2855 4892 2971 4953 sub
3001 4910 3126 4970 qua
3156 4892 3219 4951 id
3248 4893 3385 4971 lege
3417 4895 3797 4971 permittitur
3821 4945 3836 4974 ,
3896 4900 4032 4962 scil.

2494 4984 2885 5066 deficientibus
2903 4984 3046 5066 filiis
3062 4984 3353 5065 leyitimis.
3385 4986 3564 5048 Unde
3594 4989 3816 5050 eedem
3845 4992 4038 5054 modo

2496 5084 2731 5156 negant
2759 5078 3096 5139 succedere
3125 5084 3275 5139 tunc
3302 5080 3618 5140 naturales
3639 5083 3719 5142 ab
3738 5082 4035 5147 intestato

2496 5170 2559 5230 in
2591 5189 2666 5231 ea
2690 5170 2996 5249 portione,
3048 5172 3111 5231 in
3155 5191 3281 5250 qua
3323 5172 3626 5234 deberent
3670 5177 4033 5255 succedere,

2495 5282 2620 5324 nen
2649 5264 3003 5325 extantibus
3029 5264 3351 5343 legitimi5‚
3386 5271 3455 5327 ut
3482 5266 3852 5330 videbimus.
3912 5273 4038 5333 Alii

2494 5360 2728 5432 tamen,
2762 5375 2919 5435 0003
2952 5357 3161 5433 refert,
3199 5362 3262 5418 et
3288 5357 3571 5437 sequitur
3600 5359 3766 5420 idem
3797 5365 4030 5428 Sanch.

2491 5448 2601 5525 ibi,
2634 5450 3017 5528 probabilius
3048 5451 3385 5528 affirmant,
3410 5451 3559 5531 0010
3587 5452 3754 5515 idem
3784 5462 3879 5519 est
3905 5476 4034 5520 nen
