4263 6376
1331 332 1800 395 DISPUTATIO
1843 331 2057 406 xxm,
2106 330 2380 392 SECTIO
2419 331 2467 393 Ι.

307 515 675 569 testamento.
727 510 884 581 Quia
933 513 1142 572 tamen
1182 510 1352 589 leges
1398 510 1518 570 illoe
1573 508 1854 589 poenales

312 605 480 675 sunt,
514 602 702 664 docet
724 602 957 663 Molina
986 603 1196 683 disput
1217 606 1352 664 125.
1382 604 1439 681 ἓ.
1463 602 1717 664 Dubium
1746 610 1850 678 est,

314 712 443 755 non
471 695 756 773 obligare
785 701 930 756 ante
952 696 1324 758 sententiam
1350 717 1363 756 ε
1396 696 1522 757 imo
1553 696 1605 756 si
1633 695 1857 755 adver-

314 787 520 847 sarius
550 787 709 848 sciat
755 787 928 848 illam
971 788 1159 848 fuisse
1210 788 1524 849 testatoris
1570 788 1856 848 volunta-

314 883 469 955 tem,
502 884 569 942 et
592 898 741 942 eum
772 882 878 960 qui
906 881 1155 959 scripsit
1178 881 1312 941 sine
1332 880 1590 961 culpaid
1609 880 1851 956 secisse,

315 976 577 1052 propter
620 972 1042 1051 ignorantiam
1087 978 1151 1035 et
1187 973 1419 1035 bonam
1445 972 1635 1033 fidem
1659 1018 1675 1049 ‚
1731 990 1856 1032 non

316 1064 552 1144 poterit
597 1066 788 1126 etiam
836 1072 976 1143 post
1020 1065 1391 1126 sententiam
1420 1064 1764 1125 invalidum
1793 1065 1857 1123 in

319 1158 709 1220 conscientia
748 1158 1013 1218 reddere
1055 1161 1526 1230 testamentum,
1561 1157 1661 1217 vel
1686 1157 1859 1235 lega-

318 1253 458 1311 tum
484 1254 744 1329 propter
767 1250 941 1310 illum
972 1250 1314 1324 defectum3
1341 1251 1449 1329 qui
1477 1250 1665 1310 etiam
1697 1267 1858 1310 asse-

319 1341 425 1416 rit,
459 1342 582 1402 hoc
599 1341 810 1403 locum
832 1360 955 1402 non
977 1341 1208 1402 habere
1229 1341 1291 1402 in
1314 1345 1683 1402 testamento
1707 1360 1859 1402 nun-

321 1434 620 1513 cupativo
641 1480 657 1509 ,
703 1452 848 1493 cum
874 1433 1027 1494 illud
1057 1434 1301 1513 legatur
1330 1452 1542 1496 coram
1570 1434 1853 1494 testibus.

321 1526 390 1588 Si
417 1531 630 1586 tamen
661 1526 819 1605 ipsc,
854 1526 957 1606 qui
985 1526 1338 1604 scripserat,
1369 1527 1638 1606 legente,
1671 1529 1861 1588 testes

323 1624 550 1697 postea
575 1637 700 1679 non
729 1619 1138 1679 recordentur
1166 1619 1328 1679 illius
1355 1620 1543 1697 legati
1570 1637 1684 1698 pro
1715 1619 1859 1679 seri-

322 1716 508 1791 ptore
533 1757 549 1786 ‚
607 1712 1011 1789 praesumptio
1055 1711 1174 1773 erit
1230 1717 1446 1773 contra
1493 1713 1698 1792 ipsum
1755 1712 1859 1791 qui

323 1803 579 1882 scripsit
606 1804 683 1864 de
713 1822 848 1879 suo,
883 1808 947 1865 et
973 1804 1113 1866 ideo
1143 1803 1206 1864 id
1224 1823 1345 1865 non
1368 1806 1519 1884 le‘gIt
1539 1823 1751 1867 coram
1770 1810 1862 1865 te-

323 1900 582 1957 statore.

409 1990 477 2050 ln
521 1992 894 2050 testamento
937 1990 1361 2069 nuncupativo
1411 1989 1488 2051 de
1525 1989 1667 2069 jure
1696 2007 1862 2050 com·

323 2081 502 2142 muni
531 2085 677 2142 sunt
704 2081 1040 2142 necessarii
1093 2086 1334 2161 septem
1386 2087 1575 2144 testes
1625 2100 1863 2143 mascu-

323 2174 394 2252 li,
427 2174 630 2250 liberi,
665 2174 932 2252 puberes
955 2222 970 2250 ‚
1002 2176 1244 2254 rogati,
1293 2175 1397 2254 qui
1426 2176 1609 2236 simul
1639 2194 1865 2238 conve-

326 2267 509 2329 niant
535 2273 597 2328 et
624 2267 919 2342 audiant,
952 2273 1015 2329 et
1041 2268 1390 2346 intelligant
1415 2270 1729 2331 testatoris
1754 2287 1861 2329 vo-

326 2361 659 2434 luntatem,
693 2360 793 2420 vel
822 2360 1120 2439 scriptam
1143 2407 1158 2437 ,
1192 2361 1291 2429 vel
1322 2380 1474 2423 voce
1506 2363 1812 2441 prolatam
1846 2382 1859 2421 ε

326 2471 460 2513 nou
487 2458 699 2513 tamen
725 2453 1066 2531 requiritur
1092 2454 1464 2533 subscriptio
1485 2500 1501 2530 ,
1563 2458 1669 2514 aut
1696 2454 1866 2532 sigil-

325 2546 487 2619 lum,
528 2563 603 2604 ex
633 2545 695 2604 d.
728 2545 771 2605 1.
806 2545 939 2605 Hac
966 2544 1388 2605 consultissima
1412 2592 1427 2621 ,
1485 2547 1542 2624 ἓ.
1574 2545 1696 2605 Per
1722 2565 1869 2605 nun-

326 2637 717 2718 cuparionem,
753 2639 819 2699 C.
852 2637 922 2698 de
944 2639 1314 2712 testamentis,
1348 2643 1412 2699 et
1435 2639 1491 2716 ἓ.
1525 2638 1633 2700 ult.
1669 2639 1860 2700 instit.

328 2730 647 2791 detestam.
681 2731 915 2803 Molina
942 2730 1101 2809 disp.
1139 2733 1275 2791 127.
1308 2732 1365 2809 ἓ.
1405 2731 1630 2804 Testes,
1666 2722 1867 2792 solum

329 2822 548 2902 exigit,
579 2823 745 2902 quod
762 2823 935 2885 testis
956 2823 1342 2886 existimetur
1358 2823 1553 2884 liber:
1588 2824 1697 2885 sed
1718 2827 1867 2884 Vas·

329 2934 518 2996 quez,
551 2934 689 2995 cap.
722 2918 771 2977 1.
803 2915 874 2976 de
899 2917 1283 2994 testamentis,
1318 2918 1375 2995 §.
1411 2934 1504 2978 111.
1538 2917 1688 2979 dub.
1724 2935 1766 2979 1.
1801 2938 1862 2979 n.

331 3013 436 3071 12.
469 3008 590 3069 hoc
619 3008 884 3084 limitat,
912 3013 982 3070 ut
1009 3027 1134 3069 non
1163 3011 1466 3088 procedat
1493 3011 1743 3090 quando
1772 3017 1864 3074 te-

329 3105 717 3163 stamentum
762 3102 834 3161 fit
872 3101 1005 3161 sine
1033 3101 1264 3181 scripto
1288 3149 1303 3177 ,
1356 3105 1505 3181 quia
1547 3103 1683 3182 ejus
1722 3104 1869 3164 suh-

329 3195 568 3257 stantia
596 3194 828 3273 pendet
855 3214 931 3255 ex
957 3195 1209 3255 testium
1238 3196 1647 3276 depositione,
1675 3215 1868 3276 quare

329 3289 389 3349 si
415 3307 575 3348 unus
603 3287 683 3348 sit
699 3306 936 3363 εει-νος,
962 3293 1234 3350 corruet.
1268 3291 1545 3350 Haeredis
1564 3290 1867 3351 institutio

332 3381 531 3444 debet
557 3398 709 3441 voce
758 3380 1198 3443 dearticultata
1238 3384 1552 3445 testatoris
1582 3384 1865 3463 exprimi,

332 3492 482 3554 quae
509 3474 893 3552 intelligatur
919 3492 959 3534 a.
994 3475 1255 3536 testibus
1279 3523 1294 3553 ,
1354 3477 1452 3536 vel
1504 3475 1638 3554 ejus
1679 3495 1868 3538 manu

331 3567 549 3642 scribi,
581 3568 705 3645 leg.
735 3566 1041 3642 Jabmnus,
1069 3567 1288 3647 juncta
1317 3568 1439 3646 leg.
1478 3569 1758 3643 Quoniam
1784 3569 1871 3628 in-

331 3660 607 3739 diqnnm,
641 3661 708 3721 C.
742 3658 813 3719 de
839 3660 1191 3720 testamentis
1232 3679 1256 3720 .·
1311 3661 1625 3722 sufficeret
1664 3667 1872 3722 tamen

331 3754 388 3816 si
410 3757 666 3814 testator
685 3752 1125 3830 interrogatus,
1150 3771 1230 3813 an
1251 3754 1534 3815 instituat
1556 3754 1872 3814 haeredem

333 3845 627 3920 Paulum,
652 3862 757 3904 ore
778 3848 842 3904 et
858 3863 1010 3905 voce
1031 3845 1217 3922 dicat,
1249 3845 1376 3906 volo
1392 3865 1415 3906 .·
1439 3846 1667 3908 sufficit
1686 3847 1873 3908 etiam

333 3940 390 4000 si
421 3937 817 4000 indubitabili
848 3937 1026 4016 signo
1066 3938 1127 3998 id
1159 3938 1506 4016 exprimat,
1556 3939 1702 3999 licet
1749 3958 1870 4000 non

335 4030 622 4093 nominet
651 4029 899 4091 nomine
928 4031 1205 4109 proprio,
1236 4036 1306 4090 ut
1338 4031 1385 4090 si
1418 4032 1606 4108 dicat,
1640 4031 1875 4091 instituo

334 4121 623 4185 hoeredem
649 4141 834 4182 areum
859 4126 1132 4202 fratrem,
1166 4142 1309 4183 cum
1339 4124 1591 4184 unicum
1620 4124 1876 4185 fratrem

335 4216 595 4291 habeat,
625 4214 726 4274 vel
753 4214 904 4274 hunc
928 4214 1233 4292 hominem,
1264 4234 1449 4295 quem
1471 4215 1664 4294 digito
1694 4216 1877 4276 indu-

335 4307 684 4370 bitabiliter
712 4307 1124 4369 demonstrat.
1157 4309 1377 4370 Valere
1420 4309 1609 4370 etiam
1634 4354 1649 4383 ,
1703 4308 1753 4368 si
1784 4309 1877 4369 di-

338 4406 448 4463 cat
471 4418 538 4461 se
567 4400 888 4461 instituere
920 4400 1237 4461 haeredem
1266 4419 1450 4480 quem
1473 4400 1536 4459 in
1565 4401 1672 4462 tali
1702 4401 1877 4462 sclie-

340 4494 496 4555 dula
520 4512 712 4553 manu
738 4510 853 4553 sua
882 4493 1168 4571 scripsit,
1219 4494 1370 4553 dum
1398 4499 1608 4555 tamen
1637 4497 1886 4555 constet

336 4605 488 4648 vere
516 4586 688 4646 illam
704 4604 839 4646 esse
860 4585 1246 4663 schedulam,
1274 4586 1352 4646 ad
1382 4605 1571 4666 quam
1592 4605 1658 4646 se
1688 4587 1876 4647 remi-

337 4680 444 4755 sit,
477 4697 620 4739 cum
649 4677 787 4737 aliis
815 4677 999 4738 docet
1025 4679 1225 4739 Diana
1252 4684 1401 4740 tom.
1435 4681 1537 4741 111.
1563 4685 1743 4741 tract.
1779 4697 1873 4740 111.

339 4772 601 4833 resolut.
636 4773 771 4830 115.
807 4772 869 4831 et
910 4770 1078 4832 idem
1107 4771 1336 4832 Molina
1382 4772 1611 4850 disp‘ut.
1650 4776 1784 4851 127.
1816 4773 1871 4850 ἓ.

341 4863 506 4925 Illud
527 4863 705 4925 etiam
730 4861 1004 4937 observa,
1059 4864 1166 4943 qui
1210 4864 1424 4941 addit,
1474 4865 1538 4924 in
1566 4865 1700 4926 foro
1731 4882 1881 4925 con-

340 4958 621 5019 scientiae
665 4955 951 5017 sufficere
998 4956 1047 5016 si
1093 4960 1246 5018 nutu
1274 4958 1388 5018 fiat
1409 5004 1424 5034 ‚
1474 4958 1662 5018 modo
1707 4959 1877 5018 certo

341 5055 590 5113 constet
629 5054 994 5111 testatorem
1042 5068 1176 5111 esse
1222 5049 1315 5110 sui
1365 5055 1717 5129 compotem
1742 5096 1757 5127 ,
1818 5053 1880 5110 et

343 5163 485 5206 eam
513 5161 654 5205 esse
684 5141 821 5220 eius
846 5143 1255 5205 voluntatem.
1290 5144 1385 5204 Ad
1405 5145 1613 5222 legata
1640 5161 1788 5204 vero
1819 5147 1883 5203 et

244 5257 262 5271 ·
341 5235 832 5297 fideicommissa
860 5236 1052 5296 etiam
1081 5234 1145 5295 in
1172 5235 1307 5296 foro
1337 5240 1594 5296 externo
1623 5234 1873 5308 sufficit,

343 5329 512 5409 quod
536 5333 694 5388 nutu
732 5328 1161 5406 exprimantur
1183 5375 1199 5404 ,
1232 5328 1275 5389 l.
1308 5328 1507 5404 Nutu,
1567 5328 1633 5388 ff.
1666 5326 1735 5387 de
1762 5326 1874 5406 leq.

343 5439 436 5483 111.
472 5427 540 5482 et
563 5421 764 5482 multo
794 5422 1017 5500 magiS,
1051 5422 1099 5481 si
1117 5425 1378 5483 testator
1406 5422 1571 5482 circa
1591 5439 1666 5482 ea
1685 5439 1751 5480 se
1779 5439 1879 5481 re-

342 5517 553 5578 mittat
578 5513 663 5574 ad
691 5513 1056 5575 schedulam
1082 5514 1267 5576 modo
1299 5515 1624 5596 explicato.

3409 325 3485 385 55

2034 508 2297 569 Difficile
2325 510 2537 569 tamen
2566 510 2680 582 est,
2714 504 2883 585 quod
2911 503 3181 565 sufficiat
3206 502 3482 564 remitte-

1953 619 2022 661 re
2051 619 2115 660 se
2133 599 2214 660 ad
2233 600 2596 660 schedulam
2617 599 2678 658 in
2698 618 2822 678 qua
2840 598 3121 658 nominat
3141 595 3478 669 haeredem,

1956 692 2104 772 quia
2131 692 2180 751 si
2211 693 2332 752 hoc
2359 692 2673 752 sufficeret
2693 737 2709 768 ‚
2758 691 2996 752 nullum
3044 693 3484 750 testamentum

1955 785 2018 845 in
2050 785 2294 864 scriptis
2324 789 2642 845 corrueret
2687 784 2931 845 defectu
2975 782 3380 842 solemnitatis
3423 786 3486 843 et

1954 878 2247 954 testium,
2307 878 2358 938 si
2401 882 2614 938 tamen
2659 878 2722 936 in
2771 894 2844 936 eo
2876 878 3319 936 concurrerent
3344 892 3483 952 quae

1956 969 2275 1030 sufficiunt
2317 969 2398 1030 ad
2444 973 2888 1030 testamentum
2940 967 3432 1045 nuncupativum
3466 987 3478 1029 ε

1958 1062 2105 1142 quia
2133 1062 2505 1141 regulariter
2548 1063 2790 1142 quoties
2836 1061 2907 1123 fit
2950 1064 3392 1122 testamentum
3421 1060 3485 1119 in

1956 1155 2222 1233 scriptis,
2252 1159 2512 1216 testator
2538 1154 2936 1233 praesumitur
2963 1153 3121 1213 velle
3167 1152 3337 1232 quod
3376 1171 3488 1212 va-

1957 1247 2083 1308 leat
2125 1247 2368 1308 meliori
2415 1247 2604 1308 modo
2649 1265 2773 1326 quo
2802 1250 3046 1326 potest,
3099 1250 3285 1325 atque
3326 1246 3486 1306 adeo

1959 1340 2127 1419 quod
2156 1341 2362 1400 valeat
2392 1345 2460 1401 ut
2487 1339 3014 1418 nuncupativum,
3050 1338 3099 1398 si
3132 1356 3255 1398 non
3284 1341 3491 1416 potest

1958 1432 2166 1492 valere
2198 1432 2260 1491 in
2291 1431 2534 1511 scriptis
2558 1478 2573 1507 ,
2627 1435 2695 1492 ut
2720 1431 2908 1511 paulo
2940 1430 3289 1491 videbimus
3345 1447 3360 1494 ε
3423 1430 3487 1492 Si

1959 1543 2108 1603 ergo
2137 1524 2220 1585 ad
2258 1525 2664 1603 nuncupativi
2692 1525 2972 1585 valorem
3012 1523 3274 1598 sufficit,
3319 1522 3488 1601 quod

1956 1623 2218 1680 testator
2244 1636 2454 1678 coram
2481 1616 2742 1678 testibus
2785 1635 2851 1676 se
2880 1618 3158 1678 remittat
3201 1616 3281 1675 ad
3312 1616 3491 1676 sche-

1960 1711 2194 1782 dulam,
2230 1710 2349 1771 hoc
2374 1714 2577 1771 totum
2606 1709 2873 1771 habetur
2901 1710 2963 1769 in
2993 1710 3094 1770 illo
3118 1712 3490 1770 testamento

1959 1803 2022 1863 in
2050 1802 2296 1881 scriptis
2325 1802 2680 1863 defectuoso
2706 1848 2722 1878 ,
2778 1802 2828 1861 si
2876 1801 3129 1880 quidem
3158 1819 3372 1863 coram
3398 1805 3494 1864 te-

1958 1896 2155 1958 stibus
2210 1895 2661 1956 sufficientibus
2712 1894 2790 1954 ad
2835 1895 3335 1974 nuncupativum
3382 1895 3492 1955 de-

1961 1989 2159 2050 clarat
2186 1992 2476 2061 testator,
2520 2006 2585 2047 se
2615 1988 2777 2072 intra
2807 1987 2955 2047 illud
2988 1986 3290 2064 scriptum
3319 1987 3490 2047 clau-

1962 2101 2101 2143 sum
2131 2081 2453 2141 nominare
2485 2080 2799 2141 haeredem
2829 2082 2892 2140 et
2917 2079 3039 2140 alia
3069 2078 3297 2139 omnia.
3334 2079 3492 2151 Qua-

1962 2193 2030 2234 re
2059 2174 2289 2234 srustra
2340 2172 2800 2233 desideraretur
2845 2172 2985 2232 talis
3026 2171 3384 2233 solemnitas
3411 2171 3492 2233 ad

1962 2271 2409 2328 testamentum
2438 2265 2501 2325 in
2530 2265 2773 2345 scriptis
2798 2312 2812 2342 ,
2861 2283 3004 2326 cum
3032 2265 3164 2326 sine
3193 2265 3299 2324 illa
3324 2265 3496 2324 vale-

1962 2363 2059 2420 ret
2086 2377 2335 2436 semper
2362 2363 2430 2420 ut
2478 2357 2970 2437 nuncupativum
2997 2405 3012 2434 ,
3073 2358 3194 2417 nisi
3236 2360 3494 2418 testator

1964 2470 2255 2530 expresse
2289 2452 2499 2528 vellet,
2554 2451 2720 2531 quod
2763 2469 2887 2511 non
2918 2451 3172 2511 valeret.
3235 2453 3497 2529 Propter

1965 2544 2133 2624 quod
2180 2548 2620 2623 argumentum
2649 2546 2932 2622 Vasquez
2980 2542 3041 2604 d.
3077 2561 3130 2603 c.
3163 2544 3210 2603 I.
3260 2543 3316 2620 ἓ.
3353 2557 3490 2605 vus.

1965 2656 2136 2697 num.
2168 2640 2269 2697 46.
2299 2635 2518 2696 melius
2549 2639 2611 2696 et
2628 2640 3082 2714 consequenter
3098 2635 3348 2713 negavit
3373 2635 3496 2694 suf-

1964 2732 2173 2805 ficere,
2208 2729 2375 2808 quod
2404 2732 2663 2790 testator
2708 2729 2983 2789 remittat
3022 2745 3086 2787 se
3116 2727 3197 2787 ad
3228 2727 3495 2788 schedu-

1965 2824 2123 2895 lam;
2159 2821 2347 2882 debet
2384 2820 2636 2881 enimin
2667 2824 3040 2882 testamento
3072 2820 3491 2900 nuncupativo

1965 2916 2175 2994 palam
2220 2918 2281 2975 et
2321 2932 2533 2974 coram
2564 2913 2823 2976 testibus
2852 2912 3141 2974 omnibus
3171 2913 3353 2973 simul
3383 2930 3495 2973 no-

1964 3009 2207 3069 minare
2233 3011 2295 3069 et
2322 3007 2723 3068 manifestare
2751 3006 3091 3067 haeredem.

2044 3103 2259 3161 Testes
2288 3118 2410 3160 non
2440 3098 2672 3160 debent
2700 3117 2832 3160 esse
2889 3098 3173 3174 infameS,
3207 3116 3322 3158 nec
3344 3116 3493 3178 quo-

1965 3214 2105 3256 rum
2162 3193 2586 3254 testimonium
2642 3193 2704 3252 in
2753 3192 2894 3273 jure
2948 3192 3290 3252 invalidum
3342 3195 3435 3255 est
3475 3213 3488 3253 ε

1967 3305 2171 3367 neque
2245 3286 2433 3347 etiam
2514 3291 2690 3364 pater
2771 3287 2830 3345 in
2908 3289 3278 3347 testamento
3346 3285 3489 3362 filii,

1968 3399 2084 3441 nec
2129 3379 2296 3440 filius
2342 3380 2405 3438 in
2448 3382 2818 3440 testamento
2868 3378 3092 3457 patris,
3150 3382 3257 3439 aut
3300 3377 3339 3438 ii
3390 3378 3498 3458 qui

1969 3476 2030 3534 in
2079 3473 2214 3553 ejus
2265 3475 2409 3533 sunt
2463 3476 2767 3550 potestate
2789 3519 2804 3549 ‚
2861 3490 2977 3532 nec
3030 3472 3233 3532 haeres
3286 3470 3348 3530 in
3405 3475 3498 3532 te-

1968 3569 2277 3629 stamento
2332 3583 2453 3644 quo
2510 3564 2870 3642 instituitur,
2942 3582 3059 3625 nec
3113 3563 3218 3643 qui
3275 3564 3336 3623 in
3393 3582 3499 3641 po-

1967 3664 2191 3722 testate
2234 3657 2499 3718 haeredis
2547 3662 2711 3733 sunt,
2761 3675 2876 3717 nec
2904 3660 3082 3736 pater
3127 3660 3234 3717 aut
3278 3657 3501 3717 fratres

1970 3752 2261 3827 haerediS‚
2313 3750 2418 3830 qui
2462 3768 2605 3811 cum
2653 3768 2725 3811 eo
2775 3750 2835 3809 in
2878 3749 3160 3828 ejusdem
3196 3752 3501 3828 potestate

1970 3848 2117 3907 sunt
2144 3864 2219 3904 ex
2245 3845 2300 3922 ς.
2324 3843 2579 3919 Praeter,
2613 3842 2755 3903 inst.
2791 3842 2860 3902 de
2887 3850 3114 3903 testam.
3137 3842 3504 3920 Legatarius

1973 3941 2217 4013 autem,
2277 3939 2386 3995 aut
2438 3934 3053 3995 fideicommissarius
3108 3933 3504 4013 particularis

1974 4030 2147 4093 testis
2188 4048 2321 4089 esse
2371 4032 2575 4106 potest
2601 4028 2665 4087 in
2711 4027 2934 4088 eodem
2988 4031 3380 4088 testamento,
3414 4029 3504 4086 De

1976 4123 2266 4201 religioso
2298 4121 2487 4201 aliqui
2532 4124 2764 4200 negant
2810 4138 2943 4179 esse
2972 4138 3156 4198 pesse
3186 4123 3411 4181 testem
3439 4119 3504 4179 in

1975 4220 2371 4290 testamento,
2405 4214 2454 4274 si
2484 4232 2607 4274 non
2639 4213 2828 4274 habet
2854 4212 3212 4274 facultatem
3240 4210 3501 4291 praelati.

1976 4312 2263 4388 vasquez
2297 4306 2403 4367 ubi
2456 4324 2642 4385 supra
2688 4305 2860 4382 dicit,
2912 4305 3149 4384 requiri
3190 4304 3506 4366 licentiam

1976 4400 2217 4480 praelati
2247 4400 2306 4461 in
2334 4403 2706 4461 testamento
2736 4398 2799 4457 in
2829 4397 3074 4477 scriptis
3089 4403 3369 4477 tempore
3388 4401 3507 4458 tes·

1975 4493 2260 4569 tamenti,
2295 4492 2356 4550 in
2406 4492 2826 4570 nuncupativo
2871 4509 2994 4550 non
3025 4495 3173 4551 tunc
3200 4489 3309 4550 sed
3356 4494 3507 4551 tem-

1977 4604 2128 4664 pore
2159 4583 2583 4663 depositionis.
2632 4583 2752 4643 Alii
2782 4583 2990 4643 verius
3030 4583 3367 4659 affirmant,
3398 4599 3509 4641 va-

1976 4678 2126 4753 lere,
2167 4694 2324 4756 quos
2369 4675 2649 4754 sequitur
2690 4674 2920 4735 Molina
2963 4675 3068 4750 ibi,
3108 4676 3164 4755 §.
3198 4692 3258 4736 v.
3299 4674 3510 4736 Utrum

1975 4778 2167 4830 autem
2200 4789 2213 4829 ε
2248 4767 2326 4828 de
2356 4768 2579 4828 clerico
2609 4786 2733 4827 non
2763 4771 2858 4827 est
2885 4766 3147 4827 dubium
3179 4767 3345 4846 quod
3368 4786 3512 4846 pos-

1977 4862 2057 4924 sit
2084 4880 2218 4922 esse
2262 4861 2437 4922 testis
2469 4861 2709 4939 absque
2766 4860 2893 4920 ulla
2940 4860 3212 4921 licentia.
3272 4860 3514 4921 Debent

1976 4960 2187 5017 autem
2209 4972 2427 5015 omnes
2456 4957 2644 5015 testes
2661 4971 2794 5014 esse
2825 4958 3185 5031 praesenteS,
3211 4957 3273 5014 et
3299 4951 3512 5013 videre

1979 5051 2363 5123 testatorem,
2413 5047 2536 5124 leg.
2588 5045 2665 5106 Si
2703 5065 2816 5105 non
2860 5044 3118 5125 speciali,
3166 5050 3230 5106 et
3270 5045 3392 5124 leg.
3440 5044 3518 5106 Si

1976 5159 2144 5210 unus,
2179 5142 2245 5201 C.
2279 5139 2349 5200 de
2376 5138 2748 5200 testamentis.

2058 5232 2379 5312 Excipitur
2424 5231 2567 5311 jure
2622 5229 2941 5291 communi
2986 5230 3275 5307 rusticuS,
3334 5231 3510 5310 cujus

1979 5329 2352 5388 testamento
2383 5325 2445 5385 in
2474 5325 2633 5399 1000,
2656 5343 2779 5404 quo
2809 5325 3019 5402 plures
3038 5326 3226 5385 testes
3247 5323 3512 5383 inveniri

1977 5437 2104 5480 non
2136 5422 2415 5496 possunt,
2466 5417 2786 5478 sufficiunt
2813 5417 3110 5496 quinque,
3143 5417 3266 5495 leg.
3307 5416 3506 5478 ultim.

1980 5512 2130 5577 Cod.
2164 5510 2233 5574 de
2261 5509 2643 5589 testamentis3
2676 5528 2867 5593 quam
2889 5509 3268 5572 decisionem
3290 5528 3515 5572 omnes

3623 3243 3768 3285 ‘restes

3573 3296 3715 3350 quales
3730 3305 3826 3339 esso

3599 3349 3788 3393 debeant.

3627 5322 3732 5376 Quid
3748 5322 3791 5366 iu

3587 5380 3832 5419 testamento

3591 5430 3749 5480 rustici,
3770 5429 3836 5472 vel

3625 5488 3807 5536 tempore

3642 5536 3787 5592 pestis.
