<?xml version="1.0" encoding="UTF-8"?>
<!DOCTYPE html PUBLIC "-//W3C//DTD XHTML 1.0 Transitional//EN"
    "http://www.w3.org/TR/xhtml1/DTD/xhtml1-transitional.dtd">
<html xmlns="http://www.w3.org/1999/xhtml" xml:lang="en" lang="en">
 <head>
  <title>
</title>
<meta http-equiv="Content-Type" content="text/html;charset=utf-8" />
  <meta name='ocr-system' content='tesseract 3.04.00' />
  <meta name='ocr-capabilities' content='ocr_page ocr_carea ocr_par ocr_line ocrx_word'/>
</head>
<body>
  <div class='ocr_page' id='page_1' title='image "./joannisdelugodi00lugogoog_0685.png"; bbox 0 0 4263 6376; ppageno 0'>
   <div class='ocr_carea' id='block_1_1' title="bbox 62 3083 170 3262">
    <p class='ocr_par' dir='ltr' id='par_1_1' title="bbox 62 3083 170 3262">
     <span class='ocr_line' id='line_1_1' title="bbox 73 3083 161 3143; baseline 0.023 -2"><span class='ocrx_word' id='word_1_1' title='bbox 73 3084 92 3141; x_wconf 80' lang='grc' dir='ltr'>ί</span> <span class='ocrx_word' id='word_1_2' title='bbox 99 3083 161 3143; x_wconf 82' lang='grc'>36</span> 
     </span>
     <span class='ocr_line' id='line_1_2' title="bbox 62 3207 170 3262; baseline 0 -10"><span class='ocrx_word' id='word_1_3' title='bbox 62 3207 170 3262; x_wconf 69' lang='lat' dir='ltr'>*et-1·</span> 
     </span>
    </p>
   </div>
   <div class='ocr_carea' id='block_1_2' title="bbox 62 3318 188 3360">
    <p class='ocr_par' dir='ltr' id='par_1_2' title="bbox 62 3318 188 3360">
     <span class='ocr_line' id='line_1_3' title="bbox 62 3318 188 3360; baseline 0.016 -2"><span class='ocrx_word' id='word_1_4' title='bbox 62 3318 188 3360; x_wconf 57' lang='lat' dir='ltr'>mitur.</span> 
     </span>
    </p>
   </div>
   <div class='ocr_carea' id='block_1_3' title="bbox 62 5499 126 5560">
    <p class='ocr_par' dir='ltr' id='par_1_3' title="bbox 62 5499 126 5560">
     <span class='ocr_line' id='line_1_4' title="bbox 62 5499 126 5560; baseline -0.016 0"><span class='ocrx_word' id='word_1_5' title='bbox 62 5499 126 5560; x_wconf 73' lang='lat'>37</span> 
     </span>
    </p>
   </div>
   <div class='ocr_carea' id='block_1_4' title="bbox 1229 291 2489 365">
    <p class='ocr_par' dir='ltr' id='par_1_4' title="bbox 1229 291 2489 365">
     <span class='ocr_line' id='line_1_5' title="bbox 1229 291 2489 365; baseline 0.002 -14"><span class='ocrx_word' id='word_1_6' title='bbox 1229 291 1699 353; x_wconf 78' lang='lat' dir='ltr'>olsPU&#39;rA&#39;rlo</span> <span class='ocrx_word' id='word_1_7' title='bbox 1744 291 2017 365; x_wconf 91' lang='lat' dir='ltr'>XXXVI,</span> <span class='ocrx_word' id='word_1_8' title='bbox 2069 291 2341 351; x_wconf 78' lang='lat' dir='ltr'>SEC&#39;rlo</span> <span class='ocrx_word' id='word_1_9' title='bbox 2390 294 2489 353; x_wconf 82' lang='lat' dir='ltr'>lX.</span> 
     </span>
    </p>
   </div>
   <div class='ocr_carea' id='block_1_5' title="bbox 268 466 1822 5568">
    <p class='ocr_par' dir='ltr' id='par_1_5' title="bbox 268 466 1813 1288">
     <span class='ocr_line' id='line_1_6' title="bbox 273 466 1809 548; baseline 0 -21"><span class='ocrx_word' id='word_1_10' title='bbox 273 466 439 527; x_wconf 88' lang='lat' dir='ltr'>tione</span> <span class='ocrx_word' id='word_1_11' title='bbox 471 486 533 528; x_wconf 88' lang='lat' dir='ltr'>n.</span> <span class='ocrx_word' id='word_1_12' title='bbox 567 470 665 527; x_wconf 86' lang='lat'>73.</span> <span class='ocrx_word' id='word_1_13' title='bbox 693 470 756 528; x_wconf 88' lang='lat' dir='ltr'>et</span> <span class='ocrx_word' id='word_1_14' title='bbox 773 466 1008 528; x_wconf 85' lang='lat' dir='ltr'>Sorbus</span> <span class='ocrx_word' id='word_1_15' title='bbox 1031 467 1091 527; x_wconf 89' lang='lat' dir='ltr'>in</span> <span class='ocrx_word' id='word_1_16' title='bbox 1110 466 1809 548; x_wconf 76' lang='lat' dir='ltr'>Compendiomendican-</span> 
     </span>
     <span class='ocr_line' id='line_1_7' title="bbox 272 559 1805 640; baseline 0.001 -22"><span class='ocrx_word' id='word_1_17' title='bbox 272 559 416 618; x_wconf 79' lang='lat' dir='ltr'>tium</span> <span class='ocrx_word' id='word_1_18' title='bbox 443 565 606 637; x_wconf 85' lang='lat' dir='ltr'>part.</span> <span class='ocrx_word' id='word_1_19' title='bbox 643 577 684 620; x_wconf 86' lang='lat'>1.</span> <span class='ocrx_word' id='word_1_20' title='bbox 722 561 896 621; x_wconf 81' lang='lat' dir='ltr'>verb.</span> <span class='ocrx_word' id='word_1_21' title='bbox 932 559 1096 638; x_wconf 80' lang='lat' dir='ltr'>dare,</span> <span class='ocrx_word' id='word_1_22' title='bbox 1132 561 1189 620; x_wconf 92' lang='lat' dir='ltr'>in</span> <span class='ocrx_word' id='word_1_23' title='bbox 1224 562 1606 640; x_wconf 79' lang='lat' dir='ltr'>expositione</span> <span class='ocrx_word' id='word_1_24' title='bbox 1639 562 1805 639; x_wconf 83' lang='lat' dir='ltr'>ejus·</span> 
     </span>
     <span class='ocr_line' id='line_1_8' title="bbox 274 652 1808 734; baseline 0.001 -24"><span class='ocrx_word' id='word_1_25' title='bbox 274 652 418 711; x_wconf 90' lang='lat' dir='ltr'>dem</span> <span class='ocrx_word' id='word_1_26' title='bbox 448 653 635 713; x_wconf 83' lang='lat' dir='ltr'>bullae</span> <span class='ocrx_word' id='word_1_27' title='bbox 663 654 719 730; x_wconf 69' lang='grc' dir='ltr'>ἓ.</span> <span class='ocrx_word' id='word_1_28' title='bbox 759 653 956 714; x_wconf 75' lang='lat' dir='ltr'>Tertia</span> <span class='ocrx_word' id='word_1_29' title='bbox 982 654 1334 734; x_wconf 72' lang='lat' dir='ltr'>yeneralitas</span> <span class='ocrx_word' id='word_1_30' title='bbox 1354 701 1368 729; x_wconf 91' lang='lat'>,</span> <span class='ocrx_word' id='word_1_31' title='bbox 1404 654 1808 715; x_wconf 84' lang='lat' dir='ltr'>donationem</span> 
     </span>
     <span class='ocr_line' id='line_1_9' title="bbox 273 745 1804 825; baseline 0.002 -22"><span class='ocrx_word' id='word_1_32' title='bbox 273 745 647 806; x_wconf 81' lang='lat' dir='ltr'>indirectam</span> <span class='ocrx_word' id='word_1_33' title='bbox 679 765 836 821; x_wconf 85' lang='lat' dir='ltr'>esse,</span> <span class='ocrx_word' id='word_1_34' title='bbox 872 747 1122 825; x_wconf 85' lang='lat' dir='ltr'>quando</span> <span class='ocrx_word' id='word_1_35' title='bbox 1155 766 1375 807; x_wconf 80' lang='lat' dir='ltr'>revera</span> <span class='ocrx_word' id='word_1_36' title='bbox 1405 751 1498 806; x_wconf 83' lang='lat' dir='ltr'>est</span> <span class='ocrx_word' id='word_1_37' title='bbox 1527 746 1804 822; x_wconf 87' lang='lat' dir='ltr'>donatio,</span> 
     </span>
     <span class='ocr_line' id='line_1_10' title="bbox 276 839 1809 918; baseline 0.001 -20"><span class='ocrx_word' id='word_1_38' title='bbox 276 839 386 898; x_wconf 88' lang='lat' dir='ltr'>sed</span> <span class='ocrx_word' id='word_1_39' title='bbox 415 839 674 917; x_wconf 80' lang='lat' dir='ltr'>palliata</span> <span class='ocrx_word' id='word_1_40' title='bbox 702 839 824 900; x_wconf 89' lang='lat' dir='ltr'>alio</span> <span class='ocrx_word' id='word_1_41' title='bbox 856 840 1085 916; x_wconf 88' lang='lat' dir='ltr'>colore,</span> <span class='ocrx_word' id='word_1_42' title='bbox 1120 860 1178 900; x_wconf 87' lang='lat' dir='ltr'>v.</span> <span class='ocrx_word' id='word_1_43' title='bbox 1213 860 1274 918; x_wconf 89' lang='lat' dir='ltr'>g.</span> <span class='ocrx_word' id='word_1_44' title='bbox 1310 859 1454 900; x_wconf 89' lang='lat' dir='ltr'>cum</span> <span class='ocrx_word' id='word_1_45' title='bbox 1482 840 1809 917; x_wconf 82' lang='lat' dir='ltr'>religiosus</span> 
     </span>
     <span class='ocr_line' id='line_1_11' title="bbox 277 932 1810 1011; baseline 0.001 -21"><span class='ocrx_word' id='word_1_46' title='bbox 277 949 408 990; x_wconf 85' lang='lat' dir='ltr'>rem</span> <span class='ocrx_word' id='word_1_47' title='bbox 439 932 559 991; x_wconf 85' lang='lat' dir='ltr'>sibi</span> <span class='ocrx_word' id='word_1_48' title='bbox 591 932 865 992; x_wconf 85' lang='lat' dir='ltr'>oblatam</span> <span class='ocrx_word' id='word_1_49' title='bbox 891 979 906 1008; x_wconf 88' lang='lat'>,</span> <span class='ocrx_word' id='word_1_50' title='bbox 958 938 1021 996; x_wconf 89' lang='lat' dir='ltr'>et</span> <span class='ocrx_word' id='word_1_51' title='bbox 1050 933 1233 994; x_wconf 89' lang='lat' dir='ltr'>tacite</span> <span class='ocrx_word' id='word_1_52' title='bbox 1265 952 1299 993; x_wconf 88' lang='lat' dir='ltr'>a</span> <span class='ocrx_word' id='word_1_53' title='bbox 1326 953 1391 993; x_wconf 87' lang='lat' dir='ltr'>se</span> <span class='ocrx_word' id='word_1_54' title='bbox 1421 939 1810 1011; x_wconf 83' lang='lat' dir='ltr'>acceptatam</span> 
     </span>
     <span class='ocr_line' id='line_1_12' title="bbox 268 1022 1813 1105; baseline 0.003 -23"><span class='ocrx_word' id='word_1_55' title='bbox 268 1022 451 1102; x_wconf 86' lang='lat' dir='ltr'>jubet</span> <span class='ocrx_word' id='word_1_56' title='bbox 477 1024 579 1084; x_wconf 89' lang='lat' dir='ltr'>alii</span> <span class='ocrx_word' id='word_1_57' title='bbox 612 1025 799 1100; x_wconf 78' lang='lat' dir='ltr'>dare,</span> <span class='ocrx_word' id='word_1_58' title='bbox 832 1026 930 1086; x_wconf 91' lang='lat' dir='ltr'>vel</span> <span class='ocrx_word' id='word_1_59' title='bbox 975 1026 1024 1086; x_wconf 88' lang='lat' dir='ltr'>si</span> <span class='ocrx_word' id='word_1_60' title='bbox 1072 1030 1375 1105; x_wconf 80' lang='lat' dir='ltr'>praetextu</span> <span class='ocrx_word' id='word_1_61' title='bbox 1427 1027 1669 1102; x_wconf 90' lang='lat' dir='ltr'>mutui,</span> <span class='ocrx_word' id='word_1_62' title='bbox 1704 1030 1813 1087; x_wconf 89' lang='lat' dir='ltr'>aut</span> 
     </span>
     <span class='ocr_line' id='line_1_13' title="bbox 275 1117 1813 1198; baseline 0.001 -22"><span class='ocrx_word' id='word_1_63' title='bbox 275 1117 661 1179; x_wconf 88' lang='lat' dir='ltr'>commodati</span> <span class='ocrx_word' id='word_1_64' title='bbox 688 1118 924 1198; x_wconf 89' lang='lat' dir='ltr'>aliquid</span> <span class='ocrx_word' id='word_1_65' title='bbox 953 1120 1132 1181; x_wconf 88' lang='lat' dir='ltr'>daret</span> <span class='ocrx_word' id='word_1_66' title='bbox 1150 1119 1358 1180; x_wconf 84' lang='lat' dir='ltr'>animo</span> <span class='ocrx_word' id='word_1_67' title='bbox 1380 1138 1700 1198; x_wconf 86' lang='lat' dir='ltr'>nunquam</span> <span class='ocrx_word' id='word_1_68' title='bbox 1723 1136 1813 1178; x_wconf 86' lang='lat' dir='ltr'>re-</span> 
     </span>
     <span class='ocr_line' id='line_1_14' title="bbox 275 1210 552 1288; baseline 0.014 -18"><span class='ocrx_word' id='word_1_69' title='bbox 275 1210 552 1288; x_wconf 88' lang='lat' dir='ltr'>petendi.</span> 
     </span>
    </p>

    <p class='ocr_par' dir='ltr' id='par_1_6' title="bbox 274 1303 1819 3053">
     <span class='ocr_line' id='line_1_15' title="bbox 355 1303 1806 1386; baseline 0.002 -23"><span class='ocrx_word' id='word_1_70' title='bbox 355 1303 530 1363; x_wconf 84' lang='lat' dir='ltr'><strong>Idem</strong></span> <span class='ocrx_word' id='word_1_71' title='bbox 561 1306 793 1366; x_wconf 89' lang='lat' dir='ltr'>Suarez</span> <span class='ocrx_word' id='word_1_72' title='bbox 817 1304 925 1366; x_wconf 88' lang='lat' dir='ltr'>lib.</span> <span class='ocrx_word' id='word_1_73' title='bbox 949 1306 1054 1365; x_wconf 89' lang='lat' dir='ltr'>IV.</span> <span class='ocrx_word' id='word_1_74' title='bbox 1089 1303 1169 1364; x_wconf 85' lang='lat' dir='ltr'>ad</span> <span class='ocrx_word' id='word_1_75' title='bbox 1184 1305 1398 1384; x_wconf 74' lang='lat' dir='ltr'>Reqem</span> <span class='ocrx_word' id='word_1_76' title='bbox 1419 1307 1467 1366; x_wconf 87' lang='grc' dir='ltr'><strong><em>Α</em></strong></span> <span class='ocrx_word' id='word_1_77' title='bbox 1479 1305 1806 1386; x_wconf 73' lang='lat' dir='ltr'>nylzoecap.</span> 
     </span>
     <span class='ocr_line' id='line_1_16' title="bbox 274 1398 1810 1477; baseline 0 -20"><span class='ocrx_word' id='word_1_78' title='bbox 274 1413 498 1459; x_wconf 81' lang='lat' dir='ltr'>xxxm.</span> <span class='ocrx_word' id='word_1_79' title='bbox 533 1416 705 1458; x_wconf 89' lang='lat' dir='ltr'>num.</span> <span class='ocrx_word' id='word_1_80' title='bbox 741 1402 800 1459; x_wconf 84' lang='lat'>5.</span> <span class='ocrx_word' id='word_1_81' title='bbox 836 1403 896 1459; x_wconf 92' lang='lat' dir='ltr'>et</span> <span class='ocrx_word' id='word_1_82' title='bbox 924 1401 983 1459; x_wconf 86' lang='grc'>6.</span> <span class='ocrx_word' id='word_1_83' title='bbox 1027 1404 1292 1459; x_wconf 90' lang='lat' dir='ltr'>conatur</span> <span class='ocrx_word' id='word_1_84' title='bbox 1339 1399 1567 1459; x_wconf 85' lang='lat' dir='ltr'>iterum</span> <span class='ocrx_word' id='word_1_85' title='bbox 1615 1398 1810 1477; x_wconf 85' lang='lat' dir='ltr'>expli-</span> 
     </span>
     <span class='ocr_line' id='line_1_17' title="bbox 277 1488 1808 1568; baseline -0.001 -18"><span class='ocrx_word' id='word_1_86' title='bbox 277 1507 443 1565; x_wconf 86' lang='lat' dir='ltr'>care,</span> <span class='ocrx_word' id='word_1_87' title='bbox 480 1488 632 1568; x_wconf 87' lang='lat' dir='ltr'>quid</span> <span class='ocrx_word' id='word_1_88' title='bbox 680 1490 761 1551; x_wconf 82' lang='lat' dir='ltr'>sit</span> <span class='ocrx_word' id='word_1_89' title='bbox 801 1490 1105 1550; x_wconf 82' lang='lat' dir='ltr'>indirecte</span> <span class='ocrx_word' id='word_1_90' title='bbox 1153 1490 1380 1550; x_wconf 54' lang='lat' dir='ltr'>laedere</span> <span class='ocrx_word' id='word_1_91' title='bbox 1435 1491 1808 1563; x_wconf 85' lang='lat' dir='ltr'>libertatem,</span> 
     </span>
     <span class='ocr_line' id='line_1_18' title="bbox 275 1582 1815 1659; baseline 0.001 -17"><span class='ocrx_word' id='word_1_92' title='bbox 275 1601 384 1642; x_wconf 82' lang='lat' dir='ltr'>seu</span> <span class='ocrx_word' id='word_1_93' title='bbox 417 1582 878 1645; x_wconf 87' lang='lat' dir='ltr'>immunitatem</span> <span class='ocrx_word' id='word_1_94' title='bbox 909 1583 1415 1659; x_wconf 88' lang='lat' dir='ltr'>ecclesiasticam,</span> <span class='ocrx_word' id='word_1_95' title='bbox 1451 1587 1514 1645; x_wconf 93' lang='lat' dir='ltr'>et</span> <span class='ocrx_word' id='word_1_96' title='bbox 1541 1584 1692 1645; x_wconf 88' lang='lat' dir='ltr'>dicit</span> <span class='ocrx_word' id='word_1_97' title='bbox 1718 1603 1815 1644; x_wconf 90' lang='lat' dir='ltr'>es-</span> 
     </span>
     <span class='ocr_line' id='line_1_19' title="bbox 276 1675 1816 1755; baseline -0.001 -18"><span class='ocrx_word' id='word_1_98' title='bbox 276 1694 364 1751; x_wconf 86' lang='lat' dir='ltr'>se,</span> <span class='ocrx_word' id='word_1_99' title='bbox 394 1675 532 1735; x_wconf 86' lang='lat' dir='ltr'>fieri</span> <span class='ocrx_word' id='word_1_100' title='bbox 554 1721 570 1751; x_wconf 92' lang='lat'>‚</span> <span class='ocrx_word' id='word_1_101' title='bbox 622 1694 733 1736; x_wconf 89' lang='lat' dir='ltr'>seu</span> <span class='ocrx_word' id='word_1_102' title='bbox 781 1675 1035 1754; x_wconf 85' lang='lat' dir='ltr'>praecipi</span> <span class='ocrx_word' id='word_1_103' title='bbox 1083 1676 1315 1755; x_wconf 82' lang='lat' dir='ltr'>aliquid</span> <span class='ocrx_word' id='word_1_104' title='bbox 1347 1677 1410 1736; x_wconf 91' lang='lat' dir='ltr'>in</span> <span class='ocrx_word' id='word_1_105' title='bbox 1439 1677 1666 1737; x_wconf 88' lang='lat' dir='ltr'>talibus</span> <span class='ocrx_word' id='word_1_106' title='bbox 1694 1676 1816 1736; x_wconf 88' lang='lat' dir='ltr'>cir-</span> 
     </span>
     <span class='ocr_line' id='line_1_20' title="bbox 277 1767 1813 1847; baseline -0.002 -17"><span class='ocrx_word' id='word_1_107' title='bbox 277 1768 670 1830; x_wconf 84' lang='lat' dir='ltr'>cumstantiis</span> <span class='ocrx_word' id='word_1_108' title='bbox 694 1813 709 1843; x_wconf 87' lang='lat'>‚</span> <span class='ocrx_word' id='word_1_109' title='bbox 744 1785 817 1827; x_wconf 86' lang='lat' dir='ltr'>ex</span> <span class='ocrx_word' id='word_1_110' title='bbox 848 1767 1075 1847; x_wconf 86' lang='lat' dir='ltr'>quibus</span> <span class='ocrx_word' id='word_1_111' title='bbox 1109 1768 1421 1847; x_wconf 75' lang='lat' dir='ltr'>colligitur</span> <span class='ocrx_word' id='word_1_112' title='bbox 1448 1770 1511 1830; x_wconf 90' lang='lat' dir='ltr'>id</span> <span class='ocrx_word' id='word_1_113' title='bbox 1541 1769 1673 1829; x_wconf 85' lang='lat' dir='ltr'>fieri</span> <span class='ocrx_word' id='word_1_114' title='bbox 1704 1786 1813 1828; x_wconf 84' lang='lat' dir='ltr'>seu</span> 
     </span>
     <span class='ocr_line' id='line_1_21' title="bbox 275 1860 1811 1941; baseline -0.001 -20"><span class='ocrx_word' id='word_1_115' title='bbox 275 1861 463 1922; x_wconf 84' lang='lat' dir='ltr'>statui</span> <span class='ocrx_word' id='word_1_116' title='bbox 494 1860 584 1920; x_wconf 83' lang='lat' dir='ltr'>ad.</span> <span class='ocrx_word' id='word_1_117' title='bbox 603 1860 1011 1922; x_wconf 87' lang='lat' dir='ltr'>obtinendum</span> <span class='ocrx_word' id='word_1_118' title='bbox 1042 1879 1154 1940; x_wconf 90' lang='lat' dir='ltr'>per</span> <span class='ocrx_word' id='word_1_119' title='bbox 1181 1862 1510 1922; x_wconf 86' lang='lat' dir='ltr'>circuitum</span> <span class='ocrx_word' id='word_1_120' title='bbox 1541 1862 1811 1941; x_wconf 83' lang='lat' dir='ltr'>aliquem</span> 
     </span>
     <span class='ocr_line' id='line_1_22' title="bbox 276 1953 1814 2033; baseline 0 -20"><span class='ocrx_word' id='word_1_121' title='bbox 276 1973 315 2013; x_wconf 86' lang='lat' dir='ltr'>a</span> <span class='ocrx_word' id='word_1_122' title='bbox 336 1954 608 2030; x_wconf 76' lang='lat' dir='ltr'>clericiS,</span> <span class='ocrx_word' id='word_1_123' title='bbox 643 1953 706 2013; x_wconf 87' lang='lat' dir='ltr'>id</span> <span class='ocrx_word' id='word_1_124' title='bbox 728 1954 896 2033; x_wconf 90' lang='lat' dir='ltr'>quod</span> <span class='ocrx_word' id='word_1_125' title='bbox 926 1954 1158 2014; x_wconf 78' lang='lat' dir='ltr'>directe</span> <span class='ocrx_word' id='word_1_126' title='bbox 1191 1954 1456 2015; x_wconf 78' lang='lat' dir='ltr'>obtineri</span> <span class='ocrx_word' id='word_1_127' title='bbox 1489 1974 1613 2015; x_wconf 91' lang='lat' dir='ltr'>non</span> <span class='ocrx_word' id='word_1_128' title='bbox 1642 1959 1814 2033; x_wconf 85' lang='lat' dir='ltr'>pote-</span> 
     </span>
     <span class='ocr_line' id='line_1_23' title="bbox 277 2047 1815 2126; baseline 0.001 -19"><span class='ocrx_word' id='word_1_129' title='bbox 277 2053 393 2123; x_wconf 85' lang='lat' dir='ltr'>rat,</span> <span class='ocrx_word' id='word_1_130' title='bbox 430 2052 500 2107; x_wconf 90' lang='lat' dir='ltr'>et</span> <span class='ocrx_word' id='word_1_131' title='bbox 550 2050 732 2107; x_wconf 83' lang='lat' dir='ltr'>affert</span> <span class='ocrx_word' id='word_1_132' title='bbox 773 2047 950 2105; x_wconf 86' lang='lat' dir='ltr'>varia</span> <span class='ocrx_word' id='word_1_133' title='bbox 999 2048 1319 2125; x_wconf 83' lang='lat' dir='ltr'>exempla,</span> <span class='ocrx_word' id='word_1_134' title='bbox 1371 2068 1431 2108; x_wconf 87' lang='lat' dir='ltr'>v.</span> <span class='ocrx_word' id='word_1_135' title='bbox 1465 2067 1558 2126; x_wconf 89' lang='lat' dir='ltr'>gr.</span> <span class='ocrx_word' id='word_1_136' title='bbox 1594 2049 1644 2107; x_wconf 84' lang='lat' dir='ltr'>si</span> <span class='ocrx_word' id='word_1_137' title='bbox 1674 2048 1815 2108; x_wconf 88' lang='lat' dir='ltr'>laici</span> 
     </span>
     <span class='ocr_line' id='line_1_24' title="bbox 277 2139 1817 2220; baseline -0.001 -19"><span class='ocrx_word' id='word_1_138' title='bbox 277 2141 704 2219; x_wconf 78' lang='lat' dir='ltr'>magistratuS,</span> <span class='ocrx_word' id='word_1_139' title='bbox 739 2139 865 2199; x_wconf 89' lang='lat' dir='ltr'>suis</span> <span class='ocrx_word' id='word_1_140' title='bbox 891 2140 1156 2200; x_wconf 87' lang='lat' dir='ltr'>subditis</span> <span class='ocrx_word' id='word_1_141' title='bbox 1184 2140 1569 2220; x_wconf 86' lang='lat' dir='ltr'>praecipiant,</span> <span class='ocrx_word' id='word_1_142' title='bbox 1606 2160 1681 2200; x_wconf 89' lang='lat' dir='ltr'>ne</span> <span class='ocrx_word' id='word_1_143' title='bbox 1699 2142 1817 2200; x_wconf 88' lang='lat' dir='ltr'>cle-</span> 
     </span>
     <span class='ocr_line' id='line_1_25' title="bbox 275 2232 1817 2310; baseline 0 -16"><span class='ocrx_word' id='word_1_144' title='bbox 275 2234 421 2294; x_wconf 81' lang='lat' dir='ltr'>ricis</span> <span class='ocrx_word' id='word_1_145' title='bbox 448 2232 732 2293; x_wconf 89' lang='lat' dir='ltr'>vendant</span> <span class='ocrx_word' id='word_1_146' title='bbox 757 2236 866 2293; x_wconf 88' lang='lat' dir='ltr'>aut</span> <span class='ocrx_word' id='word_1_147' title='bbox 896 2232 974 2291; x_wconf 89' lang='lat' dir='ltr'>ab</span> <span class='ocrx_word' id='word_1_148' title='bbox 1018 2232 1138 2292; x_wconf 89' lang='lat' dir='ltr'>illis</span> <span class='ocrx_word' id='word_1_149' title='bbox 1183 2238 1424 2310; x_wconf 82' lang='lat' dir='ltr'>emant,</span> <span class='ocrx_word' id='word_1_150' title='bbox 1459 2235 1556 2294; x_wconf 86' lang='lat' dir='ltr'>vel</span> <span class='ocrx_word' id='word_1_151' title='bbox 1606 2253 1680 2294; x_wconf 89' lang='lat' dir='ltr'>ne</span> <span class='ocrx_word' id='word_1_152' title='bbox 1710 2253 1817 2295; x_wconf 91' lang='lat' dir='ltr'>eo-</span> 
     </span>
     <span class='ocr_line' id='line_1_26' title="bbox 275 2324 1817 2404; baseline 0.001 -19"><span class='ocrx_word' id='word_1_153' title='bbox 275 2343 418 2385; x_wconf 86' lang='lat' dir='ltr'>rum</span> <span class='ocrx_word' id='word_1_154' title='bbox 450 2324 728 2385; x_wconf 87' lang='lat' dir='ltr'>triticum</span> <span class='ocrx_word' id='word_1_155' title='bbox 755 2325 1030 2402; x_wconf 88' lang='lat' dir='ltr'>molant,</span> <span class='ocrx_word' id='word_1_156' title='bbox 1076 2329 1186 2386; x_wconf 91' lang='lat' dir='ltr'>aut</span> <span class='ocrx_word' id='word_1_157' title='bbox 1211 2325 1423 2404; x_wconf 85' lang='lat' dir='ltr'>aliqua</span> <span class='ocrx_word' id='word_1_158' title='bbox 1450 2326 1677 2387; x_wconf 85' lang='lat' dir='ltr'>similia</span> <span class='ocrx_word' id='word_1_159' title='bbox 1706 2327 1817 2388; x_wconf 87' lang='lat' dir='ltr'>ob-</span> 
     </span>
     <span class='ocr_line' id='line_1_27' title="bbox 278 2416 1809 2498; baseline 0.002 -21"><span class='ocrx_word' id='word_1_160' title='bbox 278 2418 501 2497; x_wconf 87' lang='lat' dir='ltr'>sequia</span> <span class='ocrx_word' id='word_1_161' title='bbox 545 2417 637 2477; x_wconf 89' lang='lat' dir='ltr'>eis</span> <span class='ocrx_word' id='word_1_162' title='bbox 682 2416 1039 2492; x_wconf 83' lang='lat' dir='ltr'>exhibeant,</span> <span class='ocrx_word' id='word_1_163' title='bbox 1101 2422 1171 2479; x_wconf 91' lang='lat' dir='ltr'>ut</span> <span class='ocrx_word' id='word_1_164' title='bbox 1215 2419 1529 2497; x_wconf 79' lang='lat' dir='ltr'>colligitur</span> <span class='ocrx_word' id='word_1_165' title='bbox 1568 2439 1642 2479; x_wconf 81' lang='lat' dir='ltr'>ex</span> <span class='ocrx_word' id='word_1_166' title='bbox 1673 2437 1809 2498; x_wconf 88' lang='lat' dir='ltr'>cap.</span> 
     </span>
     <span class='ocr_line' id='line_1_28' title="bbox 278 2508 1814 2574; baseline 0 -3"><span class='ocrx_word' id='word_1_167' title='bbox 278 2511 484 2572; x_wconf 86' lang='lat' dir='ltr'>ultim.</span> <span class='ocrx_word' id='word_1_168' title='bbox 537 2508 608 2569; x_wconf 82' lang='lat' dir='ltr'>de</span> <span class='ocrx_word' id='word_1_169' title='bbox 653 2510 943 2571; x_wconf 80' lang='lat' dir='ltr'>immum&#39;t.</span> <span class='ocrx_word' id='word_1_170' title='bbox 977 2510 1209 2571; x_wconf 74' lang='lat' dir='ltr'>EccleS.</span> <span class='ocrx_word' id='word_1_171' title='bbox 1253 2512 1360 2571; x_wconf 90' lang='lat' dir='ltr'>lib.</span> <span class='ocrx_word' id='word_1_172' title='bbox 1396 2528 1481 2573; x_wconf 80' lang='lat' dir='ltr'>vl.</span> <span class='ocrx_word' id='word_1_173' title='bbox 1517 2519 1579 2574; x_wconf 92' lang='lat' dir='ltr'>et</span> <span class='ocrx_word' id='word_1_174' title='bbox 1609 2512 1814 2573; x_wconf 85' lang='lat' dir='ltr'>induci</span> 
     </span>
     <span class='ocr_line' id='line_1_29' title="bbox 275 2602 1812 2685; baseline 0 -20"><span class='ocrx_word' id='word_1_175' title='bbox 275 2607 490 2682; x_wconf 86' lang='lat' dir='ltr'>potest</span> <span class='ocrx_word' id='word_1_176' title='bbox 527 2608 732 2664; x_wconf 82' lang='lat' dir='ltr'>textus</span> <span class='ocrx_word' id='word_1_177' title='bbox 779 2603 841 2662; x_wconf 91' lang='lat' dir='ltr'>in</span> <span class='ocrx_word' id='word_1_178' title='bbox 881 2622 1018 2682; x_wconf 86' lang='lat' dir='ltr'>cap.</span> <span class='ocrx_word' id='word_1_179' title='bbox 1061 2602 1324 2680; x_wconf 72' lang='lat' dir='ltr'>Quanto,</span> <span class='ocrx_word' id='word_1_180' title='bbox 1359 2603 1429 2664; x_wconf 77' lang='lat' dir='ltr'>de</span> <span class='ocrx_word' id='word_1_181' title='bbox 1466 2605 1812 2685; x_wconf 57' lang='lat' dir='ltr'>privileqiaes,</span> 
     </span>
     <span class='ocr_line' id='line_1_30' title="bbox 277 2695 1816 2775; baseline -0.001 -17"><span class='ocrx_word' id='word_1_182' title='bbox 277 2697 386 2758; x_wconf 92' lang='lat' dir='ltr'>ubi</span> <span class='ocrx_word' id='word_1_183' title='bbox 413 2696 711 2757; x_wconf 87' lang='lat' dir='ltr'>dicuntur</span> <span class='ocrx_word' id='word_1_184' title='bbox 737 2695 956 2755; x_wconf 86' lang='lat' dir='ltr'>fecisse</span> <span class='ocrx_word' id='word_1_185' title='bbox 1005 2701 1223 2757; x_wconf 89' lang='lat' dir='ltr'>eontra</span> <span class='ocrx_word' id='word_1_186' title='bbox 1265 2697 1656 2775; x_wconf 82' lang='lat' dir='ltr'>privilegium</span> <span class='ocrx_word' id='word_1_187' title='bbox 1686 2717 1816 2758; x_wconf 90' lang='lat' dir='ltr'>mo-</span> 
     </span>
     <span class='ocr_line' id='line_1_31' title="bbox 280 2788 1815 2868; baseline 0 -18"><span class='ocrx_word' id='word_1_188' title='bbox 280 2789 631 2850; x_wconf 89' lang='lat' dir='ltr'>nachorum</span> <span class='ocrx_word' id='word_1_189' title='bbox 660 2788 738 2865; x_wconf 89' lang='lat' dir='ltr'>ii,</span> <span class='ocrx_word' id='word_1_190' title='bbox 790 2789 896 2867; x_wconf 89' lang='lat' dir='ltr'>qui</span> <span class='ocrx_word' id='word_1_191' title='bbox 945 2806 1090 2848; x_wconf 86' lang='lat' dir='ltr'>eum</span> <span class='ocrx_word' id='word_1_192' title='bbox 1134 2808 1256 2848; x_wconf 91' lang='lat' dir='ltr'>non</span> <span class='ocrx_word' id='word_1_193' title='bbox 1288 2796 1542 2868; x_wconf 79' lang='lat' dir='ltr'>possent</span> <span class='ocrx_word' id='word_1_194' title='bbox 1570 2809 1815 2851; x_wconf 83' lang='lat' dir='ltr'>excom-</span> 
     </span>
     <span class='ocr_line' id='line_1_32' title="bbox 277 2881 1819 2959; baseline 0.001 -16"><span class='ocrx_word' id='word_1_195' title='bbox 277 2881 604 2943; x_wconf 91' lang='lat' dir='ltr'>municare</span> <span class='ocrx_word' id='word_1_196' title='bbox 634 2882 800 2959; x_wconf 89' lang='lat' dir='ltr'>ipsos</span> <span class='ocrx_word' id='word_1_197' title='bbox 813 2881 1175 2957; x_wconf 78' lang='lat' dir='ltr'>monachoS,</span> <span class='ocrx_word' id='word_1_198' title='bbox 1194 2882 1819 2945; x_wconf 78' lang='lat' dir='ltr'>excommunicabant</span> 
     </span>
     <span class='ocr_line' id='line_1_33' title="bbox 280 2974 1644 3053; baseline 0.001 -17"><span class='ocrx_word' id='word_1_199' title='bbox 280 2994 392 3036; x_wconf 86' lang='lat' dir='ltr'>eos</span> <span class='ocrx_word' id='word_1_200' title='bbox 421 2975 532 3053; x_wconf 89' lang='lat' dir='ltr'>qui</span> <span class='ocrx_word' id='word_1_201' title='bbox 560 2992 703 3034; x_wconf 90' lang='lat' dir='ltr'>cum</span> <span class='ocrx_word' id='word_1_202' title='bbox 734 2974 1058 3034; x_wconf 86' lang='lat' dir='ltr'>monachis</span> <span class='ocrx_word' id='word_1_203' title='bbox 1087 2976 1644 3037; x_wconf 78' lang='lat' dir='ltr'>communicarent.</span> 
     </span>
    </p>

    <p class='ocr_par' dir='ltr' id='par_1_7' title="bbox 273 3066 1822 5457">
     <span class='ocr_line' id='line_1_34' title="bbox 365 3066 1817 3148; baseline 0 -19"><span class='ocrx_word' id='word_1_204' title='bbox 365 3070 456 3129; x_wconf 82' lang='lat' dir='ltr'>Ex</span> <span class='ocrx_word' id='word_1_205' title='bbox 486 3067 584 3126; x_wconf 87' lang='lat' dir='ltr'>his</span> <span class='ocrx_word' id='word_1_206' title='bbox 614 3084 761 3144; x_wconf 89' lang='lat' dir='ltr'>ergo</span> <span class='ocrx_word' id='word_1_207' title='bbox 793 3066 899 3127; x_wconf 88' lang='lat' dir='ltr'>illa</span> <span class='ocrx_word' id='word_1_208' title='bbox 927 3068 1146 3145; x_wconf 89' lang='lat' dir='ltr'>regula</span> <span class='ocrx_word' id='word_1_209' title='bbox 1189 3068 1348 3127; x_wconf 89' lang='lat' dir='ltr'>mihi</span> <span class='ocrx_word' id='word_1_210' title='bbox 1396 3086 1646 3147; x_wconf 85' lang='lat' dir='ltr'>semper</span> <span class='ocrx_word' id='word_1_211' title='bbox 1687 3069 1817 3148; x_wconf 89' lang='lat' dir='ltr'>pla-</span> 
     </span>
     <span class='ocr_line' id='line_1_35' title="bbox 281 3158 1816 3241; baseline 0 -19"><span class='ocrx_word' id='word_1_212' title='bbox 281 3162 446 3238; x_wconf 82' lang='lat' dir='ltr'>cuit,</span> <span class='ocrx_word' id='word_1_213' title='bbox 483 3167 551 3222; x_wconf 89' lang='lat' dir='ltr'>ut</span> <span class='ocrx_word' id='word_1_214' title='bbox 579 3158 855 3221; x_wconf 62' lang='lat' dir='ltr'>cadiz-ecte</span> <span class='ocrx_word' id='word_1_215' title='bbox 879 3159 943 3219; x_wconf 92' lang='lat' dir='ltr'>in</span> <span class='ocrx_word' id='word_1_216' title='bbox 975 3158 1093 3221; x_wconf 87' lang='lat' dir='ltr'>hac</span> <span class='ocrx_word' id='word_1_217' title='bbox 1121 3161 1385 3223; x_wconf 89' lang='lat' dir='ltr'>materia</span> <span class='ocrx_word' id='word_1_218' title='bbox 1414 3160 1816 3241; x_wconf 82' lang='lat' dir='ltr'>intelligatur,</span> 
     </span>
     <span class='ocr_line' id='line_1_36' title="bbox 282 3252 1821 3336; baseline 0 -21"><span class='ocrx_word' id='word_1_219' title='bbox 282 3254 538 3336; x_wconf 90' lang='lat' dir='ltr'>quando</span> <span class='ocrx_word' id='word_1_220' title='bbox 566 3254 668 3314; x_wconf 84' lang='lat' dir='ltr'>lex</span> <span class='ocrx_word' id='word_1_221' title='bbox 696 3272 821 3314; x_wconf 89' lang='lat' dir='ltr'>non</span> <span class='ocrx_word' id='word_1_222' title='bbox 851 3252 1053 3315; x_wconf 89' lang='lat' dir='ltr'>tendit</span> <span class='ocrx_word' id='word_1_223' title='bbox 1081 3253 1319 3315; x_wconf 87' lang='lat' dir='ltr'>directe</span> <span class='ocrx_word' id='word_1_224' title='bbox 1349 3273 1424 3314; x_wconf 88' lang='lat' dir='ltr'>ex</span> <span class='ocrx_word' id='word_1_225' title='bbox 1452 3255 1664 3315; x_wconf 81' lang='lat' dir='ltr'>verbis</span> <span class='ocrx_word' id='word_1_226' title='bbox 1695 3256 1821 3315; x_wconf 84' lang='lat' dir='ltr'>suis</span> 
     </span>
     <span class='ocr_line' id='line_1_37' title="bbox 282 3346 1821 3427; baseline 0 -18"><span class='ocrx_word' id='word_1_227' title='bbox 282 3349 361 3409; x_wconf 88' lang='lat' dir='ltr'>ad</span> <span class='ocrx_word' id='word_1_228' title='bbox 393 3348 753 3427; x_wconf 80' lang='lat' dir='ltr'>gravandus</span> <span class='ocrx_word' id='word_1_229' title='bbox 793 3346 1248 3408; x_wconf 87' lang='lat' dir='ltr'>ecclesiasticos</span> <span class='ocrx_word' id='word_1_230' title='bbox 1272 3393 1287 3424; x_wconf 96' lang='lat'>,</span> <span class='ocrx_word' id='word_1_231' title='bbox 1340 3347 1496 3407; x_wconf 88' lang='lat' dir='ltr'>nihil</span> <span class='ocrx_word' id='word_1_232' title='bbox 1537 3347 1703 3408; x_wconf 87' lang='lat' dir='ltr'>enim</span> <span class='ocrx_word' id='word_1_233' title='bbox 1731 3348 1821 3409; x_wconf 88' lang='lat' dir='ltr'>eis</span> 
     </span>
     <span class='ocr_line' id='line_1_38' title="bbox 282 3439 1821 3521; baseline 0 -19"><span class='ocrx_word' id='word_1_234' title='bbox 282 3441 572 3521; x_wconf 80' lang='lat' dir='ltr'>praecipit</span> <span class='ocrx_word' id='word_1_235' title='bbox 597 3441 697 3501; x_wconf 89' lang='lat' dir='ltr'>vel</span> <span class='ocrx_word' id='word_1_236' title='bbox 726 3439 804 3500; x_wconf 90' lang='lat' dir='ltr'>ab</span> <span class='ocrx_word' id='word_1_237' title='bbox 835 3439 924 3499; x_wconf 88' lang='lat' dir='ltr'>eis</span> <span class='ocrx_word' id='word_1_238' title='bbox 954 3439 1165 3517; x_wconf 80' lang='lat' dir='ltr'>exigit,</span> <span class='ocrx_word' id='word_1_239' title='bbox 1190 3441 1270 3500; x_wconf 90' lang='lat' dir='ltr'>ab</span> <span class='ocrx_word' id='word_1_240' title='bbox 1288 3441 1425 3502; x_wconf 86' lang='lat' dir='ltr'>aliis</span> <span class='ocrx_word' id='word_1_241' title='bbox 1445 3445 1653 3502; x_wconf 85' lang='lat' dir='ltr'>tamen</span> <span class='ocrx_word' id='word_1_242' title='bbox 1679 3442 1821 3502; x_wconf 83' lang='lat' dir='ltr'>sub·</span> 
     </span>
     <span class='ocr_line' id='line_1_39' title="bbox 281 3532 1821 3614; baseline 0.001 -20"><span class='ocrx_word' id='word_1_243' title='bbox 281 3535 428 3596; x_wconf 88' lang='lat' dir='ltr'>ditis</span> <span class='ocrx_word' id='word_1_244' title='bbox 458 3533 671 3611; x_wconf 87' lang='lat' dir='ltr'>exigit,</span> <span class='ocrx_word' id='word_1_245' title='bbox 703 3532 802 3592; x_wconf 88' lang='lat' dir='ltr'>vel</span> <span class='ocrx_word' id='word_1_246' title='bbox 850 3532 940 3592; x_wconf 89' lang='lat' dir='ltr'>eis</span> <span class='ocrx_word' id='word_1_247' title='bbox 994 3533 1280 3612; x_wconf 79' lang='lat' dir='ltr'>praecipit</span> <span class='ocrx_word' id='word_1_248' title='bbox 1332 3532 1567 3613; x_wconf 90' lang='lat' dir='ltr'>aliquid</span> <span class='ocrx_word' id='word_1_249' title='bbox 1615 3535 1821 3614; x_wconf 88' lang='lat' dir='ltr'>specie</span> 
     </span>
     <span class='ocr_line' id='line_1_40' title="bbox 282 3625 1815 3709; baseline 0 -21"><span class='ocrx_word' id='word_1_250' title='bbox 282 3627 542 3709; x_wconf 89' lang='lat' dir='ltr'>quidem</span> <span class='ocrx_word' id='word_1_251' title='bbox 587 3629 847 3686; x_wconf 84' lang='lat' dir='ltr'>externa</span> <span class='ocrx_word' id='word_1_252' title='bbox 890 3625 1175 3686; x_wconf 87' lang='lat' dir='ltr'>subditos</span> <span class='ocrx_word' id='word_1_253' title='bbox 1222 3625 1423 3686; x_wconf 89' lang='lat' dir='ltr'>solum</span> <span class='ocrx_word' id='word_1_254' title='bbox 1470 3628 1815 3706; x_wconf 85' lang='lat' dir='ltr'>gravando,</span> 
     </span>
     <span class='ocr_line' id='line_1_41' title="bbox 279 3718 1820 3798; baseline -0.001 -16"><span class='ocrx_word' id='word_1_255' title='bbox 279 3722 382 3782; x_wconf 72' lang='lat' dir='ltr'>vel</span> <span class='ocrx_word' id='word_1_256' title='bbox 420 3721 511 3780; x_wconf 88' lang='lat' dir='ltr'>eis</span> <span class='ocrx_word' id='word_1_257' title='bbox 539 3718 962 3798; x_wconf 82' lang='lat' dir='ltr'>praecipiendo</span> <span class='ocrx_word' id='word_1_258' title='bbox 987 3764 1003 3795; x_wconf 89' lang='lat'>,</span> <span class='ocrx_word' id='word_1_259' title='bbox 1054 3718 1164 3777; x_wconf 85' lang='lat' dir='ltr'>sed</span> <span class='ocrx_word' id='word_1_260' title='bbox 1194 3718 1256 3777; x_wconf 91' lang='lat' dir='ltr'>in</span> <span class='ocrx_word' id='word_1_261' title='bbox 1285 3719 1393 3779; x_wconf 88' lang='lat' dir='ltr'>tali</span> <span class='ocrx_word' id='word_1_262' title='bbox 1427 3719 1692 3781; x_wconf 88' lang='lat' dir='ltr'>materia</span> <span class='ocrx_word' id='word_1_263' title='bbox 1721 3720 1820 3781; x_wconf 91' lang='lat' dir='ltr'>vel</span> 
     </span>
     <span class='ocr_line' id='line_1_42' title="bbox 279 3810 1822 3892; baseline -0.001 -17"><span class='ocrx_word' id='word_1_264' title='bbox 279 3815 513 3876; x_wconf 84' lang='lat' dir='ltr'>talibus</span> <span class='ocrx_word' id='word_1_265' title='bbox 530 3811 1035 3888; x_wconf 83' lang='lat' dir='ltr'>circumstantiis,</span> <span class='ocrx_word' id='word_1_266' title='bbox 1056 3828 1196 3891; x_wconf 82' lang='lat' dir='ltr'>quae</span> <span class='ocrx_word' id='word_1_267' title='bbox 1218 3810 1555 3873; x_wconf 88' lang='lat' dir='ltr'>ostendunt</span> <span class='ocrx_word' id='word_1_268' title='bbox 1574 3811 1636 3872; x_wconf 92' lang='lat' dir='ltr'>id</span> <span class='ocrx_word' id='word_1_269' title='bbox 1660 3831 1822 3892; x_wconf 83' lang='lat' dir='ltr'>prae-</span> 
     </span>
     <span class='ocr_line' id='line_1_43' title="bbox 277 3904 1822 3986; baseline -0.001 -18"><span class='ocrx_word' id='word_1_270' title='bbox 277 3907 404 3986; x_wconf 88' lang='lat' dir='ltr'>cipi</span> <span class='ocrx_word' id='word_1_271' title='bbox 433 3906 536 3967; x_wconf 82' lang='lat' dir='ltr'>vel</span> <span class='ocrx_word' id='word_1_272' title='bbox 566 3905 731 3984; x_wconf 80' lang='lat' dir='ltr'>exigi</span> <span class='ocrx_word' id='word_1_273' title='bbox 760 3905 839 3965; x_wconf 91' lang='lat' dir='ltr'>ad</span> <span class='ocrx_word' id='word_1_274' title='bbox 867 3904 1059 3965; x_wconf 86' lang='lat' dir='ltr'>finem</span> <span class='ocrx_word' id='word_1_275' title='bbox 1111 3905 1415 3984; x_wconf 88' lang='lat' dir='ltr'>gravandi</span> <span class='ocrx_word' id='word_1_276' title='bbox 1457 3923 1571 3983; x_wconf 89' lang='lat' dir='ltr'>per</span> <span class='ocrx_word' id='word_1_277' title='bbox 1598 3905 1822 3968; x_wconf 88' lang='lat' dir='ltr'>circui-</span> 
     </span>
     <span class='ocr_line' id='line_1_44' title="bbox 277 3986 1821 4078; baseline -0.001 -17"><span class='ocrx_word' id='word_1_278' title='bbox 277 4005 416 4062; x_wconf 85' lang='lat' dir='ltr'>tum</span> <span class='ocrx_word' id='word_1_279' title='bbox 445 4000 623 4059; x_wconf 90' lang='lat' dir='ltr'>illum</span> <span class='ocrx_word' id='word_1_280' title='bbox 652 3986 1125 4072; x_wconf 71' lang='lat' dir='ltr'>ecclesiasticos,</span> <span class='ocrx_word' id='word_1_281' title='bbox 1160 3998 1387 4075; x_wconf 88' lang='lat' dir='ltr'>quibus</span> <span class='ocrx_word' id='word_1_282' title='bbox 1408 3998 1642 4059; x_wconf 81' lang='lat' dir='ltr'>directe</span> <span class='ocrx_word' id='word_1_283' title='bbox 1664 4017 1821 4078; x_wconf 68' lang='lat' dir='ltr'>prze-</span> 
     </span>
     <span class='ocr_line' id='line_1_45' title="bbox 277 4089 1819 4173; baseline -0.002 -19"><span class='ocrx_word' id='word_1_284' title='bbox 277 4093 406 4173; x_wconf 92' lang='lat' dir='ltr'>cipi</span> <span class='ocrx_word' id='word_1_285' title='bbox 426 4110 552 4153; x_wconf 91' lang='lat' dir='ltr'>non</span> <span class='ocrx_word' id='word_1_286' title='bbox 581 4094 848 4170; x_wconf 87' lang='lat' dir='ltr'>poterat.</span> <span class='ocrx_word' id='word_1_287' title='bbox 882 4090 1127 4151; x_wconf 86' lang='lat' dir='ltr'>Directe</span> <span class='ocrx_word' id='word_1_288' title='bbox 1148 4108 1298 4168; x_wconf 86' lang='lat' dir='ltr'>ergo</span> <span class='ocrx_word' id='word_1_289' title='bbox 1321 4089 1570 4151; x_wconf 84' lang='lat' dir='ltr'>laeditur</span> <span class='ocrx_word' id='word_1_290' title='bbox 1597 4091 1819 4151; x_wconf 90' lang='lat' dir='ltr'>immu-</span> 
     </span>
     <span class='ocr_line' id='line_1_46' title="bbox 278 4182 1819 4263; baseline -0.002 -16"><span class='ocrx_word' id='word_1_291' title='bbox 278 4187 445 4248; x_wconf 86' lang='lat' dir='ltr'>nitas</span> <span class='ocrx_word' id='word_1_292' title='bbox 501 4183 944 4259; x_wconf 86' lang='lat' dir='ltr'>ecclesiastica,</span> <span class='ocrx_word' id='word_1_293' title='bbox 1006 4182 1260 4262; x_wconf 77' lang='lat' dir='ltr'>quando</span> <span class='ocrx_word' id='word_1_294' title='bbox 1317 4182 1660 4262; x_wconf 88' lang='lat' dir='ltr'>imponitur</span> <span class='ocrx_word' id='word_1_295' title='bbox 1706 4203 1819 4263; x_wconf 88' lang='lat' dir='ltr'>ga-</span> 
     </span>
     <span class='ocr_line' id='line_1_47' title="bbox 275 4275 1819 4341; baseline -0.002 -1"><span class='ocrx_word' id='word_1_296' title='bbox 275 4280 447 4341; x_wconf 83' lang='lat' dir='ltr'>bella</span> <span class='ocrx_word' id='word_1_297' title='bbox 474 4276 775 4338; x_wconf 89' lang='lat' dir='ltr'>solvenda</span> <span class='ocrx_word' id='word_1_298' title='bbox 802 4276 885 4336; x_wconf 89' lang='lat' dir='ltr'>ab</span> <span class='ocrx_word' id='word_1_299' title='bbox 914 4275 1203 4336; x_wconf 90' lang='lat' dir='ltr'>omnibus</span> <span class='ocrx_word' id='word_1_300' title='bbox 1231 4275 1420 4336; x_wconf 88' lang='lat' dir='ltr'>etiam</span> <span class='ocrx_word' id='word_1_301' title='bbox 1451 4277 1819 4338; x_wconf 89' lang='lat' dir='ltr'>ecclesiasti-</span> 
     </span>
     <span class='ocr_line' id='line_1_48' title="bbox 277 4368 1821 4448; baseline -0.002 -15"><span class='ocrx_word' id='word_1_302' title='bbox 277 4374 371 4433; x_wconf 86' lang='lat' dir='ltr'>cis</span> <span class='ocrx_word' id='word_1_303' title='bbox 403 4392 417 4433; x_wconf 92' lang='lat'>:</span> <span class='ocrx_word' id='word_1_304' title='bbox 451 4377 603 4433; x_wconf 87' lang='lat' dir='ltr'>tunc</span> <span class='ocrx_word' id='word_1_305' title='bbox 632 4369 798 4429; x_wconf 91' lang='lat' dir='ltr'>enim</span> <span class='ocrx_word' id='word_1_306' title='bbox 830 4369 1062 4430; x_wconf 85' lang='lat' dir='ltr'>directe</span> <span class='ocrx_word' id='word_1_307' title='bbox 1108 4372 1170 4429; x_wconf 92' lang='lat' dir='ltr'>et</span> <span class='ocrx_word' id='word_1_308' title='bbox 1195 4368 1555 4430; x_wconf 84' lang='lat' dir='ltr'>immediate</span> <span class='ocrx_word' id='word_1_309' title='bbox 1593 4387 1821 4448; x_wconf 82' lang='lat' dir='ltr'>grava-</span> 
     </span>
     <span class='ocr_line' id='line_1_49' title="bbox 275 4462 1817 4542; baseline -0.002 -16"><span class='ocrx_word' id='word_1_310' title='bbox 275 4472 387 4527; x_wconf 89' lang='lat' dir='ltr'>tur</span> <span class='ocrx_word' id='word_1_311' title='bbox 429 4465 565 4542; x_wconf 85' lang='lat' dir='ltr'>ipse</span> <span class='ocrx_word' id='word_1_312' title='bbox 621 4462 1101 4537; x_wconf 79' lang='lat' dir='ltr'>ecclesiasticuS,</span> <span class='ocrx_word' id='word_1_313' title='bbox 1164 4480 1288 4522; x_wconf 91' lang='lat' dir='ltr'>non</span> <span class='ocrx_word' id='word_1_314' title='bbox 1347 4462 1663 4525; x_wconf 87' lang='lat' dir='ltr'>mediante</span> <span class='ocrx_word' id='word_1_315' title='bbox 1693 4463 1817 4523; x_wconf 89' lang='lat' dir='ltr'>ullo</span> 
     </span>
     <span class='ocr_line' id='line_1_50' title="bbox 277 4554 1819 4636; baseline -0.002 -18"><span class='ocrx_word' id='word_1_316' title='bbox 277 4559 429 4634; x_wconf 84' lang='lat' dir='ltr'>alie,</span> <span class='ocrx_word' id='word_1_317' title='bbox 463 4576 541 4617; x_wconf 86' lang='lat' dir='ltr'>ex</span> <span class='ocrx_word' id='word_1_318' title='bbox 570 4556 749 4636; x_wconf 89' lang='lat' dir='ltr'>cujus</span> <span class='ocrx_word' id='word_1_319' title='bbox 787 4554 1154 4634; x_wconf 84' lang='lat' dir='ltr'>gravamine</span> <span class='ocrx_word' id='word_1_320' title='bbox 1183 4555 1441 4616; x_wconf 88' lang='lat' dir='ltr'>resultet</span> <span class='ocrx_word' id='word_1_321' title='bbox 1475 4573 1819 4633; x_wconf 84' lang='lat' dir='ltr'>gravamen</span> 
     </span>
     <span class='ocr_line' id='line_1_51' title="bbox 276 4646 1820 4727; baseline -0.003 -15"><span class='ocrx_word' id='word_1_322' title='bbox 276 4650 691 4712; x_wconf 81' lang='lat' dir='ltr'>ecclesiastici</span> <span class='ocrx_word' id='word_1_323' title='bbox 727 4647 1077 4709; x_wconf 86' lang='lat' dir='ltr'>:indirecte</span> <span class='ocrx_word' id='word_1_324' title='bbox 1123 4665 1297 4723; x_wconf 86' lang='lat' dir='ltr'>ver0,</span> <span class='ocrx_word' id='word_1_325' title='bbox 1358 4646 1609 4726; x_wconf 85' lang='lat' dir='ltr'>quando</span> <span class='ocrx_word' id='word_1_326' title='bbox 1657 4665 1820 4727; x_wconf 85' lang='lat' dir='ltr'>prae-</span> 
     </span>
     <span class='ocr_line' id='line_1_52' title="bbox 277 4740 1821 4823; baseline -0.003 -17"><span class='ocrx_word' id='word_1_327' title='bbox 277 4751 539 4823; x_wconf 88' lang='lat' dir='ltr'>ceptum</span> <span class='ocrx_word' id='word_1_328' title='bbox 566 4742 664 4802; x_wconf 88' lang='lat' dir='ltr'>vel</span> <span class='ocrx_word' id='word_1_329' title='bbox 711 4759 869 4802; x_wconf 86' lang='lat' dir='ltr'>onus</span> <span class='ocrx_word' id='word_1_330' title='bbox 915 4740 1257 4819; x_wconf 88' lang='lat' dir='ltr'>imponitur</span> <span class='ocrx_word' id='word_1_331' title='bbox 1295 4740 1454 4801; x_wconf 87' lang='lat' dir='ltr'>laico</span> <span class='ocrx_word' id='word_1_332' title='bbox 1501 4759 1576 4800; x_wconf 90' lang='lat' dir='ltr'>ea</span> <span class='ocrx_word' id='word_1_333' title='bbox 1619 4741 1821 4801; x_wconf 89' lang='lat' dir='ltr'>inten-</span> 
     </span>
     <span class='ocr_line' id='line_1_53' title="bbox 277 4834 1817 4915; baseline -0.004 -15"><span class='ocrx_word' id='word_1_334' title='bbox 277 4838 476 4913; x_wconf 86' lang='lat' dir='ltr'>tione,</span> <span class='ocrx_word' id='word_1_335' title='bbox 494 4842 566 4897; x_wconf 91' lang='lat' dir='ltr'>ut</span> <span class='ocrx_word' id='word_1_336' title='bbox 578 4854 692 4896; x_wconf 87' lang='lat' dir='ltr'>con</span> <span class='ocrx_word' id='word_1_337' title='bbox 701 4841 1037 4915; x_wconf 89' lang='lat' dir='ltr'>sequenter</span> <span class='ocrx_word' id='word_1_338' title='bbox 1049 4838 1348 4913; x_wconf 85' lang='lat' dir='ltr'>gravetur</span> <span class='ocrx_word' id='word_1_339' title='bbox 1362 4835 1643 4896; x_wconf 74' lang='lat' dir='ltr'>clericus·</span> <span class='ocrx_word' id='word_1_340' title='bbox 1671 4837 1753 4897; x_wconf 91' lang='lat' dir='ltr'>Ut</span> <span class='ocrx_word' id='word_1_341' title='bbox 1767 4834 1817 4895; x_wconf 90' lang='lat' dir='ltr'>si</span> 
     </span>
     <span class='ocr_line' id='line_1_54' title="bbox 276 4927 1813 5008; baseline -0.002 -18"><span class='ocrx_word' id='word_1_342' title='bbox 276 4930 458 4990; x_wconf 80' lang='lat' dir='ltr'>laicis</span> <span class='ocrx_word' id='word_1_343' title='bbox 487 4928 916 5008; x_wconf 86' lang='lat' dir='ltr'>prohibeatur,</span> <span class='ocrx_word' id='word_1_344' title='bbox 967 4947 1044 4988; x_wconf 91' lang='lat' dir='ltr'>ne</span> <span class='ocrx_word' id='word_1_345' title='bbox 1074 4928 1352 4988; x_wconf 86' lang='lat' dir='ltr'>vendant</span> <span class='ocrx_word' id='word_1_346' title='bbox 1378 4927 1478 4986; x_wconf 91' lang='lat' dir='ltr'>vel</span> <span class='ocrx_word' id='word_1_347' title='bbox 1505 4927 1813 5003; x_wconf 89' lang='lat' dir='ltr'>laborent,</span> 
     </span>
     <span class='ocr_line' id='line_1_55' title="bbox 279 5019 1822 5100; baseline -0.003 -16"><span class='ocrx_word' id='word_1_348' title='bbox 279 5023 399 5084; x_wconf 71' lang='lat' dir='ltr'>nisi</span> <span class='ocrx_word' id='word_1_349' title='bbox 431 5040 579 5084; x_wconf 89' lang='lat' dir='ltr'>cum</span> <span class='ocrx_word' id='word_1_350' title='bbox 606 5021 858 5083; x_wconf 89' lang='lat' dir='ltr'>licentia</span> <span class='ocrx_word' id='word_1_351' title='bbox 884 5021 1140 5100; x_wconf 87' lang='lat' dir='ltr'>speciali</span> <span class='ocrx_word' id='word_1_352' title='bbox 1161 5019 1585 5098; x_wconf 77' lang='lat' dir='ltr'>magistratuS,</span> <span class='ocrx_word' id='word_1_353' title='bbox 1619 5038 1695 5079; x_wconf 90' lang='lat' dir='ltr'>ea</span> <span class='ocrx_word' id='word_1_354' title='bbox 1724 5019 1822 5079; x_wconf 91' lang='lat' dir='ltr'>in-</span> 
     </span>
     <span class='ocr_line' id='line_1_56' title="bbox 275 5112 1821 5179; baseline -0.004 0"><span class='ocrx_word' id='word_1_355' title='bbox 275 5117 567 5179; x_wconf 86' lang='lat' dir='ltr'>tentione</span> <span class='ocrx_word' id='word_1_356' title='bbox 609 5119 680 5176; x_wconf 88' lang='lat' dir='ltr'>ut</span> <span class='ocrx_word' id='word_1_357' title='bbox 724 5132 851 5176; x_wconf 89' lang='lat' dir='ltr'>non</span> <span class='ocrx_word' id='word_1_358' title='bbox 881 5115 1064 5177; x_wconf 89' lang='lat' dir='ltr'>detur</span> <span class='ocrx_word' id='word_1_359' title='bbox 1102 5112 1353 5174; x_wconf 90' lang='lat' dir='ltr'>licentia</span> <span class='ocrx_word' id='word_1_360' title='bbox 1380 5112 1689 5172; x_wconf 90' lang='lat' dir='ltr'>vendendi</span> <span class='ocrx_word' id='word_1_361' title='bbox 1720 5112 1821 5173; x_wconf 90' lang='lat' dir='ltr'>vel</span> 
     </span>
     <span class='ocr_line' id='line_1_57' title="bbox 273 5204 1819 5287; baseline -0.002 -18"><span class='ocrx_word' id='word_1_362' title='bbox 273 5207 616 5270; x_wconf 87' lang='lat' dir='ltr'>laborandi</span> <span class='ocrx_word' id='word_1_363' title='bbox 643 5225 756 5287; x_wconf 90' lang='lat' dir='ltr'>pro</span> <span class='ocrx_word' id='word_1_364' title='bbox 787 5206 1226 5268; x_wconf 87' lang='lat' dir='ltr'>ecclesiasticis</span> <span class='ocrx_word' id='word_1_365' title='bbox 1258 5225 1272 5266; x_wconf 75' lang='grc' dir='ltr'>ε</span> <span class='ocrx_word' id='word_1_366' title='bbox 1307 5224 1449 5285; x_wconf 80' lang='lat' dir='ltr'>quae</span> <span class='ocrx_word' id='word_1_367' title='bbox 1478 5204 1819 5283; x_wconf 89' lang='lat' dir='ltr'>prohibitio</span> 
     </span>
     <span class='ocr_line' id='line_1_58' title="bbox 275 5298 1821 5375; baseline -0.003 -13"><span class='ocrx_word' id='word_1_368' title='bbox 275 5301 519 5364; x_wconf 84' lang='lat' dir='ltr'>directe</span> <span class='ocrx_word' id='word_1_369' title='bbox 548 5300 752 5362; x_wconf 90' lang='lat' dir='ltr'>tendit</span> <span class='ocrx_word' id='word_1_370' title='bbox 781 5299 864 5360; x_wconf 89' lang='lat' dir='ltr'>ad</span> <span class='ocrx_word' id='word_1_371' title='bbox 890 5299 1103 5375; x_wconf 76' lang='lat' dir='ltr'>laicOS,</span> <span class='ocrx_word' id='word_1_372' title='bbox 1137 5300 1249 5361; x_wconf 89' lang='lat' dir='ltr'>sed</span> <span class='ocrx_word' id='word_1_373' title='bbox 1278 5298 1583 5360; x_wconf 89' lang='lat' dir='ltr'>indirecte</span> <span class='ocrx_word' id='word_1_374' title='bbox 1612 5299 1694 5358; x_wconf 86' lang='lat' dir='ltr'>ad</span> <span class='ocrx_word' id='word_1_375' title='bbox 1725 5315 1821 5358; x_wconf 89' lang='lat' dir='ltr'>ec·</span> 
     </span>
     <span class='ocr_line' id='line_1_59' title="bbox 277 5393 882 5457; baseline -0.005 0"><span class='ocrx_word' id='word_1_376' title='bbox 277 5395 687 5457; x_wconf 79' lang='lat' dir='ltr'>clesiasticoS.</span> <span class='ocrx_word' id='word_1_377' title='bbox 722 5393 882 5454; x_wconf 86' lang='lat' dir='ltr'>Hinc</span> 
     </span>
    </p>

    <p class='ocr_par' dir='ltr' id='par_1_8' title="bbox 366 5484 1820 5568">
     <span class='ocr_line' id='line_1_60' title="bbox 366 5484 1820 5568; baseline -0.003 -18"><span class='ocrx_word' id='word_1_378' title='bbox 366 5490 572 5551; x_wconf 86' lang='lat' dir='ltr'>Infero</span> <span class='ocrx_word' id='word_1_379' title='bbox 602 5487 840 5568; x_wconf 88' lang='lat' dir='ltr'>prim0,</span> <span class='ocrx_word' id='word_1_380' title='bbox 894 5485 956 5548; x_wconf 86' lang='lat' dir='ltr'>in</span> <span class='ocrx_word' id='word_1_381' title='bbox 985 5486 1103 5549; x_wconf 88' lang='lat' dir='ltr'>hac</span> <span class='ocrx_word' id='word_1_382' title='bbox 1130 5487 1395 5549; x_wconf 84' lang='lat' dir='ltr'>materia</span> <span class='ocrx_word' id='word_1_383' title='bbox 1421 5484 1693 5548; x_wconf 85' lang='lat' dir='ltr'>laesionis</span> <span class='ocrx_word' id='word_1_384' title='bbox 1724 5484 1820 5545; x_wconf 91' lang='lat' dir='ltr'>in-</span> 
     </span>
    </p>
   </div>
   <div class='ocr_carea' id='block_1_6' title="bbox 3323 304 3438 362">
    <p class='ocr_par' dir='ltr' id='par_1_9' title="bbox 3323 304 3438 362">
     <span class='ocr_line' id='line_1_61' title="bbox 3323 304 3438 362; baseline 0 -1"><span class='ocrx_word' id='word_1_385' title='bbox 3323 304 3438 362; x_wconf 71' lang='lat'>(553</span> 
     </span>
    </p>
   </div>
   <div class='ocr_carea' id='block_1_7' title="bbox 1910 466 3787 557">
    <p class='ocr_par' dir='ltr' id='par_1_10' title="bbox 1910 466 3787 557">
     <span class='ocr_line' id='line_1_62' title="bbox 1910 466 3787 557; baseline 0.011 -31"><span class='ocrx_word' id='word_1_386' title='bbox 1910 466 2163 528; x_wconf 60' lang='lat' dir='ltr'>directae</span> <span class='ocrx_word' id='word_1_387' title='bbox 2203 467 2467 528; x_wconf 86' lang='lat' dir='ltr'>multum</span> <span class='ocrx_word' id='word_1_388' title='bbox 2514 468 2763 547; x_wconf 87' lang='lat' dir='ltr'>quidem</span> <span class='ocrx_word' id='word_1_389' title='bbox 2815 473 3262 535; x_wconf 86' lang='lat' dir='ltr'>attendendum</span> <span class='ocrx_word' id='word_1_390' title='bbox 3306 497 3440 537; x_wconf 84' lang='lat' dir='ltr'>esse</span> <span class='ocrx_word' id='word_1_391' title='bbox 3490 498 3664 543; x_wconf 69' lang='lat' dir='ltr'>nauum</span> <span class='ocrx_word' id='word_1_392' title='bbox 3682 513 3787 557; x_wconf 74' lang='lat' dir='ltr'>pen-</span> 
     </span>
    </p>
   </div>
   <div class='ocr_carea' id='block_1_8' title="bbox 1909 559 3453 5564">
    <p class='ocr_par' dir='ltr' id='par_1_11' title="bbox 1909 559 3453 4707">
     <span class='ocr_line' id='line_1_63' title="bbox 1909 559 3438 637; baseline 0.009 -20"><span class='ocrx_word' id='word_1_393' title='bbox 1909 559 1988 618; x_wconf 87' lang='lat' dir='ltr'>ad</span> <span class='ocrx_word' id='word_1_394' title='bbox 2026 559 2436 621; x_wconf 87' lang='lat' dir='ltr'>intentionem</span> <span class='ocrx_word' id='word_1_395' title='bbox 2470 562 2820 637; x_wconf 76' lang='lat' dir='ltr'>statuentiS,</span> <span class='ocrx_word' id='word_1_396' title='bbox 2847 568 2916 625; x_wconf 91' lang='lat' dir='ltr'>ut</span> <span class='ocrx_word' id='word_1_397' title='bbox 2944 564 3175 627; x_wconf 86' lang='lat' dir='ltr'>fatetur</span> <span class='ocrx_word' id='word_1_398' title='bbox 3206 570 3438 630; x_wconf 82' lang='lat' dir='ltr'>Suarez</span> 
     </span>
     <span class='ocr_line' id='line_1_64' title="bbox 1910 652 3435 731; baseline 0.009 -21"><span class='ocrx_word' id='word_1_399' title='bbox 1910 652 2073 714; x_wconf 86' lang='lat' dir='ltr'>dicta</span> <span class='ocrx_word' id='word_1_400' title='bbox 2104 653 2264 731; x_wconf 91' lang='lat' dir='ltr'>disp.</span> <span class='ocrx_word' id='word_1_401' title='bbox 2301 654 2460 713; x_wconf 84' lang='lat' dir='ltr'>XXI.</span> <span class='ocrx_word' id='word_1_402' title='bbox 2495 652 2563 714; x_wconf 83' lang='lat' dir='ltr'>de</span> <span class='ocrx_word' id='word_1_403' title='bbox 2607 655 2860 715; x_wconf 80' lang='lat' dir='ltr'>censuris</span> <span class='ocrx_word' id='word_1_404' title='bbox 2898 664 3048 719; x_wconf 89' lang='lat' dir='ltr'>sect.</span> <span class='ocrx_word' id='word_1_405' title='bbox 3092 676 3159 721; x_wconf 79' lang='grc' dir='ltr'>Π.</span> <span class='ocrx_word' id='word_1_406' title='bbox 3198 682 3301 723; x_wconf 89' lang='lat' dir='ltr'>nu.</span> <span class='ocrx_word' id='word_1_407' title='bbox 3336 668 3435 725; x_wconf 70' lang='lat'>78.</span> 
     </span>
     <span class='ocr_line' id='line_1_65' title="bbox 1910 744 3443 835; baseline 0.008 -32"><span class='ocrx_word' id='word_1_408' title='bbox 1910 744 2060 804; x_wconf 86' lang='lat' dir='ltr'>dum</span> <span class='ocrx_word' id='word_1_409' title='bbox 2090 745 2195 813; x_wconf 88' lang='lat' dir='ltr'>ait,</span> <span class='ocrx_word' id='word_1_410' title='bbox 2232 745 2345 804; x_wconf 90' lang='lat' dir='ltr'>has</span> <span class='ocrx_word' id='word_1_411' title='bbox 2375 746 2650 807; x_wconf 87' lang='lat' dir='ltr'>actiones</span> <span class='ocrx_word' id='word_1_412' title='bbox 2673 746 3275 825; x_wconf 81' lang='lat' dir='ltr'>juxtaintentionem</span> <span class='ocrx_word' id='word_1_413' title='bbox 3294 775 3443 835; x_wconf 87' lang='lat' dir='ltr'>ope-</span> 
     </span>
     <span class='ocr_line' id='line_1_66' title="bbox 1909 837 3435 927; baseline 0.01 -31"><span class='ocrx_word' id='word_1_414' title='bbox 1909 837 2104 898; x_wconf 85' lang='lat' dir='ltr'>rantis</span> <span class='ocrx_word' id='word_1_415' title='bbox 2127 837 2507 915; x_wconf 83' lang='lat' dir='ltr'>judicandas</span> <span class='ocrx_word' id='word_1_416' title='bbox 2538 859 2694 914; x_wconf 86' lang='lat' dir='ltr'>esse,</span> <span class='ocrx_word' id='word_1_417' title='bbox 2728 846 2788 901; x_wconf 92' lang='lat' dir='ltr'>et</span> <span class='ocrx_word' id='word_1_418' title='bbox 2817 841 2983 903; x_wconf 89' lang='lat' dir='ltr'>dieto</span> <span class='ocrx_word' id='word_1_419' title='bbox 3014 844 3120 905; x_wconf 92' lang='lat' dir='ltr'>lib.</span> <span class='ocrx_word' id='word_1_420' title='bbox 3159 847 3261 907; x_wconf 88' lang='lat' dir='ltr'>lv.</span> <span class='ocrx_word' id='word_1_421' title='bbox 3298 868 3435 927; x_wconf 80' lang='lat' dir='ltr'>cap.</span> 
     </span>
     <span class='ocr_line' id='line_1_67' title="bbox 1910 932 3443 1012; baseline 0.007 -23"><span class='ocrx_word' id='word_1_422' title='bbox 1910 947 2129 993; x_wconf 78' lang='lat' dir='ltr'>xxxin.</span> <span class='ocrx_word' id='word_1_423' title='bbox 2167 948 2336 991; x_wconf 88' lang='lat' dir='ltr'>num.</span> <span class='ocrx_word' id='word_1_424' title='bbox 2370 935 2429 992; x_wconf 89' lang='grc'>6.</span> <span class='ocrx_word' id='word_1_425' title='bbox 2461 932 2568 991; x_wconf 90' lang='lat' dir='ltr'>ubi</span> <span class='ocrx_word' id='word_1_426' title='bbox 2599 933 2684 993; x_wconf 89' lang='lat' dir='ltr'>ait</span> <span class='ocrx_word' id='word_1_427' title='bbox 2722 956 2749 990; x_wconf 92' lang='lat'>«</span> <span class='ocrx_word' id='word_1_428' title='bbox 2788 936 2995 1012; x_wconf 80' lang='lat' dir='ltr'>quoad</span> <span class='ocrx_word' id='word_1_429' title='bbox 3043 937 3245 998; x_wconf 86' lang='lat' dir='ltr'>forum</span> <span class='ocrx_word' id='word_1_430' title='bbox 3296 961 3443 1001; x_wconf 84' lang='lat' dir='ltr'>con-</span> 
     </span>
     <span class='ocr_line' id='line_1_68' title="bbox 1909 1023 3442 1105; baseline 0.008 -23"><span class='ocrx_word' id='word_1_431' title='bbox 1909 1023 2187 1083; x_wconf 82' lang='lat' dir='ltr'>scientiae</span> <span class='ocrx_word' id='word_1_432' title='bbox 2216 1023 2482 1084; x_wconf 91' lang='lat' dir='ltr'>multum</span> <span class='ocrx_word' id='word_1_433' title='bbox 2512 1025 2631 1085; x_wconf 88' lang='lat' dir='ltr'>hoc</span> <span class='ocrx_word' id='word_1_434' title='bbox 2659 1027 2933 1105; x_wconf 83' lang='lat' dir='ltr'>pendere</span> <span class='ocrx_word' id='word_1_435' title='bbox 2977 1030 3056 1088; x_wconf 91' lang='lat' dir='ltr'>ab</span> <span class='ocrx_word' id='word_1_436' title='bbox 3102 1031 3442 1094; x_wconf 84' lang='lat' dir='ltr'>intentione</span> 
     </span>
     <span class='ocr_line' id='line_1_69' title="bbox 1911 1116 3443 1195; baseline 0.008 -20"><span class='ocrx_word' id='word_1_437' title='bbox 1911 1116 2366 1195; x_wconf 82' lang='lat' dir='ltr'>praecipientis;</span> <span class='ocrx_word' id='word_1_438' title='bbox 2405 1138 2433 1175; x_wconf 66' lang='grc' dir='ltr'>ε</span> <span class='ocrx_word' id='word_1_439' title='bbox 2476 1135 2618 1177; x_wconf 91' lang='lat' dir='ltr'>nam</span> <span class='ocrx_word' id='word_1_440' title='bbox 2674 1120 2819 1180; x_wconf 89' lang='lat' dir='ltr'>licet</span> <span class='ocrx_word' id='word_1_441' title='bbox 2872 1120 3127 1182; x_wconf 87' lang='lat' dir='ltr'>intentio</span> <span class='ocrx_word' id='word_1_442' title='bbox 3158 1125 3291 1184; x_wconf 86' lang='lat' dir='ltr'>sola</span> <span class='ocrx_word' id='word_1_443' title='bbox 3322 1147 3443 1188; x_wconf 87' lang='lat' dir='ltr'>non</span> 
     </span>
     <span class='ocr_line' id='line_1_70' title="bbox 1911 1209 3445 1298; baseline 0.008 -30"><span class='ocrx_word' id='word_1_444' title='bbox 1911 1209 2263 1280; x_wconf 54' lang='lat' dir='ltr'>sufficerem</span> <span class='ocrx_word' id='word_1_445' title='bbox 2299 1210 2551 1287; x_wconf 84' lang='lat' dir='ltr'>quando</span> <span class='ocrx_word' id='word_1_446' title='bbox 2582 1214 2789 1271; x_wconf 88' lang='lat' dir='ltr'>tamen</span> <span class='ocrx_word' id='word_1_447' title='bbox 2822 1214 2982 1273; x_wconf 89' lang='lat' dir='ltr'>actio</span> <span class='ocrx_word' id='word_1_448' title='bbox 3015 1220 3270 1278; x_wconf 86' lang='lat' dir='ltr'>externa</span> <span class='ocrx_word' id='word_1_449' title='bbox 3300 1224 3445 1298; x_wconf 89' lang='lat' dir='ltr'>apta</span> 
     </span>
     <span class='ocr_line' id='line_1_71' title="bbox 1912 1300 3440 1389; baseline 0.007 -28"><span class='ocrx_word' id='word_1_450' title='bbox 1912 1305 2005 1361; x_wconf 90' lang='lat' dir='ltr'>est</span> <span class='ocrx_word' id='word_1_451' title='bbox 2037 1300 2114 1360; x_wconf 91' lang='lat' dir='ltr'>ad</span> <span class='ocrx_word' id='word_1_452' title='bbox 2147 1301 2499 1361; x_wconf 86' lang='lat' dir='ltr'>nocendum</span> <span class='ocrx_word' id='word_1_453' title='bbox 2518 1309 2972 1382; x_wconf 86' lang='lat' dir='ltr'>consequenter</span> <span class='ocrx_word' id='word_1_454' title='bbox 2986 1308 3440 1389; x_wconf 78' lang='lat' dir='ltr'>ecclesiastici5‚</span> 
     </span>
     <span class='ocr_line' id='line_1_72' title="bbox 1911 1394 3445 1482; baseline 0.008 -30"><span class='ocrx_word' id='word_1_455' title='bbox 1911 1394 2177 1455; x_wconf 90' lang='lat' dir='ltr'>multum</span> <span class='ocrx_word' id='word_1_456' title='bbox 2204 1394 2397 1455; x_wconf 86' lang='lat' dir='ltr'>refert</span> <span class='ocrx_word' id='word_1_457' title='bbox 2425 1396 2593 1474; x_wconf 92' lang='lat' dir='ltr'>quod</span> <span class='ocrx_word' id='word_1_458' title='bbox 2614 1414 2689 1455; x_wconf 82' lang='lat' dir='ltr'>ex</span> <span class='ocrx_word' id='word_1_459' title='bbox 2715 1397 2820 1457; x_wconf 91' lang='lat' dir='ltr'>illa</span> <span class='ocrx_word' id='word_1_460' title='bbox 2837 1398 3179 1462; x_wconf 84' lang='lat' dir='ltr'>intentione</span> <span class='ocrx_word' id='word_1_461' title='bbox 3201 1405 3329 1482; x_wconf 85' lang='lat' dir='ltr'>fiat,</span> <span class='ocrx_word' id='word_1_462' title='bbox 3364 1404 3445 1464; x_wconf 88' lang='lat' dir='ltr'>ad</span> 
     </span>
     <span class='ocr_line' id='line_1_73' title="bbox 1913 1486 3446 1565; baseline 0.008 -20"><span class='ocrx_word' id='word_1_463' title='bbox 1913 1486 2031 1547; x_wconf 88' lang='lat' dir='ltr'>hoc</span> <span class='ocrx_word' id='word_1_464' title='bbox 2062 1491 2128 1547; x_wconf 92' lang='lat' dir='ltr'>ut</span> <span class='ocrx_word' id='word_1_465' title='bbox 2159 1486 2382 1565; x_wconf 86' lang='lat' dir='ltr'>aliquis</span> <span class='ocrx_word' id='word_1_466' title='bbox 2409 1487 2577 1549; x_wconf 89' lang='lat' dir='ltr'>dicat</span> <span class='ocrx_word' id='word_1_467' title='bbox 2603 1489 2839 1551; x_wconf 83' lang='lat' dir='ltr'>violare</span> <span class='ocrx_word' id='word_1_468' title='bbox 2869 1491 3325 1556; x_wconf 85' lang='lat' dir='ltr'>immunitatem</span> <span class='ocrx_word' id='word_1_469' title='bbox 3350 1516 3446 1558; x_wconf 91' lang='lat' dir='ltr'>ec-</span> 
     </span>
     <span class='ocr_line' id='line_1_74' title="bbox 1913 1578 3445 1650; baseline 0.007 -11"><span class='ocrx_word' id='word_1_470' title='bbox 1913 1578 2347 1640; x_wconf 88' lang='lat' dir='ltr'>clesiasticam.</span> <span class='ocrx_word' id='word_1_471' title='bbox 2386 1582 2539 1641; x_wconf 87' lang='lat' dir='ltr'>Puto</span> <span class='ocrx_word' id='word_1_472' title='bbox 2587 1584 2797 1642; x_wconf 88' lang='lat' dir='ltr'>tamen</span> <span class='ocrx_word' id='word_1_473' title='bbox 2831 1583 2992 1645; x_wconf 88' lang='lat' dir='ltr'>hanc</span> <span class='ocrx_word' id='word_1_474' title='bbox 3036 1587 3445 1650; x_wconf 88' lang='lat' dir='ltr'>intentionem</span> 
     </span>
     <span class='ocr_line' id='line_1_75' title="bbox 1913 1671 3444 1762; baseline 0.009 -33"><span class='ocrx_word' id='word_1_475' title='bbox 1913 1671 2198 1730; x_wconf 81' lang='lat' dir='ltr'>sufficere</span> <span class='ocrx_word' id='word_1_476' title='bbox 2227 1678 2713 1751; x_wconf 77' lang='lat' dir='ltr'>praesumptam,</span> <span class='ocrx_word' id='word_1_477' title='bbox 2765 1682 2832 1737; x_wconf 93' lang='lat' dir='ltr'>ut</span> <span class='ocrx_word' id='word_1_478' title='bbox 2861 1678 2957 1736; x_wconf 84' lang='lat' dir='ltr'>lex</span> <span class='ocrx_word' id='word_1_479' title='bbox 2987 1679 3091 1739; x_wconf 89' lang='lat' dir='ltr'>illa</span> <span class='ocrx_word' id='word_1_480' title='bbox 3135 1680 3444 1762; x_wconf 81' lang='lat' dir='ltr'>intelliga-</span> 
     </span>
     <span class='ocr_line' id='line_1_76' title="bbox 1912 1760 3444 1844; baseline 0.008 -19"><span class='ocrx_word' id='word_1_481' title='bbox 1912 1767 2014 1825; x_wconf 87' lang='lat' dir='ltr'>tur</span> <span class='ocrx_word' id='word_1_482' title='bbox 2068 1763 2282 1825; x_wconf 89' lang='lat' dir='ltr'>illicita</span> <span class='ocrx_word' id='word_1_483' title='bbox 2304 1811 2318 1839; x_wconf 92' lang='lat'>‚</span> <span class='ocrx_word' id='word_1_484' title='bbox 2371 1766 2622 1844; x_wconf 90' lang='lat' dir='ltr'>quando</span> <span class='ocrx_word' id='word_1_485' title='bbox 2680 1768 2915 1830; x_wconf 87' lang='lat' dir='ltr'>scilicet</span> <span class='ocrx_word' id='word_1_486' title='bbox 2962 1760 3444 1838; x_wconf 62' lang='lat' dir='ltr'>circumstantiae</span> 
     </span>
     <span class='ocr_line' id='line_1_77' title="bbox 1912 1855 3447 1938; baseline 0.008 -22"><span class='ocrx_word' id='word_1_487' title='bbox 1912 1855 2067 1916; x_wconf 86' lang='lat' dir='ltr'>tales</span> <span class='ocrx_word' id='word_1_488' title='bbox 2096 1861 2277 1932; x_wconf 88' lang='lat' dir='ltr'>sunt,</span> <span class='ocrx_word' id='word_1_489' title='bbox 2326 1857 2387 1915; x_wconf 89' lang='lat' dir='ltr'>in</span> <span class='ocrx_word' id='word_1_490' title='bbox 2418 1857 2644 1936; x_wconf 89' lang='lat' dir='ltr'>quibus</span> <span class='ocrx_word' id='word_1_491' title='bbox 2675 1863 3075 1938; x_wconf 83' lang='lat' dir='ltr'>praesumitur</span> <span class='ocrx_word' id='word_1_492' title='bbox 3103 1867 3377 1928; x_wconf 86' lang='lat' dir='ltr'>ordinari</span> <span class='ocrx_word' id='word_1_493' title='bbox 3408 1888 3447 1930; x_wconf 90' lang='lat' dir='ltr'>a</span> 
     </span>
     <span class='ocr_line' id='line_1_78' title="bbox 1912 1949 3446 2040; baseline 0.009 -32"><span class='ocrx_word' id='word_1_494' title='bbox 1912 1951 2222 2009; x_wconf 83' lang='lat' dir='ltr'>statuente</span> <span class='ocrx_word' id='word_1_495' title='bbox 2240 1949 2319 2009; x_wconf 90' lang='lat' dir='ltr'>ad</span> <span class='ocrx_word' id='word_1_496' title='bbox 2350 1967 2493 2009; x_wconf 89' lang='lat' dir='ltr'>eum</span> <span class='ocrx_word' id='word_1_497' title='bbox 2523 1952 2712 2011; x_wconf 86' lang='lat' dir='ltr'>finem</span> <span class='ocrx_word' id='word_1_498' title='bbox 2730 1957 3037 2029; x_wconf 87' lang='lat' dir='ltr'>gravandi</span> <span class='ocrx_word' id='word_1_499' title='bbox 3063 1977 3446 2040; x_wconf 84' lang='lat' dir='ltr'>consequen-</span> 
     </span>
     <span class='ocr_line' id='line_1_79' title="bbox 1912 2042 3449 2132; baseline 0.01 -31"><span class='ocrx_word' id='word_1_500' title='bbox 1912 2045 2011 2101; x_wconf 90' lang='lat' dir='ltr'>ter</span> <span class='ocrx_word' id='word_1_501' title='bbox 2039 2042 2529 2120; x_wconf 77' lang='lat' dir='ltr'>ecelesiasticOS,</span> <span class='ocrx_word' id='word_1_502' title='bbox 2574 2044 2715 2106; x_wconf 92' lang='lat' dir='ltr'>ideo</span> <span class='ocrx_word' id='word_1_503' title='bbox 2746 2048 2912 2107; x_wconf 90' lang='lat' dir='ltr'>enim</span> <span class='ocrx_word' id='word_1_504' title='bbox 2955 2050 3017 2108; x_wconf 86' lang='lat' dir='ltr'>in</span> <span class='ocrx_word' id='word_1_505' title='bbox 3062 2071 3200 2132; x_wconf 88' lang='lat' dir='ltr'>cap.</span> <span class='ocrx_word' id='word_1_506' title='bbox 3238 2056 3345 2115; x_wconf 91' lang='lat' dir='ltr'>ult.</span> <span class='ocrx_word' id='word_1_507' title='bbox 3379 2054 3449 2115; x_wconf 81' lang='lat' dir='ltr'>de</span> 
     </span>
     <span class='ocr_line' id='line_1_80' title="bbox 1913 2133 3446 2220; baseline 0.01 -27"><span class='ocrx_word' id='word_1_508' title='bbox 1913 2133 2201 2195; x_wconf 76' lang='lat' dir='ltr'>immunit.</span> <span class='ocrx_word' id='word_1_509' title='bbox 2236 2134 2461 2196; x_wconf 78' lang='lat' dir='ltr'>Eccles,</span> <span class='ocrx_word' id='word_1_510' title='bbox 2496 2137 2603 2198; x_wconf 92' lang='lat' dir='ltr'>lib.</span> <span class='ocrx_word' id='word_1_511' title='bbox 2642 2155 2725 2199; x_wconf 78' lang='lat' dir='ltr'>vl.</span> <span class='ocrx_word' id='word_1_512' title='bbox 2760 2140 2837 2199; x_wconf 87' lang='lat' dir='ltr'>de</span> <span class='ocrx_word' id='word_1_513' title='bbox 2862 2140 3168 2220; x_wconf 86' lang='lat' dir='ltr'>ejusmodi</span> <span class='ocrx_word' id='word_1_514' title='bbox 3201 2149 3446 2209; x_wconf 85' lang='lat' dir='ltr'>statutis</span> 
     </span>
     <span class='ocr_line' id='line_1_81' title="bbox 1915 2225 3447 2312; baseline 0.01 -27"><span class='ocrx_word' id='word_1_515' title='bbox 1915 2225 2143 2288; x_wconf 88' lang='lat' dir='ltr'>dicitur</span> <span class='ocrx_word' id='word_1_516' title='bbox 2174 2246 2188 2288; x_wconf 75' lang='grc' dir='ltr'>ε</span> <span class='ocrx_word' id='word_1_517' title='bbox 2233 2249 2260 2283; x_wconf 91' lang='lat'>«</span> <span class='ocrx_word' id='word_1_518' title='bbox 2288 2230 2443 2289; x_wconf 80' lang='lat' dir='ltr'>Cum</span> <span class='ocrx_word' id='word_1_519' title='bbox 2484 2230 2634 2290; x_wconf 87' lang='lat' dir='ltr'>talia</span> <span class='ocrx_word' id='word_1_520' title='bbox 2661 2231 2723 2290; x_wconf 93' lang='lat' dir='ltr'>in</span> <span class='ocrx_word' id='word_1_521' title='bbox 2747 2232 3217 2312; x_wconf 84' lang='lat' dir='ltr'>derogationem</span> <span class='ocrx_word' id='word_1_522' title='bbox 3247 2241 3447 2300; x_wconf 86' lang='lat' dir='ltr'>eccle-</span> 
     </span>
     <span class='ocr_line' id='line_1_82' title="bbox 1914 2320 3449 2409; baseline 0.009 -30"><span class='ocrx_word' id='word_1_523' title='bbox 1914 2320 2179 2395; x_wconf 82' lang='lat' dir='ltr'>siasticae</span> <span class='ocrx_word' id='word_1_524' title='bbox 2206 2320 2509 2383; x_wconf 88' lang='lat' dir='ltr'>libertatis</span> <span class='ocrx_word' id='word_1_525' title='bbox 2531 2330 3024 2401; x_wconf 74' lang='lat' dir='ltr'>praesumantur:</span> <span class='ocrx_word' id='word_1_526' title='bbox 3049 2352 3077 2385; x_wconf 73' lang='grc' dir='ltr'>(ι</span> <span class='ocrx_word' id='word_1_527' title='bbox 3094 2331 3242 2409; x_wconf 86' lang='lat' dir='ltr'>quia</span> <span class='ocrx_word' id='word_1_528' title='bbox 3270 2334 3449 2393; x_wconf 88' lang='lat' dir='ltr'>nimi-</span> 
     </span>
     <span class='ocr_line' id='line_1_83' title="bbox 1914 2412 3448 2493; baseline 0.01 -21"><span class='ocrx_word' id='word_1_529' title='bbox 1914 2431 2054 2472; x_wconf 85' lang='lat' dir='ltr'>rum</span> <span class='ocrx_word' id='word_1_530' title='bbox 2087 2415 2490 2493; x_wconf 80' lang='lat' dir='ltr'>praesumptio</span> <span class='ocrx_word' id='word_1_531' title='bbox 2520 2416 2583 2474; x_wconf 90' lang='lat' dir='ltr'>in</span> <span class='ocrx_word' id='word_1_532' title='bbox 2605 2418 2831 2477; x_wconf 86' lang='lat' dir='ltr'>talibus</span> <span class='ocrx_word' id='word_1_533' title='bbox 2860 2419 3341 2486; x_wconf 82' lang='lat' dir='ltr'>circumstantiis</span> <span class='ocrx_word' id='word_1_534' title='bbox 3362 2412 3448 2487; x_wconf 70' lang='grc' dir='ltr'>Γει-</span> 
     </span>
     <span class='ocr_line' id='line_1_84' title="bbox 1916 2505 3444 2587; baseline 0.01 -22"><span class='ocrx_word' id='word_1_535' title='bbox 1916 2505 2001 2566; x_wconf 89' lang='lat' dir='ltr'>cit</span> <span class='ocrx_word' id='word_1_536' title='bbox 2056 2506 2227 2584; x_wconf 88' lang='lat' dir='ltr'>quod</span> <span class='ocrx_word' id='word_1_537' title='bbox 2298 2506 2659 2567; x_wconf 90' lang='lat' dir='ltr'>intendatur</span> <span class='ocrx_word' id='word_1_538' title='bbox 2716 2529 3058 2587; x_wconf 84' lang='lat' dir='ltr'>gravamen</span> <span class='ocrx_word' id='word_1_539' title='bbox 3127 2516 3444 2580; x_wconf 84' lang='lat' dir='ltr'>Ecclesiae.</span> 
     </span>
     <span class='ocr_line' id='line_1_85' title="bbox 1915 2598 3452 2689; baseline 0.008 -31"><span class='ocrx_word' id='word_1_540' title='bbox 1915 2599 2288 2676; x_wconf 78' lang='lat' dir='ltr'>Exemplum</span> <span class='ocrx_word' id='word_1_541' title='bbox 2317 2598 2380 2657; x_wconf 92' lang='lat' dir='ltr'>in</span> <span class='ocrx_word' id='word_1_542' title='bbox 2410 2598 2527 2660; x_wconf 90' lang='lat' dir='ltr'>hac</span> <span class='ocrx_word' id='word_1_543' title='bbox 2556 2603 2819 2662; x_wconf 87' lang='lat' dir='ltr'>materia</span> <span class='ocrx_word' id='word_1_544' title='bbox 2840 2622 2974 2664; x_wconf 80' lang='lat' dir='ltr'>esse</span> <span class='ocrx_word' id='word_1_545' title='bbox 3006 2612 3227 2684; x_wconf 87' lang='lat' dir='ltr'>potest,</span> <span class='ocrx_word' id='word_1_546' title='bbox 3263 2610 3313 2669; x_wconf 83' lang='lat' dir='ltr'>si</span> <span class='ocrx_word' id='word_1_547' title='bbox 3344 2630 3452 2689; x_wconf 87' lang='lat' dir='ltr'>ga-</span> 
     </span>
     <span class='ocr_line' id='line_1_86' title="bbox 1917 2690 3451 2770; baseline 0.01 -21"><span class='ocrx_word' id='word_1_548' title='bbox 1917 2690 2081 2751; x_wconf 89' lang='lat' dir='ltr'>bella</span> <span class='ocrx_word' id='word_1_549' title='bbox 2127 2691 2486 2770; x_wconf 87' lang='lat' dir='ltr'>imponatur</span> <span class='ocrx_word' id='word_1_550' title='bbox 2540 2696 2994 2757; x_wconf 82' lang='lat' dir='ltr'>mercatoribus</span> <span class='ocrx_word' id='word_1_551' title='bbox 3046 2702 3451 2764; x_wconf 77' lang='lat' dir='ltr'>afferentibus</span> 
     </span>
     <span class='ocr_line' id='line_1_87' title="bbox 1916 2782 3448 2869; baseline 0.01 -28"><span class='ocrx_word' id='word_1_552' title='bbox 1916 2782 2109 2843; x_wconf 89' lang='lat' dir='ltr'>libros</span> <span class='ocrx_word' id='word_1_553' title='bbox 2140 2783 2592 2845; x_wconf 86' lang='lat' dir='ltr'>ecclesiasticos</span> <span class='ocrx_word' id='word_1_554' title='bbox 2617 2833 2631 2861; x_wconf 90' lang='lat'>,</span> <span class='ocrx_word' id='word_1_555' title='bbox 2667 2804 2724 2847; x_wconf 89' lang='lat' dir='ltr'>v.</span> <span class='ocrx_word' id='word_1_556' title='bbox 2760 2806 2821 2864; x_wconf 86' lang='lat' dir='ltr'>g.</span> <span class='ocrx_word' id='word_1_557' title='bbox 2857 2789 3164 2869; x_wconf 87' lang='lat' dir='ltr'>missalia,</span> <span class='ocrx_word' id='word_1_558' title='bbox 3201 2794 3448 2857; x_wconf 89' lang='lat' dir='ltr'>brevia-</span> 
     </span>
     <span class='ocr_line' id='line_1_88' title="bbox 1916 2875 3450 2967; baseline 0.01 -33"><span class='ocrx_word' id='word_1_559' title='bbox 1916 2875 2031 2935; x_wconf 89' lang='lat' dir='ltr'>ria.</span> <span class='ocrx_word' id='word_1_560' title='bbox 2067 2875 2331 2948; x_wconf 84' lang='lat' dir='ltr'>diurna;</span> <span class='ocrx_word' id='word_1_561' title='bbox 2364 2894 2509 2936; x_wconf 90' lang='lat' dir='ltr'>nam</span> <span class='ocrx_word' id='word_1_562' title='bbox 2538 2878 2678 2939; x_wconf 89' lang='lat' dir='ltr'>talis</span> <span class='ocrx_word' id='word_1_563' title='bbox 2708 2879 2803 2938; x_wconf 82' lang='lat' dir='ltr'>lex</span> <span class='ocrx_word' id='word_1_564' title='bbox 2823 2882 3176 2959; x_wconf 84' lang='lat' dir='ltr'>specialiter</span> <span class='ocrx_word' id='word_1_565' title='bbox 3195 2888 3450 2967; x_wconf 78' lang='lat' dir='ltr'>exigens</span> 
     </span>
     <span class='ocr_line' id='line_1_89' title="bbox 1916 2968 3452 3058; baseline 0.008 -29"><span class='ocrx_word' id='word_1_566' title='bbox 1916 2969 1996 3029; x_wconf 85' lang='lat' dir='ltr'>ab</span> <span class='ocrx_word' id='word_1_567' title='bbox 2027 2968 2432 3030; x_wconf 83' lang='lat' dir='ltr'>afferentibus</span> <span class='ocrx_word' id='word_1_568' title='bbox 2465 2971 2620 3031; x_wconf 87' lang='lat' dir='ltr'>tales</span> <span class='ocrx_word' id='word_1_569' title='bbox 2647 2971 2839 3033; x_wconf 89' lang='lat' dir='ltr'>libros</span> <span class='ocrx_word' id='word_1_570' title='bbox 2861 2973 2918 3033; x_wconf 91' lang='lat' dir='ltr'>in</span> <span class='ocrx_word' id='word_1_571' title='bbox 2952 2977 3331 3058; x_wconf 83' lang='lat' dir='ltr'>particulari,</span> <span class='ocrx_word' id='word_1_572' title='bbox 3355 3001 3452 3041; x_wconf 86' lang='lat' dir='ltr'>se-</span> 
     </span>
     <span class='ocr_line' id='line_1_90' title="bbox 1916 3065 3451 3153; baseline 0.01 -32"><span class='ocrx_word' id='word_1_573' title='bbox 1916 3080 2060 3122; x_wconf 92' lang='lat' dir='ltr'>cum</span> <span class='ocrx_word' id='word_1_574' title='bbox 2121 3065 2303 3124; x_wconf 83' lang='lat' dir='ltr'>affert</span> <span class='ocrx_word' id='word_1_575' title='bbox 2354 3065 2906 3143; x_wconf 86' lang='lat' dir='ltr'>praesumptionem</span> <span class='ocrx_word' id='word_1_576' title='bbox 2949 3071 3115 3147; x_wconf 87' lang='lat' dir='ltr'>quod</span> <span class='ocrx_word' id='word_1_577' title='bbox 3160 3074 3451 3153; x_wconf 84' lang='lat' dir='ltr'>princeps</span> 
     </span>
     <span class='ocr_line' id='line_1_91' title="bbox 1916 3154 3451 3255; baseline 0.008 -40"><span class='ocrx_word' id='word_1_578' title='bbox 1916 3154 2114 3216; x_wconf 91' lang='lat' dir='ltr'>laicus</span> <span class='ocrx_word' id='word_1_579' title='bbox 2144 3156 2397 3218; x_wconf 88' lang='lat' dir='ltr'>volebat</span> <span class='ocrx_word' id='word_1_580' title='bbox 2421 3156 2737 3236; x_wconf 82' lang='lat' dir='ltr'>gabellum</span> <span class='ocrx_word' id='word_1_581' title='bbox 2767 3177 2839 3220; x_wconf 90' lang='lat' dir='ltr'>eo</span> <span class='ocrx_word' id='word_1_582' title='bbox 2861 3162 3059 3255; x_wconf 65' lang='lat' dir='ltr'>Jnodo</span> <span class='ocrx_word' id='word_1_583' title='bbox 3092 3165 3339 3245; x_wconf 80' lang='lat' dir='ltr'>exigere</span> <span class='ocrx_word' id='word_1_584' title='bbox 3370 3168 3451 3228; x_wconf 90' lang='lat' dir='ltr'>ab</span> 
     </span>
     <span class='ocr_line' id='line_1_92' title="bbox 1918 3250 3453 3338; baseline 0.01 -30"><span class='ocrx_word' id='word_1_585' title='bbox 1918 3250 2375 3325; x_wconf 79' lang='lat' dir='ltr'>ecclesiasticiS,</span> <span class='ocrx_word' id='word_1_586' title='bbox 2411 3269 2567 3330; x_wconf 85' lang='lat' dir='ltr'>quos</span> <span class='ocrx_word' id='word_1_587' title='bbox 2596 3252 2743 3331; x_wconf 89' lang='lat' dir='ltr'>quia</span> <span class='ocrx_word' id='word_1_588' title='bbox 2781 3253 3015 3317; x_wconf 89' lang='lat' dir='ltr'>directe</span> <span class='ocrx_word' id='word_1_589' title='bbox 3053 3277 3176 3318; x_wconf 90' lang='lat' dir='ltr'>non</span> <span class='ocrx_word' id='word_1_590' title='bbox 3207 3265 3453 3338; x_wconf 90' lang='lat' dir='ltr'>poterat</span> 
     </span>
     <span class='ocr_line' id='line_1_93' title="bbox 1918 3342 3451 3421; baseline 0.01 -21"><span class='ocrx_word' id='word_1_591' title='bbox 1918 3359 2220 3420; x_wconf 87' lang='lat' dir='ltr'>gravare,</span> <span class='ocrx_word' id='word_1_592' title='bbox 2280 3342 2547 3421; x_wconf 87' lang='lat' dir='ltr'>imponit</span> <span class='ocrx_word' id='word_1_593' title='bbox 2599 3363 2758 3406; x_wconf 90' lang='lat' dir='ltr'>onus</span> <span class='ocrx_word' id='word_1_594' title='bbox 2798 3347 2947 3407; x_wconf 93' lang='lat' dir='ltr'>illud</span> <span class='ocrx_word' id='word_1_595' title='bbox 2996 3351 3366 3414; x_wconf 87' lang='lat' dir='ltr'>solvendum</span> <span class='ocrx_word' id='word_1_596' title='bbox 3414 3375 3451 3416; x_wconf 91' lang='lat' dir='ltr'>a</span> 
     </span>
     <span class='ocr_line' id='line_1_94' title="bbox 1919 3435 3451 3517; baseline 0.01 -24"><span class='ocrx_word' id='word_1_597' title='bbox 1919 3435 2372 3495; x_wconf 85' lang='lat' dir='ltr'>mercatoribus</span> <span class='ocrx_word' id='word_1_598' title='bbox 2401 3435 2614 3512; x_wconf 91' lang='lat' dir='ltr'>laicis,</span> <span class='ocrx_word' id='word_1_599' title='bbox 2668 3442 2736 3499; x_wconf 88' lang='lat' dir='ltr'>ut</span> <span class='ocrx_word' id='word_1_600' title='bbox 2776 3439 2893 3517; x_wconf 87' lang='lat' dir='ltr'>ipsi</span> <span class='ocrx_word' id='word_1_601' title='bbox 2942 3443 3147 3504; x_wconf 87' lang='lat' dir='ltr'>carius</span> <span class='ocrx_word' id='word_1_602' title='bbox 3176 3446 3451 3509; x_wconf 88' lang='lat' dir='ltr'>vendant</span> 
     </span>
     <span class='ocr_line' id='line_1_95' title="bbox 1919 3528 3449 3612; baseline 0.009 -25"><span class='ocrx_word' id='word_1_603' title='bbox 1919 3528 2393 3602; x_wconf 79' lang='lat' dir='ltr'>ecclesiasticis3</span> <span class='ocrx_word' id='word_1_604' title='bbox 2448 3548 2641 3608; x_wconf 90' lang='lat' dir='ltr'>quare</span> <span class='ocrx_word' id='word_1_605' title='bbox 2671 3531 2844 3592; x_wconf 88' lang='lat' dir='ltr'>illam</span> <span class='ocrx_word' id='word_1_606' title='bbox 2871 3542 3159 3612; x_wconf 88' lang='lat' dir='ltr'>putarem</span> <span class='ocrx_word' id='word_1_607' title='bbox 3185 3557 3320 3599; x_wconf 88' lang='lat' dir='ltr'>esse</span> <span class='ocrx_word' id='word_1_608' title='bbox 3351 3540 3449 3600; x_wconf 90' lang='lat' dir='ltr'>in-</span> 
     </span>
     <span class='ocr_line' id='line_1_96' title="bbox 1919 3620 3450 3709; baseline 0.01 -30"><span class='ocrx_word' id='word_1_609' title='bbox 1919 3620 2223 3681; x_wconf 88' lang='lat' dir='ltr'>directam</span> <span class='ocrx_word' id='word_1_610' title='bbox 2250 3620 2571 3681; x_wconf 82' lang='lat' dir='ltr'>laesionem</span> <span class='ocrx_word' id='word_1_611' title='bbox 2591 3623 2974 3701; x_wconf 85' lang='lat' dir='ltr'>prohibitam</span> <span class='ocrx_word' id='word_1_612' title='bbox 3007 3627 3193 3709; x_wconf 86' lang='lat' dir='ltr'>hujus</span> <span class='ocrx_word' id='word_1_613' title='bbox 3222 3632 3450 3695; x_wconf 89' lang='lat' dir='ltr'>immn-</span> 
     </span>
     <span class='ocr_line' id='line_1_97' title="bbox 1919 3712 3451 3802; baseline 0.01 -30"><span class='ocrx_word' id='word_1_614' title='bbox 1919 3712 2151 3776; x_wconf 78' lang='lat' dir='ltr'>nitatis.</span> <span class='ocrx_word' id='word_1_615' title='bbox 2186 3715 2234 3773; x_wconf 78' lang='lat' dir='ltr'><strong>E</strong></span> <span class='ocrx_word' id='word_1_616' title='bbox 2265 3717 2482 3773; x_wconf 88' lang='lat' dir='ltr'>contra</span> <span class='ocrx_word' id='word_1_617' title='bbox 2510 3734 2659 3776; x_wconf 90' lang='lat' dir='ltr'>vero</span> <span class='ocrx_word' id='word_1_618' title='bbox 2695 3719 2948 3795; x_wconf 88' lang='lat' dir='ltr'>quando</span> <span class='ocrx_word' id='word_1_619' title='bbox 2996 3722 3285 3802; x_wconf 89' lang='lat' dir='ltr'>princeps</span> <span class='ocrx_word' id='word_1_620' title='bbox 3333 3726 3451 3786; x_wconf 89' lang='lat' dir='ltr'>im-</span> 
     </span>
     <span class='ocr_line' id='line_1_98' title="bbox 1918 3806 3451 3886; baseline 0.009 -20"><span class='ocrx_word' id='word_1_621' title='bbox 1918 3806 2096 3885; x_wconf 90' lang='lat' dir='ltr'>ponit</span> <span class='ocrx_word' id='word_1_622' title='bbox 2120 3806 2431 3884; x_wconf 86' lang='lat' dir='ltr'>gabellam</span> <span class='ocrx_word' id='word_1_623' title='bbox 2462 3806 2521 3865; x_wconf 93' lang='lat' dir='ltr'>in</span> <span class='ocrx_word' id='word_1_624' title='bbox 2565 3826 2797 3886; x_wconf 89' lang='lat' dir='ltr'>genere</span> <span class='ocrx_word' id='word_1_625' title='bbox 2828 3812 3230 3876; x_wconf 79' lang='lat' dir='ltr'>afferentibus</span> <span class='ocrx_word' id='word_1_626' title='bbox 3259 3818 3451 3880; x_wconf 88' lang='lat' dir='ltr'>libros</span> 
     </span>
     <span class='ocr_line' id='line_1_99' title="bbox 1918 3900 3449 3988; baseline 0.008 -28"><span class='ocrx_word' id='word_1_627' title='bbox 1918 3900 2095 3977; x_wconf 86' lang='lat' dir='ltr'>alios,</span> <span class='ocrx_word' id='word_1_628' title='bbox 2130 3918 2254 3960; x_wconf 88' lang='lat' dir='ltr'>non</span> <span class='ocrx_word' id='word_1_629' title='bbox 2292 3900 2694 3977; x_wconf 84' lang='lat' dir='ltr'>praesumitur</span> <span class='ocrx_word' id='word_1_630' title='bbox 2730 3902 2795 3962; x_wconf 92' lang='lat' dir='ltr'>id</span> <span class='ocrx_word' id='word_1_631' title='bbox 2841 3904 3047 3965; x_wconf 87' lang='lat' dir='ltr'>facere</span> <span class='ocrx_word' id='word_1_632' title='bbox 3076 3908 3155 3968; x_wconf 82' lang='lat' dir='ltr'>ad</span> <span class='ocrx_word' id='word_1_633' title='bbox 3185 3928 3449 3988; x_wconf 88' lang='lat' dir='ltr'>gravan-</span> 
     </span>
     <span class='ocr_line' id='line_1_100' title="bbox 1918 3993 3451 4079; baseline 0.009 -27"><span class='ocrx_word' id='word_1_634' title='bbox 1918 3993 2033 4055; x_wconf 89' lang='lat' dir='ltr'>dos</span> <span class='ocrx_word' id='word_1_635' title='bbox 2062 3993 2549 4071; x_wconf 78' lang='lat' dir='ltr'>ecclesiasticOS,</span> <span class='ocrx_word' id='word_1_636' title='bbox 2594 3994 2740 4056; x_wconf 90' lang='lat' dir='ltr'>licet</span> <span class='ocrx_word' id='word_1_637' title='bbox 2778 3995 2842 4056; x_wconf 89' lang='lat' dir='ltr'>hi</span> <span class='ocrx_word' id='word_1_638' title='bbox 2881 4005 3094 4061; x_wconf 91' lang='lat' dir='ltr'>emant</span> <span class='ocrx_word' id='word_1_639' title='bbox 3132 4007 3351 4079; x_wconf 88' lang='lat' dir='ltr'>postea</span> <span class='ocrx_word' id='word_1_640' title='bbox 3376 4006 3451 4066; x_wconf 89' lang='lat' dir='ltr'>li-</span> 
     </span>
     <span class='ocr_line' id='line_1_101' title="bbox 1917 4086 3450 4177; baseline 0.009 -30"><span class='ocrx_word' id='word_1_641' title='bbox 1917 4086 2064 4147; x_wconf 89' lang='lat' dir='ltr'>bros</span> <span class='ocrx_word' id='word_1_642' title='bbox 2094 4087 2233 4148; x_wconf 87' lang='lat' dir='ltr'>illos</span> <span class='ocrx_word' id='word_1_643' title='bbox 2262 4086 2560 4166; x_wconf 84' lang='lat' dir='ltr'>profanos</span> <span class='ocrx_word' id='word_1_644' title='bbox 2589 4088 2795 4151; x_wconf 88' lang='lat' dir='ltr'>carius</span> <span class='ocrx_word' id='word_1_645' title='bbox 2825 4091 2904 4151; x_wconf 92' lang='lat' dir='ltr'>ob</span> <span class='ocrx_word' id='word_1_646' title='bbox 2933 4093 3247 4171; x_wconf 90' lang='lat' dir='ltr'>gabellam</span> <span class='ocrx_word' id='word_1_647' title='bbox 3276 4099 3450 4177; x_wconf 90' lang='lat' dir='ltr'>prius</span> 
     </span>
     <span class='ocr_line' id='line_1_102' title="bbox 1918 4180 3449 4271; baseline 0.01 -32"><span class='ocrx_word' id='word_1_648' title='bbox 1918 4198 1956 4239; x_wconf 90' lang='lat' dir='ltr'>a</span> <span class='ocrx_word' id='word_1_649' title='bbox 2002 4180 2456 4241; x_wconf 86' lang='lat' dir='ltr'>mercatoribus</span> <span class='ocrx_word' id='word_1_650' title='bbox 2503 4181 2795 4244; x_wconf 87' lang='lat' dir='ltr'>solutam.</span> <span class='ocrx_word' id='word_1_651' title='bbox 2846 4185 3003 4244; x_wconf 90' lang='lat' dir='ltr'>Nam</span> <span class='ocrx_word' id='word_1_652' title='bbox 3058 4188 3254 4250; x_wconf 89' lang='lat' dir='ltr'>verba</span> <span class='ocrx_word' id='word_1_653' title='bbox 3293 4192 3449 4271; x_wconf 85' lang='lat' dir='ltr'>legis</span> 
     </span>
     <span class='ocr_line' id='line_1_103' title="bbox 1917 4273 3450 4357; baseline 0.008 -24"><span class='ocrx_word' id='word_1_654' title='bbox 1917 4291 2043 4335; x_wconf 91' lang='lat' dir='ltr'>non</span> <span class='ocrx_word' id='word_1_655' title='bbox 2075 4273 2414 4335; x_wconf 86' lang='lat' dir='ltr'>ostendunt</span> <span class='ocrx_word' id='word_1_656' title='bbox 2448 4273 2636 4334; x_wconf 86' lang='lat' dir='ltr'>talem</span> <span class='ocrx_word' id='word_1_657' title='bbox 2686 4275 3098 4340; x_wconf 87' lang='lat' dir='ltr'>intentionem</span> <span class='ocrx_word' id='word_1_658' title='bbox 3121 4328 3136 4357; x_wconf 90' lang='lat'>,</span> <span class='ocrx_word' id='word_1_659' title='bbox 3187 4302 3301 4344; x_wconf 90' lang='lat' dir='ltr'>nec</span> <span class='ocrx_word' id='word_1_660' title='bbox 3329 4286 3450 4347; x_wconf 84' lang='lat' dir='ltr'>for-</span> 
     </span>
     <span class='ocr_line' id='line_1_104' title="bbox 1915 4366 3450 4446; baseline 0.009 -20"><span class='ocrx_word' id='word_1_661' title='bbox 1915 4371 2080 4427; x_wconf 88' lang='lat' dir='ltr'>tasse</span> <span class='ocrx_word' id='word_1_662' title='bbox 2126 4366 2390 4446; x_wconf 90' lang='lat' dir='ltr'>principi</span> <span class='ocrx_word' id='word_1_663' title='bbox 2439 4366 2857 4429; x_wconf 83' lang='lat' dir='ltr'>ecclesiastico</span> <span class='ocrx_word' id='word_1_664' title='bbox 2908 4370 2970 4430; x_wconf 89' lang='lat' dir='ltr'>in</span> <span class='ocrx_word' id='word_1_665' title='bbox 3026 4379 3302 4437; x_wconf 89' lang='lat' dir='ltr'>mentem</span> <span class='ocrx_word' id='word_1_666' title='bbox 3346 4398 3450 4440; x_wconf 86' lang='lat' dir='ltr'>ve-</span> 
     </span>
     <span class='ocr_line' id='line_1_105' title="bbox 1917 4459 3448 4540; baseline 0.009 -21"><span class='ocrx_word' id='word_1_667' title='bbox 1917 4464 2182 4537; x_wconf 89' lang='lat' dir='ltr'>nerunt,</span> <span class='ocrx_word' id='word_1_668' title='bbox 2242 4459 2493 4539; x_wconf 88' lang='lat' dir='ltr'>quando</span> <span class='ocrx_word' id='word_1_669' title='bbox 2550 4459 2613 4519; x_wconf 93' lang='lat' dir='ltr'>id</span> <span class='ocrx_word' id='word_1_670' title='bbox 2664 4463 2979 4540; x_wconf 82' lang='lat' dir='ltr'>praecipit,</span> <span class='ocrx_word' id='word_1_671' title='bbox 3049 4467 3159 4527; x_wconf 91' lang='lat' dir='ltr'>sed</span> <span class='ocrx_word' id='word_1_672' title='bbox 3226 4471 3448 4533; x_wconf 88' lang='lat' dir='ltr'>eodem</span> 
     </span>
     <span class='ocr_line' id='line_1_106' title="bbox 1915 4552 3451 4631; baseline 0.01 -19"><span class='ocrx_word' id='word_1_673' title='bbox 1915 4553 2102 4614; x_wconf 87' lang='lat' dir='ltr'>modo</span> <span class='ocrx_word' id='word_1_674' title='bbox 2136 4553 2540 4631; x_wconf 81' lang='lat' dir='ltr'>praeciperet,</span> <span class='ocrx_word' id='word_1_675' title='bbox 2573 4552 2719 4615; x_wconf 87' lang='lat' dir='ltr'>licet</span> <span class='ocrx_word' id='word_1_676' title='bbox 2745 4555 3147 4620; x_wconf 86' lang='lat' dir='ltr'>ecclesiastici</span> <span class='ocrx_word' id='word_1_677' title='bbox 3176 4563 3326 4623; x_wconf 90' lang='lat' dir='ltr'>nulli</span> <span class='ocrx_word' id='word_1_678' title='bbox 3357 4584 3451 4626; x_wconf 86' lang='lat' dir='ltr'>es-</span> 
     </span>
     <span class='ocr_line' id='line_1_107' title="bbox 1915 4651 2690 4707; baseline -0.001 -1"><span class='ocrx_word' id='word_1_679' title='bbox 1915 4651 2073 4707; x_wconf 88' lang='lat' dir='ltr'>sent.</span> <span class='ocrx_word' id='word_1_680' title='bbox 2677 4695 2690 4705; x_wconf 86' lang='lat'><strong>.</strong></span> 
     </span>
    </p>

    <p class='ocr_par' dir='ltr' id='par_1_12' title="bbox 1916 4737 3452 5564">
     <span class='ocr_line' id='line_1_108' title="bbox 1997 4737 3448 4822; baseline 0.008 -23"><span class='ocrx_word' id='word_1_681' title='bbox 1997 4737 2200 4799; x_wconf 81' lang='lat' dir='ltr'>Insere</span> <span class='ocrx_word' id='word_1_682' title='bbox 2230 4737 2529 4815; x_wconf 83' lang='lat' dir='ltr'>secundo,</span> <span class='ocrx_word' id='word_1_683' title='bbox 2566 4740 2816 4818; x_wconf 89' lang='lat' dir='ltr'>quando</span> <span class='ocrx_word' id='word_1_684' title='bbox 2833 4741 2897 4800; x_wconf 92' lang='lat' dir='ltr'>in</span> <span class='ocrx_word' id='word_1_685' title='bbox 2915 4748 3156 4822; x_wconf 88' lang='lat' dir='ltr'>senatu,</span> <span class='ocrx_word' id='word_1_686' title='bbox 3182 4748 3279 4808; x_wconf 82' lang='lat' dir='ltr'>vel</span> <span class='ocrx_word' id='word_1_687' title='bbox 3304 4767 3448 4812; x_wconf 88' lang='lat' dir='ltr'>con·</span> 
     </span>
     <span class='ocr_line' id='line_1_109' title="bbox 1918 4830 3449 4923; baseline 0.01 -33"><span class='ocrx_word' id='word_1_688' title='bbox 1918 4830 2054 4891; x_wconf 88' lang='lat' dir='ltr'>silio</span> <span class='ocrx_word' id='word_1_689' title='bbox 2086 4830 2384 4908; x_wconf 89' lang='lat' dir='ltr'>principis</span> <span class='ocrx_word' id='word_1_690' title='bbox 2415 4832 2623 4909; x_wconf 86' lang='lat' dir='ltr'>agitur</span> <span class='ocrx_word' id='word_1_691' title='bbox 2651 4832 2728 4893; x_wconf 93' lang='lat' dir='ltr'>de</span> <span class='ocrx_word' id='word_1_692' title='bbox 2760 4833 2991 4897; x_wconf 88' lang='lat' dir='ltr'>tributo</span> <span class='ocrx_word' id='word_1_693' title='bbox 3020 4838 3229 4918; x_wconf 90' lang='lat' dir='ltr'>aliquo</span> <span class='ocrx_word' id='word_1_694' title='bbox 3249 4841 3449 4923; x_wconf 89' lang='lat' dir='ltr'>impo-</span> 
     </span>
     <span class='ocr_line' id='line_1_110' title="bbox 1920 4924 3448 5010; baseline 0.011 -28"><span class='ocrx_word' id='word_1_695' title='bbox 1920 4924 2149 5000; x_wconf 88' lang='lat' dir='ltr'>nendo,</span> <span class='ocrx_word' id='word_1_696' title='bbox 2184 4927 2245 4984; x_wconf 89' lang='lat' dir='ltr'>et</span> <span class='ocrx_word' id='word_1_697' title='bbox 2266 4942 2387 4983; x_wconf 91' lang='lat' dir='ltr'>non</span> <span class='ocrx_word' id='word_1_698' title='bbox 2419 4924 2675 4986; x_wconf 86' lang='lat' dir='ltr'>obtenta</span> <span class='ocrx_word' id='word_1_699' title='bbox 2703 4927 3035 5006; x_wconf 89' lang='lat' dir='ltr'>facultate,</span> <span class='ocrx_word' id='word_1_700' title='bbox 3070 4938 3258 5010; x_wconf 91' lang='lat' dir='ltr'>prout</span> <span class='ocrx_word' id='word_1_701' title='bbox 3283 4937 3448 4998; x_wconf 87' lang='lat' dir='ltr'>vole-</span> 
     </span>
     <span class='ocr_line' id='line_1_111' title="bbox 1918 5016 3450 5103; baseline 0.008 -25"><span class='ocrx_word' id='word_1_702' title='bbox 1918 5018 2090 5092; x_wconf 89' lang='lat' dir='ltr'>bant,</span> <span class='ocrx_word' id='word_1_703' title='bbox 2145 5017 2224 5076; x_wconf 90' lang='lat' dir='ltr'>ad</span> <span class='ocrx_word' id='word_1_704' title='bbox 2278 5016 2656 5092; x_wconf 78' lang='lat' dir='ltr'>exigendum</span> <span class='ocrx_word' id='word_1_705' title='bbox 2685 5038 2723 5080; x_wconf 88' lang='lat' dir='ltr'>a</span> <span class='ocrx_word' id='word_1_706' title='bbox 2752 5021 3030 5099; x_wconf 89' lang='lat' dir='ltr'>clericis,</span> <span class='ocrx_word' id='word_1_707' title='bbox 3084 5033 3450 5103; x_wconf 60' lang='lat' dir='ltr'>quaeruntur</span> 
     </span>
     <span class='ocr_line' id='line_1_112' title="bbox 1920 5109 3449 5192; baseline 0.008 -22"><span class='ocrx_word' id='word_1_708' title='bbox 1920 5110 2042 5170; x_wconf 89' lang='lat' dir='ltr'>alia</span> <span class='ocrx_word' id='word_1_709' title='bbox 2069 5109 2300 5185; x_wconf 90' lang='lat' dir='ltr'>media,</span> <span class='ocrx_word' id='word_1_710' title='bbox 2338 5110 2565 5189; x_wconf 88' lang='lat' dir='ltr'>quibus</span> <span class='ocrx_word' id='word_1_711' title='bbox 2595 5111 2714 5171; x_wconf 92' lang='lat' dir='ltr'>hoc</span> <span class='ocrx_word' id='word_1_712' title='bbox 2744 5112 2949 5192; x_wconf 87' lang='lat' dir='ltr'>ipsum</span> <span class='ocrx_word' id='word_1_713' title='bbox 2977 5113 3041 5175; x_wconf 91' lang='lat' dir='ltr'>in</span> <span class='ocrx_word' id='word_1_714' title='bbox 3070 5134 3137 5176; x_wconf 88' lang='lat' dir='ltr'>re</span> <span class='ocrx_word' id='word_1_715' title='bbox 3167 5119 3449 5182; x_wconf 90' lang='lat' dir='ltr'>obtinea-</span> 
     </span>
     <span class='ocr_line' id='line_1_113' title="bbox 1916 5202 3450 5293; baseline 0.007 -28"><span class='ocrx_word' id='word_1_716' title='bbox 1916 5207 2039 5278; x_wconf 92' lang='lat' dir='ltr'>tur,</span> <span class='ocrx_word' id='word_1_717' title='bbox 2074 5221 2133 5263; x_wconf 90' lang='lat' dir='ltr'>v.</span> <span class='ocrx_word' id='word_1_718' title='bbox 2169 5220 2262 5280; x_wconf 87' lang='lat' dir='ltr'>gr.</span> <span class='ocrx_word' id='word_1_719' title='bbox 2298 5202 2604 5281; x_wconf 88' lang='lat' dir='ltr'>agebatur</span> <span class='ocrx_word' id='word_1_720' title='bbox 2632 5204 2708 5264; x_wconf 91' lang='lat' dir='ltr'>de</span> <span class='ocrx_word' id='word_1_721' title='bbox 2739 5205 3120 5286; x_wconf 89' lang='lat' dir='ltr'>imponenda</span> <span class='ocrx_word' id='word_1_722' title='bbox 3149 5229 3311 5272; x_wconf 89' lang='lat' dir='ltr'>nova</span> <span class='ocrx_word' id='word_1_723' title='bbox 3337 5233 3450 5293; x_wconf 87' lang='lat' dir='ltr'>ga-</span> 
     </span>
     <span class='ocr_line' id='line_1_114' title="bbox 1917 5294 3448 5378; baseline 0.007 -21"><span class='ocrx_word' id='word_1_724' title='bbox 1917 5295 2085 5357; x_wconf 91' lang='lat' dir='ltr'>bella</span> <span class='ocrx_word' id='word_1_725' title='bbox 2112 5294 2348 5356; x_wconf 62' lang='lat' dir='ltr'>chartae</span> <span class='ocrx_word' id='word_1_726' title='bbox 2372 5297 2779 5375; x_wconf 63' lang='lat' dir='ltr'>emptoribus»,</span> <span class='ocrx_word' id='word_1_727' title='bbox 2803 5317 3005 5378; x_wconf 16' lang='lat' dir='ltr'>*quam</span> <span class='ocrx_word' id='word_1_728' title='bbox 3023 5320 3240 5364; x_wconf 89' lang='lat' dir='ltr'>omnes</span> <span class='ocrx_word' id='word_1_729' title='bbox 3261 5306 3448 5368; x_wconf 90' lang='lat' dir='ltr'>etiam</span> 
     </span>
     <span class='ocr_line' id='line_1_115' title="bbox 1919 5387 3451 5472; baseline 0.007 -22"><span class='ocrx_word' id='word_1_730' title='bbox 1919 5387 2324 5451; x_wconf 84' lang='lat' dir='ltr'>ecclesiastici</span> <span class='ocrx_word' id='word_1_731' title='bbox 2370 5389 2704 5467; x_wconf 85' lang='lat' dir='ltr'>solverent,</span> <span class='ocrx_word' id='word_1_732' title='bbox 2761 5409 2883 5451; x_wconf 91' lang='lat' dir='ltr'>non</span> <span class='ocrx_word' id='word_1_733' title='bbox 2933 5395 3137 5472; x_wconf 88' lang='lat' dir='ltr'>potuit</span> <span class='ocrx_word' id='word_1_734' title='bbox 3181 5398 3451 5462; x_wconf 88' lang='lat' dir='ltr'>obtineri</span> 
     </span>
     <span class='ocr_line' id='line_1_116' title="bbox 1921 5481 3452 5564; baseline 0.009 -21"><span class='ocrx_word' id='word_1_735' title='bbox 1921 5482 2183 5544; x_wconf 84' lang='lat' dir='ltr'>facultas</span> <span class='ocrx_word' id='word_1_736' title='bbox 2211 5481 2292 5542; x_wconf 88' lang='lat' dir='ltr'>ad</span> <span class='ocrx_word' id='word_1_737' title='bbox 2323 5482 2640 5562; x_wconf 87' lang='lat' dir='ltr'>cogendos</span> <span class='ocrx_word' id='word_1_738' title='bbox 2670 5485 3162 5564; x_wconf 87' lang='lat' dir='ltr'>ecclesiast-icos;</span> <span class='ocrx_word' id='word_1_739' title='bbox 3205 5495 3354 5555; x_wconf 87' lang='lat' dir='ltr'>tunc</span> <span class='ocrx_word' id='word_1_740' title='bbox 3382 5498 3452 5557; x_wconf 90' lang='lat' dir='ltr'>ut</span> 
     </span>
    </p>
   </div>
   <div class='ocr_carea' id='block_1_9' title="bbox 3492 553 3785 654">
    <p class='ocr_par' dir='ltr' id='par_1_13' title="bbox 3492 553 3785 654">
     <span class='ocr_line' id='line_1_117' title="bbox 3515 553 3765 609; baseline 0.016 -15"><span class='ocrx_word' id='word_1_741' title='bbox 3515 553 3612 595; x_wconf 77' lang='lat' dir='ltr'>dere</span> <span class='ocrx_word' id='word_1_742' title='bbox 3630 561 3765 609; x_wconf 72' lang='lat' dir='ltr'>potest</span> 
     </span>
     <span class='ocr_line' id='line_1_118' title="bbox 3492 607 3785 654; baseline 0.02 -6"><span class='ocrx_word' id='word_1_743' title='bbox 3492 607 3542 649; x_wconf 78' lang='lat' dir='ltr'>ab</span> <span class='ocrx_word' id='word_1_744' title='bbox 3560 610 3785 654; x_wconf 80' lang='lat' dir='ltr'>intentione</span> 
     </span>
    </p>
   </div>
   <div class='ocr_carea' id='block_1_10' title="bbox 3597 4783 3713 4844">
    <p class='ocr_par' dir='ltr' id='par_1_14' title="bbox 3597 4783 3713 4844">
     <span class='ocr_line' id='line_1_119' title="bbox 3597 4783 3713 4844; baseline 0.026 -3"><span class='ocrx_word' id='word_1_745' title='bbox 3597 4783 3713 4844; x_wconf 76' lang='lat'>138</span> 
     </span>
    </p>
   </div>
   <div class='ocr_carea' id='block_1_11' title="bbox 3498 4909 3795 5172">
    <p class='ocr_par' dir='ltr' id='par_1_15' title="bbox 3498 4909 3795 5172">
     <span class='ocr_line' id='line_1_120' title="bbox 3498 4909 3795 4953; baseline 0.007 -2"><span class='ocrx_word' id='word_1_746' title='bbox 3498 4909 3558 4952; x_wconf 81' lang='lat' dir='ltr'>De</span> <span class='ocrx_word' id='word_1_747' title='bbox 3591 4911 3795 4953; x_wconf 76' lang='lat' dir='ltr'>senatori·</span> 
     </span>
     <span class='ocr_line' id='line_1_121' title="bbox 3498 4962 3790 5006; baseline 0.007 -2"><span class='ocrx_word' id='word_1_748' title='bbox 3498 4962 3574 5005; x_wconf 74' lang='lat' dir='ltr'>bns</span> <span class='ocrx_word' id='word_1_749' title='bbox 3592 4966 3790 5006; x_wconf 75' lang='lat' dir='ltr'>mutanti-</span> 
     </span>
     <span class='ocr_line' id='line_1_122' title="bbox 3524 5017 3764 5062; baseline 0.017 -4"><span class='ocrx_word' id='word_1_750' title='bbox 3524 5017 3600 5059; x_wconf 85' lang='lat' dir='ltr'>bus</span> <span class='ocrx_word' id='word_1_751' title='bbox 3619 5018 3764 5062; x_wconf 74' lang='lat' dir='ltr'>faciem</span> 
     </span>
     <span class='ocr_line' id='line_1_123' title="bbox 3523 5071 3763 5116; baseline 0.017 -4"><span class='ocrx_word' id='word_1_752' title='bbox 3523 5071 3663 5115; x_wconf 75' lang='lat' dir='ltr'>tributi</span> <span class='ocrx_word' id='word_1_753' title='bbox 3688 5075 3763 5116; x_wconf 72' lang='lat' dir='ltr'>hae</span> 
     </span>
     <span class='ocr_line' id='line_1_124' title="bbox 3523 5125 3766 5172; baseline 0.016 -4"><span class='ocrx_word' id='word_1_754' title='bbox 3523 5125 3766 5172; x_wconf 76' lang='lat' dir='ltr'>intentione.</span> 
     </span>
    </p>
   </div>
  </div>
 </body>
</html>
