4263 6376
718 896 793 955 16

596 1021 881 1078 Respondetur
943 988 1171 1046 cuntur
1200 986 1280 1046 ad
1309 1004 1528 1063 unum,
1583 986 1751 1065 quod
1795 986 2031 1047 scilicet
2057 986 2255 1066 judex
2286 986 2477 1047 habet

612 1076 876 1173 Mdssgem
940 1079 1318 1155 potestatem
1362 1078 1655 1157 exigendi
1692 1078 2123 1157 juramentum
2172 1096 2209 1138 a
2238 1097 2368 1155 reo,
2415 1083 2478 1140 et

636 1180 856 1225 contraria.

929 439 1048 499 774

935 617 1063 676 tem
1091 613 1418 676 imminere
1459 631 1534 674 ex·
1581 632 1692 676 suo
1731 613 2110 677 testimonio,
2173 617 2321 675 Haec
2371 629 2475 675 ar-

938 712 1241 787 gumenta
1271 705 1509 769 faciunt
1536 707 1694 767 mihi
1745 708 1906 769 hanc
1955 713 2199 787 partem
2246 708 2471 770 stando

941 801 1004 860 in
1033 802 1277 861 ratione
1307 802 1500 863 multo
1524 801 2033 880 probabiliorem.

1022 893 1458 954 Fundamenta
1485 894 1704 974 primae
1752 894 2076 955 sententia}
2121 894 2252 954 fere
2283 893 2476 955 redu—

941 1168 1215 1248 legitime
1245 1189 1424 1231 reum
1452 1171 1829 1250 interrogat;
1865 1190 2013 1250 ergo
2045 1190 2189 1232 reus
2219 1177 2472 1234 tenetur

942 1261 997 1322 ei
1028 1263 1408 1341 respondere
1455 1281 1470 1328 t
1522 1263 1801 1343 alioquin
1831 1264 2089 1325 daretur
2116 1264 2351 1325 bellum
2374 1264 2478 1344 ju-

942 1358 1109 1416 stum
1139 1373 1213 1415 ex
1238 1362 1504 1437 utraque
1535 1362 1733 1436 parte,
1783 1356 1833 1417 si
1858 1356 2072 1435 judice
2096 1356 2266 1436 juste
2295 1363 2359 1419 et
2384 1356 2474 1416 le-

940 1448 1156 1527 gitime
1188 1453 1637 1529 interrogante,
1689 1465 1837 1511 reus
1878 1450 2047 1529 juste
2095 1455 2305 1530 posset
2352 1468 2478 1512 non

940 1542 1343 1622 respondere.
1421 1544 1858 1623 Respondetur
1879 1589 1894 1619 ,
1961 1542 2241 1623 judicem
2295 1562 2477 1623 posse

942 1634 1224 1714 obligare
1254 1655 1397 1697 eum
1427 1637 1508 1697 ad
1538 1636 2053 1716 respondendum
2087 1654 2100 1696 ε

1023 1729 1231 1789 Primo
1262 1729 1326 1789 in
1370 1730 1596 1806 causis,
1657 1730 1762 1790 ubi
1811 1747 1936 1789 non
1992 1734 2088 1791 est
2131 1731 2477 1810 periculum

940 1820 1099 1883 tanti
1131 1817 1369 1900 damni,
1402 1827 1470 1883 ut
1500 1821 1802 1898 (1100111115,

1023 1914 1314 1976 Secundo
1358 1913 1421 1974 in
1454 1914 1745 1975 omnibus
1775 1915 1986 1991 etiam,
2039 1914 2292 1995 quando
2324 1915 2478 1976 deli-

943 2014 1114 2070 ctum
1143 2012 1237 2069 est
1266 2008 1601 2087 probatum
1632 2008 1833 2086 plene,
1885 2009 1984 2068 vel
2015 2026 2159 2069 reus
2189 2009 2305 2070 scit
2333 2027 2476 2088 pro-

941 2101 1244 2178 bandum,
1277 2104 1339 2162 et
1369 2119 1492 2161 non
1523 2100 1890 2179 fugiendam
1918 2115 2194 2180 poenam.

1024 2193 1257 2270 Terti0,
1310 2194 1500 2255 ctiam
1530 2192 1590 2253 in
1620 2193 1759 2254 aliis
1786 2194 2034 2255 casibus
2064 2213 2189 2255 non
2221 2194 2478 2274 quidem

943 2285 1281 2364 obligando
1313 2287 1393 2346 ad
1422 2288 1692 2366 culpam,
1757 2287 1866 2347 sed
1896 2288 1975 2347 ad
2013 2292 2344 2365 torturam,
2409 2292 2479 2349 ut

945 2378 1208 2457 scilicet,
1262 2379 1311 2440 si
1342 2397 1486 2440 reus
1534 2398 1660 2441 non
1705 2380 1840 2442 vult
1867 2380 2129 2460 experiri
2169 2385 2507 2455 tormenta·

944 2472 1185 2551 gravia,
1236 2472 1505 2533 fateatur
1532 2473 1772 2533 crimen
1819 2490 2022 2533 suum.
2085 2473 2261 2535 Sicut
2289 2474 2479 2535 etiam

938 2564 1136 2645 judex
1165 2564 1403 2643 obligat
1438 2583 1621 2626 reum
1675 2565 1755 2625 ad
1803 2564 2192 2626 manendum
2239 2566 2301 2625 in
2343 2584 2480 2626 car-

947 2673 1112 2734 cere,
1147 2657 1252 2737 qui
1283 2663 1494 2719 tamen
1516 2663 1722 2737 potest
1732 2658 1899 2738 juste
1928 2658 2181 2736 sugere3
2219 2658 2475 2737 obligat,

946 2751 1229 2830 inquam,
1261 2751 1378 2812 suh
1408 2769 1597 2832 poena
1624 2751 1953 2812 subeunda
1981 2751 2029 2810 si
2060 2751 2261 2829 fugiat
2307 2772 2321 2812 :
2374 2752 2481 2811 de-

947 2843 1137 2924 nique
1167 2845 1359 2924 exigit
1388 2864 1422 2905 a
1451 2864 1559 2906 reo
1589 2845 2043 2906 confessionem
2074 2845 2374 2922 criminis,
2412 2850 2481 2906 ut

945 2937 1260 2998 mitiorem
1276 2944 1493 3017 postea
1507 2939 1780 3018 patiatur
1797 2938 2169 2999 sententiam
2189 2958 2204 3011 ;
2231 2955 2481 3018 aequum

950 3030 1120 3090 enim
1149 3034 1244 3092 est
1272 3029 1441 3109 quod
1492 3032 1813 3109 graviores
1840 3050 2060 3110 poenas
2111 3031 2333 3092 subeat
2375 3032 2483 3111 qui

950 3123 1206 3202 negavit
1231 3123 1491 3199 crimen,
1545 3140 1733 3203 quam
1764 3123 1868 3204 qui
1911 3129 2133 3204 sponte
2163 3123 2482 3186 confessus

948 3216 1235 3295 agnoscit
1260 3235 1441 3277 suam
1469 3216 1740 3294 culpam.

1031 3309 1259 3371 Dicunt
1308 3328 1567 3388 vergere
1616 3310 1677 3370 in
1725 3310 2068 3372 maximum
2124 3311 2483 3390 reipublicae

951 3404 1277 3480 damnum,
1310 3402 1360 3463 si
1383 3402 1580 3482 judex
1608 3421 1732 3463 non
1764 3403 1960 3483 possit
1990 3403 2273 3483 obligare
2304 3423 2483 3465 reum

953 3496 1033 3555 ad
1081 3496 1406 3558 fatendum
1455 3496 1692 3556 crimen
1739 3496 2037 3575 capitale;
2095 3498 2485 3559 strictissima

954 3589 1119 3649 enim
1148 3593 1431 3651 maneret
1458 3589 1559 3650 via
1587 3590 1669 3651 ad
1699 3590 2052 3669 detegenda
2081 3594 2144 3650 et
2165 3591 2484 3669 punienda

952 3681 1181 3744 delicta
1214 3728 1229 3759 ,
1302 3686 1589 3762 essetque
1649 3683 2000 3762 respublica
2078 3684 2484 3745 atrocissimis

952 3776 1139 3855 plena
1167 3774 1448 3849 delictis;
1503 3794 1652 3854 ergo
1676 3776 1874 3855 judex
1903 3776 2094 3837 habet
2130 3778 2237 3855 jus
2269 3777 2345 3836 ad
2378 3776 2489 3836 im-

953 3868 1266 3947 pedienda
1296 3886 1368 3928 ea
1390 3869 1577 3944 mala,
1611 3873 1673 3930 et
1693 3885 1805 3947 per
1822 3884 2213 3948 consequens
2234 3870 2314 3929 ad
2336 3869 2487 3929 obli-

954 3962 1234 4040 gandum
1261 3980 1460 4037 reum,
1496 3965 1563 4022 ut
1592 3961 1881 4023 fateatur.
1930 3962 2322 4040 Respondeo,
2359 3976 2486 4023 non

955 4057 1324 4133 sequeretur
1377 4054 1580 4133 majus
1634 4054 1995 4134 reipublicae
2066 4055 2370 4116 damnum
2422 4056 2486 4116 in

954 4166 1080 4208 uno
1111 4165 1280 4224 casu,
1333 4163 1521 4227 quam
1552 4147 1615 4209 in
1647 4148 1803 4221 alio;
1856 4149 1917 4207 in
1947 4152 2169 4210 neutro
2202 4148 2368 4208 enim
2397 4149 2488 4209 rei

957 4242 1405 4302 confiterentur
1429 4258 1443 4306 :
1468 4247 1536 4302 ut
1554 4245 1798 4302 constat
1827 4240 2244 4320 experientia;
2272 4258 2487 4320 quam-

956 4332 1050 4393 vis
1080 4332 1245 4392 enim
1275 4334 1624 4394 communis
1672 4333 1983 4393 sententia
2029 4332 2262 4411 obliget
2290 4352 2395 4394 eos
2424 4330 2484 4392 in

957 4424 1337 4487 conscientia
1365 4425 1445 4485 ad
1475 4425 1899 4487 confitendum
1958 4446 1971 4487 :
2029 4427 2131 4486 vix
2173 4425 2488 4487 invenitur

958 4518 1181 4598 aliquis
1212 4518 1315 4598 qui
1347 4519 1721 4579 confiteatur
1750 4518 1864 4578 nisi
1893 4518 2118 4580 timore
2149 4522 2492 4579 tormento-

952 4630 1119 4688 rum,
1153 4616 1216 4672 et
1241 4616 1519 4673 torturae.
1557 4611 1713 4671 Illud
1745 4630 1894 4690 ergo
1924 4611 2283 4690 reipublicae
2315 4613 2488 4672 dam-

958 4723 1110 4765 num
1138 4705 1360 4767 melius
1389 4704 1731 4785 impeditur
1759 4704 1966 4765 dando
1990 4704 2187 4783 judici
2218 4709 2487 4783 potesta-

955 4803 1084 4861 tem
1101 4798 1182 4858 ad
1198 4800 1652 4879 exquirendam
1666 4798 1993 4859 veritatem
2010 4815 2122 4876 per
2137 4803 2451 4859 tormenta
2468 4818 2482 4873 ;

957 4910 1148 4972 quam
1177 4910 1290 4971 per
1318 4891 1767 4971 obligationem
1798 4891 2220 4952 conscientiae.

1036 4986 1254 5059 Dices3
1288 4986 1337 5047 si
1361 4985 1556 5064 judex
1587 4990 1792 5065 potest
1817 4989 2112 5062 torquere
2142 5001 2319 5044 reum
2349 4987 2490 5063 post

957 5077 1367 5157 semiplenam
1389 5076 1822 5158 probationem
1849 5096 1863 5136 ε
1900 5094 2048 5154 ergo
2070 5080 2279 5155 potest
2298 5077 2487 5137 etiam

957 5172 1236 5250 obligare
1291 5175 1362 5233 ut
1414 5171 1793 5250 respondeat
1849 5189 1867 5231 ε
1925 5166 2204 5249 alioquin
2261 5170 2487 5249 injuste

955 5268 1208 5345 torquet
1247 5283 1412 5341 eum,
1465 5266 1574 5344 qui
1616 5283 1741 5325 non
1784 5267 2033 5325 tenetur
2079 5264 2482 5342 respondere.

957 5359 1394 5438 Respondetur
1437 5358 1727 5437 negando
1774 5358 2116 5436 sequelam,
2171 5356 2317 5437 quia
2361 5361 2489 5418 tor-

957 5458 1100 5515 tura
1128 5471 1252 5513 non
1283 5457 1378 5513 est
1403 5453 1468 5513 in
1499 5469 1776 5530 poenam,
1828 5469 1900 5511 eo
1935 5450 2102 5531 quod
2134 5469 2256 5510 non
2289 5451 2486 5511 confi-

957 5550 1163 5607 teatur
1209 5566 1223 5607 :
1269 5564 1416 5606 nam
1442 5545 1492 5605 si
1524 5545 1803 5607 nondum
1834 5548 2078 5606 constat
2103 5544 2272 5623 quod
2303 5548 2488 5622 neget

957 5638 1308 5717 veritatem,
1359 5639 1677 5719 quomodo
1707 5642 1912 5716 potest
1940 5657 2016 5699 ea
2043 5637 2121 5698 de
2154 5656 2344 5699 causa
2372 5656 2488 5721 pu-

2573 2770 2719 2812 reus
2746 2757 2991 2814 tenetur
3006 2753 3187 2814 fateri
3217 2755 3578 2831 veritatem,
3614 2757 3721 2815 vel
3758 2756 4081 2815 universal}

2134 438 2237 499 DE
2279 435 2634 500 JUSTITIA
2678 437 2778 498 ΕΤ
2821 437 3020 500 JURE

2571 615 2737 675 niri?
2790 615 2901 676 sed
2932 620 3024 676 est
3051 616 3335 676 medium
3382 617 3620 677 licitum
3670 621 3735 677 et
3773 618 3909 696 jure
3949 635 4060 695 gea-

2571 708 2728 768 tium
2762 707 3187 769 introductum
3219 709 3304 769 ad
3348 710 3858 788 investigandam
3885 710 4060 768 verita-

2570 804 2721 877 tem,
2757 801 2920 861 sicut
2947 819 3161 861 carcer
3189 801 3442 863 sti-ictus
3471 804 3551 862 ad
3582 804 3954 864 custodiam.
3984 804 4065 864 Ju-

2573 893 2692 953 dex
2722 911 2871 972 ergo
2904 893 3145 954 ratione
3194 895 3293 954 sui
3321 895 3601 955 muneris
3648 896 3847 955 habet
3874 898 3965 974 jus
3988 913 4067 953 ex·

2573 986 2863 1066 quirendi
2893 988 3223 1048 veritatem
3254 1006 3369 1066 per
3399 989 3503 1047 illa
3529 989 3770 1064 media,
3823 989 3964 1049 sicut
3986 1005 4069 1067 po-

2572 1084 2695 1141 test
2723 1079 2932 1141 stricte
2981 1080 3300 1141 custodire
3347 1100 3527 1141 reum
3554 1083 3621 1140 in
3651 1099 3941 1150 carcere3
3988 1082 4066 1140 ad-

2574 1172 2698 1232 huc
2726 1175 2936 1233 tamen
2964 1192 3106 1233 reus
3137 1174 3370 1235 retinet
3405 1174 3513 1254 jus
3560 1176 3855 1235 naturale
3902 1174 3969 1233 ad
3992 1175 4065 1234 fu·

2575 1265 2877 1344 giendum
2896 1283 2969 1326 ex
2992 1283 3266 1339 carcere,
3291 1266 3447 1327 etad
3467 1268 3778 1329 tuendum
3800 1268 4071 1347 proprium

2576 1358 2832 1434 crimen,
2868 1359 2916 1418 si
2949 1358 3181 1420 habeat
3207 1361 3373 1420 vires
3403 1361 3752 1440 superandi
3787 1367 4066 1421 torturam.

2574 1450 2805 1511 Addidi
2834 1455 3066 1528 tamen,
3101 1470 3279 1512 reum
3310 1453 3581 1532 obligari
3606 1454 3802 1515 etiam
3838 1454 3943 1513 sub
3969 1473 4073 1533 pec·

2576 1549 2739 1620 cat0,
2792 1545 3042 1624 quando
3076 1538 3380 1606 damnum
3412 1545 3581 1626 quod
3617 1545 3825 1622 timet,
3876 1565 4074 1606 nonas·

2575 1640 2669 1698 set
2698 1638 2853 1699 tanti
2880 1639 3207 1715 momenti,
3261 1640 3413 1719 quia
3442 1640 3622 1719 leges
3653 1641 3945 1701 humanae
3968 1659 4075 1719 μω

2574 1735 2719 1791 sunt
2760 1730 3040 1810 obligare
3090 1732 3467 1810 regulariter
3509 1734 3594 1794 ad
3644 1734 3905 1813 aliquod
3946 1733 4077 1793 dam·

2577 1842 2727 1884 num
2759 1822 3155 1884 subeundum
3211 1845 3223 1886 :
3279 1828 3340 1886 et
3391 1826 3659 1905 quidem
3691 1827 3773 1886 ad
3804 1827 4077 1886 incolumi-

2578 1920 2772 1977 tatem
2822 1916 3182 1995 reipublicae
3229 1921 3590 1980 necessaria
3644 1925 3743 1982 est
3792 1920 3922 1979 haec
3950 1927 4078 1997 pote—

2578 2013 2702 2070 stas
2733 2009 2795 2068 in
2846 2010 3084 2089 judice,
3134 2028 3281 2070 nam
3312 2029 3428 2089 pro
3480 2013 3808 2091 ejusmodi
3858 2013 4079 2072 crimini-

2574 2104 2692 2163 bus
2720 2122 2844 2163 non
2875 2103 3055 2164 facile
3103 2107 3368 2183 possunt
3407 2105 3499 2164 rei
3549 2105 3789 2184 subjici
3838 2111 4076 2172 toi-turm

2577 2215 2768 2275 quaro
2800 2195 2848 2255 si
2879 2215 3022 2256 reus
3050 2215 3175 2256 non
3206 2196 3605 2275 obligaretur
3629 2198 3715 2257 ad
3752 2197 4081 2277 responden-

2577 2288 2748 2365 dum,
2802 2288 3072 2349 difficilis
3099 2295 3389 2350 maneret
3426 2291 3681 2368 punitio
3730 2291 3942 2351 talium
3966 2290 4082 2348 deli-

2575 2386 2842 2455 ctorum,
2897 2401 3037 2462 quae
3093 2382 3329 2443 idcirco
3356 2383 3938 2461 multiplicarentur
3976 2401 4081 2442 cum

2577 2474 2848 2534 maximo
2907 2474 3267 2554 reipublicae
3325 2475 3742 2537 detrimento⁸
3821 2478 3927 2537 nis
3972 2494 4081 2552 ergo

2577 2566 2939 2644 suppositiS.

2658 2660 2990 2720 Dubitatur
3019 2660 3307 2738 septimo,
3340 2660 3506 2721 iniis
3524 2662 3789 2722 casibus
3818 2664 3882 2721 in
3909 2663 4082 2742 quibus

2576 2851 2673 2907 ter
2704 2847 2769 2906 in
2831 2847 3120 2906 omnibus
3168 2849 3493 2927 sequendo
3556 2850 3839 2927 primam
3893 2813 4155 2909 senten-23

2578 2940 2769 3013 tiam3
2805 2957 2883 2999 an
2930 2939 3031 2999 ille
3061 2939 3166 3018 qui
3225 2941 3420 3001 semel
3482 2941 3662 3001 illam
3724 2945 3988 3021 negavit,
4025 2947 4085 3003 te-
4118 2931 4155 3011 ’ξ

2578 3036 2801 3093 neatur
2827 3038 3047 3112 postea
3075 3033 3265 3092 ctiam
3324 3051 3449 3094 non
3509 3033 3941 3113 interrogatus
3986 3053 4087 3094 eam
4152 3039 4155 3060 ³

2580 3126 2861 3187 confiteri
2892 3126 3290 3187 retractando
3324 3126 3496 3206 quod
3536 3127 3845 3188 dixerat?
3873 3131 3954 3188 De
4001 3128 4081 3185 hat

2579 3219 2771 3279 dubio
2803 3218 2932 3297 agit
2963 3218 3087 3280 late
3113 3219 3391 3280 Thomas
3421 3221 3724 3282 Sanchez
3754 3228 3908 3281 tom.
3964 3238 4003 3282 1.
4048 3222 4086 3277 ia

2579 3311 2856 3392 Deculoq.
2916 3312 3026 3372 lib.
3087 3328 3181 3373 111.
3244 3330 3384 3391 cap.
3446 3331 3565 3373 vn.
3605 3319 3673 3375 et
3730 3317 4013 3395 supponit
4048 3322 4091 3371 111

2581 3413 2821 3468 certum
2850 3405 3019 3484 apud
3047 3423 3263 3465 omnes
3294 3424 3419 3466 non
3459 3409 3703 3483 teneri,
3728 3409 3978 3487 quando
3997 3410 4092 3484 jam

2583 3505 2678 3560 est
2705 3505 2879 3561 extra
2900 3499 3131 3578 judicis
3159 3504 3563 3577 potestatem,
3600 3508 3679 3562 ut
3705 3502 3755 3560 si
3779 3502 3917 3579 jam
3960 3504 4094 3559 abso-

2581 3593 2747 3653 lutus
2776 3593 2875 3653 vel
2906 3592 3161 3670 punitus
3193 3592 3330 3666 fuit,
3368 3593 3465 3652 vel
3519 3613 3555 3652 e
3586 3582 3856 3653 carcere
3912 3610 4011 3672 per
4031 3592 4095 3651 fu-

2583 3702 2730 3764 gam
2759 3684 3058 3745 liberatus
3088 3689 3214 3759 est3
3255 3689 3404 3744 tunc
3435 3686 3609 3744 enim
3635 3687 3798 3745 nihil
3832 3686 3993 3746 aliud
4033 3703 4097 3743 es·

2586 3782 2699 3854 set,
2733 3796 2922 3856 quam
2968 3795 3033 3838 se
3065 3777 3332 3855 prodere
3362 3777 3412 3835 si
3446 3778 3693 3839 rediret
3723 3780 3809 3839 ad
3841 3782 4093 3839 confitea-

2586 3870 2736 3931 dum
2755 3870 2921 3950 quod
2961 3874 3323 3949 negaverat.
3388 3870 3663 3943 Quando
3726 3891 3883 3933 vero
3938 3873 4094 3933 adlmt

2587 3969 2680 4025 est
2706 3963 2770 4023 in
2792 3963 3023 4042 judicis
3051 3965 3380 4042 potestate,
3414 3981 3535 4023 nec
3574 3964 3798 4025 adhuc
3835 3966 4095 4026 sententia

2585 4056 2827 4136 prolata
2859 4061 2971 4131 est,
3006 4056 3217 4135 plures
3250 4057 3569 4117 affirmant
3601 4059 3812 4118 teneri
3858 4060 3935 4118 ad
3986 4077 4098 4118 coa-

2584 4149 2888 4211 fitendum
2918 4149 3087 4228 quod
3117 4154 3480 4227 negaverat.
3515 4151 3611 4211 Ita
3648 4152 3868 4228 SotuS,
3903 4155 4097 4212 Natar-

2584 4259 2712 4319 ruS‚
2748 4240 3031 4316 Salzedo‚
3066 4241 3322 4319 Angles,
3371 4243 3576 4317 Sairo,
3614 4244 3901 4319 Bannes,
3958 4244 4100 4304 Salo-

2589 4335 2747 4409 niuS,
2775 4351 2927 4414 quos
2950 4333 3139 4393 refert
3168 4333 3449 4394 Sancllez
3478 4336 3590 4395 ubi
3624 4354 3849 4415 supra.
3890 4336 4099 4397 Funda-

2586 4433 2867 4487 mentum
2904 4427 3297 4505 potissimum
3345 4432 3438 4488 est
3465 4428 3619 4507 quia
3652 4430 3867 4490 adhuc
3923 4446 4100 4490 cens&

2586 4525 2689 4581 tur
2724 4520 2949 4580 durare
2997 4519 3228 4599 judic-is
3255 4525 3650 4600 praeceptum
3711 4524 3995 4602 obligans
4042 4522 4097 4580 εἰ

2587 4614 3117 4692 respondendum.

2668 4698 2954 4769 Secunda
2984 4712 3190 4767 tamen
3221 4706 3531 4768 sententia
3584 4710 3982 4785 probabilior
4014 4728 4101 4767 ne-

2587 4805 2715 4879 gat,
2739 4801 2937 4861 teneri
2956 4799 3158 4875 fateri,
3184 4800 3385 4859 donec
3411 4801 3647 4860 iterum
3679 4801 4093 4879 interrogetur.

2588 4897 2761 4955 Hanc
2783 4897 2952 4954 tenet
2982 4891 3261 4953 Sanchez
3293 4892 3401 4952 ubi
3430 4911 3625 4971 supra
3654 4912 3805 4953 cum
3819 4895 4099 4956 aliisha-

2588 4987 2772 5047 batur
2797 4986 3022 5065 primO,
3057 4985 3203 5063 quia
3231 4985 3435 5044 solum
3475 4988 3821 5047 tenebatur
3874 5006 4098 5067 respua-

2590 5080 2735 5140 dere
2768 5099 2842 5140 ex
2879 5078 3256 5153 obedientia,
3291 5084 3362 5139 ut
3392 5077 3633 5139 dictum
3676 5090 3771 5141 est
3830 5081 3889 5140 in
3943 5100 4098 5159 supe*

2586 5173 2883 5245 rioribus;
2919 5171 3213 5249 obligatio
3244 5177 3460 5232 autem
3491 5172 3875 5235 obedientiae
3928 5178 4093 5235 mlum

2589 5266 2774 5328 durat
2801 5264 3050 5345 quando
3098 5264 3296 5342 judex
3328 5270 3516 5345 urget
3545 5271 3607 5327 et
3637 5268 3835 5347 exigit
3880 5286 4093 5347 respon-

2587 5377 2757 5432 sum;
2794 5376 2941 5437 ergo
2969 5362 3285 5419 transacta
3318 5358 3423 5417 illa
3456 5360 3813 5435 occasione,
3840 5363 3965 5440 jam
3996 5377 4089 5418 non

2588 5457 2769 5531 urget
2813 5454 3219 5530 praeceptum.
3284 5451 3567 5513 Aliunde
3612 5472 3763 5514 vero
3823 5455 3978 5514 nulla
4020 5460 4091 5511 es

2589 5545 2884 5623 obligatio
2940 5542 3340 5620 restituendi,
3408 5564 3561 5606 cum
3612 5566 3736 5609 non
3779 5548 4089 5627 peccaverit

2587 5644 2804 5700 contra
2825 5636 3154 5717 justitiam,
3215 5638 3330 5696 sed
3385 5647 3618 5703 contra
3673 5642 4084 5704 obedientiam:
