<?xml version="1.0" encoding="UTF-8"?>
<!DOCTYPE html PUBLIC "-//W3C//DTD XHTML 1.0 Transitional//EN"
    "http://www.w3.org/TR/xhtml1/DTD/xhtml1-transitional.dtd">
<html xmlns="http://www.w3.org/1999/xhtml" xml:lang="en" lang="en">
 <head>
  <title>
</title>
<meta http-equiv="Content-Type" content="text/html;charset=utf-8" />
  <meta name='ocr-system' content='tesseract 3.04.00' />
  <meta name='ocr-capabilities' content='ocr_page ocr_carea ocr_par ocr_line ocrx_word'/>
</head>
<body>
  <div class='ocr_page' id='page_1' title='image "./joannisdelugodi00lugogoog_0258.png"; bbox 0 0 4263 6376; ppageno 0'>
   <div class='ocr_carea' id='block_1_1' title="bbox 892 329 1007 387">
    <p class='ocr_par' dir='ltr' id='par_1_1' title="bbox 892 329 1007 387">
     <span class='ocr_line' id='line_1_1' title="bbox 892 329 1007 387; baseline -0.017 0"><span class='ocrx_word' id='word_1_1' title='bbox 892 329 1007 387; x_wconf 62' lang='lat'><strong>‘2112</strong></span> 
     </span>
    </p>
   </div>
   <div class='ocr_carea' id='block_1_2' title="bbox 1528 809 1798 887">
    <p class='ocr_par' dir='ltr' id='par_1_2' title="bbox 1528 809 1798 887">
     <span class='ocr_line' id='line_1_2' title="bbox 1528 809 1798 887; baseline -0.004 -16"><span class='ocrx_word' id='word_1_2' title='bbox 1528 809 1584 887; x_wconf 68' lang='grc' dir='ltr'><strong>ἓ.</strong></span> <span class='ocrx_word' id='word_1_3' title='bbox 1620 809 1798 871; x_wconf 91' lang='lat' dir='ltr'><strong>Unic.</strong></span> 
     </span>
    </p>
   </div>
   <div class='ocr_carea' id='block_1_3' title="bbox 1000 1064 2318 1152">
    <p class='ocr_par' dir='ltr' id='par_1_3' title="bbox 1000 1064 2318 1152">
     <span class='ocr_line' id='line_1_3' title="bbox 1000 1064 2318 1152; baseline 0 -19"><span class='ocrx_word' id='word_1_4' title='bbox 1000 1072 1085 1133; x_wconf 80' lang='lat' dir='ltr'><strong>De</strong></span> <span class='ocrx_word' id='word_1_5' title='bbox 1112 1070 1397 1133; x_wconf 79' lang='lat' dir='ltr'><strong>montibus</strong></span> <span class='ocrx_word' id='word_1_6' title='bbox 1425 1072 1578 1148; x_wconf 62' lang='lat' dir='ltr'><strong>alizs,</strong></span> <span class='ocrx_word' id='word_1_7' title='bbox 1613 1072 1719 1152; x_wconf 82' lang='lat' dir='ltr'><strong>qui</strong></span> <span class='ocrx_word' id='word_1_8' title='bbox 1740 1064 1926 1151; x_wconf 67' lang='lat' dir='ltr'><strong>mciqis</strong></span> <span class='ocrx_word' id='word_1_9' title='bbox 1955 1075 2016 1132; x_wconf 78' lang='lat' dir='ltr'><strong>in</strong></span> <span class='ocrx_word' id='word_1_10' title='bbox 2043 1081 2318 1133; x_wconf 63' lang='lat' dir='ltr'><strong>astacum.</strong></span> 
     </span>
    </p>
   </div>
   <div class='ocr_carea' id='block_1_4' title="bbox 557 1325 2441 3142">
    <p class='ocr_par' dir='ltr' id='par_1_4' title="bbox 557 1325 2441 1590">
     <span class='ocr_line' id='line_1_4' title="bbox 658 1325 2433 1405; baseline -0.005 -9"><span class='ocrx_word' id='word_1_11' title='bbox 658 1340 768 1396; x_wconf 82' lang='grc'><strong>197</strong></span> <span class='ocrx_word' id='word_1_12' title='bbox 985 1326 1284 1404; x_wconf 81' lang='lat' dir='ltr'><strong>Exemplo</strong></span> <span class='ocrx_word' id='word_1_13' title='bbox 1313 1326 1544 1387; x_wconf 91' lang='lat' dir='ltr'><strong>montis</strong></span> <span class='ocrx_word' id='word_1_14' title='bbox 1574 1325 1821 1405; x_wconf 85' lang='lat' dir='ltr'><strong>pietatis</strong></span> <span class='ocrx_word' id='word_1_15' title='bbox 1849 1326 2186 1387; x_wconf 81' lang='lat' dir='ltr'><strong>introducti</strong></span> <span class='ocrx_word' id='word_1_16' title='bbox 2217 1327 2433 1405; x_wconf 85' lang='lat' dir='ltr'><strong>paula-</strong></span> 
     </span>
     <span class='ocr_line' id='line_1_5' title="bbox 575 1404 2441 1516; baseline 0 -37"><span class='ocrx_word' id='word_1_17' title='bbox 575 1464 744 1516; x_wconf 46' lang='grc' dir='ltr'>(Μῶα,</span> <span class='ocrx_word' id='word_1_18' title='bbox 766 1464 835 1505; x_wconf 53' lang='lat' dir='ltr'><strong>,m</strong></span> <span class='ocrx_word' id='word_1_19' title='bbox 903 1419 1015 1479; x_wconf 90' lang='lat' dir='ltr'><strong>tim</strong></span> <span class='ocrx_word' id='word_1_20' title='bbox 1044 1423 1189 1479; x_wconf 89' lang='lat' dir='ltr'><strong>sunt</strong></span> <span class='ocrx_word' id='word_1_21' title='bbox 1228 1422 1474 1479; x_wconf 89' lang='lat' dir='ltr'><strong>montes</strong></span> <span class='ocrx_word' id='word_1_22' title='bbox 1512 1418 1657 1495; x_wconf 91' lang='lat' dir='ltr'><strong>alii,</strong></span> <span class='ocrx_word' id='word_1_23' title='bbox 1718 1419 1825 1497; x_wconf 88' lang='lat' dir='ltr'><strong>qui</strong></span> <span class='ocrx_word' id='word_1_24' title='bbox 1860 1419 1994 1497; x_wconf 90' lang='lat' dir='ltr'><strong>jam</strong></span> <span class='ocrx_word' id='word_1_25' title='bbox 2038 1437 2203 1479; x_wconf 90' lang='lat' dir='ltr'><strong>nunc</strong></span> <span class='ocrx_word' id='word_1_26' title='bbox 2232 1404 2441 1497; x_wconf 71' lang='lat' dir='ltr'><strong>magis&#39;</strong></span> 
     </span>
     <span class='ocr_line' id='line_1_6' title="bbox 557 1512 1457 1590; baseline 0 -19"><span class='ocrx_word' id='word_1_27' title='bbox 557 1522 717 1559; x_wconf 69' lang='lat' dir='ltr'><strong>montes</strong></span> <span class='ocrx_word' id='word_1_28' title='bbox 744 1516 855 1558; x_wconf 69' lang='lat' dir='ltr'><strong>misti</strong></span> <span class='ocrx_word' id='word_1_29' title='bbox 906 1512 1262 1590; x_wconf 81' lang='lat' dir='ltr'><strong>frequentes</strong></span> <span class='ocrx_word' id='word_1_30' title='bbox 1291 1514 1457 1571; x_wconf 87' lang='lat' dir='ltr'><strong>sunt.</strong></span> 
     </span>
    </p>

    <p class='ocr_par' dir='ltr' id='par_1_5' title="bbox 900 1602 2437 3142">
     <span class='ocr_line' id='line_1_7' title="bbox 985 1602 2430 1682; baseline 0 -18"><span class='ocrx_word' id='word_1_31' title='bbox 985 1604 1192 1664; x_wconf 90' lang='lat' dir='ltr'><strong>Primo</strong></span> <span class='ocrx_word' id='word_1_32' title='bbox 1236 1608 1482 1664; x_wconf 90' lang='lat' dir='ltr'><strong>montes</strong></span> <span class='ocrx_word' id='word_1_33' title='bbox 1510 1602 1708 1678; x_wconf 90' lang='lat' dir='ltr'><strong>misti,</strong></span> <span class='ocrx_word' id='word_1_34' title='bbox 1758 1603 1862 1682; x_wconf 91' lang='lat' dir='ltr'><strong>qui</strong></span> <span class='ocrx_word' id='word_1_35' title='bbox 1891 1603 2121 1682; x_wconf 89' lang='lat' dir='ltr'><strong>partim</strong></span> <span class='ocrx_word' id='word_1_36' title='bbox 2150 1604 2235 1681; x_wconf 89' lang='lat' dir='ltr'><strong>pii</strong></span> <span class='ocrx_word' id='word_1_37' title='bbox 2265 1606 2430 1681; x_wconf 88' lang='lat' dir='ltr'><strong>sunt,</strong></span> 
     </span>
     <span class='ocr_line' id='line_1_8' title="bbox 903 1694 2437 1777; baseline 0 -22"><span class='ocrx_word' id='word_1_38' title='bbox 903 1695 1131 1777; x_wconf 87' lang='lat' dir='ltr'><strong>partim</strong></span> <span class='ocrx_word' id='word_1_39' title='bbox 1159 1714 1196 1755; x_wconf 93' lang='lat' dir='ltr'><strong>a</strong></span> <span class='ocrx_word' id='word_1_40' title='bbox 1223 1699 1434 1755; x_wconf 81' lang='lat' dir='ltr'><strong>monte</strong></span> <span class='ocrx_word' id='word_1_41' title='bbox 1465 1694 1715 1773; x_wconf 87' lang='lat' dir='ltr'><strong>pietatis</strong></span> <span class='ocrx_word' id='word_1_42' title='bbox 1744 1695 2165 1773; x_wconf 87' lang='lat' dir='ltr'><strong>degenerant,</strong></span> <span class='ocrx_word' id='word_1_43' title='bbox 2208 1695 2272 1755; x_wconf 92' lang='lat' dir='ltr'><strong>in</strong></span> <span class='ocrx_word' id='word_1_44' title='bbox 2305 1696 2437 1774; x_wconf 89' lang='lat' dir='ltr'><strong>qui·</strong></span> 
     </span>
     <span class='ocr_line' id='line_1_9' title="bbox 903 1787 2436 1865; baseline 0 -16"><span class='ocrx_word' id='word_1_45' title='bbox 903 1789 1023 1849; x_wconf 91' lang='lat' dir='ltr'><strong>bus</strong></span> <span class='ocrx_word' id='word_1_46' title='bbox 1066 1788 1227 1848; x_wconf 90' lang='lat' dir='ltr'><strong>ultra</strong></span> <span class='ocrx_word' id='word_1_47' title='bbox 1274 1787 1607 1865; x_wconf 87' lang='lat' dir='ltr'><strong>pecuniam</strong></span> <span class='ocrx_word' id='word_1_48' title='bbox 1662 1788 1863 1864; x_wconf 90' lang='lat' dir='ltr'><strong>primo</strong></span> <span class='ocrx_word' id='word_1_49' title='bbox 1910 1807 1947 1847; x_wconf 90' lang='lat' dir='ltr'><strong>a</strong></span> <span class='ocrx_word' id='word_1_50' title='bbox 1999 1788 2436 1849; x_wconf 76' lang='lat' dir='ltr'><strong>fundatoribus</strong></span> 
     </span>
     <span class='ocr_line' id='line_1_10' title="bbox 904 1878 2436 1959; baseline 0 -19"><span class='ocrx_word' id='word_1_51' title='bbox 904 1880 1277 1941; x_wconf 89' lang='lat' dir='ltr'><strong>destinatam</strong></span> <span class='ocrx_word' id='word_1_52' title='bbox 1308 1878 1388 1938; x_wconf 89' lang='lat' dir='ltr'><strong>ad</strong></span> <span class='ocrx_word' id='word_1_53' title='bbox 1417 1880 1835 1939; x_wconf 83' lang='lat' dir='ltr'><strong>mutuandum</strong></span> <span class='ocrx_word' id='word_1_54' title='bbox 1851 1881 2252 1958; x_wconf 80' lang='lat' dir='ltr'><strong>pauperibuS,</strong></span> <span class='ocrx_word' id='word_1_55' title='bbox 2287 1881 2436 1959; x_wconf 89' lang='lat' dir='ltr'><strong>quia</strong></span> 
     </span>
     <span class='ocr_line' id='line_1_11' title="bbox 905 1970 2436 2050; baseline -0.001 -18"><span class='ocrx_word' id='word_1_56' title='bbox 905 1991 980 2032; x_wconf 87' lang='lat' dir='ltr'><strong>ea</strong></span> <span class='ocrx_word' id='word_1_57' title='bbox 1008 1989 1131 2031; x_wconf 90' lang='lat' dir='ltr'><strong>non</strong></span> <span class='ocrx_word' id='word_1_58' title='bbox 1161 1970 1549 2046; x_wconf 87' lang='lat' dir='ltr'><strong>sufficiebat,</strong></span> <span class='ocrx_word' id='word_1_59' title='bbox 1597 1971 1860 2032; x_wconf 86' lang='lat' dir='ltr'><strong>accessit</strong></span> <span class='ocrx_word' id='word_1_60' title='bbox 1887 1974 2154 2050; x_wconf 88' lang='lat' dir='ltr'><strong>pecunia</strong></span> <span class='ocrx_word' id='word_1_61' title='bbox 2190 1973 2268 2033; x_wconf 88' lang='lat' dir='ltr'><strong>ab</strong></span> <span class='ocrx_word' id='word_1_62' title='bbox 2297 1973 2436 2033; x_wconf 85' lang='lat' dir='ltr'><strong>aliis</strong></span> 
     </span>
     <span class='ocr_line' id='line_1_12' title="bbox 904 2062 2437 2144; baseline 0 -19"><span class='ocrx_word' id='word_1_63' title='bbox 904 2063 1360 2144; x_wconf 76' lang='lat' dir='ltr'><strong>deponentibus</strong></span> <span class='ocrx_word' id='word_1_64' title='bbox 1390 2063 1567 2139; x_wconf 88' lang='lat' dir='ltr'><strong>data,</strong></span> <span class='ocrx_word' id='word_1_65' title='bbox 1599 2082 1635 2121; x_wconf 90' lang='lat' dir='ltr'><strong>a</strong></span> <span class='ocrx_word' id='word_1_66' title='bbox 1665 2062 1892 2140; x_wconf 91' lang='lat' dir='ltr'><strong>quibus</strong></span> <span class='ocrx_word' id='word_1_67' title='bbox 1920 2082 2101 2125; x_wconf 90' lang='lat' dir='ltr'><strong>mons</strong></span> <span class='ocrx_word' id='word_1_68' title='bbox 2128 2068 2199 2124; x_wconf 91' lang='lat' dir='ltr'><strong>ut</strong></span> <span class='ocrx_word' id='word_1_69' title='bbox 2227 2068 2437 2142; x_wconf 90' lang='lat' dir='ltr'><strong>posset</strong></span> 
     </span>
     <span class='ocr_line' id='line_1_13' title="bbox 905 2154 2434 2235; baseline 0 -18"><span class='ocrx_word' id='word_1_70' title='bbox 905 2157 1196 2218; x_wconf 88' lang='lat' dir='ltr'><strong>omnibus</strong></span> <span class='ocrx_word' id='word_1_71' title='bbox 1241 2160 1566 2230; x_wconf 90' lang='lat' dir='ltr'><strong>mutuare,</strong></span> <span class='ocrx_word' id='word_1_72' title='bbox 1617 2154 1788 2213; x_wconf 90' lang='lat' dir='ltr'><strong>illam</strong></span> <span class='ocrx_word' id='word_1_73' title='bbox 1827 2156 2053 2235; x_wconf 88' lang='lat' dir='ltr'><strong>accipit</strong></span> <span class='ocrx_word' id='word_1_74' title='bbox 2091 2160 2153 2217; x_wconf 90' lang='lat' dir='ltr'><strong>et</strong></span> <span class='ocrx_word' id='word_1_75' title='bbox 2180 2156 2289 2218; x_wconf 91' lang='lat' dir='ltr'><strong>dat</strong></span> <span class='ocrx_word' id='word_1_76' title='bbox 2317 2156 2434 2217; x_wconf 85' lang='lat' dir='ltr'><strong>illis</strong></span> 
     </span>
     <span class='ocr_line' id='line_1_14' title="bbox 903 2247 2434 2328; baseline 0.001 -20"><span class='ocrx_word' id='word_1_77' title='bbox 903 2249 1161 2328; x_wconf 91' lang='lat' dir='ltr'><strong>singulis</strong></span> <span class='ocrx_word' id='word_1_78' title='bbox 1192 2247 1369 2306; x_wconf 87' lang='lat' dir='ltr'><strong>annis</strong></span> <span class='ocrx_word' id='word_1_79' title='bbox 1400 2252 1666 2325; x_wconf 86' lang='lat' dir='ltr'><strong>quatuor</strong></span> <span class='ocrx_word' id='word_1_80' title='bbox 1712 2248 1809 2307; x_wconf 87' lang='lat' dir='ltr'><strong>vel</strong></span> <span class='ocrx_word' id='word_1_81' title='bbox 1846 2248 2122 2327; x_wconf 90' lang='lat' dir='ltr'><strong>quinque</strong></span> <span class='ocrx_word' id='word_1_82' title='bbox 2152 2267 2264 2328; x_wconf 90' lang='lat' dir='ltr'><strong>pro</strong></span> <span class='ocrx_word' id='word_1_83' title='bbox 2294 2267 2434 2309; x_wconf 90' lang='lat' dir='ltr'><strong>cen-</strong></span> 
     </span>
     <span class='ocr_line' id='line_1_15' title="bbox 901 2339 2435 2418; baseline 0.001 -17"><span class='ocrx_word' id='word_1_84' title='bbox 901 2347 1037 2402; x_wconf 90' lang='lat' dir='ltr'><strong>tum</strong></span> <span class='ocrx_word' id='word_1_85' title='bbox 1066 2358 1204 2401; x_wconf 90' lang='lat' dir='ltr'><strong>cum</strong></span> <span class='ocrx_word' id='word_1_86' title='bbox 1250 2340 1544 2400; x_wconf 75' lang='lat' dir='ltr'><strong>facultate</strong></span> <span class='ocrx_word' id='word_1_87' title='bbox 1574 2344 1643 2400; x_wconf 90' lang='lat' dir='ltr'><strong>ut</strong></span> <span class='ocrx_word' id='word_1_88' title='bbox 1670 2339 1910 2417; x_wconf 84' lang='lat' dir='ltr'><strong>possint</strong></span> <span class='ocrx_word' id='word_1_89' title='bbox 1936 2341 2188 2418; x_wconf 81' lang='lat' dir='ltr'><strong>quando</strong></span> <span class='ocrx_word' id='word_1_90' title='bbox 2219 2342 2435 2402; x_wconf 83' lang='lat' dir='ltr'><strong>volue-</strong></span> 
     </span>
     <span class='ocr_line' id='line_1_16' title="bbox 904 2432 2436 2512; baseline 0.001 -18"><span class='ocrx_word' id='word_1_91' title='bbox 904 2435 1029 2494; x_wconf 85' lang='lat' dir='ltr'><strong>rint</strong></span> <span class='ocrx_word' id='word_1_92' title='bbox 1063 2432 1394 2512; x_wconf 89' lang='lat' dir='ltr'><strong>pecuniam</strong></span> <span class='ocrx_word' id='word_1_93' title='bbox 1443 2449 1622 2491; x_wconf 89' lang='lat' dir='ltr'><strong>suam</strong></span> <span class='ocrx_word' id='word_1_94' title='bbox 1651 2450 1688 2490; x_wconf 87' lang='lat' dir='ltr'><strong>a</strong></span> <span class='ocrx_word' id='word_1_95' title='bbox 1717 2437 1929 2493; x_wconf 87' lang='lat' dir='ltr'><strong>monte</strong></span> <span class='ocrx_word' id='word_1_96' title='bbox 1960 2433 2286 2495; x_wconf 82' lang='lat' dir='ltr'><strong>extrahere</strong></span> <span class='ocrx_word' id='word_1_97' title='bbox 2311 2480 2326 2511; x_wconf 90' lang='lat'><strong>,</strong></span> <span class='ocrx_word' id='word_1_98' title='bbox 2372 2438 2436 2497; x_wconf 88' lang='lat' dir='ltr'><strong>et</strong></span> 
     </span>
     <span class='ocr_line' id='line_1_17' title="bbox 900 2525 2433 2603; baseline -0.001 -16"><span class='ocrx_word' id='word_1_99' title='bbox 900 2526 1162 2587; x_wconf 89' lang='lat' dir='ltr'><strong>totidem</strong></span> <span class='ocrx_word' id='word_1_100' title='bbox 1194 2528 1464 2603; x_wconf 88' lang='lat' dir='ltr'><strong>quatuor</strong></span> <span class='ocrx_word' id='word_1_101' title='bbox 1504 2525 1602 2584; x_wconf 83' lang='lat' dir='ltr'><strong>vel</strong></span> <span class='ocrx_word' id='word_1_102' title='bbox 1634 2525 1911 2603; x_wconf 85' lang='lat' dir='ltr'><strong>quinque</strong></span> <span class='ocrx_word' id='word_1_103' title='bbox 1956 2544 1992 2584; x_wconf 88' lang='lat' dir='ltr'><strong>a</strong></span> <span class='ocrx_word' id='word_1_104' title='bbox 2036 2527 2433 2587; x_wconf 88' lang='lat' dir='ltr'><strong>mutuatariis</strong></span> 
     </span>
     <span class='ocr_line' id='line_1_18' title="bbox 903 2616 2433 2697; baseline 0.001 -19"><span class='ocrx_word' id='word_1_105' title='bbox 903 2637 1082 2679; x_wconf 91' lang='lat' dir='ltr'><strong>mons</strong></span> <span class='ocrx_word' id='word_1_106' title='bbox 1112 2617 1305 2695; x_wconf 84' lang='lat' dir='ltr'><strong>exigit</strong></span> <span class='ocrx_word' id='word_1_107' title='bbox 1334 2617 1497 2677; x_wconf 90' lang='lat' dir='ltr'><strong>ultra</strong></span> <span class='ocrx_word' id='word_1_108' title='bbox 1526 2616 1613 2692; x_wconf 89' lang='lat' dir='ltr'><strong>id,</strong></span> <span class='ocrx_word' id='word_1_109' title='bbox 1649 2617 1817 2694; x_wconf 89' lang='lat' dir='ltr'><strong>quod</strong></span> <span class='ocrx_word' id='word_1_110' title='bbox 1846 2636 1958 2696; x_wconf 91' lang='lat' dir='ltr'><strong>pro</strong></span> <span class='ocrx_word' id='word_1_111' title='bbox 1988 2619 2117 2679; x_wconf 90' lang='lat' dir='ltr'><strong>suis</strong></span> <span class='ocrx_word' id='word_1_112' title='bbox 2147 2620 2433 2697; x_wconf 79' lang='lat' dir='ltr'><strong>expensis</strong></span> 
     </span>
     <span class='ocr_line' id='line_1_19' title="bbox 904 2708 2426 2788; baseline 0 -17"><span class='ocrx_word' id='word_1_113' title='bbox 904 2710 1185 2788; x_wconf 88' lang='lat' dir='ltr'><strong>accipere</strong></span> <span class='ocrx_word' id='word_1_114' title='bbox 1207 2708 1499 2783; x_wconf 86' lang='lat' dir='ltr'><strong>debebat,</strong></span> <span class='ocrx_word' id='word_1_115' title='bbox 1522 2712 1591 2768; x_wconf 91' lang='lat' dir='ltr'><strong>ut</strong></span> <span class='ocrx_word' id='word_1_116' title='bbox 1610 2727 1676 2768; x_wconf 90' lang='lat' dir='ltr'><strong>se</strong></span> <span class='ocrx_word' id='word_1_117' title='bbox 1699 2708 2057 2769; x_wconf 87' lang='lat' dir='ltr'><strong>indemnem</strong></span> <span class='ocrx_word' id='word_1_118' title='bbox 2079 2715 2426 2772; x_wconf 88' lang='lat' dir='ltr'><strong>conservet.</strong></span> 
     </span>
     <span class='ocr_line' id='line_1_20' title="bbox 902 2801 2425 2880; baseline -0.001 -16"><span class='ocrx_word' id='word_1_119' title='bbox 902 2806 989 2864; x_wconf 91' lang='lat' dir='ltr'><strong>De</strong></span> <span class='ocrx_word' id='word_1_120' title='bbox 1021 2801 1247 2880; x_wconf 91' lang='lat' dir='ltr'><strong>quibus</strong></span> <span class='ocrx_word' id='word_1_121' title='bbox 1284 2801 1602 2861; x_wconf 89' lang='lat' dir='ltr'><strong>montibus</strong></span> <span class='ocrx_word' id='word_1_122' title='bbox 1649 2801 1782 2878; x_wconf 90' lang='lat' dir='ltr'><strong>agit</strong></span> <span class='ocrx_word' id='word_1_123' title='bbox 1818 2802 2056 2862; x_wconf 87' lang='lat' dir='ltr'><strong>Navar.</strong></span> <span class='ocrx_word' id='word_1_124' title='bbox 2101 2804 2319 2863; x_wconf 88' lang='lat' dir='ltr'><strong>consil.</strong></span> <span class='ocrx_word' id='word_1_125' title='bbox 2356 2819 2425 2863; x_wconf 92' lang='lat'><strong>11.</strong></span> 
     </span>
     <span class='ocr_line' id='line_1_21' title="bbox 901 2893 2432 2971; baseline -0.001 -15"><span class='ocrx_word' id='word_1_126' title='bbox 901 2895 971 2956; x_wconf 84' lang='lat' dir='ltr'><strong>de</strong></span> <span class='ocrx_word' id='word_1_127' title='bbox 1016 2893 1245 2970; x_wconf 58' lang='lat' dir='ltr'><strong>usuras,</strong></span> <span class='ocrx_word' id='word_1_128' title='bbox 1298 2897 1359 2954; x_wconf 87' lang='lat' dir='ltr'><strong>et</strong></span> <span class='ocrx_word' id='word_1_129' title='bbox 1400 2894 1478 2952; x_wconf 91' lang='lat' dir='ltr'><strong>de</strong></span> <span class='ocrx_word' id='word_1_130' title='bbox 1522 2910 1791 2971; x_wconf 89' lang='lat' dir='ltr'><strong>quorum</strong></span> <span class='ocrx_word' id='word_1_131' title='bbox 1834 2912 2095 2955; x_wconf 86' lang='lat' dir='ltr'><strong>numero</strong></span> <span class='ocrx_word' id='word_1_132' title='bbox 2139 2896 2432 2956; x_wconf 85' lang='lat' dir='ltr'><strong>videntur</strong></span> 
     </span>
     <span class='ocr_line' id='line_1_22' title="bbox 902 2986 2428 3062; baseline 0.001 -14"><span class='ocrx_word' id='word_1_133' title='bbox 902 3006 1035 3048; x_wconf 87' lang='lat' dir='ltr'><strong>esse</strong></span> <span class='ocrx_word' id='word_1_134' title='bbox 1064 3005 1244 3047; x_wconf 91' lang='lat' dir='ltr'><strong>mons</strong></span> <span class='ocrx_word' id='word_1_135' title='bbox 1274 2986 1637 3046; x_wconf 78' lang='lat' dir='ltr'><strong>vicentinus</strong></span> <span class='ocrx_word' id='word_1_136' title='bbox 1662 3031 1677 3062; x_wconf 89' lang='lat'><strong>,</strong></span> <span class='ocrx_word' id='word_1_137' title='bbox 1711 2987 2087 3048; x_wconf 87' lang='lat' dir='ltr'><strong>Veronensis</strong></span> <span class='ocrx_word' id='word_1_138' title='bbox 2112 3033 2128 3055; x_wconf 84' lang='lat'><strong>.</strong></span> <span class='ocrx_word' id='word_1_139' title='bbox 2181 2993 2242 3049; x_wconf 91' lang='lat' dir='ltr'><strong>et</strong></span> <span class='ocrx_word' id='word_1_140' title='bbox 2269 2988 2428 3049; x_wconf 85' lang='lat' dir='ltr'><strong>forte</strong></span> 
     </span>
     <span class='ocr_line' id='line_1_23' title="bbox 902 3079 1317 3142; baseline -0.01 0"><span class='ocrx_word' id='word_1_141' title='bbox 902 3079 1317 3142; x_wconf 82' lang='lat' dir='ltr'><strong>FlorentinuS.</strong></span> 
     </span>
    </p>
   </div>
   <div class='ocr_carea' id='block_1_5' title="bbox 573 3168 2429 3469">
    <p class='ocr_par' dir='ltr' id='par_1_6' title="bbox 573 3168 2429 3469">
     <span class='ocr_line' id='line_1_24' title="bbox 657 3168 2429 3252; baseline -0.002 -15"><span class='ocrx_word' id='word_1_142' title='bbox 657 3183 772 3244; x_wconf 81' lang='grc'><strong>198</strong></span> <span class='ocrx_word' id='word_1_143' title='bbox 985 3176 1073 3235; x_wconf 90' lang='lat' dir='ltr'><strong>De</strong></span> <span class='ocrx_word' id='word_1_144' title='bbox 1121 3170 1363 3252; x_wconf 89' lang='lat' dir='ltr'><strong>justitia</strong></span> <span class='ocrx_word' id='word_1_145' title='bbox 1410 3168 1594 3250; x_wconf 87' lang='lat' dir='ltr'><strong>hujus</strong></span> <span class='ocrx_word' id='word_1_146' title='bbox 1640 3171 1871 3233; x_wconf 90' lang='lat' dir='ltr'><strong>montis</strong></span> <span class='ocrx_word' id='word_1_147' title='bbox 1916 3171 2118 3252; x_wconf 83' lang='lat' dir='ltr'><strong>magis</strong></span> <span class='ocrx_word' id='word_1_148' title='bbox 2157 3172 2429 3235; x_wconf 83' lang='lat' dir='ltr'><strong>dubitari</strong></span> 
     </span>
     <span class='ocr_line' id='line_1_25' title="bbox 573 3264 2425 3352; baseline -0.002 -22"><span class='ocrx_word' id='word_1_149' title='bbox 573 3308 840 3352; x_wconf 65' lang='lat' dir='ltr'><strong>namin-mr</strong></span> <span class='ocrx_word' id='word_1_150' title='bbox 904 3271 1108 3346; x_wconf 87' lang='lat' dir='ltr'><strong>potest</strong></span> <span class='ocrx_word' id='word_1_151' title='bbox 1141 3287 1153 3326; x_wconf 90' lang='lat'><strong>:</strong></span> <span class='ocrx_word' id='word_1_152' title='bbox 1197 3283 1321 3326; x_wconf 93' lang='lat' dir='ltr'><strong>non</strong></span> <span class='ocrx_word' id='word_1_153' title='bbox 1355 3264 1610 3343; x_wconf 90' lang='lat' dir='ltr'><strong>quidem</strong></span> <span class='ocrx_word' id='word_1_154' title='bbox 1640 3284 1715 3325; x_wconf 89' lang='lat' dir='ltr'><strong>ex</strong></span> <span class='ocrx_word' id='word_1_155' title='bbox 1745 3268 1921 3342; x_wconf 89' lang='lat' dir='ltr'><strong>parte</strong></span> <span class='ocrx_word' id='word_1_156' title='bbox 1952 3266 2147 3344; x_wconf 89' lang='lat' dir='ltr'><strong>ipsius</strong></span> <span class='ocrx_word' id='word_1_157' title='bbox 2175 3267 2425 3345; x_wconf 82' lang='lat' dir='ltr'><strong>montiS,</strong></span> 
     </span>
     <span class='ocr_line' id='line_1_26' title="bbox 624 3357 2425 3469; baseline 0.002 -52"><span class='ocrx_word' id='word_1_158' title='bbox 624 3375 798 3469; x_wconf 59' lang='lat' dir='ltr'><strong>ffflffi.</strong></span> <span class='ocrx_word' id='word_1_159' title='bbox 903 3360 1010 3439; x_wconf 89' lang='lat' dir='ltr'><strong>qui</strong></span> <span class='ocrx_word' id='word_1_160' title='bbox 1064 3359 1125 3419; x_wconf 92' lang='lat' dir='ltr'><strong>id</strong></span> <span class='ocrx_word' id='word_1_161' title='bbox 1182 3363 1384 3419; x_wconf 88' lang='lat' dir='ltr'><strong>totum</strong></span> <span class='ocrx_word' id='word_1_162' title='bbox 1431 3357 1600 3435; x_wconf 88' lang='lat' dir='ltr'><strong>quod</strong></span> <span class='ocrx_word' id='word_1_163' title='bbox 1650 3357 1877 3436; x_wconf 87' lang='lat' dir='ltr'><strong>accipit</strong></span> <span class='ocrx_word' id='word_1_164' title='bbox 1918 3376 1955 3417; x_wconf 89' lang='lat' dir='ltr'><strong>a</strong></span> <span class='ocrx_word' id='word_1_165' title='bbox 2007 3359 2425 3437; x_wconf 76' lang='lat' dir='ltr'><strong>mutuatariiS,</strong></span> 
     </span>
    </p>
   </div>
   <div class='ocr_carea' id='block_1_6' title="bbox 888 3449 2431 5562">
    <p class='ocr_par' dir='ltr' id='par_1_7' title="bbox 888 3449 2431 5562">
     <span class='ocr_line' id='line_1_27' title="bbox 894 3449 2429 3532; baseline -0.001 -20"><span class='ocrx_word' id='word_1_166' title='bbox 894 3452 1064 3532; x_wconf 84' lang='lat' dir='ltr'><strong>justo</strong></span> <span class='ocrx_word' id='word_1_167' title='bbox 1096 3450 1274 3512; x_wconf 89' lang='lat' dir='ltr'><strong>titulo</strong></span> <span class='ocrx_word' id='word_1_168' title='bbox 1304 3449 1564 3528; x_wconf 89' lang='lat' dir='ltr'><strong>accipit,</strong></span> <span class='ocrx_word' id='word_1_169' title='bbox 1600 3468 1825 3527; x_wconf 90' lang='lat' dir='ltr'><strong>nempe</strong></span> <span class='ocrx_word' id='word_1_170' title='bbox 1875 3454 1938 3511; x_wconf 87' lang='lat' dir='ltr'><strong>et</strong></span> <span class='ocrx_word' id='word_1_171' title='bbox 1982 3469 2097 3529; x_wconf 91' lang='lat' dir='ltr'><strong>pro</strong></span> <span class='ocrx_word' id='word_1_172' title='bbox 2143 3452 2429 3530; x_wconf 83' lang='lat' dir='ltr'><strong>expensis</strong></span> 
     </span>
     <span class='ocr_line' id='line_1_28' title="bbox 900 3541 2431 3620; baseline 0 -16"><span class='ocrx_word' id='word_1_173' title='bbox 900 3545 981 3604; x_wconf 91' lang='lat' dir='ltr'><strong>ad</strong></span> <span class='ocrx_word' id='word_1_174' title='bbox 1012 3543 1105 3604; x_wconf 93' lang='lat' dir='ltr'><strong>sui</strong></span> <span class='ocrx_word' id='word_1_175' title='bbox 1135 3541 1672 3604; x_wconf 85' lang='lat' dir='ltr'><strong>conservationem</strong></span> <span class='ocrx_word' id='word_1_176' title='bbox 1702 3548 1765 3602; x_wconf 89' lang='lat' dir='ltr'><strong>et</strong></span> <span class='ocrx_word' id='word_1_177' title='bbox 1794 3561 1905 3620; x_wconf 88' lang='lat' dir='ltr'><strong>pro</strong></span> <span class='ocrx_word' id='word_1_178' title='bbox 1950 3543 2180 3602; x_wconf 86' lang='lat' dir='ltr'><strong>damno</strong></span> <span class='ocrx_word' id='word_1_179' title='bbox 2228 3563 2431 3604; x_wconf 89' lang='lat' dir='ltr'><strong>emer-</strong></span> 
     </span>
     <span class='ocr_line' id='line_1_29' title="bbox 900 3634 2431 3716; baseline -0.001 -19"><span class='ocrx_word' id='word_1_180' title='bbox 900 3641 1087 3716; x_wconf 85' lang='lat' dir='ltr'><strong>gente</strong></span> <span class='ocrx_word' id='word_1_181' title='bbox 1106 3683 1121 3713; x_wconf 94' lang='lat'><strong>,</strong></span> <span class='ocrx_word' id='word_1_182' title='bbox 1169 3653 1392 3713; x_wconf 88' lang='lat' dir='ltr'><strong>nempe</strong></span> <span class='ocrx_word' id='word_1_183' title='bbox 1424 3639 1492 3694; x_wconf 92' lang='lat' dir='ltr'><strong>ut</strong></span> <span class='ocrx_word' id='word_1_184' title='bbox 1518 3634 1720 3696; x_wconf 83' lang='lat' dir='ltr'><strong>solvat</strong></span> <span class='ocrx_word' id='word_1_185' title='bbox 1747 3635 2048 3695; x_wconf 90' lang='lat' dir='ltr'><strong>interesse</strong></span> <span class='ocrx_word' id='word_1_186' title='bbox 2076 3635 2196 3695; x_wconf 90' lang='lat' dir='ltr'><strong>illis</strong></span> <span class='ocrx_word' id='word_1_187' title='bbox 2226 3654 2263 3695; x_wconf 87' lang='lat' dir='ltr'><strong>a</strong></span> <span class='ocrx_word' id='word_1_188' title='bbox 2292 3637 2431 3715; x_wconf 87' lang='lat' dir='ltr'><strong>qui·</strong></span> 
     </span>
     <span class='ocr_line' id='line_1_30' title="bbox 900 3727 2430 3806; baseline -0.001 -16"><span class='ocrx_word' id='word_1_189' title='bbox 900 3731 1017 3790; x_wconf 90' lang='lat' dir='ltr'><strong>bus</strong></span> <span class='ocrx_word' id='word_1_190' title='bbox 1047 3728 1272 3806; x_wconf 88' lang='lat' dir='ltr'><strong>accipit</strong></span> <span class='ocrx_word' id='word_1_191' title='bbox 1307 3727 1640 3805; x_wconf 86' lang='lat' dir='ltr'><strong>pecuniam</strong></span> <span class='ocrx_word' id='word_1_192' title='bbox 1696 3727 1755 3785; x_wconf 90' lang='lat' dir='ltr'><strong>in</strong></span> <span class='ocrx_word' id='word_1_193' title='bbox 1802 3727 2071 3804; x_wconf 82' lang='lat' dir='ltr'><strong>gratiam</strong></span> <span class='ocrx_word' id='word_1_194' title='bbox 2113 3733 2430 3790; x_wconf 87' lang='lat' dir='ltr'><strong>mutuata-</strong></span> 
     </span>
     <span class='ocr_line' id='line_1_31' title="bbox 900 3820 2431 3898; baseline 0.001 -16"><span class='ocrx_word' id='word_1_195' title='bbox 900 3823 1136 3883; x_wconf 90' lang='lat' dir='ltr'><strong>riorum</strong></span> <span class='ocrx_word' id='word_1_196' title='bbox 1159 3864 1193 3897; x_wconf 87' lang='lat'><strong>,.</strong></span> <span class='ocrx_word' id='word_1_197' title='bbox 1223 3838 1413 3898; x_wconf 86' lang='lat' dir='ltr'><strong>quam</strong></span> <span class='ocrx_word' id='word_1_198' title='bbox 1462 3820 1548 3879; x_wconf 89' lang='lat' dir='ltr'><strong>eis</strong></span> <span class='ocrx_word' id='word_1_199' title='bbox 1596 3824 1884 3880; x_wconf 91' lang='lat' dir='ltr'><strong>mutuare</strong></span> <span class='ocrx_word' id='word_1_200' title='bbox 1925 3820 2119 3898; x_wconf 88' lang='lat' dir='ltr'><strong>possit</strong></span> <span class='ocrx_word' id='word_1_201' title='bbox 2167 3842 2179 3882; x_wconf 93' lang='lat'><strong>:</strong></span> <span class='ocrx_word' id='word_1_202' title='bbox 2241 3820 2431 3883; x_wconf 85' lang='lat' dir='ltr'><strong>debet</strong></span> 
     </span>
     <span class='ocr_line' id='line_1_32' title="bbox 896 3913 2429 3989; baseline -0.003 -13"><span class='ocrx_word' id='word_1_203' title='bbox 896 3920 1107 3976; x_wconf 90' lang='lat' dir='ltr'><strong>tamen</strong></span> <span class='ocrx_word' id='word_1_204' title='bbox 1135 3926 1314 3972; x_wconf 87' lang='lat' dir='ltr'><strong>mons</strong></span> <span class='ocrx_word' id='word_1_205' title='bbox 1344 3930 1467 3972; x_wconf 89' lang='lat' dir='ltr'><strong>non</strong></span> <span class='ocrx_word' id='word_1_206' title='bbox 1497 3917 1709 3989; x_wconf 87' lang='lat' dir='ltr'><strong>petere</strong></span> <span class='ocrx_word' id='word_1_207' title='bbox 1740 3930 1777 3972; x_wconf 90' lang='lat' dir='ltr'><strong>a</strong></span> <span class='ocrx_word' id='word_1_208' title='bbox 1804 3913 2199 3973; x_wconf 87' lang='lat' dir='ltr'><strong>mutuatariis</strong></span> <span class='ocrx_word' id='word_1_209' title='bbox 2228 3913 2429 3973; x_wconf 87' lang='lat' dir='ltr'><strong>omni—</strong></span> 
     </span>
     <span class='ocr_line' id='line_1_33' title="bbox 897 4003 2430 4083; baseline -0.001 -16"><span class='ocrx_word' id='word_1_210' title='bbox 897 4007 1013 4067; x_wconf 92' lang='lat' dir='ltr'><strong>bus</strong></span> <span class='ocrx_word' id='word_1_211' title='bbox 1044 4006 1193 4066; x_wconf 91' lang='lat' dir='ltr'><strong>illud</strong></span> <span class='ocrx_word' id='word_1_212' title='bbox 1223 4004 1546 4081; x_wconf 88' lang='lat' dir='ltr'><strong>interesse,</strong></span> <span class='ocrx_word' id='word_1_213' title='bbox 1581 4003 1691 4064; x_wconf 91' lang='lat' dir='ltr'><strong>sed</strong></span> <span class='ocrx_word' id='word_1_214' title='bbox 1723 4004 1800 4063; x_wconf 87' lang='lat' dir='ltr'><strong>ab</strong></span> <span class='ocrx_word' id='word_1_215' title='bbox 1834 4003 1906 4065; x_wconf 92' lang='lat' dir='ltr'><strong>iis</strong></span> <span class='ocrx_word' id='word_1_216' title='bbox 1928 4005 2155 4083; x_wconf 87' lang='lat' dir='ltr'><strong>quibus</strong></span> <span class='ocrx_word' id='word_1_217' title='bbox 2181 4009 2430 4066; x_wconf 88' lang='lat' dir='ltr'><strong>mutuat</strong></span> 
     </span>
     <span class='ocr_line' id='line_1_34' title="bbox 896 4096 2427 4178; baseline -0.001 -19"><span class='ocrx_word' id='word_1_218' title='bbox 896 4098 1227 4178; x_wconf 88' lang='lat' dir='ltr'><strong>pecuniam</strong></span> <span class='ocrx_word' id='word_1_219' title='bbox 1257 4101 1581 4175; x_wconf 81' lang='lat' dir='ltr'><strong>acceptam</strong></span> <span class='ocrx_word' id='word_1_220' title='bbox 1610 4096 1725 4156; x_wconf 91' lang='lat' dir='ltr'><strong>sub</strong></span> <span class='ocrx_word' id='word_1_221' title='bbox 1757 4097 2087 4174; x_wconf 89' lang='lat' dir='ltr'><strong>interesse,</strong></span> <span class='ocrx_word' id='word_1_222' title='bbox 2121 4116 2246 4157; x_wconf 90' lang='lat' dir='ltr'><strong>non</strong></span> <span class='ocrx_word' id='word_1_223' title='bbox 2277 4116 2427 4158; x_wconf 83' lang='lat' dir='ltr'><strong>vero</strong></span> 
     </span>
     <span class='ocr_line' id='line_1_35' title="bbox 897 4188 2427 4269; baseline -0.001 -18"><span class='ocrx_word' id='word_1_224' title='bbox 897 4211 971 4251; x_wconf 88' lang='lat' dir='ltr'><strong>ex</strong></span> <span class='ocrx_word' id='word_1_225' title='bbox 1000 4190 1257 4269; x_wconf 89' lang='lat' dir='ltr'><strong>pecunia</strong></span> <span class='ocrx_word' id='word_1_226' title='bbox 1291 4188 1544 4267; x_wconf 85' lang='lat' dir='ltr'><strong>propria</strong></span> <span class='ocrx_word' id='word_1_227' title='bbox 1572 4188 1802 4250; x_wconf 87' lang='lat' dir='ltr'><strong>montis</strong></span> <span class='ocrx_word' id='word_1_228' title='bbox 1833 4189 2046 4266; x_wconf 83' lang='lat' dir='ltr'><strong>ipsius,</strong></span> <span class='ocrx_word' id='word_1_229' title='bbox 2082 4208 2272 4268; x_wconf 87' lang='lat' dir='ltr'><strong>quam</strong></span> <span class='ocrx_word' id='word_1_230' title='bbox 2304 4209 2427 4252; x_wconf 92' lang='lat' dir='ltr'><strong>non</strong></span> 
     </span>
     <span class='ocr_line' id='line_1_36' title="bbox 895 4282 2426 4361; baseline -0.003 -16"><span class='ocrx_word' id='word_1_231' title='bbox 895 4284 1137 4361; x_wconf 89' lang='lat' dir='ltr'><strong>accepit</strong></span> <span class='ocrx_word' id='word_1_232' title='bbox 1167 4283 1281 4343; x_wconf 91' lang='lat' dir='ltr'><strong>sub</strong></span> <span class='ocrx_word' id='word_1_233' title='bbox 1303 4282 1624 4343; x_wconf 86' lang='lat' dir='ltr'><strong>interesse.</strong></span> <span class='ocrx_word' id='word_1_234' title='bbox 1660 4283 1817 4342; x_wconf 87' lang='lat' dir='ltr'><strong>Tota</strong></span> <span class='ocrx_word' id='word_1_235' title='bbox 1840 4282 2172 4342; x_wconf 80' lang='lat' dir='ltr'><strong>difficultas</strong></span> <span class='ocrx_word' id='word_1_236' title='bbox 2204 4287 2316 4357; x_wconf 87' lang='lat' dir='ltr'><strong>est,</strong></span> <span class='ocrx_word' id='word_1_237' title='bbox 2352 4302 2426 4342; x_wconf 86' lang='lat' dir='ltr'><strong>ex</strong></span> 
     </span>
     <span class='ocr_line' id='line_1_37' title="bbox 896 4374 2429 4457; baseline 0 -20"><span class='ocrx_word' id='word_1_238' title='bbox 896 4383 1074 4457; x_wconf 92' lang='lat' dir='ltr'><strong>parte</strong></span> <span class='ocrx_word' id='word_1_239' title='bbox 1106 4376 1354 4436; x_wconf 86' lang='lat' dir='ltr'><strong>illorum</strong></span> <span class='ocrx_word' id='word_1_240' title='bbox 1393 4374 1502 4453; x_wconf 91' lang='lat' dir='ltr'><strong>qui</strong></span> <span class='ocrx_word' id='word_1_241' title='bbox 1530 4375 1684 4434; x_wconf 88' lang='lat' dir='ltr'><strong>dant</strong></span> <span class='ocrx_word' id='word_1_242' title='bbox 1713 4375 2044 4451; x_wconf 87' lang='lat' dir='ltr'><strong>pecuniam</strong></span> <span class='ocrx_word' id='word_1_243' title='bbox 2073 4375 2269 4435; x_wconf 88' lang='lat' dir='ltr'><strong>monti</strong></span> <span class='ocrx_word' id='word_1_244' title='bbox 2297 4421 2312 4449; x_wconf 88' lang='lat'><strong>,</strong></span> <span class='ocrx_word' id='word_1_245' title='bbox 2367 4380 2429 4437; x_wconf 89' lang='lat' dir='ltr'><strong>et</strong></span> 
     </span>
     <span class='ocr_line' id='line_1_38' title="bbox 894 4466 2425 4548; baseline -0.003 -16"><span class='ocrx_word' id='word_1_246' title='bbox 894 4469 1212 4548; x_wconf 87' lang='lat' dir='ltr'><strong>accipiunt</strong></span> <span class='ocrx_word' id='word_1_247' title='bbox 1239 4468 1537 4528; x_wconf 77' lang='lat' dir='ltr'><strong>interesse</strong></span> <span class='ocrx_word' id='word_1_248' title='bbox 1570 4466 1649 4526; x_wconf 91' lang='lat' dir='ltr'><strong>ab</strong></span> <span class='ocrx_word' id='word_1_249' title='bbox 1679 4467 1813 4545; x_wconf 91' lang='lat' dir='ltr'><strong>ipso</strong></span> <span class='ocrx_word' id='word_1_250' title='bbox 1837 4512 1852 4541; x_wconf 89' lang='lat'><strong>,</strong></span> <span class='ocrx_word' id='word_1_251' title='bbox 1900 4466 2006 4544; x_wconf 87' lang='lat' dir='ltr'><strong>qui</strong></span> <span class='ocrx_word' id='word_1_252' title='bbox 2050 4471 2218 4528; x_wconf 89' lang='lat' dir='ltr'><strong>certe</strong></span> <span class='ocrx_word' id='word_1_253' title='bbox 2248 4467 2425 4528; x_wconf 90' lang='lat' dir='ltr'><strong>titulo</strong></span> 
     </span>
     <span class='ocr_line' id='line_1_39' title="bbox 896 4558 2427 4640; baseline -0.001 -18"><span class='ocrx_word' id='word_1_254' title='bbox 896 4560 1158 4640; x_wconf 86' lang='lat' dir='ltr'><strong>depositi</strong></span> <span class='ocrx_word' id='word_1_255' title='bbox 1187 4560 1285 4620; x_wconf 87' lang='lat' dir='ltr'><strong>vel</strong></span> <span class='ocrx_word' id='word_1_256' title='bbox 1306 4560 1504 4620; x_wconf 89' lang='lat' dir='ltr'><strong>mutui</strong></span> <span class='ocrx_word' id='word_1_257' title='bbox 1526 4577 1649 4619; x_wconf 92' lang='lat' dir='ltr'><strong>non</strong></span> <span class='ocrx_word' id='word_1_258' title='bbox 1675 4563 1933 4636; x_wconf 89' lang='lat' dir='ltr'><strong>possunt</strong></span> <span class='ocrx_word' id='word_1_259' title='bbox 1951 4558 2251 4618; x_wconf 86' lang='lat' dir='ltr'><strong>interesse</strong></span> <span class='ocrx_word' id='word_1_260' title='bbox 2272 4559 2427 4620; x_wconf 88' lang='lat' dir='ltr'><strong>illud</strong></span> 
     </span>
     <span class='ocr_line' id='line_1_40' title="bbox 893 4650 2427 4732; baseline -0.003 -16"><span class='ocrx_word' id='word_1_261' title='bbox 893 4654 1200 4732; x_wconf 89' lang='lat' dir='ltr'><strong>accipere,</strong></span> <span class='ocrx_word' id='word_1_262' title='bbox 1235 4651 1345 4711; x_wconf 91' lang='lat' dir='ltr'><strong>sed</strong></span> <span class='ocrx_word' id='word_1_263' title='bbox 1375 4651 1615 4711; x_wconf 87' lang='lat' dir='ltr'><strong>ratione</strong></span> <span class='ocrx_word' id='word_1_264' title='bbox 1644 4650 1799 4710; x_wconf 88' lang='lat' dir='ltr'><strong>lucri</strong></span> <span class='ocrx_word' id='word_1_265' title='bbox 1830 4650 2159 4726; x_wconf 76' lang='lat' dir='ltr'><strong>cessanti8‚</strong></span> <span class='ocrx_word' id='word_1_266' title='bbox 2194 4651 2291 4711; x_wconf 85' lang='lat' dir='ltr'><strong>vel</strong></span> <span class='ocrx_word' id='word_1_267' title='bbox 2321 4651 2427 4711; x_wconf 88' lang='lat' dir='ltr'><strong>da-</strong></span> 
     </span>
     <span class='ocr_line' id='line_1_41' title="bbox 893 4742 2427 4822; baseline -0.002 -16"><span class='ocrx_word' id='word_1_268' title='bbox 893 4747 1021 4806; x_wconf 88' lang='lat' dir='ltr'><strong>mni</strong></span> <span class='ocrx_word' id='word_1_269' title='bbox 1053 4745 1453 4822; x_wconf 71' lang='lat' dir='ltr'><strong>emergenti5‚</strong></span> <span class='ocrx_word' id='word_1_270' title='bbox 1487 4744 1585 4803; x_wconf 83' lang='lat' dir='ltr'><strong>vel</strong></span> <span class='ocrx_word' id='word_1_271' title='bbox 1607 4743 1726 4803; x_wconf 89' lang='lat' dir='ltr'><strong>alio</strong></span> <span class='ocrx_word' id='word_1_272' title='bbox 1758 4742 1963 4802; x_wconf 88' lang='lat' dir='ltr'><strong>simili.</strong></span> <span class='ocrx_word' id='word_1_273' title='bbox 2000 4742 2203 4815; x_wconf 85' lang='lat' dir='ltr'><strong>Quare</strong></span> <span class='ocrx_word' id='word_1_274' title='bbox 2223 4744 2427 4805; x_wconf 89' lang='lat' dir='ltr'><strong>Julius</strong></span> 
     </span>
     <span class='ocr_line' id='line_1_42' title="bbox 893 4835 2420 4915; baseline -0.002 -15"><span class='ocrx_word' id='word_1_275' title='bbox 893 4842 995 4915; x_wconf 91' lang='lat'><strong>111,</strong></span> <span class='ocrx_word' id='word_1_276' title='bbox 1031 4839 1091 4898; x_wconf 91' lang='lat' dir='ltr'><strong>in</strong></span> <span class='ocrx_word' id='word_1_277' title='bbox 1124 4838 1316 4911; x_wconf 89' lang='lat' dir='ltr'><strong>bulla,</strong></span> <span class='ocrx_word' id='word_1_278' title='bbox 1353 4835 1532 4915; x_wconf 85' lang='lat' dir='ltr'><strong>cujus</strong></span> <span class='ocrx_word' id='word_1_279' title='bbox 1562 4835 1846 4896; x_wconf 90' lang='lat' dir='ltr'><strong>meminit</strong></span> <span class='ocrx_word' id='word_1_280' title='bbox 1874 4837 2102 4895; x_wconf 86' lang='lat' dir='ltr'><strong>Navar.</strong></span> <span class='ocrx_word' id='word_1_281' title='bbox 2150 4836 2286 4896; x_wconf 87' lang='lat' dir='ltr'><strong>loco</strong></span> <span class='ocrx_word' id='word_1_282' title='bbox 2319 4836 2420 4897; x_wconf 89' lang='lat' dir='ltr'><strong>cit.</strong></span> 
     </span>
     <span class='ocr_line' id='line_1_43' title="bbox 891 4926 2423 5005; baseline -0.003 -13"><span class='ocrx_word' id='word_1_283' title='bbox 891 4935 1168 4992; x_wconf 90' lang='lat' dir='ltr'><strong>montem</strong></span> <span class='ocrx_word' id='word_1_284' title='bbox 1198 4930 1375 4989; x_wconf 91' lang='lat' dir='ltr'><strong>illum</strong></span> <span class='ocrx_word' id='word_1_285' title='bbox 1404 4927 1814 5005; x_wconf 70' lang='lat' dir='ltr'><strong>approbavit,</strong></span> <span class='ocrx_word' id='word_1_286' title='bbox 1858 4926 1906 4986; x_wconf 90' lang='lat' dir='ltr'><strong>si</strong></span> <span class='ocrx_word' id='word_1_287' title='bbox 1939 4926 2320 5005; x_wconf 88' lang='lat' dir='ltr'><strong>deponentes</strong></span> <span class='ocrx_word' id='word_1_288' title='bbox 2361 4927 2423 4988; x_wconf 90' lang='lat' dir='ltr'><strong>id</strong></span> 
     </span>
     <span class='ocr_line' id='line_1_44' title="bbox 890 5019 2427 5099; baseline -0.003 -15"><span class='ocrx_word' id='word_1_289' title='bbox 890 5023 1124 5085; x_wconf 73' lang='lat' dir='ltr'><strong>iaciant</strong></span> <span class='ocrx_word' id='word_1_290' title='bbox 1170 5041 1294 5082; x_wconf 78' lang='lat' dir='ltr'><strong>non</strong></span> <span class='ocrx_word' id='word_1_291' title='bbox 1326 5020 1536 5081; x_wconf 77' lang='lat' dir='ltr'><strong>anImo</strong></span> <span class='ocrx_word' id='word_1_292' title='bbox 1567 5019 1949 5095; x_wconf 87' lang='lat' dir='ltr'><strong>foenerandi,</strong></span> <span class='ocrx_word' id='word_1_293' title='bbox 2012 5021 2120 5079; x_wconf 87' lang='lat' dir='ltr'><strong>sed</strong></span> <span class='ocrx_word' id='word_1_294' title='bbox 2161 5020 2427 5099; x_wconf 83' lang='lat' dir='ltr'><strong>juvandi</strong></span> 
     </span>
     <span class='ocr_line' id='line_1_45' title="bbox 889 5111 2427 5192; baseline -0.002 -16"><span class='ocrx_word' id='word_1_295' title='bbox 889 5120 1164 5176; x_wconf 89' lang='lat' dir='ltr'><strong>montem</strong></span> <span class='ocrx_word' id='word_1_296' title='bbox 1194 5119 1254 5173; x_wconf 90' lang='lat' dir='ltr'><strong>et</strong></span> <span class='ocrx_word' id='word_1_297' title='bbox 1282 5131 1594 5192; x_wconf 89' lang='lat' dir='ltr'><strong>pauperes</strong></span> <span class='ocrx_word' id='word_1_298' title='bbox 1614 5158 1630 5188; x_wconf 89' lang='lat'><strong>,</strong></span> <span class='ocrx_word' id='word_1_299' title='bbox 1683 5115 1872 5190; x_wconf 89' lang='lat' dir='ltr'><strong>atque</strong></span> <span class='ocrx_word' id='word_1_300' title='bbox 1915 5111 1966 5171; x_wconf 90' lang='lat' dir='ltr'><strong>si</strong></span> <span class='ocrx_word' id='word_1_301' title='bbox 1999 5131 2138 5171; x_wconf 90' lang='lat' dir='ltr'><strong>eam</strong></span> <span class='ocrx_word' id='word_1_302' title='bbox 2170 5113 2248 5173; x_wconf 91' lang='lat' dir='ltr'><strong>ob</strong></span> <span class='ocrx_word' id='word_1_303' title='bbox 2279 5132 2427 5173; x_wconf 88' lang='lat' dir='ltr'><strong>cau·</strong></span> 
     </span>
     <span class='ocr_line' id='line_1_46' title="bbox 889 5204 2425 5283; baseline -0.003 -14"><span class='ocrx_word' id='word_1_304' title='bbox 889 5227 1023 5269; x_wconf 88' lang='lat' dir='ltr'><strong>sam</strong></span> <span class='ocrx_word' id='word_1_305' title='bbox 1041 5206 1335 5266; x_wconf 86' lang='lat' dir='ltr'><strong>desinant</strong></span> <span class='ocrx_word' id='word_1_306' title='bbox 1362 5205 1590 5264; x_wconf 87' lang='lat' dir='ltr'><strong>lucrari</strong></span> <span class='ocrx_word' id='word_1_307' title='bbox 1621 5204 1790 5283; x_wconf 84' lang='lat' dir='ltr'><strong>quod</strong></span> <span class='ocrx_word' id='word_1_308' title='bbox 1806 5223 1921 5282; x_wconf 91' lang='lat' dir='ltr'><strong>per</strong></span> <span class='ocrx_word' id='word_1_309' title='bbox 1935 5205 2425 5283; x_wconf 87' lang='lat' dir='ltr'><strong>negotiationem</strong></span> 
     </span>
     <span class='ocr_line' id='line_1_47' title="bbox 889 5296 2428 5378; baseline -0.002 -19"><span class='ocrx_word' id='word_1_310' title='bbox 889 5300 1163 5378; x_wconf 83' lang='lat' dir='ltr'><strong>aliquam</strong></span> <span class='ocrx_word' id='word_1_311' title='bbox 1194 5296 1433 5358; x_wconf 86' lang='lat' dir='ltr'><strong>licitam</strong></span> <span class='ocrx_word' id='word_1_312' title='bbox 1454 5297 1755 5356; x_wconf 90' lang='lat' dir='ltr'><strong>lucraturi</strong></span> <span class='ocrx_word' id='word_1_313' title='bbox 1774 5301 1973 5357; x_wconf 87' lang='lat' dir='ltr'><strong>erant.</strong></span> <span class='ocrx_word' id='word_1_314' title='bbox 2000 5297 2194 5359; x_wconf 88' lang='lat' dir='ltr'><strong>Addit</strong></span> <span class='ocrx_word' id='word_1_315' title='bbox 2215 5298 2428 5358; x_wconf 85' lang='lat' dir='ltr'><strong>Filliu-</strong></span> 
     </span>
     <span class='ocr_line' id='line_1_48' title="bbox 888 5388 2424 5467; baseline -0.003 -15"><span class='ocrx_word' id='word_1_316' title='bbox 888 5393 1020 5452; x_wconf 89' lang='lat' dir='ltr'><strong>cius</strong></span> <span class='ocrx_word' id='word_1_317' title='bbox 1050 5409 1220 5451; x_wconf 90' lang='lat' dir='ltr'><strong>num.</strong></span> <span class='ocrx_word' id='word_1_318' title='bbox 1259 5392 1396 5450; x_wconf 90' lang='grc'><strong>180.</strong></span> <span class='ocrx_word' id='word_1_319' title='bbox 1439 5407 1623 5467; x_wconf 88' lang='lat' dir='ltr'><strong>posse</strong></span> <span class='ocrx_word' id='word_1_320' title='bbox 1669 5388 1855 5449; x_wconf 87' lang='lat' dir='ltr'><strong>etiam</strong></span> <span class='ocrx_word' id='word_1_321' title='bbox 1886 5393 2106 5467; x_wconf 88' lang='lat' dir='ltr'><strong>postea</strong></span> <span class='ocrx_word' id='word_1_322' title='bbox 2136 5389 2424 5451; x_wconf 85' lang='lat' dir='ltr'><strong>excusari</strong></span> 
     </span>
     <span class='ocr_line' id='line_1_49' title="bbox 888 5479 2428 5562; baseline -0.002 -18"><span class='ocrx_word' id='word_1_323' title='bbox 888 5485 966 5544; x_wconf 90' lang='lat' dir='ltr'><strong>ab</strong></span> <span class='ocrx_word' id='word_1_324' title='bbox 1008 5483 1388 5562; x_wconf 87' lang='lat' dir='ltr'><strong>obligatione</strong></span> <span class='ocrx_word' id='word_1_325' title='bbox 1441 5479 1807 5542; x_wconf 85' lang='lat' dir='ltr'><strong>restituendi</strong></span> <span class='ocrx_word' id='word_1_326' title='bbox 1845 5480 2092 5542; x_wconf 91' lang='lat' dir='ltr'><strong>lucrum</strong></span> <span class='ocrx_word' id='word_1_327' title='bbox 2143 5482 2277 5543; x_wconf 90' lang='lat' dir='ltr'><strong>sine</strong></span> <span class='ocrx_word' id='word_1_328' title='bbox 2331 5482 2428 5542; x_wconf 89' lang='lat' dir='ltr'><strong>his</strong></span> 
     </span>
    </p>
   </div>
   <div class='ocr_carea' id='block_1_7' title="bbox 2025 323 2904 385">
    <p class='ocr_par' dir='ltr' id='par_1_8' title="bbox 2025 323 2904 385">
     <span class='ocr_line' id='line_1_50' title="bbox 2025 323 2904 385; baseline -0.001 -2"><span class='ocrx_word' id='word_1_329' title='bbox 2025 325 2126 383; x_wconf 76' lang='lat' dir='ltr'><strong>DE</strong></span> <span class='ocrx_word' id='word_1_330' title='bbox 2168 323 2519 385; x_wconf 79' lang='lat' dir='ltr'><strong>JUS&#39;rl&#39;rlA</strong></span> <span class='ocrx_word' id='word_1_331' title='bbox 2564 324 2664 382; x_wconf 88' lang='lat' dir='ltr'><strong>ET</strong></span> <span class='ocrx_word' id='word_1_332' title='bbox 2705 323 2904 384; x_wconf 74' lang='lat' dir='ltr'>JURE</span> 
     </span>
    </p>
   </div>
   <div class='ocr_carea' id='block_1_8' title="bbox 2521 495 4112 5560">
    <p class='ocr_par' dir='ltr' id='par_1_9' title="bbox 2521 495 4112 2496">
     <span class='ocr_line' id='line_1_51' title="bbox 2524 495 4032 575; baseline -0.001 -17"><span class='ocrx_word' id='word_1_333' title='bbox 2524 496 2985 558; x_wconf 89' lang='lat' dir='ltr'><strong>conditionibus</strong></span> <span class='ocrx_word' id='word_1_334' title='bbox 3018 499 3380 574; x_wconf 87' lang='lat' dir='ltr'><strong>acceptum,</strong></span> <span class='ocrx_word' id='word_1_335' title='bbox 3424 496 3477 556; x_wconf 82' lang='lat' dir='ltr'><strong>si</strong></span> <span class='ocrx_word' id='word_1_336' title='bbox 3504 512 3688 557; x_wconf 74' lang='lat' dir='ltr'><strong>mons</strong></span> <span class='ocrx_word' id='word_1_337' title='bbox 3712 495 4032 575; x_wconf 81' lang='lat' dir='ltr'><strong>requisitus</strong></span> 
     </span>
     <span class='ocr_line' id='line_1_52' title="bbox 2526 589 4033 669; baseline -0.001 -19"><span class='ocrx_word' id='word_1_338' title='bbox 2526 608 2815 669; x_wconf 86' lang='lat' dir='ltr'><strong>expresse</strong></span> <span class='ocrx_word' id='word_1_339' title='bbox 2863 589 3181 665; x_wconf 84' lang='lat' dir='ltr'><strong>declaret,</strong></span> <span class='ocrx_word' id='word_1_340' title='bbox 3231 607 3299 649; x_wconf 88' lang='lat' dir='ltr'><strong>se</strong></span> <span class='ocrx_word' id='word_1_341' title='bbox 3344 589 3702 649; x_wconf 85' lang='lat' dir='ltr'><strong>condonare</strong></span> <span class='ocrx_word' id='word_1_342' title='bbox 3747 590 4033 650; x_wconf 82' lang='lat' dir='ltr'><strong>fructusa</strong></span> 
     </span>
     <span class='ocr_line' id='line_1_53' title="bbox 2528 681 4033 762; baseline 0 -21"><span class='ocrx_word' id='word_1_343' title='bbox 2528 682 2809 762; x_wconf 87' lang='lat' dir='ltr'><strong>quolibet</strong></span> <span class='ocrx_word' id='word_1_344' title='bbox 2853 682 2988 741; x_wconf 88' lang='lat' dir='ltr'><strong>sine</strong></span> <span class='ocrx_word' id='word_1_345' title='bbox 3028 681 3208 744; x_wconf 86' lang='lat' dir='ltr'><strong>titulo</strong></span> <span class='ocrx_word' id='word_1_346' title='bbox 3253 686 3601 760; x_wconf 66' lang='lat' dir='ltr'><strong>perceptos</strong></span> <span class='ocrx_word' id='word_1_347' title='bbox 3663 684 3793 742; x_wconf 88' lang='lat' dir='ltr'><strong>Hoc</strong></span> <span class='ocrx_word' id='word_1_348' title='bbox 3838 687 4033 742; x_wconf 87' lang='lat' dir='ltr'><strong>tamen</strong></span> 
     </span>
     <span class='ocr_line' id='line_1_54' title="bbox 2529 774 4036 853; baseline -0.001 -19"><span class='ocrx_word' id='word_1_349' title='bbox 2529 793 2652 834; x_wconf 90' lang='lat' dir='ltr'><strong>non</strong></span> <span class='ocrx_word' id='word_1_350' title='bbox 2677 774 2923 835; x_wconf 86' lang='lat' dir='ltr'><strong>videtur</strong></span> <span class='ocrx_word' id='word_1_351' title='bbox 2942 792 3125 853; x_wconf 87' lang='lat' dir='ltr'><strong>posse</strong></span> <span class='ocrx_word' id='word_1_352' title='bbox 3143 774 3524 835; x_wconf 77' lang='lat' dir='ltr'><strong>sufficienter</strong></span> <span class='ocrx_word' id='word_1_353' title='bbox 3539 792 3832 834; x_wconf 89' lang='lat' dir='ltr'><strong>excusare</strong></span> <span class='ocrx_word' id='word_1_354' title='bbox 3857 793 3871 834; x_wconf 91' lang='lat'>:</span> <span class='ocrx_word' id='word_1_355' title='bbox 3906 774 4036 852; x_wconf 84' lang='lat' dir='ltr'><strong>quia</strong></span> 
     </span>
     <span class='ocr_line' id='line_1_55' title="bbox 2527 866 4035 945; baseline 0.001 -20"><span class='ocrx_word' id='word_1_356' title='bbox 2527 884 2708 927; x_wconf 89' lang='lat' dir='ltr'><strong>mons</strong></span> <span class='ocrx_word' id='word_1_357' title='bbox 2746 866 2808 926; x_wconf 91' lang='lat' dir='ltr'><strong>in</strong></span> <span class='ocrx_word' id='word_1_358' title='bbox 2853 866 2972 926; x_wconf 92' lang='lat' dir='ltr'><strong>hoc</strong></span> <span class='ocrx_word' id='word_1_359' title='bbox 3011 884 3160 927; x_wconf 90' lang='lat' dir='ltr'><strong>casu</strong></span> <span class='ocrx_word' id='word_1_360' title='bbox 3191 866 3430 925; x_wconf 89' lang='lat' dir='ltr'><strong>nullum</strong></span> <span class='ocrx_word' id='word_1_361' title='bbox 3460 885 3682 945; x_wconf 83' lang='lat' dir='ltr'><strong>passus</strong></span> <span class='ocrx_word' id='word_1_362' title='bbox 3722 871 3819 927; x_wconf 85' lang='lat' dir='ltr'><strong>est</strong></span> <span class='ocrx_word' id='word_1_363' title='bbox 3860 866 4035 926; x_wconf 84' lang='lat' dir='ltr'><strong>detri-</strong></span> 
     </span>
     <span class='ocr_line' id='line_1_56' title="bbox 2531 960 4034 1038; baseline 0.001 -20"><span class='ocrx_word' id='word_1_364' title='bbox 2531 963 2842 1034; x_wconf 87' lang='lat' dir='ltr'><strong>mentum,</strong></span> <span class='ocrx_word' id='word_1_365' title='bbox 2886 977 3028 1019; x_wconf 90' lang='lat' dir='ltr'><strong>cum</strong></span> <span class='ocrx_word' id='word_1_366' title='bbox 3066 963 3308 1019; x_wconf 89' lang='lat' dir='ltr'><strong>tantum</strong></span> <span class='ocrx_word' id='word_1_367' title='bbox 3343 960 3648 1038; x_wconf 88' lang='lat' dir='ltr'><strong>receperit</strong></span> <span class='ocrx_word' id='word_1_368' title='bbox 3673 978 3712 1019; x_wconf 90' lang='lat' dir='ltr'><strong>a</strong></span> <span class='ocrx_word' id='word_1_369' title='bbox 3739 963 4034 1020; x_wconf 84' lang='lat' dir='ltr'><strong>mutuata·</strong></span> 
     </span>
     <span class='ocr_line' id='line_1_57' title="bbox 2527 1051 4039 1131; baseline 0 -20"><span class='ocrx_word' id='word_1_370' title='bbox 2527 1052 2634 1112; x_wconf 89' lang='lat' dir='ltr'><strong>riis</strong></span> <span class='ocrx_word' id='word_1_371' title='bbox 2665 1056 2968 1131; x_wconf 91' lang='lat' dir='ltr'><strong>quantum</strong></span> <span class='ocrx_word' id='word_1_372' title='bbox 2993 1051 3125 1130; x_wconf 90' lang='lat' dir='ltr'><strong>ipse</strong></span> <span class='ocrx_word' id='word_1_373' title='bbox 3157 1051 3449 1126; x_wconf 88' lang='lat' dir='ltr'><strong>solverat,</strong></span> <span class='ocrx_word' id='word_1_374' title='bbox 3482 1052 3591 1111; x_wconf 93' lang='lat' dir='ltr'><strong>sed</strong></span> <span class='ocrx_word' id='word_1_375' title='bbox 3615 1053 3781 1112; x_wconf 91' lang='lat' dir='ltr'><strong>solus</strong></span> <span class='ocrx_word' id='word_1_376' title='bbox 3807 1055 4039 1112; x_wconf 88' lang='lat' dir='ltr'><strong>mutua-</strong></span> 
     </span>
     <span class='ocr_line' id='line_1_58' title="bbox 2529 1143 4040 1222; baseline -0.001 -17"><span class='ocrx_word' id='word_1_377' title='bbox 2529 1143 2744 1220; x_wconf 88' lang='lat' dir='ltr'><strong>tarius,</strong></span> <span class='ocrx_word' id='word_1_378' title='bbox 2780 1143 2885 1221; x_wconf 92' lang='lat' dir='ltr'><strong>qui</strong></span> <span class='ocrx_word' id='word_1_379' title='bbox 2917 1161 2953 1201; x_wconf 89' lang='lat' dir='ltr'><strong>a</strong></span> <span class='ocrx_word' id='word_1_380' title='bbox 2980 1148 3193 1204; x_wconf 88' lang='lat' dir='ltr'><strong>monte</strong></span> <span class='ocrx_word' id='word_1_381' title='bbox 3224 1144 3468 1222; x_wconf 87' lang='lat' dir='ltr'><strong>accepit</strong></span> <span class='ocrx_word' id='word_1_382' title='bbox 3496 1162 3715 1222; x_wconf 88' lang='lat' dir='ltr'><strong>passus</strong></span> <span class='ocrx_word' id='word_1_383' title='bbox 3745 1147 3840 1204; x_wconf 88' lang='lat' dir='ltr'><strong>est</strong></span> <span class='ocrx_word' id='word_1_384' title='bbox 3857 1148 4040 1204; x_wconf 87' lang='lat' dir='ltr'><strong>totum</strong></span> 
     </span>
     <span class='ocr_line' id='line_1_59' title="bbox 2532 1235 4112 1315; baseline 0.001 -19"><span class='ocrx_word' id='word_1_385' title='bbox 2532 1236 2862 1305; x_wconf 70' lang='lat' dir='ltr'><strong>damnum:</strong></span> <span class='ocrx_word' id='word_1_386' title='bbox 2889 1235 3007 1294; x_wconf 92' lang='lat' dir='ltr'><strong>nisi</strong></span> <span class='ocrx_word' id='word_1_387' title='bbox 3028 1253 3175 1314; x_wconf 90' lang='lat' dir='ltr'><strong>ergo</strong></span> <span class='ocrx_word' id='word_1_388' title='bbox 3195 1236 3455 1297; x_wconf 87' lang='lat' dir='ltr'><strong>accedat</strong></span> <span class='ocrx_word' id='word_1_389' title='bbox 3466 1236 3841 1297; x_wconf 86' lang='lat' dir='ltr'><strong>condonatio</strong></span> <span class='ocrx_word' id='word_1_390' title='bbox 3864 1236 4042 1315; x_wconf 82' lang='lat' dir='ltr'><strong>ipsius</strong></span> <span class='ocrx_word' id='word_1_391' title='bbox 4104 1248 4112 1258; x_wconf 67' lang='lat'>⁴</span> 
     </span>
     <span class='ocr_line' id='line_1_60' title="bbox 2533 1327 4043 1403; baseline 0.001 -16"><span class='ocrx_word' id='word_1_392' title='bbox 2533 1327 2915 1403; x_wconf 86' lang='lat' dir='ltr'><strong>mutuatarii‚</strong></span> <span class='ocrx_word' id='word_1_393' title='bbox 2951 1327 3048 1387; x_wconf 88' lang='lat' dir='ltr'><strong>vel</strong></span> <span class='ocrx_word' id='word_1_394' title='bbox 3068 1346 3247 1388; x_wconf 92' lang='lat' dir='ltr'><strong>mons</strong></span> <span class='ocrx_word' id='word_1_395' title='bbox 3264 1332 3541 1389; x_wconf 87' lang='lat' dir='ltr'><strong>assumat</strong></span> <span class='ocrx_word' id='word_1_396' title='bbox 3566 1329 3683 1388; x_wconf 89' lang='lat' dir='ltr'><strong>sibi</strong></span> <span class='ocrx_word' id='word_1_397' title='bbox 3705 1347 3862 1400; x_wconf 80' lang='lat' dir='ltr'><strong>onus</strong></span> <span class='ocrx_word' id='word_1_398' title='bbox 3885 1328 4043 1388; x_wconf 86' lang='lat' dir='ltr'><strong>satis-</strong></span> 
     </span>
     <span class='ocr_line' id='line_1_61' title="bbox 2533 1419 4042 1501; baseline 0.001 -21"><span class='ocrx_word' id='word_1_399' title='bbox 2533 1420 2801 1480; x_wconf 84' lang='lat' dir='ltr'><strong>faciendi</strong></span> <span class='ocrx_word' id='word_1_400' title='bbox 2846 1419 3225 1480; x_wconf 82' lang='lat' dir='ltr'><strong>mutuatario</strong></span> <span class='ocrx_word' id='word_1_401' title='bbox 3251 1467 3266 1496; x_wconf 90' lang='lat'>‚</span> <span class='ocrx_word' id='word_1_402' title='bbox 3327 1439 3451 1480; x_wconf 91' lang='lat' dir='ltr'><strong>non</strong></span> <span class='ocrx_word' id='word_1_403' title='bbox 3507 1420 3686 1480; x_wconf 84' lang='lat' dir='ltr'><strong>video</strong></span> <span class='ocrx_word' id='word_1_404' title='bbox 3744 1420 4042 1501; x_wconf 90' lang='lat' dir='ltr'><strong>quomodo</strong></span> 
     </span>
     <span class='ocr_line' id='line_1_62' title="bbox 2533 1511 4043 1590; baseline 0 -18"><span class='ocrx_word' id='word_1_405' title='bbox 2533 1513 2919 1590; x_wconf 90' lang='lat' dir='ltr'><strong>deponentes</strong></span> <span class='ocrx_word' id='word_1_406' title='bbox 2939 1511 3143 1572; x_wconf 89' lang='lat' dir='ltr'><strong>securi</strong></span> <span class='ocrx_word' id='word_1_407' title='bbox 3162 1516 3458 1573; x_wconf 91' lang='lat' dir='ltr'><strong>maneant</strong></span> <span class='ocrx_word' id='word_1_408' title='bbox 3484 1513 3544 1572; x_wconf 92' lang='lat' dir='ltr'><strong>in</strong></span> <span class='ocrx_word' id='word_1_409' title='bbox 3569 1513 3945 1574; x_wconf 88' lang='lat' dir='ltr'><strong>conscientia</strong></span> <span class='ocrx_word' id='word_1_410' title='bbox 3975 1512 4043 1573; x_wconf 87' lang='lat' dir='ltr'><strong>ab</strong></span> 
     </span>
     <span class='ocr_line' id='line_1_63' title="bbox 2536 1604 4047 1682; baseline 0.001 -18"><span class='ocrx_word' id='word_1_411' title='bbox 2536 1604 2913 1682; x_wconf 85' lang='lat' dir='ltr'><strong>obligatione</strong></span> <span class='ocrx_word' id='word_1_412' title='bbox 2956 1604 3349 1665; x_wconf 88' lang='lat' dir='ltr'><strong>restituendi.</strong></span> <span class='ocrx_word' id='word_1_413' title='bbox 3413 1604 3586 1666; x_wconf 88' lang='lat' dir='ltr'><strong>Sicut</strong></span> <span class='ocrx_word' id='word_1_414' title='bbox 3638 1604 3688 1664; x_wconf 89' lang='lat' dir='ltr'><strong>si</strong></span> <span class='ocrx_word' id='word_1_415' title='bbox 3727 1608 3945 1665; x_wconf 83' lang='lat' dir='ltr'><strong>Petrus</strong></span> <span class='ocrx_word' id='word_1_416' title='bbox 3985 1610 4047 1666; x_wconf 89' lang='lat' dir='ltr'><strong>ut</strong></span> 
     </span>
     <span class='ocr_line' id='line_1_64' title="bbox 2521 1696 4043 1775; baseline 0.001 -20"><span class='ocrx_word' id='word_1_417' title='bbox 2521 1696 2647 1756; x_wconf 65' lang='lat' dir='ltr'><strong>,tibi</strong></span> <span class='ocrx_word' id='word_1_418' title='bbox 2676 1700 3030 1772; x_wconf 88' lang='lat' dir='ltr'><strong>mutuaret,</strong></span> <span class='ocrx_word' id='word_1_419' title='bbox 3078 1697 3379 1773; x_wconf 89' lang='lat' dir='ltr'><strong>pecunias</strong></span> <span class='ocrx_word' id='word_1_420' title='bbox 3418 1697 3661 1775; x_wconf 89' lang='lat' dir='ltr'><strong>accepit</strong></span> <span class='ocrx_word' id='word_1_421' title='bbox 3687 1697 3802 1757; x_wconf 91' lang='lat' dir='ltr'><strong>suh</strong></span> <span class='ocrx_word' id='word_1_422' title='bbox 3827 1698 4043 1774; x_wconf 78' lang='lat' dir='ltr'><strong>usuriS,</strong></span> 
     </span>
     <span class='ocr_line' id='line_1_65' title="bbox 2536 1787 4048 1869; baseline 0 -20"><span class='ocrx_word' id='word_1_423' title='bbox 2536 1808 2691 1869; x_wconf 88' lang='lat' dir='ltr'><strong>quas</strong></span> <span class='ocrx_word' id='word_1_424' title='bbox 2718 1807 2757 1849; x_wconf 92' lang='lat' dir='ltr'><strong>a</strong></span> <span class='ocrx_word' id='word_1_425' title='bbox 2785 1793 2845 1849; x_wconf 89' lang='lat' dir='ltr'><strong>te</strong></span> <span class='ocrx_word' id='word_1_426' title='bbox 2876 1788 3064 1849; x_wconf 91' lang='lat' dir='ltr'><strong>etiam</strong></span> <span class='ocrx_word' id='word_1_427' title='bbox 3095 1787 3285 1866; x_wconf 87' lang='lat' dir='ltr'><strong>exigit</strong></span> <span class='ocrx_word' id='word_1_428' title='bbox 3332 1792 3400 1849; x_wconf 92' lang='lat' dir='ltr'><strong>ut</strong></span> <span class='ocrx_word' id='word_1_429' title='bbox 3436 1808 3501 1848; x_wconf 90' lang='lat' dir='ltr'><strong>se</strong></span> <span class='ocrx_word' id='word_1_430' title='bbox 3531 1789 3888 1848; x_wconf 90' lang='lat' dir='ltr'><strong>indemnem</strong></span> <span class='ocrx_word' id='word_1_431' title='bbox 3930 1807 4048 1849; x_wconf 90' lang='lat' dir='ltr'><strong>ser-</strong></span> 
     </span>
     <span class='ocr_line' id='line_1_66' title="bbox 2533 1880 4045 1958; baseline 0.001 -18"><span class='ocrx_word' id='word_1_432' title='bbox 2533 1886 2674 1956; x_wconf 84' lang='lat' dir='ltr'><strong>vet,</strong></span> <span class='ocrx_word' id='word_1_433' title='bbox 2736 1898 2859 1939; x_wconf 90' lang='lat' dir='ltr'><strong>non</strong></span> <span class='ocrx_word' id='word_1_434' title='bbox 2906 1880 3137 1958; x_wconf 90' lang='lat' dir='ltr'><strong>poterit</strong></span> <span class='ocrx_word' id='word_1_435' title='bbox 3179 1881 3537 1941; x_wconf 88' lang='lat' dir='ltr'><strong>condonare</strong></span> <span class='ocrx_word' id='word_1_436' title='bbox 3566 1881 3846 1942; x_wconf 89' lang='lat' dir='ltr'><strong>debitum</strong></span> <span class='ocrx_word' id='word_1_437' title='bbox 3876 1880 4045 1942; x_wconf 90' lang='lat' dir='ltr'><strong>resti-</strong></span> 
     </span>
     <span class='ocr_line' id='line_1_67' title="bbox 2531 1972 4047 2051; baseline -0.001 -18"><span class='ocrx_word' id='word_1_438' title='bbox 2531 1973 2749 2034; x_wconf 89' lang='lat' dir='ltr'><strong>tuendi</strong></span> <span class='ocrx_word' id='word_1_439' title='bbox 2778 1973 3087 2047; x_wconf 91' lang='lat' dir='ltr'><strong>usurario,</strong></span> <span class='ocrx_word' id='word_1_440' title='bbox 3123 1973 3223 2032; x_wconf 89' lang='lat' dir='ltr'><strong>cui</strong></span> <span class='ocrx_word' id='word_1_441' title='bbox 3256 1973 3389 2051; x_wconf 90' lang='lat' dir='ltr'><strong>ipse</strong></span> <span class='ocrx_word' id='word_1_442' title='bbox 3418 1992 3640 2034; x_wconf 88' lang='lat' dir='ltr'><strong>usuras</strong></span> <span class='ocrx_word' id='word_1_443' title='bbox 3670 1974 3853 2034; x_wconf 90' lang='lat' dir='ltr'><strong>solvit</strong></span> <span class='ocrx_word' id='word_1_444' title='bbox 3874 2020 3890 2050; x_wconf 93' lang='lat'><strong>,</strong></span> <span class='ocrx_word' id='word_1_445' title='bbox 3941 1972 4047 2032; x_wconf 87' lang='lat' dir='ltr'><strong>nisi</strong></span> 
     </span>
     <span class='ocr_line' id='line_1_68' title="bbox 2532 2063 4050 2139; baseline 0.001 -15"><span class='ocrx_word' id='word_1_446' title='bbox 2532 2069 2600 2125; x_wconf 90' lang='lat' dir='ltr'><strong>tu</strong></span> <span class='ocrx_word' id='word_1_447' title='bbox 2632 2063 2818 2124; x_wconf 87' lang='lat' dir='ltr'><strong>etiam</strong></span> <span class='ocrx_word' id='word_1_448' title='bbox 2848 2064 3165 2124; x_wconf 86' lang='lat' dir='ltr'><strong>condones</strong></span> <span class='ocrx_word' id='word_1_449' title='bbox 3184 2112 3198 2139; x_wconf 92' lang='lat'><strong>,</strong></span> <span class='ocrx_word' id='word_1_450' title='bbox 3244 2065 3342 2125; x_wconf 85' lang='lat' dir='ltr'><strong>vel</strong></span> <span class='ocrx_word' id='word_1_451' title='bbox 3381 2065 3494 2125; x_wconf 90' lang='lat' dir='ltr'><strong>tibi</strong></span> <span class='ocrx_word' id='word_1_452' title='bbox 3525 2068 3811 2128; x_wconf 84' lang='lat' dir='ltr'><strong>restituat</strong></span> <span class='ocrx_word' id='word_1_453' title='bbox 3838 2084 4050 2125; x_wconf 87' lang='lat' dir='ltr'><strong>usuras</strong></span> 
     </span>
     <span class='ocr_line' id='line_1_69' title="bbox 2533 2156 4051 2237; baseline 0.001 -21"><span class='ocrx_word' id='word_1_454' title='bbox 2533 2173 2571 2216; x_wconf 92' lang='lat' dir='ltr'><strong>a</strong></span> <span class='ocrx_word' id='word_1_455' title='bbox 2599 2160 2658 2216; x_wconf 90' lang='lat' dir='ltr'><strong>te</strong></span> <span class='ocrx_word' id='word_1_456' title='bbox 2679 2160 2991 2235; x_wconf 78' lang='lat' dir='ltr'><strong>acceptaS,</strong></span> <span class='ocrx_word' id='word_1_457' title='bbox 3027 2156 3174 2234; x_wconf 63' lang='lat' dir='ltr'><strong>quia</strong></span> <span class='ocrx_word' id='word_1_458' title='bbox 3203 2160 3270 2217; x_wconf 89' lang='lat' dir='ltr'><strong>tu</strong></span> <span class='ocrx_word' id='word_1_459' title='bbox 3291 2157 3479 2233; x_wconf 79' lang='lat' dir='ltr'><strong>soluS,</strong></span> <span class='ocrx_word' id='word_1_460' title='bbox 3516 2162 3578 2218; x_wconf 92' lang='lat' dir='ltr'><strong>et</strong></span> <span class='ocrx_word' id='word_1_461' title='bbox 3606 2176 3728 2218; x_wconf 92' lang='lat' dir='ltr'><strong>non</strong></span> <span class='ocrx_word' id='word_1_462' title='bbox 3761 2158 3915 2237; x_wconf 88' lang='lat' dir='ltr'><strong>ipse,</strong></span> <span class='ocrx_word' id='word_1_463' title='bbox 3949 2158 4051 2218; x_wconf 84' lang='lat' dir='ltr'><strong>da-</strong></span> 
     </span>
     <span class='ocr_line' id='line_1_70' title="bbox 2532 2249 4051 2329; baseline 0.002 -22"><span class='ocrx_word' id='word_1_464' title='bbox 2532 2266 2748 2307; x_wconf 91' lang='lat' dir='ltr'><strong>mnum</strong></span> <span class='ocrx_word' id='word_1_465' title='bbox 2777 2266 2993 2326; x_wconf 87' lang='lat' dir='ltr'><strong>passus</strong></span> <span class='ocrx_word' id='word_1_466' title='bbox 3023 2266 3089 2307; x_wconf 90' lang='lat' dir='ltr'><strong>es</strong></span> <span class='ocrx_word' id='word_1_467' title='bbox 3114 2267 3185 2307; x_wconf 88' lang='lat' dir='ltr'><strong>ex</strong></span> <span class='ocrx_word' id='word_1_468' title='bbox 3210 2253 3534 2310; x_wconf 88' lang='lat' dir='ltr'><strong>contractu</strong></span> <span class='ocrx_word' id='word_1_469' title='bbox 3564 2249 3667 2310; x_wconf 95' lang='lat' dir='ltr'><strong>illo</strong></span> <span class='ocrx_word' id='word_1_470' title='bbox 3689 2251 3892 2329; x_wconf 89' lang='lat' dir='ltr'><strong>primo</strong></span> <span class='ocrx_word' id='word_1_471' title='bbox 3922 2269 4051 2310; x_wconf 89' lang='lat' dir='ltr'><strong>usu·</strong></span> 
     </span>
     <span class='ocr_line' id='line_1_71' title="bbox 2531 2339 4052 2422; baseline 0.001 -22"><span class='ocrx_word' id='word_1_472' title='bbox 2531 2341 2696 2401; x_wconf 90' lang='lat' dir='ltr'><strong>rario</strong></span> <span class='ocrx_word' id='word_1_473' title='bbox 2718 2387 2733 2416; x_wconf 92' lang='lat'><strong>,</strong></span> <span class='ocrx_word' id='word_1_474' title='bbox 2784 2339 2961 2419; x_wconf 86' lang='lat' dir='ltr'><strong>cujus</strong></span> <span class='ocrx_word' id='word_1_475' title='bbox 2991 2344 3191 2401; x_wconf 89' lang='lat' dir='ltr'><strong>totum</strong></span> <span class='ocrx_word' id='word_1_476' title='bbox 3219 2340 3518 2401; x_wconf 89' lang='lat' dir='ltr'><strong>damnum</strong></span> <span class='ocrx_word' id='word_1_477' title='bbox 3547 2342 3606 2401; x_wconf 92' lang='lat' dir='ltr'><strong>in</strong></span> <span class='ocrx_word' id='word_1_478' title='bbox 3637 2347 3697 2404; x_wconf 89' lang='lat' dir='ltr'><strong>te</strong></span> <span class='ocrx_word' id='word_1_479' title='bbox 3727 2341 4052 2422; x_wconf 89' lang='lat' dir='ltr'><strong>assumpsi-</strong></span> 
     </span>
     <span class='ocr_line' id='line_1_72' title="bbox 2533 2433 3715 2496; baseline 0.002 -2"><span class='ocrx_word' id='word_1_480' title='bbox 2533 2434 2609 2495; x_wconf 89' lang='lat' dir='ltr'><strong>sti</strong></span> <span class='ocrx_word' id='word_1_481' title='bbox 2641 2438 2709 2495; x_wconf 93' lang='lat' dir='ltr'><strong>ut</strong></span> <span class='ocrx_word' id='word_1_482' title='bbox 2736 2436 2989 2493; x_wconf 84' lang='lat' dir='ltr'><strong>Petrum</strong></span> <span class='ocrx_word' id='word_1_483' title='bbox 3018 2433 3380 2493; x_wconf 91' lang='lat' dir='ltr'><strong>indemnem</strong></span> <span class='ocrx_word' id='word_1_484' title='bbox 3410 2452 3715 2496; x_wconf 76' lang='lat' dir='ltr'><strong>servareS.</strong></span> 
     </span>
    </p>

    <p class='ocr_par' dir='ltr' id='par_1_10' title="bbox 2521 2524 4075 4728">
     <span class='ocr_line' id='line_1_73' title="bbox 2612 2524 4054 2607; baseline 0.001 -20"><span class='ocrx_word' id='word_1_485' title='bbox 2612 2526 2900 2587; x_wconf 89' lang='lat' dir='ltr'><strong>Secundo</strong></span> <span class='ocrx_word' id='word_1_486' title='bbox 2931 2524 3265 2586; x_wconf 87' lang='lat' dir='ltr'><strong>introducti</strong></span> <span class='ocrx_word' id='word_1_487' title='bbox 3314 2530 3459 2587; x_wconf 88' lang='lat' dir='ltr'><strong>sunt</strong></span> <span class='ocrx_word' id='word_1_488' title='bbox 3504 2527 3610 2586; x_wconf 90' lang='lat' dir='ltr'><strong>alii</strong></span> <span class='ocrx_word' id='word_1_489' title='bbox 3637 2532 3903 2606; x_wconf 88' lang='lat' dir='ltr'><strong>montes,</strong></span> <span class='ocrx_word' id='word_1_490' title='bbox 3954 2529 4054 2607; x_wconf 89' lang='lat' dir='ltr'><strong>qui</strong></span> 
     </span>
     <span class='ocr_line' id='line_1_74' title="bbox 2533 2616 4056 2699; baseline 0.001 -21"><span class='ocrx_word' id='word_1_491' title='bbox 2533 2619 2891 2697; x_wconf 85' lang='lat' dir='ltr'><strong>frequentes</strong></span> <span class='ocrx_word' id='word_1_492' title='bbox 2936 2616 2998 2677; x_wconf 91' lang='lat' dir='ltr'><strong>in</strong></span> <span class='ocrx_word' id='word_1_493' title='bbox 3030 2617 3206 2677; x_wconf 90' lang='lat' dir='ltr'><strong>Italia</strong></span> <span class='ocrx_word' id='word_1_494' title='bbox 3252 2622 3416 2694; x_wconf 89' lang='lat' dir='ltr'><strong>sunt,</strong></span> <span class='ocrx_word' id='word_1_495' title='bbox 3476 2618 3554 2677; x_wconf 92' lang='lat' dir='ltr'><strong>de</strong></span> <span class='ocrx_word' id='word_1_496' title='bbox 3599 2620 3822 2697; x_wconf 90' lang='lat' dir='ltr'><strong>quibus</strong></span> <span class='ocrx_word' id='word_1_497' title='bbox 3866 2626 4056 2699; x_wconf 84' lang='lat' dir='ltr'><strong>agunt</strong></span> 
     </span>
     <span class='ocr_line' id='line_1_75' title="bbox 2532 2709 4056 2774; baseline 0 -3"><span class='ocrx_word' id='word_1_498' title='bbox 2532 2711 2730 2771; x_wconf 87' lang='lat' dir='ltr'><strong>Tolet.</strong></span> <span class='ocrx_word' id='word_1_499' title='bbox 2751 2709 2857 2770; x_wconf 85' lang='lat' dir='ltr'><strong>lib.</strong></span> <span class='ocrx_word' id='word_1_500' title='bbox 2890 2711 2963 2771; x_wconf 91' lang='lat' dir='ltr'><strong>V.</strong></span> <span class='ocrx_word' id='word_1_501' title='bbox 2997 2712 3257 2773; x_wconf 83' lang='lat' dir='ltr'><strong>Summoe</strong></span> <span class='ocrx_word' id='word_1_502' title='bbox 3276 2729 3330 2769; x_wconf 90' lang='lat' dir='ltr'><strong>c.</strong></span> <span class='ocrx_word' id='word_1_503' title='bbox 3356 2727 3563 2771; x_wconf 79' lang='lat' dir='ltr'><strong>xxxrx.</strong></span> <span class='ocrx_word' id='word_1_504' title='bbox 3598 2717 3660 2772; x_wconf 86' lang='lat' dir='ltr'><strong>et</strong></span> <span class='ocrx_word' id='word_1_505' title='bbox 3681 2712 3920 2774; x_wconf 87' lang='lat' dir='ltr'><strong>Filliuc.</strong></span> <span class='ocrx_word' id='word_1_506' title='bbox 3954 2713 4056 2773; x_wconf 90' lang='lat' dir='ltr'><strong>ubi</strong></span> 
     </span>
     <span class='ocr_line' id='line_1_76' title="bbox 2530 2801 4055 2881; baseline 0 -18"><span class='ocrx_word' id='word_1_507' title='bbox 2530 2820 2720 2880; x_wconf 90' lang='lat' dir='ltr'><strong>supra</strong></span> <span class='ocrx_word' id='word_1_508' title='bbox 2747 2820 2920 2863; x_wconf 89' lang='lat' dir='ltr'><strong>num.</strong></span> <span class='ocrx_word' id='word_1_509' title='bbox 2955 2805 3091 2864; x_wconf 82' lang='lat'><strong>184.</strong></span> <span class='ocrx_word' id='word_1_510' title='bbox 3143 2801 3249 2881; x_wconf 85' lang='lat' dir='ltr'><strong>qui</strong></span> <span class='ocrx_word' id='word_1_511' title='bbox 3279 2821 3499 2863; x_wconf 85' lang='lat' dir='ltr'><strong>revera</strong></span> <span class='ocrx_word' id='word_1_512' title='bbox 3544 2821 3668 2863; x_wconf 92' lang='lat' dir='ltr'><strong>non</strong></span> <span class='ocrx_word' id='word_1_513' title='bbox 3698 2803 3995 2866; x_wconf 81' lang='lat' dir='ltr'><strong>differunt</strong></span> <span class='ocrx_word' id='word_1_514' title='bbox 4021 2823 4055 2863; x_wconf 86' lang='lat' dir='ltr'><strong>a</strong></span> 
     </span>
     <span class='ocr_line' id='line_1_77' title="bbox 2531 2894 4055 2975; baseline 0.001 -20"><span class='ocrx_word' id='word_1_515' title='bbox 2531 2894 2817 2955; x_wconf 89' lang='lat' dir='ltr'><strong>censibus</strong></span> <span class='ocrx_word' id='word_1_516' title='bbox 2844 2894 2995 2970; x_wconf 86' lang='lat' dir='ltr'><strong>fere,</strong></span> <span class='ocrx_word' id='word_1_517' title='bbox 3047 2894 3161 2954; x_wconf 90' lang='lat' dir='ltr'><strong>nisi</strong></span> <span class='ocrx_word' id='word_1_518' title='bbox 3191 2894 3252 2953; x_wconf 92' lang='lat' dir='ltr'><strong>in</strong></span> <span class='ocrx_word' id='word_1_519' title='bbox 3283 2895 3559 2956; x_wconf 91' lang='lat' dir='ltr'><strong>nomine.</strong></span> <span class='ocrx_word' id='word_1_520' title='bbox 3616 2896 3879 2967; x_wconf 87' lang='lat' dir='ltr'><strong>Quando</strong></span> <span class='ocrx_word' id='word_1_521' title='bbox 3912 2915 4055 2975; x_wconf 89' lang='lat' dir='ltr'><strong>ergo</strong></span> 
     </span>
     <span class='ocr_line' id='line_1_78' title="bbox 2529 2986 4056 3069; baseline 0 -21"><span class='ocrx_word' id='word_1_522' title='bbox 2529 2987 2942 3048; x_wconf 89' lang='lat' dir='ltr'><strong>communitas</strong></span> <span class='ocrx_word' id='word_1_523' title='bbox 2968 2986 3197 3065; x_wconf 82' lang='lat' dir='ltr'><strong>aliqua,</strong></span> <span class='ocrx_word' id='word_1_524' title='bbox 3240 2988 3338 3046; x_wconf 87' lang='lat' dir='ltr'><strong>vel</strong></span> <span class='ocrx_word' id='word_1_525' title='bbox 3369 2987 3593 3067; x_wconf 87' lang='lat' dir='ltr'><strong>aliquis</strong></span> <span class='ocrx_word' id='word_1_526' title='bbox 3621 2988 3935 3069; x_wconf 89' lang='lat' dir='ltr'><strong>princeps,</strong></span> <span class='ocrx_word' id='word_1_527' title='bbox 3964 2990 4056 3048; x_wconf 82' lang='lat' dir='ltr'><strong>vel</strong></span> 
     </span>
     <span class='ocr_line' id='line_1_79' title="bbox 2529 3078 4058 3159; baseline 0.001 -20"><span class='ocrx_word' id='word_1_528' title='bbox 2529 3099 2602 3139; x_wconf 88' lang='lat' dir='ltr'><strong>ex</strong></span> <span class='ocrx_word' id='word_1_529' title='bbox 2648 3078 2987 3139; x_wconf 87' lang='lat' dir='ltr'><strong>baronibus</strong></span> <span class='ocrx_word' id='word_1_530' title='bbox 3015 3079 3254 3157; x_wconf 90' lang='lat' dir='ltr'><strong>indiget</strong></span> <span class='ocrx_word' id='word_1_531' title='bbox 3295 3097 3525 3157; x_wconf 87' lang='lat' dir='ltr'><strong>magna</strong></span> <span class='ocrx_word' id='word_1_532' title='bbox 3569 3080 3750 3140; x_wconf 91' lang='lat' dir='ltr'><strong>simul</strong></span> <span class='ocrx_word' id='word_1_533' title='bbox 3779 3082 4058 3159; x_wconf 80' lang='lat' dir='ltr'><strong>pecuniae</strong></span> 
     </span>
     <span class='ocr_line' id='line_1_80' title="bbox 2528 3170 4058 3252; baseline 0 -20"><span class='ocrx_word' id='word_1_534' title='bbox 2528 3170 2729 3250; x_wconf 89' lang='lat' dir='ltr'><strong>copia,</strong></span> <span class='ocrx_word' id='word_1_535' title='bbox 2785 3188 2973 3250; x_wconf 86' lang='lat' dir='ltr'><strong>quam</strong></span> <span class='ocrx_word' id='word_1_536' title='bbox 3002 3188 3125 3230; x_wconf 90' lang='lat' dir='ltr'><strong>non</strong></span> <span class='ocrx_word' id='word_1_537' title='bbox 3157 3174 3359 3249; x_wconf 91' lang='lat' dir='ltr'><strong>potest</strong></span> <span class='ocrx_word' id='word_1_538' title='bbox 3385 3170 3565 3232; x_wconf 86' lang='lat' dir='ltr'><strong>facile</strong></span> <span class='ocrx_word' id='word_1_539' title='bbox 3595 3172 3912 3252; x_wconf 89' lang='lat' dir='ltr'><strong>colligere,</strong></span> <span class='ocrx_word' id='word_1_540' title='bbox 3947 3172 4058 3234; x_wconf 87' lang='lat' dir='ltr'><strong>nisi</strong></span> 
     </span>
     <span class='ocr_line' id='line_1_81' title="bbox 2528 3263 4059 3346; baseline 0.002 -22"><span class='ocrx_word' id='word_1_541' title='bbox 2528 3283 2566 3324; x_wconf 93' lang='lat' dir='ltr'><strong>a</strong></span> <span class='ocrx_word' id='word_1_542' title='bbox 2594 3264 2875 3338; x_wconf 78' lang='lat' dir='ltr'><strong>diversiS‚</strong></span> <span class='ocrx_word' id='word_1_543' title='bbox 2927 3263 3111 3341; x_wconf 88' lang='lat' dir='ltr'><strong>erigit</strong></span> <span class='ocrx_word' id='word_1_544' title='bbox 3152 3268 3431 3324; x_wconf 89' lang='lat' dir='ltr'><strong>montem</strong></span> <span class='ocrx_word' id='word_1_545' title='bbox 3477 3265 3578 3325; x_wconf 87' lang='lat' dir='ltr'><strong>cui</strong></span> <span class='ocrx_word' id='word_1_546' title='bbox 3624 3266 3908 3344; x_wconf 85' lang='lat' dir='ltr'><strong>assignat</strong></span> <span class='ocrx_word' id='word_1_547' title='bbox 3947 3285 4059 3346; x_wconf 86' lang='lat' dir='ltr'><strong>pro</strong></span> 
     </span>
     <span class='ocr_line' id='line_1_82' title="bbox 2524 3355 4060 3434; baseline 0.001 -17"><span class='ocrx_word' id='word_1_548' title='bbox 2524 3357 2717 3417; x_wconf 87' lang='lat' dir='ltr'><strong>fundo</strong></span> <span class='ocrx_word' id='word_1_549' title='bbox 2747 3357 2982 3417; x_wconf 89' lang='lat' dir='ltr'><strong>reditus</strong></span> <span class='ocrx_word' id='word_1_550' title='bbox 3015 3355 3075 3414; x_wconf 92' lang='lat' dir='ltr'><strong>in</strong></span> <span class='ocrx_word' id='word_1_551' title='bbox 3105 3356 3537 3434; x_wconf 83' lang='lat' dir='ltr'><strong>vectigalibus,</strong></span> <span class='ocrx_word' id='word_1_552' title='bbox 3570 3358 3667 3417; x_wconf 84' lang='lat' dir='ltr'><strong>vel</strong></span> <span class='ocrx_word' id='word_1_553' title='bbox 3697 3357 3758 3417; x_wconf 91' lang='lat' dir='ltr'><strong>in</strong></span> <span class='ocrx_word' id='word_1_554' title='bbox 3790 3358 3932 3418; x_wconf 86' lang='lat' dir='ltr'><strong>aliis</strong></span> <span class='ocrx_word' id='word_1_555' title='bbox 3970 3377 4060 3419; x_wconf 88' lang='lat' dir='ltr'><strong>re-</strong></span> 
     </span>
     <span class='ocr_line' id='line_1_83' title="bbox 2525 3448 4062 3524; baseline 0 -15"><span class='ocrx_word' id='word_1_556' title='bbox 2525 3450 2643 3509; x_wconf 89' lang='lat' dir='ltr'><strong>bus</strong></span> <span class='ocrx_word' id='word_1_557' title='bbox 2670 3448 3092 3508; x_wconf 88' lang='lat' dir='ltr'><strong>immobilibus</strong></span> <span class='ocrx_word' id='word_1_558' title='bbox 3136 3448 3493 3524; x_wconf 81' lang='lat' dir='ltr'><strong>fructiferiS,</strong></span> <span class='ocrx_word' id='word_1_559' title='bbox 3545 3455 3608 3509; x_wconf 91' lang='lat' dir='ltr'><strong>et</strong></span> <span class='ocrx_word' id='word_1_560' title='bbox 3647 3451 3865 3512; x_wconf 85' lang='lat' dir='ltr'><strong>vendit</strong></span> <span class='ocrx_word' id='word_1_561' title='bbox 3892 3451 4062 3511; x_wconf 89' lang='lat' dir='ltr'><strong>mille</strong></span> 
     </span>
     <span class='ocr_line' id='line_1_84' title="bbox 2526 3541 4063 3623; baseline 0 -21"><span class='ocrx_word' id='word_1_562' title='bbox 2526 3543 2683 3614; x_wconf 88' lang='lat' dir='ltr'><strong>loca,</strong></span> <span class='ocrx_word' id='word_1_563' title='bbox 2736 3560 2796 3601; x_wconf 88' lang='lat' dir='ltr'><strong>v.</strong></span> <span class='ocrx_word' id='word_1_564' title='bbox 2832 3559 2924 3618; x_wconf 87' lang='lat' dir='ltr'><strong>gr.</strong></span> <span class='ocrx_word' id='word_1_565' title='bbox 2979 3541 3037 3599; x_wconf 91' lang='lat' dir='ltr'><strong>in</strong></span> <span class='ocrx_word' id='word_1_566' title='bbox 3070 3541 3171 3600; x_wconf 90' lang='lat' dir='ltr'><strong>illo</strong></span> <span class='ocrx_word' id='word_1_567' title='bbox 3215 3546 3447 3618; x_wconf 90' lang='lat' dir='ltr'><strong>monte,</strong></span> <span class='ocrx_word' id='word_1_568' title='bbox 3500 3561 3768 3622; x_wconf 91' lang='lat' dir='ltr'><strong>quorum</strong></span> <span class='ocrx_word' id='word_1_569' title='bbox 3811 3544 4063 3623; x_wconf 86' lang='lat' dir='ltr'><strong>singula</strong></span> 
     </span>
     <span class='ocr_line' id='line_1_85' title="bbox 2528 3634 4066 3716; baseline 0.001 -22"><span class='ocrx_word' id='word_1_570' title='bbox 2528 3639 2820 3695; x_wconf 91' lang='lat' dir='ltr'><strong>emuntur</strong></span> <span class='ocrx_word' id='word_1_571' title='bbox 2847 3638 3098 3693; x_wconf 89' lang='lat' dir='ltr'><strong>centum</strong></span> <span class='ocrx_word' id='word_1_572' title='bbox 3126 3634 3330 3694; x_wconf 89' lang='lat' dir='ltr'><strong>aureis</strong></span> <span class='ocrx_word' id='word_1_573' title='bbox 3358 3635 3437 3694; x_wconf 92' lang='lat' dir='ltr'><strong>ab</strong></span> <span class='ocrx_word' id='word_1_574' title='bbox 3480 3636 3901 3714; x_wconf 75' lang='lat' dir='ltr'><strong>emptoribuS,</strong></span> <span class='ocrx_word' id='word_1_575' title='bbox 3956 3635 4066 3716; x_wconf 89' lang='lat' dir='ltr'><strong>qui</strong></span> 
     </span>
     <span class='ocr_line' id='line_1_86' title="bbox 2527 3725 4064 3805; baseline 0.001 -19"><span class='ocrx_word' id='word_1_576' title='bbox 2527 3726 2929 3786; x_wconf 89' lang='lat' dir='ltr'><strong>contribuunt</strong></span> <span class='ocrx_word' id='word_1_577' title='bbox 2959 3726 3038 3785; x_wconf 90' lang='lat' dir='ltr'><strong>ad</strong></span> <span class='ocrx_word' id='word_1_578' title='bbox 3066 3725 3236 3785; x_wconf 89' lang='lat' dir='ltr'><strong>illam</strong></span> <span class='ocrx_word' id='word_1_579' title='bbox 3263 3728 3543 3805; x_wconf 84' lang='lat' dir='ltr'><strong>pecuniae</strong></span> <span class='ocrx_word' id='word_1_580' title='bbox 3574 3747 3887 3789; x_wconf 85' lang='lat' dir='ltr'><strong>summam</strong></span> <span class='ocrx_word' id='word_1_581' title='bbox 3920 3748 4064 3790; x_wconf 91' lang='lat' dir='ltr'><strong>con·</strong></span> 
     </span>
     <span class='ocr_line' id='line_1_87' title="bbox 2525 3817 4068 3900; baseline 0.001 -22"><span class='ocrx_word' id='word_1_582' title='bbox 2525 3817 2923 3892; x_wconf 87' lang='lat' dir='ltr'><strong>servandam,</strong></span> <span class='ocrx_word' id='word_1_583' title='bbox 2957 3823 3019 3878; x_wconf 91' lang='lat' dir='ltr'><strong>et</strong></span> <span class='ocrx_word' id='word_1_584' title='bbox 3055 3818 3300 3896; x_wconf 85' lang='lat' dir='ltr'><strong>singula</strong></span> <span class='ocrx_word' id='word_1_585' title='bbox 3329 3819 3469 3879; x_wconf 87' lang='lat' dir='ltr'><strong>loca</strong></span> <span class='ocrx_word' id='word_1_586' title='bbox 3487 3820 3761 3881; x_wconf 88' lang='lat' dir='ltr'><strong>reddunt</strong></span> <span class='ocrx_word' id='word_1_587' title='bbox 3789 3821 4068 3900; x_wconf 89' lang='lat' dir='ltr'><strong>emptori</strong></span> 
     </span>
     <span class='ocr_line' id='line_1_88' title="bbox 2528 3910 4063 3991; baseline 0.002 -20"><span class='ocrx_word' id='word_1_588' title='bbox 2528 3914 2794 3989; x_wconf 89' lang='lat' dir='ltr'><strong>quatuor</strong></span> <span class='ocrx_word' id='word_1_589' title='bbox 2847 3910 2945 3969; x_wconf 85' lang='lat' dir='ltr'><strong>vel</strong></span> <span class='ocrx_word' id='word_1_590' title='bbox 3002 3910 3278 3989; x_wconf 88' lang='lat' dir='ltr'><strong>quinque</strong></span> <span class='ocrx_word' id='word_1_591' title='bbox 3333 3916 3443 3972; x_wconf 91' lang='lat' dir='ltr'><strong>aut</strong></span> <span class='ocrx_word' id='word_1_592' title='bbox 3494 3913 3675 3991; x_wconf 86' lang='lat' dir='ltr'><strong>plura</strong></span> <span class='ocrx_word' id='word_1_593' title='bbox 3728 3913 3793 3972; x_wconf 90' lang='lat' dir='ltr'><strong>in</strong></span> <span class='ocrx_word' id='word_1_594' title='bbox 3850 3932 4063 3984; x_wconf 87' lang='lat' dir='ltr'><strong>anno;</strong></span> 
     </span>
     <span class='ocr_line' id='line_1_89' title="bbox 2528 4001 4070 4083; baseline 0.001 -21"><span class='ocrx_word' id='word_1_595' title='bbox 2528 4020 2720 4083; x_wconf 92' lang='lat' dir='ltr'><strong>quare</strong></span> <span class='ocrx_word' id='word_1_596' title='bbox 2743 4002 2848 4080; x_wconf 88' lang='lat' dir='ltr'><strong>jus</strong></span> <span class='ocrx_word' id='word_1_597' title='bbox 2876 4001 3030 4062; x_wconf 88' lang='lat' dir='ltr'><strong>illud</strong></span> <span class='ocrx_word' id='word_1_598' title='bbox 3060 4003 3229 4081; x_wconf 87' lang='lat' dir='ltr'><strong>quod</strong></span> <span class='ocrx_word' id='word_1_599' title='bbox 3260 4003 3506 4080; x_wconf 90' lang='lat' dir='ltr'><strong>emitur,</strong></span> <span class='ocrx_word' id='word_1_600' title='bbox 3540 4023 3763 4082; x_wconf 85' lang='lat' dir='ltr'><strong>parum</strong></span> <span class='ocrx_word' id='word_1_601' title='bbox 3793 4005 4070 4067; x_wconf 83' lang='lat' dir='ltr'><strong>differta</strong></span> 
     </span>
     <span class='ocr_line' id='line_1_90' title="bbox 2527 4093 4068 4173; baseline 0 -17"><span class='ocrx_word' id='word_1_602' title='bbox 2527 4113 2737 4171; x_wconf 87' lang='lat' dir='ltr'><strong>censu,</strong></span> <span class='ocrx_word' id='word_1_603' title='bbox 2795 4112 2938 4154; x_wconf 88' lang='lat' dir='ltr'><strong>cum</strong></span> <span class='ocrx_word' id='word_1_604' title='bbox 2983 4093 3178 4173; x_wconf 89' lang='lat' dir='ltr'><strong>possit</strong></span> <span class='ocrx_word' id='word_1_605' title='bbox 3224 4094 3514 4155; x_wconf 90' lang='lat' dir='ltr'><strong>dominus</strong></span> <span class='ocrx_word' id='word_1_606' title='bbox 3556 4097 3786 4157; x_wconf 91' lang='lat' dir='ltr'><strong>montis</strong></span> <span class='ocrx_word' id='word_1_607' title='bbox 3813 4099 4068 4158; x_wconf 82' lang='lat' dir='ltr'><strong>solvere</strong></span> 
     </span>
     <span class='ocr_line' id='line_1_91' title="bbox 2528 4186 4071 4267; baseline 0.001 -19"><span class='ocrx_word' id='word_1_608' title='bbox 2528 4187 2695 4267; x_wconf 90' lang='lat' dir='ltr'><strong>quod</strong></span> <span class='ocrx_word' id='word_1_609' title='bbox 2750 4186 3012 4265; x_wconf 88' lang='lat' dir='ltr'><strong>accepit,</strong></span> <span class='ocrx_word' id='word_1_610' title='bbox 3079 4205 3235 4266; x_wconf 86' lang='lat' dir='ltr'><strong>quos</strong></span> <span class='ocrx_word' id='word_1_611' title='bbox 3290 4188 3581 4265; x_wconf 86' lang='lat' dir='ltr'><strong>voluerit,</strong></span> <span class='ocrx_word' id='word_1_612' title='bbox 3640 4193 3703 4250; x_wconf 88' lang='lat' dir='ltr'><strong>et</strong></span> <span class='ocrx_word' id='word_1_613' title='bbox 3746 4190 4071 4250; x_wconf 87' lang='lat' dir='ltr'><strong>redimere</strong></span> 
     </span>
     <span class='ocr_line' id='line_1_92' title="bbox 2525 4279 4075 4360; baseline 0.002 -21"><span class='ocrx_word' id='word_1_614' title='bbox 2525 4281 2661 4341; x_wconf 86' lang='lat' dir='ltr'><strong>loca</strong></span> <span class='ocrx_word' id='word_1_615' title='bbox 2692 4279 2962 4355; x_wconf 84' lang='lat' dir='ltr'><strong>vendita,</strong></span> <span class='ocrx_word' id='word_1_616' title='bbox 3013 4284 3075 4341; x_wconf 91' lang='lat' dir='ltr'><strong>et</strong></span> <span class='ocrx_word' id='word_1_617' title='bbox 3103 4283 3301 4340; x_wconf 89' lang='lat' dir='ltr'><strong>totum</strong></span> <span class='ocrx_word' id='word_1_618' title='bbox 3333 4279 3484 4339; x_wconf 91' lang='lat' dir='ltr'><strong>illud</strong></span> <span class='ocrx_word' id='word_1_619' title='bbox 3507 4280 3612 4360; x_wconf 90' lang='lat' dir='ltr'><strong>jus</strong></span> <span class='ocrx_word' id='word_1_620' title='bbox 3641 4282 4075 4345; x_wconf 88' lang='lat' dir='ltr'><strong>constituatur</strong></span> 
     </span>
     <span class='ocr_line' id='line_1_93' title="bbox 2526 4371 4073 4454; baseline 0.002 -22"><span class='ocrx_word' id='word_1_621' title='bbox 2526 4372 2930 4451; x_wconf 86' lang='lat' dir='ltr'><strong>superfundo</strong></span> <span class='ocrx_word' id='word_1_622' title='bbox 2972 4371 3276 4432; x_wconf 91' lang='lat' dir='ltr'><strong>immobili</strong></span> <span class='ocrx_word' id='word_1_623' title='bbox 3306 4376 3365 4432; x_wconf 87' lang='lat' dir='ltr'><strong>et</strong></span> <span class='ocrx_word' id='word_1_624' title='bbox 3409 4371 3727 4434; x_wconf 84' lang='lat' dir='ltr'><strong>fructifero</strong></span> <span class='ocrx_word' id='word_1_625' title='bbox 3789 4394 3802 4434; x_wconf 90' lang='lat'><strong>:</strong></span> <span class='ocrx_word' id='word_1_626' title='bbox 3869 4393 4073 4454; x_wconf 84' lang='lat' dir='ltr'><strong>quare</strong></span> 
     </span>
     <span class='ocr_line' id='line_1_94' title="bbox 2525 4463 4072 4542; baseline 0.002 -18"><span class='ocrx_word' id='word_1_627' title='bbox 2525 4466 2912 4526; x_wconf 87' lang='lat' dir='ltr'><strong>conditiones</strong></span> <span class='ocrx_word' id='word_1_628' title='bbox 2942 4463 3022 4523; x_wconf 86' lang='lat' dir='ltr'><strong>ad</strong></span> <span class='ocrx_word' id='word_1_629' title='bbox 3052 4463 3165 4524; x_wconf 92' lang='lat' dir='ltr'><strong>hos</strong></span> <span class='ocrx_word' id='word_1_630' title='bbox 3196 4468 3440 4524; x_wconf 86' lang='lat' dir='ltr'><strong>montes</strong></span> <span class='ocrx_word' id='word_1_631' title='bbox 3461 4463 3906 4542; x_wconf 83' lang='lat' dir='ltr'><strong>justificandos</strong></span> <span class='ocrx_word' id='word_1_632' title='bbox 3937 4468 4072 4527; x_wconf 77' lang='lat' dir='ltr'><strong>tere</strong></span> 
     </span>
     <span class='ocr_line' id='line_1_95' title="bbox 2526 4556 4072 4637; baseline 0.001 -20"><span class='ocrx_word' id='word_1_633' title='bbox 2526 4576 2648 4617; x_wconf 91' lang='lat' dir='ltr'><strong>non</strong></span> <span class='ocrx_word' id='word_1_634' title='bbox 2698 4558 2993 4617; x_wconf 81' lang='lat' dir='ltr'><strong>differunt</strong></span> <span class='ocrx_word' id='word_1_635' title='bbox 3046 4575 3083 4616; x_wconf 89' lang='lat' dir='ltr'><strong>a</strong></span> <span class='ocrx_word' id='word_1_636' title='bbox 3113 4556 3572 4617; x_wconf 88' lang='lat' dir='ltr'><strong>conditionibus</strong></span> <span class='ocrx_word' id='word_1_637' title='bbox 3617 4558 3942 4637; x_wconf 88' lang='lat' dir='ltr'><strong>requisitis</strong></span> <span class='ocrx_word' id='word_1_638' title='bbox 3990 4559 4072 4619; x_wconf 87' lang='lat' dir='ltr'><strong>ad</strong></span> 
     </span>
     <span class='ocr_line' id='line_1_96' title="bbox 2521 4649 3189 4728; baseline 0.001 -19"><span class='ocrx_word' id='word_1_639' title='bbox 2521 4649 2830 4728; x_wconf 87' lang='lat' dir='ltr'><strong>justitiam</strong></span> <span class='ocrx_word' id='word_1_640' title='bbox 2863 4668 3189 4710; x_wconf 89' lang='lat' dir='ltr'><strong>censuum.</strong></span> 
     </span>
    </p>

    <p class='ocr_par' dir='ltr' id='par_1_11' title="bbox 2523 4741 4087 5560">
     <span class='ocr_line' id='line_1_97' title="bbox 2605 4741 4076 4822; baseline 0.002 -20"><span class='ocrx_word' id='word_1_641' title='bbox 2605 4743 2847 4803; x_wconf 86' lang='lat' dir='ltr'><strong>Montes</strong></span> <span class='ocrx_word' id='word_1_642' title='bbox 2877 4741 2941 4801; x_wconf 92' lang='lat' dir='ltr'><strong>hi</strong></span> <span class='ocrx_word' id='word_1_643' title='bbox 2972 4760 3094 4802; x_wconf 93' lang='lat' dir='ltr'><strong>non</strong></span> <span class='ocrx_word' id='word_1_644' title='bbox 3138 4759 3355 4802; x_wconf 89' lang='lat' dir='ltr'><strong>omnes</strong></span> <span class='ocrx_word' id='word_1_645' title='bbox 3384 4746 3529 4803; x_wconf 91' lang='lat' dir='ltr'><strong>sunt</strong></span> <span class='ocrx_word' id='word_1_646' title='bbox 3555 4742 3840 4822; x_wconf 91' lang='lat' dir='ltr'><strong>ejusdem</strong></span> <span class='ocrx_word' id='word_1_647' title='bbox 3871 4745 4076 4807; x_wconf 89' lang='lat' dir='ltr'><strong>ratio-</strong></span> 
     </span>
     <span class='ocr_line' id='line_1_98' title="bbox 2527 4833 4073 4913; baseline 0.003 -21"><span class='ocrx_word' id='word_1_648' title='bbox 2527 4835 2620 4892; x_wconf 87' lang='lat' dir='ltr'><strong>nis</strong></span> <span class='ocrx_word' id='word_1_649' title='bbox 2654 4855 2666 4894; x_wconf 90' lang='lat'><strong>:</strong></span> <span class='ocrx_word' id='word_1_650' title='bbox 2701 4835 2762 4894; x_wconf 92' lang='lat' dir='ltr'><strong>in</strong></span> <span class='ocrx_word' id='word_1_651' title='bbox 2795 4834 3106 4913; x_wconf 87' lang='lat' dir='ltr'><strong>aliquibus</strong></span> <span class='ocrx_word' id='word_1_652' title='bbox 3139 4833 3306 4894; x_wconf 90' lang='lat' dir='ltr'><strong>enim</strong></span> <span class='ocrx_word' id='word_1_653' title='bbox 3334 4834 3472 4895; x_wconf 89' lang='lat' dir='ltr'><strong>loca</strong></span> <span class='ocrx_word' id='word_1_654' title='bbox 3497 4834 3754 4896; x_wconf 85' lang='lat' dir='ltr'><strong>vendita</strong></span> <span class='ocrx_word' id='word_1_655' title='bbox 3781 4841 3942 4898; x_wconf 90' lang='lat' dir='ltr'><strong>sunt</strong></span> <span class='ocrx_word' id='word_1_656' title='bbox 3971 4855 4073 4897; x_wconf 85' lang='lat' dir='ltr'><strong>re·</strong></span> 
     </span>
     <span class='ocr_line' id='line_1_99' title="bbox 2526 4926 4075 5008; baseline 0.001 -22"><span class='ocrx_word' id='word_1_657' title='bbox 2526 4926 2828 4986; x_wconf 87' lang='lat' dir='ltr'><strong>dimibilia</strong></span> <span class='ocrx_word' id='word_1_658' title='bbox 2857 4946 2895 4987; x_wconf 91' lang='lat' dir='ltr'><strong>a</strong></span> <span class='ocrx_word' id='word_1_659' title='bbox 2929 4927 3276 5002; x_wconf 85' lang='lat' dir='ltr'><strong>venditore,</strong></span> <span class='ocrx_word' id='word_1_660' title='bbox 3331 4945 3456 4986; x_wconf 91' lang='lat' dir='ltr'><strong>non</strong></span> <span class='ocrx_word' id='word_1_661' title='bbox 3485 4927 3564 4987; x_wconf 89' lang='lat' dir='ltr'><strong>ab</strong></span> <span class='ocrx_word' id='word_1_662' title='bbox 3594 4933 3908 5006; x_wconf 87' lang='lat' dir='ltr'><strong>emptore,</strong></span> <span class='ocrx_word' id='word_1_663' title='bbox 3966 4929 4075 5008; x_wconf 80' lang='lat' dir='ltr'><strong>qui</strong></span> 
     </span>
     <span class='ocr_line' id='line_1_100' title="bbox 2525 5018 4081 5101; baseline 0.003 -24"><span class='ocrx_word' id='word_1_664' title='bbox 2525 5038 2647 5079; x_wconf 91' lang='lat' dir='ltr'><strong>non</strong></span> <span class='ocrx_word' id='word_1_665' title='bbox 2680 5022 2883 5096; x_wconf 89' lang='lat' dir='ltr'><strong>potest</strong></span> <span class='ocrx_word' id='word_1_666' title='bbox 2921 5021 3175 5094; x_wconf 89' lang='lat' dir='ltr'><strong>sortem,</strong></span> <span class='ocrx_word' id='word_1_667' title='bbox 3237 5018 3489 5097; x_wconf 91' lang='lat' dir='ltr'><strong>quando</strong></span> <span class='ocrx_word' id='word_1_668' title='bbox 3535 5019 3825 5095; x_wconf 85' lang='lat' dir='ltr'><strong>voluerit,</strong></span> <span class='ocrx_word' id='word_1_669' title='bbox 3891 5040 4081 5101; x_wconf 85' lang='lat' dir='ltr'><strong>repe·</strong></span> 
     </span>
     <span class='ocr_line' id='line_1_101' title="bbox 2523 5110 4082 5189; baseline 0.003 -19"><span class='ocrx_word' id='word_1_670' title='bbox 2523 5115 2676 5186; x_wconf 89' lang='lat' dir='ltr'><strong>tere,</strong></span> <span class='ocrx_word' id='word_1_671' title='bbox 2722 5114 2929 5189; x_wconf 88' lang='lat' dir='ltr'><strong>potest</strong></span> <span class='ocrx_word' id='word_1_672' title='bbox 2953 5114 3164 5171; x_wconf 88' lang='lat' dir='ltr'><strong>tamen</strong></span> <span class='ocrx_word' id='word_1_673' title='bbox 3185 5110 3290 5188; x_wconf 90' lang='lat' dir='ltr'><strong>jus</strong></span> <span class='ocrx_word' id='word_1_674' title='bbox 3320 5110 3472 5170; x_wconf 87' lang='lat' dir='ltr'><strong>illud</strong></span> <span class='ocrx_word' id='word_1_675' title='bbox 3503 5111 3638 5171; x_wconf 87' lang='lat' dir='ltr'><strong>aliis</strong></span> <span class='ocrx_word' id='word_1_676' title='bbox 3666 5112 3980 5189; x_wconf 85' lang='lat' dir='ltr'><strong>vendere,</strong></span> <span class='ocrx_word' id='word_1_677' title='bbox 4016 5117 4082 5174; x_wconf 89' lang='lat' dir='ltr'><strong>et</strong></span> 
     </span>
     <span class='ocr_line' id='line_1_102' title="bbox 2523 5202 4084 5267; baseline 0.002 -5"><span class='ocrx_word' id='word_1_678' title='bbox 2523 5203 2748 5264; x_wconf 85' lang='lat' dir='ltr'><strong>transit</strong></span> <span class='ocrx_word' id='word_1_679' title='bbox 2775 5203 2855 5262; x_wconf 89' lang='lat' dir='ltr'><strong>ad</strong></span> <span class='ocrx_word' id='word_1_680' title='bbox 2886 5202 3189 5263; x_wconf 78' lang='lat' dir='ltr'><strong>haeredes.</strong></span> <span class='ocrx_word' id='word_1_681' title='bbox 3248 5204 3317 5262; x_wconf 92' lang='lat' dir='ltr'><strong>ln</strong></span> <span class='ocrx_word' id='word_1_682' title='bbox 3348 5203 3483 5263; x_wconf 90' lang='lat' dir='ltr'><strong>aliis</strong></span> <span class='ocrx_word' id='word_1_683' title='bbox 3530 5203 3669 5264; x_wconf 88' lang='lat' dir='ltr'><strong>loca</strong></span> <span class='ocrx_word' id='word_1_684' title='bbox 3698 5209 3846 5267; x_wconf 89' lang='lat' dir='ltr'><strong>sunt</strong></span> <span class='ocrx_word' id='word_1_685' title='bbox 3877 5225 4084 5266; x_wconf 79' lang='lat' dir='ltr'><strong>vac-a-</strong></span> 
     </span>
     <span class='ocr_line' id='line_1_103' title="bbox 2525 5294 4083 5375; baseline 0.002 -19"><span class='ocrx_word' id='word_1_686' title='bbox 2525 5295 2693 5372; x_wconf 83' lang='lat' dir='ltr'><strong>bilia,</strong></span> <span class='ocrx_word' id='word_1_687' title='bbox 2729 5313 2995 5375; x_wconf 90' lang='lat' dir='ltr'><strong>quorum</strong></span> <span class='ocrx_word' id='word_1_688' title='bbox 3026 5295 3262 5355; x_wconf 88' lang='lat' dir='ltr'><strong>reditus</strong></span> <span class='ocrx_word' id='word_1_689' title='bbox 3292 5294 3525 5356; x_wconf 90' lang='lat' dir='ltr'><strong>dantur</strong></span> <span class='ocrx_word' id='word_1_690' title='bbox 3551 5296 3756 5356; x_wconf 88' lang='lat' dir='ltr'><strong>solum</strong></span> <span class='ocrx_word' id='word_1_691' title='bbox 3785 5316 3910 5375; x_wconf 89' lang='lat' dir='ltr'><strong>pro</strong></span> <span class='ocrx_word' id='word_1_692' title='bbox 3943 5300 4083 5359; x_wconf 64' lang='lat' dir='ltr'><strong>vita</strong></span> 
     </span>
     <span class='ocr_line' id='line_1_104' title="bbox 2525 5387 4087 5468; baseline 0.002 -19"><span class='ocrx_word' id='word_1_693' title='bbox 2525 5389 2844 5468; x_wconf 87' lang='lat' dir='ltr'><strong>emptoris,</strong></span> <span class='ocrx_word' id='word_1_694' title='bbox 2898 5391 2961 5448; x_wconf 88' lang='lat' dir='ltr'><strong>et</strong></span> <span class='ocrx_word' id='word_1_695' title='bbox 2989 5387 3191 5448; x_wconf 90' lang='lat' dir='ltr'><strong>solent</strong></span> <span class='ocrx_word' id='word_1_696' title='bbox 3215 5387 3481 5449; x_wconf 89' lang='lat' dir='ltr'><strong>reddere</strong></span> <span class='ocrx_word' id='word_1_697' title='bbox 3514 5388 3736 5449; x_wconf 88' lang='lat' dir='ltr'><strong>decem</strong></span> <span class='ocrx_word' id='word_1_698' title='bbox 3769 5408 3892 5468; x_wconf 91' lang='lat' dir='ltr'><strong>pro</strong></span> <span class='ocrx_word' id='word_1_699' title='bbox 3927 5411 4087 5452; x_wconf 87' lang='lat' dir='ltr'><strong>cen-</strong></span> 
     </span>
     <span class='ocr_line' id='line_1_105' title="bbox 2525 5480 4086 5560; baseline 0.001 -17"><span class='ocrx_word' id='word_1_700' title='bbox 2525 5486 2659 5543; x_wconf 89' lang='lat' dir='ltr'><strong>tum</strong></span> <span class='ocrx_word' id='word_1_701' title='bbox 2691 5480 2948 5559; x_wconf 82' lang='lat' dir='ltr'><strong>singulis</strong></span> <span class='ocrx_word' id='word_1_702' title='bbox 2976 5480 3178 5554; x_wconf 76' lang='lat' dir='ltr'><strong>anniS,</strong></span> <span class='ocrx_word' id='word_1_703' title='bbox 3213 5484 3275 5541; x_wconf 85' lang='lat' dir='ltr'><strong>et</strong></span> <span class='ocrx_word' id='word_1_704' title='bbox 3299 5486 3562 5558; x_wconf 91' lang='lat' dir='ltr'><strong>possunt</strong></span> <span class='ocrx_word' id='word_1_705' title='bbox 3580 5487 3906 5560; x_wconf 86' lang='lat' dir='ltr'><strong>emptores</strong></span> <span class='ocrx_word' id='word_1_706' title='bbox 3930 5503 4086 5546; x_wconf 75' lang='lat' dir='ltr'><strong>ven-</strong></span> 
     </span>
    </p>
   </div>
  </div>
 </body>
</html>
