4263 6376
1193 261 1664 324 DlSPUTATlO
1707 261 2010 339 xxxvn,
2058 263 2330 324 SEGTIO
2376 264 2482 326 x1.

264 435 524 516 praecipi
549 435 1004 498 restitutionem
1051 435 1186 497 fieri
1229 436 1528 514 ecclesiiS,
1579 456 1619 498 a
1664 438 1797 517 qui-

264 529 386 590 bus
413 528 530 589 fuit
558 532 924 607 acceptum;
980 528 1123 607 quia
1175 528 1471 590 nimirum
1518 530 1798 592 ecclesiae

265 622 388 683 illae
417 627 754 684 censentur
782 621 1016 698 invitae,
1066 640 1213 682 nam
1240 622 1387 684 licet
1429 642 1648 685 earum
1675 624 1801 684 cle-

264 714 381 777 rici
409 714 718 791 dederint,
773 717 945 793 Papa
971 719 1183 777 tamen
1216 716 1321 796 qui
1353 722 1447 779 est
1473 735 1801 797 supremus

267 826 485 870 earum
513 805 985 869 administrator
1015 823 1143 869 non
1171 809 1500 886 consentit,
1547 808 1674 870 imo
1704 828 1803 869 re-

268 901 428 963 stitit
452 899 795 962 donationi.
832 900 956 962 Sed
979 900 1209 978 adhuc,
1243 901 1472 978 obstat,
1505 903 1673 982 quod
1692 902 1803 962 du-

267 994 446 1074 plum
473 992 629 1055 illud
657 992 826 1071 quod
855 992 1183 1054 restituere
1212 993 1572 1073 praecipitur
1597 994 1804 1056 visita·

267 1091 391 1163 tor,
442 1101 566 1147 non
595 1085 715 1147 fuit
737 1088 1067 1164 aceeptum
1097 1086 1181 1147 ab
1211 1086 1494 1159 ecclesia,
1549 1087 1661 1148 sed
1688 1086 1807 1148 fuit

270 1180 446 1260 plus;
480 1196 633 1258 ergo
662 1177 817 1239 illud
837 1190 962 1239 non
982 1178 1290 1240 retinetur
1308 1177 1502 1241 invito
1525 1179 1800 1240 domino.

272 1272 473 1335 Aliter
500 1290 650 1350 ergo
681 1270 803 1332 dici
825 1274 1050 1349 potest,
1084 1263 1170 1331 ibi
1191 1271 1806 1350 supponiacceptum

273 1366 465 1427 fuisse
494 1383 723 1425 munus
752 1382 896 1426 cum
926 1368 1181 1443 peccato
1207 1364 1408 1443 gravi,
1461 1370 1532 1426 ut
1559 1367 1807 1427 constat

273 1472 350 1520 ex
380 1456 555 1518 verb.
589 1456 694 1517 illo
746 1455 966 1517 violare
999 1457 1466 1537 prce-sumpserit,
1517 1457 1581 1518 in
1628 1457 1808 1538 cujus

274 1550 516 1631 peccati
556 1563 809 1628 poeuam
861 1549 1118 1628 ponitur
1163 1547 1605 1623 interdictum3
1664 1561 1810 1612 cum

277 1643 400 1704 hac
444 1648 658 1704 tamen
702 1641 1156 1718 moderatione,
1218 1643 1387 1720 quod
1432 1643 1485 1704 si
1528 1642 1811 1706 visitator

275 1734 618 1798 restituerit
662 1734 925 1813 duplum
968 1734 1132 1797 intra
1178 1752 1498 1813 mensem,
1551 1753 1678 1799 non
1724 1736 1814 1796 in·-

275 1834 492 1893 ourrat
537 1827 961 1904 interdictum,
1009 1828 1289 1890 incurrat
1331 1834 1543 1891 autem
1589 1829 1638 1889 si
1686 1847 1811 1891 non

278 1920 571 1997 restituit,
612 1935 739 1983 non
767 1919 1022 2000 quidem
1050 1924 1182 1982 tam
1210 1919 1360 2000 quia
1387 1939 1516 1984 non
1541 1922 1815 1985 restituit

279 2014 566 2095 duplum,
599 2025 790 2093 quam
811 2014 958 2093 quia
979 2010 1223 2092 aceepit
1242 2018 1460 2077 contra
1481 2013 1810 2095 justitiam,

279 2114 347 2172 et
399 2111 618 2170 contra
666 2106 1104 2186 gravissimam
1150 2107 1636 2185 prohibitionem
1681 2126 1815 2170 mu«-

282 2215 440 2264 nera
468 2213 594 2262 non
622 2199 858 2263 debita.

303 2325 322 2356 ι
368 2297 571 2370 Potes,
630 2310 708 2353 an
737 2297 957 2373 peccet
983 2292 1195 2370 etiam,
1230 2292 1333 2372 qui
1365 2292 1476 2354 dat
1502 2292 1812 2371 ejusmodi

282 2401 552 2448 munera
572 2381 773 2466 judici
801 2402 925 2446 non
947 2385 1276 2464 potentiae
1297 2385 1462 2447 licito
1491 2385 1777 2465 accipere
1791 2385 1821 2446 ἱ)

286 2478 746 2558 Respondetur,
767 2478 817 2539 ni
850 2497 924 2539 ea
938 2477 1050 2540 dat
1071 2478 1610 2553 adqredimendam
1638 2474 1818 2540 suam

285 2571 687 2635 vexationem
714 2569 1033 2652 injustam,
1081 2589 1205 2633 non
1233 2589 1517 2651 peccare.
1567 2574 1661 2634 lta
1686 2573 1822 2635 Mo»

283 2666 418 2728 lina
452 2664 515 2726 d.
548 2664 710 2743 disp.
742 2673 1014 2727 mxxxvii·
1070 2682 1213 2726 cum
1243 2664 1377 2725 aliis
1405 2665 1823 2726 communiter

283 2776 451 2841 quos
480 2758 672 2819 refert
695 2761 758 2820 et
784 2758 1067 2837 sequitur
1084 2758 1307 2820 Thom.
1343 2758 1575 2820 Sanch.
1611 2759 1673 2820 d.
1708 2759 1817 2820 libs

288 2870 392 2917 111.
443 2850 662 2914 Camil.
713 2866 770 2912 c.
826 2851 992 2912 unic.
1046 2851 1198 2915 dub.
1229 2852 1288 2912 3.
1350 2851 1564 2913 Monet
1609 2855 1824 2912 tamen

287 2946 464 3007 idem
491 2943 725 3006 Melina
749 2943 1181 3021 confessarios,
1232 2961 1310 3005 ne
1355 2944 1482 3005 sint
1506 2944 1717 3005 faciles
1744 2945 1826 3005 ad

290 3036 683 3102 credendum
752 3036 1147 3098 vexationem
1196 3038 1495 3117 injustam
1560 3036 1827 3098 interve·

291 3132 454 3195 nire.
502 3130 843 3193 Intervenit
871 3135 1084 3193 tamen
1113 3130 1365 3211 quando
1407 3130 1693 3193 imminet
1718 3149 1829 3210 pe-

291 3225 566 3290 riculum
594 3224 763 3304 quod
804 3223 1047 3304 justitia
1093 3225 1278 3285 unius
1307 3224 1478 3286 clara
1505 3228 1829 3303 perverta—

292 3324 425 3396 tur,
454 3317 557 3379 ⁷vel
585 3316 838 3397 quando
860 3316 1058 3397 judex
1086 3335 1212 3378 non
1234 3321 1329 3378 est
1355 3317 1613 3397 aequalis
1634 3318 1831 3378 omni-

293 3411 512 3476 busin
541 3410 948 3489 expediendis
978 3426 1196 3472 eorum
1234 3409 1524 3489 negotiiS,
1572 3411 1679 3471 sed
1720 3429 1831 3470 ex-

298 3505 482 3586 pedit
532 3503 707 3582 prius
761 3520 869 3564 eos
899 3520 936 3564 a
983 3502 1209 3583 quibus
1247 3521 1511 3564 munera
1564 3504 1830 3583 accepit,

301 3598 464 3662 alios
491 3600 701 3658 autem
730 3596 936 3657 differt
976 3596 1040 3656 in
1085 3597 1366 3675 longum,
1420 3613 1564 3656 cum
1591 3597 1831 3675 gravis-

300 3690 484 3753 simis
509 3688 862 3767 sumptibus
880 3685 953 3749 'et
996 3688 1315 3750 molestiis.
1368 3687 1665 3750 Similiter
1691 3707 1839 3767 pec-

301 3786 456 3848 eant
474 3782 760 3862 judicum
788 3781 1027 3858 famuli,
1081 3781 1191 3861 qui
1240 3780 1551 3861 aliquibus
1592 3782 1838 3844 facilem

302 3876 549 3940 aditum
579 3875 882 3953 praebent,
933 3874 1088 3936 alios
1134 3877 1347 3936 autem
1393 3873 1622 3954 injuste
1660 3874 1839 3935 diffe-

305 3972 460 4031 runt
486 3973 549 4029 et
573 3971 878 4048 gravant;
931 3985 1129 4047 quare
1156 3967 1254 4027 his
1282 3967 1472 4029 etiam
1511 3966 1662 4027 dare
1692 3967 1841 4028 lice-

304 4060 408 4125 bit
433 4061 513 4121 ad
533 4060 966 4121 redimendam
985 4059 1401 4121 vexationem.
1437 4059 1501 4121 Si
1523 4063 1733 4122 autem
1755 4060 1843 4120 fa-

305 4155 521 4217 mulus
548 4154 681 4215 sine
710 4153 976 4215 aliorum
1004 4153 1368 4233 praejudicio
1400 4152 1583 4214 alicui
1604 4153 1843 4215 aditum

306 4249 611 4329 procuret
639 4246 1227 4323 extraordinarium,
1270 4250 1339 4307 ut
1367 4264 1511 4306 eum
1541 4246 1721 4307 citius
1743 4246 1846 4325 ju-

310 4343 438 4404 dex
462 4340 788 4420 expediam
812 4340 1042 4419 poterit
1056 4340 1225 4401 licite
1242 4342 1498 4418 propter
1517 4338 1679 4399 hanc
1701 4357 1849 4399 cau-

313 4452 456 4497 sam
485 4434 721 4513 aliquid
761 4432 1077 4511 accipere;
1138 4432 1360 4492 melius
1406 4433 1617 4492 tamen
1663 4432 1852 4493 faciet

315 4526 478 4590 nihil
514 4526 878 4605 accipiendo
926 4529 1182 4603 propter
1209 4528 1447 4585 metum
1496 4527 1558 4585 et
1604 4523 1848 4602 pericu-

314 4622 457 4684 lum
498 4618 669 4681 mali.
728 4621 824 4679 An
862 4637 1010 4680 vero
1057 4617 1247 4678 liceat
1291 4617 1442 4677 dare
1487 4616 1853 4678 concubinas

312 4711 551 4794 judicis
578 4712 657 4772 ad
688 4710 1099 4772 obtinendum
1153 4709 1272 4771 hac
1301 4709 1403 4769 via
1419 4708 1652 4789 judicis
1680 4710 1857 4769 favo-

322 4819 465 4867 rem
494 4805 560 4865 in
597 4804 673 4865 iis
719 4820 860 4883 quoe
894 4802 1093 4884 judex
1134 4801 1302 4864 licite
1349 4805 1554 4880 potest
1598 4802 1803 4862 facere
1839 4816 1853 4862 :

325 4898 621 4959 videatur
674 4896 844 4957 idem
889 4895 1120 4957 Sanch.
1182 4894 1244 4957 d.
1280 4912 1420 4973 cap,
1473 4894 1638 4954 unic.
1702 4893 1853 4953 duh.

326 5004 505 5053 nm.
541 4995 604 5052 et
628 4988 738 5051 lib.
773 4990 821 5051 1.
854 4988 916 5049 in
939 4987 1214 5068 Dec-eloy.
1265 5005 1319 5048 c.
1357 5003 1469 5049 vn.
1522 5007 1584 5048 n.
1618 4989 1718 5048 38.
1754 4984 1859 5064 qui

330 5082 560 5145 merito
590 5082 653 5143 id
682 5086 892 5161 negat.
927 5081 1207 5161 Denique
1236 5098 1310 5140 ea
1339 5098 1478 5159 quae
1505 5078 1722 5159 judex,
1767 5078 1865 5137 vol

333 5176 444 5237 alii
470 5175 788 5254 accipiunt
829 5173 910 5234 ad
954 5171 1393 5234 redimendam
1443 5172 1862 5246 vexationem,

335 5267 573 5330 debent
601 5268 853 5328 omnino
882 5265 1150 5342 restitui,
1185 5265 1332 5344 quia
1361 5264 1752 5345 accipiuntur
1780 5263 1868 5322 in-

329 5362 527 5443 juste,
561 5365 625 5423 et
649 5359 860 5421 invitis
890 5358 1200 5432 dominis3
1253 5357 1415 5419 sicut
1443 5376 1519 5418 ea
1548 5376 1686 5437 quoe
1717 5358 1872 5417 dan—

337 5458 449 5531 tur
476 5457 547 5517 ut
572 5452 844 5533 pretium
873 5471 986 5532 pro
1036 5450 1346 5514 sententia
1383 5450 1575 5530 justa,
1629 5450 1706 5510 de
1738 5450 1876 5528 qui-

3308 271 3423 329 723

1895 437 2014 498 bus
2041 455 2234 517 supra
2279 439 2553 500 diximus
2605 439 2836 503 debere
2883 442 3135 504 omnino
3181 445 3422 506 restitui

1898 530 2016 590 illis
2046 530 2156 609 qui
2202 530 2530 594 dederunt.
2590 535 2688 595 An
2736 552 2885 596 vero
2923 554 3035 613 pro
3083 536 3421 616 aliquibus,

1899 641 2038 705 quae
2070 623 2350 701 pendent
2402 643 2440 683 a
2465 626 2672 703 gratia
2727 626 2983 705 judicis,
3049 633 3115 689 ut
3136 630 3428 708 judicare

1900 735 2012 796 pro
2030 719 2216 795 parte
2234 735 2410 796 esque
2432 719 2766 796 probabili,
2801 720 2895 779 vel
2914 739 3025 798 pro
3042 722 3429 800 expediendo

1901 808 2071 887 prius
2100 807 2221 870 hoc
2250 810 2498 888 negotio
2530 829 2720 890 quam
2747 812 2893 888 alio,
2926 814 3165 892 possint
3194 816 3433 894 aliquid

1902 902 2235 983 accipere?
2304 904 2563 965 Certum
2632 908 2728 965 est
2773 906 2917 984 jure
2972 906 3249 968 humano
3306 926 3431 969 non

1901 1014 2121 1075 posse3
2174 995 2444 1056 diximus
2491 996 2679 1057 etiam
2725 1011 2891 1077 soepe
2921 1017 3037 1059 nec
3075 999 3219 1080 jure
3252 1007 3432 1064 natu-

1900 1108 1987 1151 rae
2022 1110 2036 1151 x
2084 1088 2331 1168 quoties
2362 1089 2529 1150 enim
2559 1108 2630 1150 ex
2656 1089 2901 1170 justitia
2924 1097 3172 1154 tenetur
3196 1094 3433 1172 aliquid

1904 1197 1980 1244 ex
2013 1181 2325 1261 disjuncto
2371 1182 2567 1259 gratis
2621 1182 2848 1260 facere,
2912 1202 3036 1246 non
3076 1190 3280 1264 potest
3323 1199 3433 1265 pro

1905 1275 2210 1338 electione
2239 1273 2427 1354 hujus
2452 1275 2646 1352 partis
2676 1276 2915 1355 aliquid
2945 1279 3166 1357 accipi.

1984 1370 2083 1430 An
2111 1385 2261 1428 vero
2286 1366 2483 1446 judex
2512 1368 2694 1428 unico
2724 1368 3022 1431 mandato
3069 1373 3436 1452 praecipiens

1906 1460 2471 1522 incarcerationem
2498 1460 2718 1521 decem
2761 1479 3192 1540 personarum,
3241 1467 3439 1545 possit

1907 1554 2157 1633 exigere
2185 1570 2381 1615 unum
2408 1553 2786 1632 stipendium
2806 1573 2919 1633 pro
2941 1555 3199 1635 singulis
3227 1577 3440 1637 persos

1908 1646 2005 1708 nis
2031 1646 2171 1725 lege
2197 1649 2500 1721 taxatum,
2548 1650 2610 1706 et
2639 1646 2856 1707 decem
2889 1667 3000 1726 pro
3045 1649 3265 1711 decem
3303 1671 3439 1730 per-

1910 1739 2101 1815 sonis,
2135 1739 2366 1801 Sanch.
2402 1738 2509 1799 lib.
2542 1740 2645 1799 111.
2694 1738 2868 1801 Com.
2904 1759 2959 1802 c,
2988 1761 3093 1804 un.
3127 1743 3276 1806 dub.
3309 1762 3437 1808 xxl.

1911 1832 2081 1910 dicit,
2137 1831 2391 1892 unicum
2419 1831 2622 1891 solum
2656 1832 3039 1911 stipendium
3067 1853 3248 1914 posse
3280 1840 3443 1900 acci-

1913 1944 2082 2005 pere,
2135 1924 2221 1986 ita
2263 1924 2429 1984 enim
2459 1923 2725 1987 habetur
2752 1924 2816 1986 in
2844 1926 2952 1989 lib.
2986 1928 3089 1989 111,
3139 1947 3317 1991 novae
3348 1951 3441 1992 re·

1913 2017 2303 2099 copilationis
2331 2016 2428 2078 tit.
2453 2034 2514 2079 xa
2551 2019 2804 2097 quando
2827 2019 3042 2080 debita
3058 2027 3203 2083 sunt
3232 2042 3307 2084 ex
3337 2025 3444 2085 de-

1912 2112 2080 2187 licto,
2114 2110 2215 2172 vol
2244 2109 2420 2189 quasi
2450 2110 2706 2174 delicto·
2758 2113 2952 2172 Secus
2979 2132 3152 2191 vero,
3188 2118 3442 2195 quando

1915 2207 2125 2267 essent
2151 2222 2227 2264 ex
2256 2206 2609 2278 contractu,
2644 2208 2708 2265 et
2734 2204 2797 2265 in
2830 2224 3020 2266 causa
3052 2207 3214 2268 civili
3241 2230 3258 2282 ς
3313 2211 3443 2271 sive

3586 1381 3699 1444 137

3486 1512 3550 1555 An
3573 1525 3646 1567 pro
3664 1511 3784 1554 unico

3542 1566 3731 1608 mandato

3489 1621 3618 1674 possit
3659 1618 3783 1675 Judex

3488 1671 3673 1727 accipere
3688 1671 3787 1726 plu·

3490 1739 3535 1769 ra
3570 1725 3784 1781 stipendia.

1917 2297 2086 2359 enim
2113 2295 2485 2356 mandatum
2514 2300 2677 2357 esset
2708 2302 2928 2358 contra
2958 2300 3167 2377 plures
3198 2302 3444 2365 debito*-

1915 2407 2040 2468 res,
2093 2390 2224 2451 sive
2254 2389 2443 2451 etiam
2488 2394 2711 2451 contra
2755 2392 3048 2453 eumdem
3100 2393 3448 2457 debitorem

1920 2483 2313 2547 diversarum
2342 2500 2753 2560 summarum,
2789 2488 2882 2546 tot
2901 2485 3212 2563 stipendia
3242 2492 3452 2566 posset

1922 2577 2210 2655 accipere
2264 2580 2417 2654 quot
2470 2580 2616 2636 sunt
2670 2576 3007 2652 debitorem
3068 2580 3167 2640 vel
3210 2581 3444 2642 debita»

1921 2669 2102 2734 Unde
2129 2667 2252 2729 hoc
2280 2667 2531 2729 videtur
2556 2668 3020 2730 observandum
3045 2671 3123 2731 de
3142 2672 3284 2752 jure
3314 2675 3453 2734 His*

1922 2779 2108 2843 pano.
2171 2760 2335 2822 Alibi
2366 2779 2511 2822 vero
2546 2761 2938 2823 observanda
2967 2768 3118 2842 puto
3148 2767 3340 2826 verba
3367 2767 3453 2827 le-

1922 2856 2017 2935 gis
2038 2854 2311 2916 taxantis
2339 2854 2720 2932 stipendium
2774 2874 2787 2916 :
2852 2865 2999 2917 nam
3029 2857 3080 2917 si
3130 2859 3234 2918 uni
3279 2878 3452 2920 man·-

1924 2949 2071 3009 dato
2101 2946 2528 3025 assignaretur
2566 2965 2759 3007 unum
2799 2948 3206 3026 stipendium,
3259 2971 3454 3013 unum

1926 3042 2264 3102 deberetur
2310 3040 2563 3119 quando
2621 3046 2786 3102 esset
2833 3055 3029 3103 unum
3083 3045 3455 3107 mandatum

1927 3151 2285 3211 oommune‚
2318 3137 2381 3195 et
2426 3151 2616 3195 causa
2665 3138 2831 3196 esset
2867 3137 3215 3199 eommunis
3263 3140 3458 3201 omni·-

1926 3229 2044 3290 bus
2074 3226 2487 3303 debitoribus,
2522 3227 2624 3288 vel
2656 3227 2948 3289 omnibus
2977 3230 3224 3293 debitis.
3261 3234 3325 3295 si
3354 3252 3460 3294 au—

1929 3326 2056 3382 tem
2089 3319 2470 3397 stipendium
2515 3324 2681 3380 essct
2727 3321 3115 3400 assignatum
3162 3326 3460 3387 mandato

1930 3414 2097 3474 circa
2145 3428 2338 3475 unam
2385 3429 2742 3490 personam,
2792 3413 2890 3474 vel
2919 3415 3086 3476 circa
3122 3434 3313 3478 unam
3358 3418 3462 3479 de-

1928 3506 2154 3581 bitum,
2186 3509 2441 3583 possent
2470 3505 2670 3583 accipi
2700 3506 2899 3584 plura,
2935 3508 3257 3586 quiaillud
3289 3530 3463 3572 man·

1932 3600 2172 3673 datum,
2207 3596 2455 3659 videtur
2478 3598 2851 3678 oequivalere
2871 3600 3174 3678 pluribus,
3208 3604 3462 3683 quando

1933 3691 2165 3769 singuli
2194 3690 2510 3751 diversam
2540 3695 2784 3769 partem
2811 3692 3067 3755 debent.

2016 3782 2313 3845 Similiter
2341 3783 2661 3845 dubitatur
2715 3783 2793 3843 de
2839 3787 3307 3867 commissariis,
3364 3790 3463 3851 vel
3611 3825 3728 3888 ¹33

1937 3874 2398 3951 executoribuS,
2457 3874 2561 3953 qui
2593 3876 2925 3938 mittuntur
2951 3896 2990 3938 a
3024 3877 3238 3957 judice
3268 3881 3350 3941 ad
3377 3882 3466 3943 fa-

1939 3968 2194 4031 ciendas
2236 3968 2655 4046 executiones,
2708 3972 2770 4029 et
2815 3970 3248 4048 recipiendum
3296 3974 3467 4037 debi-
3516 3953 3810 4059 wffissssQ

1940 4068 2073 4125 tum
2104 4061 2379 4139 aliquod,
2427 4079 2509 4121 an
2535 4061 2590 4121 si
2616 4061 2948 4123 mittantur
2975 4064 3053 4124 ad
3084 4066 3294 4143 plures
3330 4087 3467 4129 exe·
3517 4065 3812 4156 ’ξζζζιξξζζῗξθ

1943 4155 2230 4217 cutiones
2257 4153 2579 4214 faciendas
2621 4153 2687 4214 in
2710 4153 2903 4231 idem,
2952 4157 3052 4217 vel
3081 4157 3332 4221 diversa
3360 4179 3471 4240 op·
3539 4168 3802 4265 335¹ss

1946 4247 2115 4327 pida,
2150 4245 2718 4325 possintasingulis
2748 4245 3139 4310 debitoribus
3160 4251 3474 4331 integrum
3631 4286 3723 4318 nes.

1946 4338 2328 4417 stipendium
2357 4338 2743 4400 executionis
2772 4339 3051 4418 exigere,
3104 4346 3272 4423 quod
3309 4346 3477 4405 idem

1950 4431 2252 4511 quoeritur
2279 4430 2357 4491 de
2378 4432 2642 4507 notari0‚
2671 4432 2787 4511 *qui
2807 4452 2913 4493 cos
2931 4434 3258 4497 comitatur
3276 4438 3306 4498 *Ρ
3336 4441 3480 4499 Res·

1951 4522 2189 4604 pondet
2232 4522 2401 4584 idem
2430 4524 2660 4585 Sanch.
2713 4526 2775 4585 d.
2828 4544 2884 4586 c.
2937 4528 3038 4588 lv.
3094 4529 3244 4591 dub.
3299 4547 3476 4592 xxm.

1953 4617 2265 4695 negative,
2299 4617 2409 4677 sed
2440 4617 2819 4695 stipendium
2851 4620 3167 4697 integrum
3197 4622 3485 4683 dividen-

1956 4710 2108 4771 dum
2138 4727 2272 4769 esse
2320 4710 2481 4770 inter
2538 4729 2755 4771 omnes
2810 4711 3146 4790 debitores,
3207 4716 3352 4793 quia
3399 4716 3485 4777 ita

1960 4802 2257 4864 statuitur
2288 4800 2352 4861 in
2382 4802 2592 4861 multis
2622 4801 2865 4880 legibus
2895 4803 3185 4881 Hispanis
3216 4826 3371 4887 quas
3401 4809 3489 4867 af·

1962 4895 2104 4954 fert.
2167 4892 2360 4954 Addit
2388 4898 2596 4954 tamen
2650 4895 2819 4957 idem
2851 4897 3079 4958 Sanch.
3133 4899 3283 4963 dub.
3315 4916 3485 4962 xxlv.

1964 5007 2024 5048 n.
2060 4989 2117 5048 3.
2156 4986 2405 5065 quando
2437 4986 2939 5066 indinstrumcnto
2970 4990 3366 5069 obligationis
3395 5012 3497 5055 as-

1964 5079 2281 5157 signatum
2308 5079 2424 5140 fuit
2465 5080 2763 5141 salarium
2810 5082 2985 5142 eunti
3025 5083 3104 5143 ad
3136 5085 3497 5164 recipienda

1967 5171 2200 5247 debita,
2261 5189 2442 5248 posse
2488 5171 2816 5233 creditoris
2864 5175 3147 5253 arbitrio,
3208 5178 3257 5237 si
3304 5179 3500 5240 multa

1971 5262 2279 5343 exigenda
2311 5262 2433 5323 sint
2481 5263 2694 5324 debita
2744 5284 2777 5324 a
2807 5266 3068 5344 singulis
3115 5253 3503 5332 debitoribus

1972 5358 2293 5436 integrum
2321 5357 2618 5417 salarium
2661 5358 2723 5418 in
2769 5358 3181 5420 instrumento
3232 5365 3504 5441 assigna-

1973 5453 2109 5511 tum
2140 5448 2301 5527 exigi
2358 5468 2372 5510 2
2423 5448 2569 5527 quia
2613 5449 2733 5512 hoc
2780 5452 3077 5512 salarium
3107 5459 3197 5515 cst
3246 5455 3303 5514 in
3338 5456 3503 5517 favo-
