4263 6376
1169 304 1640 368 DISPUTATIO
1684 303 1956 375 XXVIII,
2005 304 2280 368 SECTIO
2325 307 2429 369 lx.

244 485 439 566 psat-ius
495 502 640 544 vere
688 483 980 544 babuerit
1030 482 1288 543 modum
1337 481 1620 543 solvendi
1662 480 1724 539 in

245 581 344 639 loco
367 577 693 653 destinato,
728 578 962 656 absque
992 595 1064 636 eo
1096 575 1264 655 quod
1295 573 1730 653 acciperetde-

245 672 395 731 bitum
424 670 506 729 ad
560 670 951 730 recambium
980 670 1060 730 ab
1109 669 1330 728 eodem
1375 684 1722 746 campsore.

245 763 290 825 Si
312 762 457 821 enim
487 762 666 822 aliter
712 781 835 823 non
887 765 1132 840 poterat
1176 760 1262 820 ibi
1287 760 1551 835 solvere,
1601 758 1730 836 pri-

244 874 373 915 mum
399 854 716 915 cambium
756 854 975 914 fuisset
1018 853 1276 928 siccum,
1336 870 1480 912 cum
1527 852 1729 911 nullas

244 949 457 1008 haberet
485 947 639 1006 alias
668 947 963 1024 pecunias
992 950 1135 1006 actu
1177 946 1278 1005 vel
1304 945 1531 1005 virtute
1559 944 1621 1003 in
1654 960 1727 1003 eo

243 1042 363 1116 locu,
390 1039 617 1119 quibus
645 1040 1034 1100 satisfaceret
1061 1038 1393 1116 campsori,
1445 1042 1513 1097 ut
1538 1054 1729 1115 supra

243 1133 463 1193 vidimus
492 1135 754 1210 agentes
773 1131 851 1191 de
872 1132 1116 1192 cambio
1139 1148 1431 1190 recursae.
1467 1128 1727 1200 Quando

244 1231 410 1286 autem
436 1225 713 1285 habebat
757 1225 950 1285 alium
997 1223 1255 1284 modum
1303 1221 1583 1284 solvendi
1616 1220 1724 1297 ibi,

244 1323 422 1397 potest,
456 1318 510 1378 si
537 1316 707 1392 velit,
754 1317 1120 1378 continuare
1150 1314 1467 1375 cambium
1496 1332 1609 1392 per
1634 1331 1729 1373 re-

243 1410 513 1471 cambium
559 1409 642 1470 ad
688 1409 879 1469 alium
923 1410 1154 1484 locum,
1207 1407 1354 1486 quia
1397 1407 1504 1467 illa
1549 1422 1727 1465 acce-

241 1505 406 1582 ptione
435 1502 737 1563 recambii
765 1502 1046 1577 solvitur,
1099 1505 1162 1561 et
1202 1499 1582 1576 extinguitur
1608 1496 1732 1575 pri·

241 1614 372 1655 mum
398 1596 737 1672 cambium,
781 1599 1090 1674 quatenus
1115 1612 1229 1672 per
1256 1592 1426 1652 illam
1455 1589 1732 1652 virtuali-

242 1694 312 1749 ter
332 1689 428 1748 dat
456 1688 844 1766 campsarius
863 1687 1196 1766 pecuniam
1218 1702 1408 1764 quam
1433 1682 1725 1758 debebat,

242 1787 287 1842 et
307 1785 533 1859 poterat
558 1781 710 1842 dare
741 1781 804 1840 in
851 1780 954 1840 illo
996 1780 1157 1855 loco,
1215 1783 1277 1839 et
1304 1777 1474 1837 illam
1504 1776 1731 1836 iterum

241 1874 423 1952 accipit
449 1893 490 1933 a
531 1890 858 1952 campsore
887 1872 965 1931 ad
1009 1870 1357 1931 secundum
1385 1867 1726 1943 cambium,

241 1965 372 2044 qnod
394 1972 542 2026 tunc
571 1966 778 2025 denuo
810 1964 1046 2043 incipit.

298 2059 376 2119 Ab
403 2059 521 2119 hac
549 2058 866 2118 communi
887 2055 1195 2118 sententia
1213 2053 1535 2114 discedere
1556 2052 1732 2112 vide-

240 2157 316 2211 tur
332 2154 389 2212 P.
415 2152 613 2212 Diana
630 2154 783 2211 tom.
805 2166 850 2210 1.
879 2154 1059 2210 tract.
1094 2146 1164 2208 de
1192 2145 1600 2218 contractibuS,
1630 2163 1732 2205 re-

239 2245 324 2305 sol.
351 2249 405 2305 5.
437 2244 650 2304 dicens
680 2262 755 2303 ex
786 2242 1026 2304 Scortia
1053 2241 1115 2300 in
1145 2239 1314 2301 bulla
1347 2238 1568 2299 Pontis.
1604 2237 1730 2317 epi-

193 2341 359 2397 ·tom.
387 2339 524 2397 107.
573 2335 882 2398 theorem.
913 2337 1051 2395 289.
1100 2338 1354 2411 pactum
1401 2331 1555 2391 illud
1604 2349 1729 2399 non

238 2429 401 2489 solum
454 2447 587 2489 esse
633 2429 873 2488 licitum
920 2427 1159 2488 ratione
1205 2425 1360 2486 lucri
1402 2424 1723 2500 cessantiS,

240 2522 311 2581 vel
332 2521 532 2582 damni
577 2520 978 2598 emergentis,
1030 2518 1141 2579 sed
1189 2518 1378 2579 etiam
1425 2517 1729 2592 indepen-

237 2612 419 2674 denter
445 2613 524 2672 ab
550 2614 626 2673 iis
654 2613 848 2674 titulis
866 2659 881 2687 ,
932 2630 1005 2672 co
1036 2610 1205 2691 quod
1233 2610 1620 2671 recambium
1650 2610 1730 2671 sit

234 2708 297 2767 sit
317 2725 538 2767 novum
583 2704 922 2781 cambium,
978 2703 1146 2782 quod
1195 2703 1465 2764 extincto
1508 2702 1722 2781 priori,

235 2799 410 2861 denuo
441 2801 512 2860 fit
536 2819 611 2860 ex
640 2797 892 2876 capitali
939 2802 1002 2858 et
1029 2797 1201 2857 lucro
1250 2796 1432 2874 primi
1463 2795 1721 2867 cambii;

233 2910 395 2971 quare
423 2893 579 2953 sicut
622 2891 895 2970 primum
922 2890 1160 2951 licitum
1213 2889 1346 2966 fuit,
1407 2889 1491 2949 ita
1540 2892 1603 2949 et
1628 2907 1728 2948 se-

232 2985 476 3045 eundum
500 2986 741 3045 licitum
768 2984 906 3044 erit.
943 2983 1065 3045 Sed
1097 3001 1318 3042 revera
1350 2982 1593 3043 Scortia
1618 2981 1725 3041 illo

228 3078 340 3139 loco
367 3096 485 3138 non
514 3078 800 3139 discessit
826 3095 859 3135 a
891 3081 1103 3136 nostra
1131 3075 1437 3136 sententia
1455 3122 1470 3152 ,
1521 3092 1724 3153 neque

232 3172 371 3231 enim
398 3172 566 3249 dixit,
624 3190 809 3251 posse
839 3169 903 3230 in
949 3169 1151 3248 primo
1201 3168 1446 3230 cambio
1493 3166 1725 3247 apponi

230 3271 455 3342 pactum
483 3265 559 3324 de
586 3264 833 3325 cambio
861 3262 1092 3339 futuro,
1147 3260 1388 3323 secluso
1418 3261 1596 3323 titulo
1626 3261 1722 3321 lu-

231 3357 303 3416 cri
326 3357 612 3419 cessantis
641 3361 705 3417 et
732 3355 940 3416 damni
974 3354 1373 3433 emergentiS,
1415 3353 1584 3433 quod
1614 3371 1727 3432 pa-

229 3452 374 3510 ctum
398 3451 628 3513 licitum
649 3453 960 3528 negarunt
978 3449 1245 3519 Lessius‚
1274 3447 1470 3524 SalaS,
1506 3452 1568 3508 et
1594 3446 1719 3523 alii,

229 3561 467 3621 quorum
505 3542 879 3605 sententiam
928 3540 1096 3601 idem
1125 3541 1323 3602 Diana
1376 3539 1461 3599 ibi
1501 3538 1725 3600 retule-

228 3639 330 3711 rat,
358 3642 416 3697 et
440 3656 476 3696 a
503 3656 625 3716 qua
655 3640 874 3715 postea
901 3633 1184 3711 discedit,
1219 3634 1329 3693 sed
1349 3633 1550 3693 solum
1572 3631 1727 3694 dixit

229 3729 462 3805 Scortia,
484 3747 688 3808 posse,
722 3747 845 3789 non
861 3727 1140 3788 solvente
1158 3724 1526 3804 campsariO,
1560 3743 1727 3785 cam-

225 3820 379 3882 bium
405 3822 747 3884 continuari
775 3840 889 3901 per
915 3819 1302 3880 recambium
1323 3868 1338 3895 ‚
1388 3818 1556 3897 quod
1584 3820 1726 3879 Les-

226 3914 338 3974 sius
363 3915 544 3976 etalii
587 3932 712 3975 non
740 3915 1071 3992 negarunt,
1131 3911 1240 3971 sed
1289 3910 1490 3971 solum
1533 3929 1728 3989 nega-

225 4011 355 4068 runt
382 4026 551 4086 posse
582 4007 703 4068 hoc
731 4006 794 4065 in
825 4008 1078 4085 pactum
1098 4002 1720 4082 deduciaprincipio,

227 4104 482 4160 cessante
533 4098 714 4161 titulo
770 4097 927 4159 lucri
984 4097 1305 4172 cessanti8‚
1364 4096 1463 4155 vel
1511 4095 1725 4158 damni

226 4194 594 4271 emergentiS,
620 4193 799 4271 cujus
820 4189 1200 4252 contrarium
1223 4190 1466 4251 Scortia
1493 4189 1579 4249 ibi
1601 4208 1726 4251 non

225 4283 385 4345 dixit.
438 4287 634 4358 Quare
679 4284 887 4363 quoad
926 4283 1046 4344 hoc
1085 4286 1385 4361 punctum
1435 4282 1513 4342 de
1541 4287 1724 4360 pacto

227 4374 376 4436 licite
401 4377 768 4457 apponendo
788 4422 803 4453 ,
851 4375 929 4436 de
960 4394 1082 4454 quo
1112 4375 1242 4435 solo
1274 4379 1408 4437 erat
1435 4375 1719 4454 quoestiO,

224 4486 337 4527 non
366 4469 566 4531 debuit
593 4470 673 4529 ab
701 4487 778 4529 ea
813 4468 1122 4530 sententia
1160 4468 1479 4529 discedere
1523 4488 1560 4529 a
1599 4486 1725 4548 qua

224 4578 330 4620 nec
358 4562 587 4624 Scortia
614 4561 919 4637 discessit,
970 4579 1084 4621 nec
1114 4565 1208 4623 est
1243 4561 1401 4622 ratio
1445 4562 1570 4621 ulla
1598 4561 1726 4622 dis·

223 4653 482 4717 cedendi.
517 4658 672 4718 Cum
701 4672 993 4732 campsor
1018 4655 1178 4715 ultra
1193 4654 1463 4732 pretium
1483 4656 1723 4733 justum

222 4746 432 4806 cambii
459 4768 579 4809 non
611 4749 807 4827 possit
835 4747 1253 4825 campsarium
1285 4748 1364 4806 ad
1387 4748 1536 4806 illud
1553 4747 1722 4807 aliud

219 4837 497 4900 damnum
526 4840 669 4901 novi
703 4839 1006 4900 recambii
1038 4839 1338 4919 obligare,
1385 4840 1502 4900 nisi
1547 4840 1723 4900 titulo

221 4928 372 4991 lucri
397 4934 680 4995 cessantis
708 4934 808 4994 vel
838 4933 1052 4993 damni
1080 4932 1477 5011 emergentis.
1511 4934 1728 4994 Posset

220 5023 460 5101 quidem
487 5045 598 5106 per
611 5025 871 5087 modum
889 5044 1090 5104 poenae
1110 5025 1336 5104 pacisci
1368 5026 1446 5084 de
1478 5025 1720 5104 aliquo·
1706 5072 1721 5098 ‚

221 5115 328 5174 sed
371 5116 475 5179 hoc
522 5119 788 5180 debetur
832 5119 1034 5179 solum
1071 5118 1463 5196 praecedente
1518 5118 1723 5197 culpa,

219 5213 280 5267 et
307 5208 482 5271 debet
502 5216 662 5274 esset
679 5211 1073 5272 moderatum
1104 5228 1216 5289 pro
1234 5210 1473 5272 ratione
1503 5211 1724 5289 culpae,

220 5304 286 5360 ut
340 5318 470 5361 cum
523 5304 658 5365 aliis
705 5304 973 5384 explicat
1019 5304 1194 5366 Salas
1239 5303 1303 5365 d.
1368 5303 1518 5364 dub.
1572 5319 1725 5364 xxn.

218 5408 278 5452 n.
310 5394 373 5452 2.
402 5399 458 5456 et
482 5399 537 5456 4.

513 5490 674 5552 Tou.
716 5489 851 5553 vn.

3241 313 3356 372 433

1905 481 2114 542 Tertio
2147 482 2468 544 dubitatur
2494 484 2660 545 circa
2681 485 2837 547 hoc
2820 505 3047 565 ipsum,
3072 507 3152 549 an
3170 505 3362 567 quan-

1830 574 1909 634 do
1940 574 2105 636 licite
2135 577 2206 637 fit
2233 596 2336 637 rec
2341 578 2640 656 ambium,
2676 580 2804 640 sive
2837 582 2983 659 quia
3013 581 3146 642 sine
3176 587 3429 663 pact01

1829 852 2071 912 lucrum
2099 872 2372 932 cessans,
2407 856 2619 934 possit,
2655 857 2751 916 vel
2783 857 3053 919 debeat
3037 878 3100 917 ιιι
3131 876 3367 919 recam·

1829 943 1931 1005 bio
1963 948 2309 1024 computari
2341 967 2453 1027 pro
2484 950 2734 1028 capitali
2768 951 3012 1011 lucrum
3042 952 3231 1012 etiam
3260 953 3364 1012 de-

1831 1037 2029 1098 bitum
2061 1058 2131 1098 ex
2164 1041 2366 1118 primo
2398 1043 2642 1103 cambio
2668 1089 2683 1119 ,
2745 1044 2829 1104 ita
2862 1049 2932 1105 ut
2956 1064 3032 1104 ex
3058 1046 3162 1105 illo
3191 1046 3364 1105 lucro

1831 1130 2109 1192 solvatur
2137 1133 2325 1193 etiam
2354 1134 2597 1194 lucrum
2629 1136 2690 1195 in
2722 1138 3089 1198 recambio?
3117 1140 3367 1216 Negant

1829 1224 2143 1285 Malderus
2172 1226 2234 1285 in
2265 1228 2555 1305 praesenti
2585 1232 2765 1289 tract.
2801 1231 2877 1290 V.
2934 1249 3028 1291 ca.
3064 1247 3151 1292 lv.
3204 1230 3355 1290 dub.

1834 1320 1928 1377 10.
1961 1317 2298 1395 Molfesiu5‚
2328 1324 2391 1380 et
2419 1321 2712 1381 Narbona
2741 1324 2907 1400 apud
2929 1324 3191 1382 Dianam
3213 1323 3361 1383 dict.

1833 1413 2014 1471 tract.
2038 1409 2108 1470 de
2137 1420 2415 1474 contract.
2450 1415 2704 1475 resolut.
2738 1432 2823 1476 x1.
2873 1418 3047 1494 Vega
3076 1416 3266 1476 etiam
3297 1415 3361 1474 in

1831 1502 2077 1563 Summa
2101 1549 2117 1580 ,
2172 1509 2233 1565 et
2260 1506 2490 1586 epitom.
2541 1525 2688 1568 casu
2725 1512 2824 1568 35.
2885 1508 3004 1568 Alii
3050 1513 3261 1569 tamen
3298 1506 3364 1566 id

1829 1594 2122 1657 videntur
2151 1597 2516 1659 concedere.
2551 1601 2797 1660 Lessius
2820 1619 2992 1661 num.
3026 1604 3125 1661 85.
3162 1605 3224 1660 et
3256 1601 3364 1661 Sa-

1829 1687 1922 1747 las
1951 1688 2117 1749 dicto
2150 1689 2299 1750 dub.
2332 1706 2484 1752 xxn.
2518 1710 2691 1752 num.
2724 1697 2784 1752 4.
2832 1693 3085 1771 quando
3125 1697 3364 1753 certum

1831 1784 1925 1841 est
1953 1782 2121 1859 quod
2152 1782 2200 1842 si
2246 1782 2546 1844 interesse
2575 1802 2717 1844 cum
2746 1785 3209 1863 provis10nibus
3239 1785 3367 1862 pri-

1830 1871 1917 1930 mi
1946 1872 2173 1933 cambii
2201 1874 2472 1935 solutum
2501 1876 2719 1938 suisset
2741 1923 2756 1954 ,
2814 1878 3121 1957 potuisset
3149 1877 3362 1938 statim

1830 1964 1965 2024 aliis
1994 1966 2070 2025 ad
2102 1966 2420 2027 cambium
2451 1967 2624 2030 dare.

1910 2060 2175 2120 Possunt
2203 2064 2413 2122 autem
2442 2060 2506 2121 hi
2535 2065 2821 2122 auctores
2850 2063 2930 2123 ad
2960 2065 3362 2125 concordiam

1826 2150 1985 2212 forte
2016 2151 2253 2214 reduci.
2288 2155 2641 2233 Aliquando
2672 2155 2839 2214 enim
2881 2174 2955 2215 cx
2986 2163 3166 2236 pacto
3198 2177 3360 2237 prae-

1829 2243 2071 2305 cedenti
2101 2244 2277 2305 lucra
2305 2247 2557 2324 cambii,
2593 2252 2656 2308 et
2679 2248 3069 2328 provisiones
3098 2269 3221 2311 non
3253 2251 3363 2311 de·-

1826 2335 2053 2398 bentur
2082 2338 2198 2398 nisi
2226 2339 2401 2400 finito
2430 2344 2561 2400 toto
2592 2340 2857 2416 cambi0,
2885 2347 2947 2404 et
2974 2343 3245 2404 extincto
3274 2348 3364 2404 to-

1825 2433 1890 2489 to
1918 2429 2161 2503 debit03
2209 2435 2272 2491 et
2316 2436 2464 2492 tunc
2492 2449 2617 2492 non
2647 2438 2907 2510 possunt
2932 2434 3039 2494 illa
3065 2435 3238 2495 lucra
3267 2435 3368 2495 in-

1826 2522 2130 2583 termedia
2176 2523 2238 2582 in
2285 2527 2518 2584 sortem
2571 2523 2756 2603 adjici
2814 2526 2892 2585 ad
2946 2528 3356 2603 recambium,

1826 2632 1967 2675 cum
1997 2615 2276 2674 nondum
2306 2635 2524 2676 eorum
2555 2615 2778 2678 solutio
2810 2617 3117 2680 debeatur
3138 2666 3153 2697 ,
3205 2624 3267 2680 et
3295 2620 3359 2679 in

1824 2704 1945 2767 hoc
1974 2724 2122 2766 casu
2152 2706 2414 2768 fortasse
2444 2709 2724 2788 loquitur
2751 2711 3067 2772 Malderus
3095 2713 3214 2773 loc.
3250 2713 3355 2775 cit.

1822 2800 1923 2859 vel
1968 2799 2170 2878 magis
2202 2799 2381 2879 juxta
2423 2801 2762 2862 verborum
2798 2803 3069 2865 litteram
3111 2805 3361 2866 videtur

1824 2892 2022 2953 solum
2053 2911 2306 2971 negare,
2339 2892 2639 2955 interesse
2670 2900 2733 2956 et
2759 2897 3147 2975 provisIOnes
3173 2917 3357 2977 posse

1824 2984 1902 3044 ab
1922 2985 2097 3046 initio
2127 2986 2357 3046 cambii
2386 2988 2734 3066 computari
2771 2990 2833 3048 in
2864 2994 3095 3051 sortem
3115 3037 3130 3066 ,
3185 2997 3253 3052 ut
3281 3009 3357 3051 ex

1820 3078 1896 3138 iis
1926 3078 2113 3139 etiam
2144 3078 2387 3139 lucrum
2417 3080 2831 3161 percipiatur;
2886 3083 3037 3162 quia
3064 3083 3202 3144 haec
3231 3102 3358 3145 non

1822 3171 2164 3249 debentur,
2200 3173 2317 3234 nisi
2343 3172 2407 3233 in
2437 3174 2561 3235 fine
2606 3176 2856 3238 cambii.
2918 3177 3177 3249 Quando
3209 3197 3357 3240 vero

1821 3266 1997 3326 lucra
2027 3268 2088 3326 et
2113 3267 2504 3343 provisiones
2542 3268 2851 3331 debentur
2894 3270 2958 3330 in
3006 3272 3129 3332 fine
3170 3272 3355 3351 primi

1823 3357 2086 3433 cambii,
2144 3359 2352 3419 verius
2392 3363 2487 3421 est
2526 3361 2695 3440 quod
2742 3362 2983 3442 possint
3011 3364 3091 3423 ad
3122 3382 3356 3424 recam·

1820 3450 1995 3511 bium
2024 3450 2162 3510 dari
2191 3451 2352 3513 sicut
2378 3456 2441 3513 et
2456 3452 2670 3535 ¹ipsum
2697 3455 2997 3533 capitale3
3053 3457 3201 3536 quia
3220 3457 3356 3536 jam

1821 3547 1970 3604 tunc
1998 3543 2136 3604 haec
2178 3562 2302 3604 non
2347 3545 2554 3606 minus
2599 3547 2899 3608 solvenda
2946 3556 3126 3611 erant
3164 3570 3355 3630 quam

1822 3636 2116 3715 capitale;
2166 3654 2358 3715 quare
2388 3642 2595 3716 potest
2638 3641 2983 3701 secundum
3038 3644 3356 3705 cambium

1822 3728 1987 3803 iniri,
2005 3729 2183 3806 cujus
2211 3730 2476 3808 capitale
2492 3730 2625 3792 haec
2646 3733 2855 3793 omnia
2876 3736 3349 3813 complectatur,

1824 3822 1873 3881 si
1903 3820 2291 3898 campsarius
2317 3821 2405 3882 ita
2431 3823 2601 3884 velit.
2654 3825 2889 3886 Poterit
2916 3826 3105 3887 etiam
3135 3828 3215 3887 ab
3244 3829 3355 3889 ini-

1822 3915 1908 3976 tio
1938 3913 2002 3973 id
2031 3914 2095 3972 in
2122 3918 2376 3992 pactum
2406 3915 2656 3993 deduci,
2687 3917 2847 3979 sicut
2877 3918 2954 3978 de
2984 3919 3256 3999 capitali,
3294 3926 3357 3984 et

1823 4006 2338 4067 concurrentibus
2385 4007 2620 4067 eisdem
2669 4009 3129 4072 conditionibus
3164 4032 3357 4092 supra

1824 4100 2041 4178 positis
2067 4098 2223 4160 lucri
2255 4101 2553 4161 cessantis
2580 4102 2680 4162 vel
2709 4102 2922 4163 damni
2951 4108 3350 4183 emergentis:

1825 4194 1971 4272 quia
1998 4197 2209 4253 tamen
2239 4192 2456 4253 titulus
2508 4197 2896 4257 necessarius
2926 4215 3051 4257 non
3083 4198 3350 4278 videtur,

1825 4285 2076 4365 quando
2108 4288 2363 4363 pactum
2391 4287 2473 4346 ab
2501 4286 2675 4348 initio
2709 4309 2832 4349 non
2862 4291 3069 4370 fieret,
3105 4294 3216 4355 sed
3244 4296 3359 4355 ad-

1820 4378 2109 4439 veniente
2138 4377 2401 4439 termino
2431 4380 2711 4442 solvendi
2741 4384 3012 4461 primum
3042 4389 3359 4449 cambium

1823 4470 2036 4551 etejus
2062 4471 2258 4548 lucra,
2293 4474 2677 4550 campsarius
2722 4476 2909 4537 vellet
2954 4497 3065 4556 pro
3095 4486 3225 4542 toto
3254 4482 3357 4542 illo

1824 4564 2033 4625 debito
2054 4582 2288 4624 novum
2305 4564 2618 4625 cambium
2640 4585 2678 4626 a
2699 4585 3023 4648 campsore
3046 4575 3353 4653 accipere.

1905 4659 2135 4729 Quarto
2183 4657 2542 4734 dubitatur,
2602 4677 2682 4718 an
2739 4680 3027 4743 campsor
3080 4670 3277 4746 possit
3320 4688 3360 4729 a

1825 4768 2112 4827 campsai
2115 4768 2211 4824 10
2262 4751 2361 4810 cui
2392 4751 2562 4828 prior
2587 4754 2885 4829 pecunias
2929 4756 3073 4835 dat,
3132 4761 3359 4839 pignus
3463 4817 3474 4857 ἱ

1823 4843 1924 4902 vel
1953 4842 2385 4921 fidejussorem
2417 4844 2703 4920 exigere?
2730 4848 3164 4925 Respondetur
3192 4855 3362 4914 affir-
3409 4870 3486 4912 nde
3463 4827 3634 5019 3⁰2⁹:
3628 4828 3712 5018 {⁰11

1826 4935 2057 4996 mative
2088 4952 2231 4994 cum
2262 4936 2474 4996 Lessio
2506 4955 2677 4997 num.
2712 4942 2809 4998 77.
2843 4941 3248 5023 Boninsignio
3279 4951 3358 5008 tr.

1827 5026 1898 5087 de
1925 5026 2181 5102 εαηιόίίε,
2209 5045 2302 5089 ca.
2339 5044 2449 5089 vn.
2503 5048 2675 5090 num.
2714 5033 2811 5091 23.
2846 5032 3022 5094 Salas
3053 5036 3203 5099 dub.
3232 5056 3361 5102 xxl.

1829 5124 2093 5181 num.1.
2149 5123 2210 5180 et
2255 5120 2393 5180 aliis
2440 5140 2453 5182 :
2507 5122 2652 5202 quia
2701 5123 2861 5186 sicut
2907 5125 2968 5185 in
2997 5134 3255 5209 mutuo,
3303 5132 3366 5192 in

1827 5212 2191 5273 venditione
2219 5217 2281 5273 et
2307 5213 2443 5273 aliis
2472 5216 2895 5277 contractibus
2919 5265 2934 5295 ,
2987 5221 3077 5282 sic
3104 5223 3166 5282 ln
3198 5242 3369 5284 cam-

1830 5303 2045 5457 lgjiodad
2075 5304 2296 5366 crediti
2324 5306 2721 5368 securitatem
2744 5309 2877 5371 haec
2901 5320 3161 5390 possunt
3180 5317 3365 5396 exigi.

1893 5416 1929 5455 n
1980 5414 2026 5456 e

2975 5504 3054 5561 28

3413 621 3585 663 Lucrum

1829 669 2210 745 praecedenti
2238 672 2346 748 tit,
2407 671 2537 732 sixe
2568 672 2714 750 quia
2754 679 3005 751 pactum
3034 673 3199 735 licite
3248 674 3365 735 fuit
3411 675 3513 782 ‘⁰302
3511 675 3634 769 “3¹¹³ss
3620 687 3703 770 βξ

1831 761 2182 838 appositum
2223 768 2479 841 proptei
2507 764 2808 823 damnum
2840 784 3207 844 emergens,
3265 767 3364 826 iel
3441 781 3681 878 οὲἐιοὲὲὺῶιι

3507 4690 3621 4748 124

3412 4977 3570 5020 cambio
