4263 6376
922 348 1046 409 482

924 523 1056 585 cius
1084 525 1293 583 autem
1321 520 1428 600 qui
1456 518 1718 598 capitale
1748 524 1811 582 et
1837 521 2081 582 lucrum
2101 520 2306 581 minus
2336 519 2448 581 tibi

924 614 1331 689 assecuravit,
1380 631 1503 674 non
1533 614 1781 675 videtur
1822 613 1933 673 tibi
1982 615 2173 674 ullam
2221 614 2451 672 inferre

923 707 1236 788 injuriam,
1271 707 1322 766 si
1351 706 1654 783 negotiari
1696 709 1909 784 postea
1955 725 2077 766 non
2108 706 2297 777 velit,
2339 704 2451 765 sed

921 800 1186 877 capitale
1217 798 1367 858 illud
1399 799 1461 857 in
1491 797 1646 858 alios
1667 817 1815 857 usus
1836 798 2149 876 expendat
2175 819 2187 858 :
2213 796 2451 858 nullum

922 892 1088 950 enim
1117 889 1228 950 tibi
1258 909 1333 950 ex
1363 889 1482 950 hoc
1511 889 1790 967 sequitur
1818 889 2117 949 damnum
2145 935 2161 966 ,
2204 907 2346 949 cum
2377 906 2453 947 ex

922 987 1104 1061 pacto
1132 983 1360 1042 debeat
1387 981 1497 1043 tibi
1530 1000 1777 1058 semper
1804 986 2034 1041 sortem
2055 1027 2070 1056 ,
2119 986 2182 1043 et
2207 981 2453 1040 lucrum

920 1080 1160 1136 certum
1209 1074 1474 1134 reddere
1511 1094 1523 1134 :
1560 1091 1683 1133 non
1728 1076 1932 1150 potest
1971 1078 2183 1135 autem
2223 1072 2451 1151 injuria

918 1166 1295 1229 intervenire
1344 1166 1451 1226 ubi
1494 1166 1794 1226 damnum
1824 1166 2062 1226 nullum
2093 1166 2355 1226 intertur
2383 1165 2451 1224 il-

917 1260 1044 1320 lam
1072 1258 1331 1337 patienti
1366 1278 1379 1319 :
1415 1259 1462 1317 si
1506 1276 1655 1336 ergo
1694 1257 1989 1336 injuriam
2035 1258 2145 1319 tibi
2186 1276 2309 1318 non
2356 1258 2452 1317 in-

918 1351 1057 1427 fert,
1091 1351 1511 1413 convertendo
1542 1350 1806 1428 capitale
1833 1350 1986 1409 illud
2018 1351 2077 1409 in
2101 1350 2254 1411 alios
2276 1368 2444 1425 usu8‚

919 1461 1305 1523 consequens
1333 1447 1426 1503 est
1455 1445 1522 1502 ut
1558 1443 1795 1501 nullum
1823 1443 1938 1502 tibi
1958 1443 2326 1503 remanserit
2344 1444 2450 1522 jus

919 1535 1205 1613 obligans
1231 1552 1374 1594 eum
1406 1533 1486 1593 ad
1517 1551 1639 1593 non
1672 1534 1975 1593 utendum
2005 1534 2254 1611 capitali
2283 1581 2298 1609 ,
2332 1534 2450 1594 nisi

918 1627 999 1689 ad
1033 1626 1557 1705 negotiationem:
1578 1644 1728 1703 ergo
1751 1625 1828 1684 de
1851 1626 2050 1703 primo
2063 1626 2143 1685 ad
2161 1626 2449 1687 ultimum

917 1720 1230 1798 sequitur,
1264 1722 1325 1778 te
1352 1764 1367 1791 ,
1412 1717 1629 1796 positis
1660 1718 1857 1795 pactis
1887 1718 2025 1793 illis,
2061 1718 2448 1780 transtulisse

917 1811 1199 1890 capitalis
1228 1809 1571 1871 dominium
1602 1809 1663 1868 in
1702 1810 1940 1870 socium
1960 1856 1975 1886 ,
2002 1814 2064 1871 et
2091 1828 2205 1888 per
2232 1828 2451 1871 conse-

916 1922 1116 1984 quens
1152 1922 1276 1964 non
1320 1901 1589 1979 amplius
1633 1902 2007 1962 remansisse
2058 1906 2449 1964 contractum

915 1994 1252 2071 societatiS,
1287 1993 1395 2054 sed
1424 1994 1644 2054 mutui.

998 2087 1450 2166 Respondetur,
1500 2085 1619 2145 hoc
1657 2085 1823 2144 idem
1860 2091 2301 2164 argumentum
2346 2107 2447 2148 re-

915 2180 1190 2260 torqueri
1221 2197 1403 2257 posse
1442 2178 1506 2236 in
1544 2177 1842 2255 exemplis
1889 2196 2077 2256 supra
2107 2179 2442 2241 adductis:

917 2291 1063 2333 nam
1091 2272 1142 2332 si
1172 2271 1505 2331 nauclerus
1558 2270 1663 2349 qui
1716 2288 1956 2330 merces
2002 2273 2140 2331 tuas
2167 2275 2449 2332 transve-

916 2365 1158 2425 hendas
1189 2363 1466 2439 accepit,
1519 2367 1581 2422 et
1610 2361 1912 2440 obligavit
1939 2380 2003 2421 se
2033 2362 2113 2421 ad
2144 2381 2447 2424 mercium

916 2461 981 2518 et
1006 2454 1313 2517 moderati
1343 2453 1498 2514 lucri
1528 2454 2056 2514 assecurationem
2103 2473 2214 2532 pro
2245 2457 2446 2535 pretio

908 2551 1079 2628 justo
1110 2548 1166 2608 ei
1198 2547 1344 2607 dato
1371 2592 1386 2622 ,
1419 2548 1638 2624 postea
1667 2564 1771 2605 eas
1799 2545 1860 2604 in
1892 2564 2065 2605 mare
2095 2547 2228 2606 sine
2258 2566 2448 2609 causa

915 2641 1242 2720 projiciat,
1297 2638 1537 2698 nullum
1580 2637 1691 2698 tibi
1719 2637 1968 2699 videtur
2007 2637 2236 2699 inferre
2267 2639 2445 2699 dam-

915 2751 1088 2808 num,
1123 2749 1266 2792 cum
1296 2730 1502 2790 adhuc
1532 2748 1606 2789 ex
1635 2734 1817 2807 pacto
1837 2730 2111 2790 valorem
2141 2732 2447 2792 mercium

915 2831 980 2887 et
1003 2826 1248 2885 lucrum
1277 2822 1387 2883 tibi
1405 2822 1671 2882 reddere
1689 2821 1917 2883 debeat
1951 2841 1963 2881 :
1998 2826 2061 2882 et
2088 2826 2299 2883 tamen
2321 2843 2446 2884 non

914 2917 1056 2977 ideo
1086 2914 1389 2975 mercium
1420 2912 1769 2974 dominium
1816 2913 1880 2971 in
1929 2913 2136 2991 ipsum
2183 2919 2449 2977 transtu-

912 3009 1058 3069 listi.
1092 3011 1247 3069 Item
1273 3052 1288 3083 ,
1322 3007 1371 3067 si
1402 3012 1460 3066 te
1491 3005 1850 3066 conferente
1880 3007 2177 3083 pecunias
2202 3053 2217 3083 ,
2252 3012 2313 3070 et
2340 3011 2448 3069 Pe-

915 3105 1011 3163 tro
1040 3100 1236 3160 solam
1268 3117 1526 3177 operam
1566 3098 1629 3157 in
1675 3097 1971 3159 societate
1996 3144 2011 3174 ‚
2066 3099 2295 3160 Paulus
2332 3101 2445 3162 tibi

916 3197 1234 3254 assecuret
1261 3193 1526 3271 capitale
1557 3196 1620 3252 et
1645 3191 1889 3252 lucrum
1918 3210 2179 3270 parvum
2200 3240 2215 3269 ‚
2249 3198 2312 3254 et
2338 3213 2447 3272 po·

912 3291 1049 3349 stea
1090 3289 1272 3347 Petro
1315 3285 1502 3345 etiam
1551 3288 1866 3345 assecuret
1906 3284 2152 3344 lucrum
2190 3286 2445 3365 aliquod

913 3397 1179 3459 parvum
1209 3396 1337 3437 suae
1367 3395 1595 3455 operae,
1630 3394 1955 3437 excessum
1982 3377 2137 3437 lucri
2163 3377 2243 3438 ab
2273 3384 2446 3441 utro-

914 3489 1035 3551 que
1078 3487 1190 3549 pro
1241 3469 1439 3547 pretio
1486 3469 1967 3529 assecurationis
1997 3469 2251 3548 exigens
2274 3515 2290 3546 ,
2323 3469 2445 3533 hoc

913 3563 1114 3643 posito
1139 3608 1155 3639 ,
1188 3562 1239 3621 si
1267 3566 1485 3640 postea
1519 3560 1687 3620 idem
1734 3561 1962 3621 Paulus
2001 3561 2244 3622 furetur
2271 3563 2445 3641 capi-

914 3655 1037 3715 tale
1066 3653 1215 3714 illud
1245 3655 1426 3713 Petro
1445 3698 1460 3727 ‚
1495 3652 1826 3730 ipsumque
1855 3652 2161 3729 impediat
2186 3673 2228 3714 a
2254 3673 2442 3733 nego-

910 3746 1189 3822 tiatione,
1223 3745 1373 3805 nulli
1389 3745 1637 3804 videtur
1657 3744 1958 3804 damnum
1975 3745 2170 3804 ullum
2187 3747 2438 3824 inferre,

910 3857 1054 3899 cum
1083 3842 1146 3899 et
1174 3839 1355 3897 Petro
1387 3841 1450 3897 et
1482 3836 1591 3897 tibi
1641 3837 1849 3896 salvus
1896 3841 2150 3898 maneat
2177 3842 2240 3900 et
2265 3839 2444 3900 valor

909 3949 1115 4009 operae
1145 3933 1206 3990 et
1233 3928 1537 4006 capitalis»,
1571 3933 1635 3988 et
1662 3929 1817 3988 lucri
1839 3930 1993 3989 certi
2013 3930 2354 3992 moderati:
2380 3936 2443 3994 et

906 4029 1117 4084 tamen
1147 4040 1271 4082 non
1302 4021 1442 4081 ideo
1475 4020 1825 4080 dominium
1863 4021 2147 4098 capitalis
2175 4025 2443 4085 transla-

907 4120 1040 4176 tum
1069 4114 1185 4175 fuit
1210 4114 1274 4172 in
1304 4113 1563 4173 Paulum
1593 4113 1820 4172 virtute
1850 4115 2330 4175 assecurationis
2360 4117 2438 4177 ab

907 4207 1130 4267 eodem
1160 4206 1408 4283 utrique
1440 4204 1607 4264 socio
1637 4205 1839 4265 factae.
1876 4205 2105 4265 Omnes
2144 4225 2293 4285 ergo
2339 4227 2441 4268 re-

906 4299 1214 4380 spondere
1245 4298 1578 4370 debemus,
1635 4297 1876 4357 socium
1923 4297 2111 4357 etiam
2155 4303 2294 4376 post
2335 4301 2439 4360 illa

904 4396 1089 4471 pacta
1117 4409 1295 4469 posse
1325 4390 1593 4451 retinere
1625 4388 1972 4450 dominium
2003 4390 2288 4468 capitalis
2305 4437 2324 4466 ,
2377 4397 2440 4454 et

895 4485 1001 4564 jus
1029 4486 1151 4545 tale
1182 4483 1351 4562 quod
1382 4482 1577 4561 possit
1605 4481 1834 4559 injuria
1861 4482 2038 4560 gravi
2065 4484 2324 4559 violari,
2359 4485 2432 4561 si,

903 4594 977 4637 eo
1007 4575 1217 4637 adhuc
1247 4575 1440 4635 invito
1461 4622 1475 4650 ‚
1523 4574 1683 4634 alter
1708 4574 1913 4634 socius
1945 4578 2156 4636 utatur
2184 4577 2437 4654 capitali

903 4669 1081 4730 aliter
1110 4686 1299 4747 quam
1328 4667 1410 4727 ad
1452 4666 1903 4744 negotiandum
1945 4667 2196 4728 nomine
2242 4670 2437 4730 socie·

901 4762 1065 4824 tatis.
1118 4763 1333 4837 Neque
1390 4760 1557 4818 enim
1600 4758 1680 4818 ad
1728 4757 2021 4836 injuriam
2057 4779 2316 4838 gravem
2346 4766 2436 4823 at-

900 4854 1071 4915 tendi
1101 4853 1288 4913 debet
1317 4852 1615 4912 damnum
1644 4851 1838 4927 aliud,
1873 4852 2040 4929 quod
2072 4853 2326 4915 domino
2358 4874 2435 4915 ex

898 4947 1003 5008 illo
1038 4966 1148 5007 usu
1179 4949 1513 5023 sequatur3
1547 4943 1659 5003 sed
1689 4944 1836 5003 satis
1860 4949 1973 5019 cst,
1996 4946 2165 5023 quod
2197 4965 2263 5007 re
2292 4967 2427 5024 sua,

898 5040 1032 5117 ipso
1060 5038 1335 5117 graviter
1362 5036 1581 5112 invitO,
1617 5035 1778 5096 alius
1807 5038 2010 5096 socius
2034 5042 2433 5100 utatuream-

898 5150 1018 5210 que
1047 5131 1297 5192 alienet.
1334 5128 1514 5200 Quod
1537 5133 1825 5189 constare
1858 5133 2060 5205 potest
2080 5130 2201 5192 hoc
2222 5151 2434 5192 exem-

897 5224 997 5302 plo
1034 5243 1048 5284 :
1083 5223 1131 5282 si
1164 5223 1334 5282 enim
1365 5221 1623 5281 domum
1655 5225 1828 5281 tuam
1858 5221 2065 5281 locare
2114 5225 2274 5283 nolis
2317 5242 2433 5285 nec

893 5317 955 5378 in
978 5335 1052 5376 ea
1072 5315 1379 5390 habitare,
1397 5314 1507 5374 sed
1530 5313 1763 5374 habere
1786 5318 2135 5391 vacantem,
2164 5321 2226 5375 et
2247 5317 2425 5389 alim,

894 5413 953 5470 tc
983 5408 1200 5482 invito,
1236 5424 1374 5466 eam
1401 5425 1515 5485 per
1542 5424 1778 5466 annum
1806 5410 2089 5483 occupet,
2116 5413 2178 5469 et
2204 5408 2288 5468 ibi
2321 5408 2427 5468 ha·

890 5500 1068 5576 bitot,
1103 5499 1290 5560 infert
1317 5499 1533 5577 procul
1571 5498 1762 5559 dubio
1806 5497 1916 5558 tibi
1965 5497 2256 5577 injuriam
2286 5519 2427 5578 gra-

2050 347 2153 407 DE
2194 346 2546 409 JUSTITIA
2591 347 2693 407 ΕΤ
2733 344 2934 408 JURE

2552 539 2717 596 vem,
2751 539 2826 582 eo
2856 521 3057 581 solum
3087 521 3260 600 quod
3284 567 3300 597 ‚
3336 521 3533 581 invito
3567 519 3825 580 domino
3847 566 3863 595 ,
3895 520 4056 580 utitur

2551 632 2618 674 re
2648 614 2850 673 aliena
2880 632 3142 692 eamque
3173 618 3478 691 occupat,
3534 618 3599 673 et
3641 613 3870 689 accipit
3907 631 4057 671 usum

2551 706 2751 784 pretio
2798 706 3256 767 aestimabilem.
3305 705 3630 778 Similiter,
3683 706 3735 764 si
3775 723 3933 783 equo
3973 712 4059 764 tuo

2551 798 2639 857 uti
2671 798 2848 874 noliS,
2882 797 2991 857 sed
3021 797 3228 876 potius
3258 797 3317 856 in
3340 816 3513 857 mare
3542 797 3722 856 illum
3755 796 4058 875 projicere,

2550 889 2708 949 alius
2736 909 2908 963 ver0,
2941 894 3002 950 te
3031 890 3261 964 invito,
3313 890 3488 949 illum
3538 894 3809 966 usurpet
3838 889 3918 947 ad
3945 908 4064 949 suos

2554 1001 2720 1057 usus,
2753 981 2926 1042 laedit
2953 982 3141 1042 etiam
3171 981 3276 1060 jus
3315 988 3542 1043 tuum:
3578 989 3644 1041 et
3671 981 3866 1041 licet
3850 1000 3912 1039 m
3941 1000 4066 1040 neu-

2554 1078 2645 1135 tro
2677 1092 2825 1136 casu
2854 1073 3156 1133 damnum
3186 1074 3355 1133 aliud
3379 1074 3494 1135 tibi
3524 1079 3875 1152 sequatur:
3906 1074 4066 1133 ratio-

2552 1185 2629 1225 ne
2660 1170 2868 1227 tamen
2900 1166 3163 1227 dominii
3193 1166 3425 1244 'etjuris
3454 1166 3628 1244 quod
3658 1165 4066 1243 retines.pa1i

2551 1264 2726 1335 potes
2772 1258 3061 1337 injuriam
3093 1276 3388 1336 gravem,
3436 1257 3586 1336 quia
3633 1276 3790 1316 usus
3833 1257 3924 1316 rei
3968 1264 4065 1316 tuae

2551 1369 2738 1429 quem
2765 1351 2944 1427 aliuS,
2978 1355 3038 1411 te
3068 1350 3285 1424 invit0,
3319 1354 3601 1427 usurpat,
3625 1368 3828 1427 grave
3859 1350 4066 1429 aliquid

2550 1446 2662 1504 est.
2700 1443 2801 1503 Sic
2821 1460 2969 1520 ergo
3000 1447 3205 1521 potest
3232 1441 3439 1502 socius
3460 1442 3806 1501 alienando
3830 1444 4068 1520 capitale

2551 1538 2759 1611 tuum,
2791 1537 2851 1594 te
2882 1535 3075 1595 invito
3101 1580 3117 1610 ,
3152 1552 3412 1613 peccare
3442 1534 3728 1611 graviter
3756 1541 3974 1593 contra
3991 1534 4072 1612 jn-

2550 1627 2781 1688 stitiam
2806 1672 2821 1702 ,
2880 1644 3187 1704 usurpans
3217 1643 3400 1685 usum
3430 1626 3520 1685 rei
3552 1644 3681 1685 non
3714 1644 3850 1685 suae
3880 1634 4072 1685 contra

2549 1719 2931 1779 voluntatcm
2988 1718 3117 1777 veri
3189 1718 3451 1778 domini.
3514 1720 3754 1778 Fateor
3811 1719 4069 1797 quidem,

2548 1809 3047 1889 praecedentibus
3102 1810 3302 1889 pactis
3355 1811 3507 1885 illis,
3561 1811 3866 1888 praesumi
3913 1829 4073 1888 posse

2550 1902 2719 1982 quod
2747 1920 2890 1963 cum
2919 1921 3174 1963 securus
3211 1904 3346 1982 jam
3386 1904 3472 1963 sis
3500 1904 3582 1962 de
3613 1903 3837 1963 valore
3866 1904 4074 1981 capita·

2546 1995 2621 2055 lis
2651 1999 2713 2055 et
2739 1995 2894 2055 lucri
2923 1995 3237 2074 promissi,
3271 1996 3640 2075 frequenter
3660 2014 3792 2056 non
3816 1997 3936 2055 eris
3955 2016 4075 2071 gra·

2549 2088 2709 2147 viter
2738 2087 2987 2163 invituS,
3019 2087 3167 2148 licet
3192 2086 3398 2147 socius
3447 2087 3725 2165 capitale
3771 2088 3924 2147 illud
3967 2108 4072 2148 non

2541 2178 2675 2259 jam
2723 2180 2801 2240 ad
2850 2180 3341 2258 negotiationem
3399 2180 3830 2257 promissam,
3876 2181 3981 2240 sed
4009 2182 4071 2240 ad

2547 2272 2702 2332 alios
2729 2290 2877 2332 usus
2907 2272 3238 2350 expendat.
3274 2272 3371 2332 Ad
3399 2291 3536 2331 rem
3566 2276 3789 2332 mmen
3822 2282 4070 2333 nostram

2547 2364 2795 2440 sufficit,
2828 2364 2998 2442 quod
3029 2365 3081 2423 si
3108 2364 3331 2438 velleS,
3368 2365 3570 2442 possis
3599 2383 3745 2425 esse
3777 2366 4002 2426 invitus
4027 2374 4072 2426 et

2545 2456 2723 2517 titulo
2745 2455 3002 2536 justitiae
3032 2457 3368 2534 prohibere
3390 2457 3684 2535 graviter
3721 2457 3917 2518 talem
3945 2460 4070 2518 alie-

2548 2549 2865 2609 nationem
2898 2568 2911 2609 :
2945 2548 3082 2608 haec
3109 2550 3274 2608 enim
3319 2553 3600 2627 potestas
3630 2552 3966 2610 constituit
3988 2551 4070 2609 do-

2545 2642 2807 2701 minium
2831 2687 2847 2716 ,
2897 2646 2960 2701 et
2987 2639 3195 2718 arguit
3221 2644 3283 2701 te
3314 2659 3437 2701 non
3469 2642 3743 2701 cessisse
3792 2642 4067 2715 dominio,

2546 2733 2678 2809 sed,
2714 2751 2787 2793 eo
2816 2736 3058 2793 retento
3084 2778 3099 2808 ,
3145 2731 3345 2792 fecisti
3395 2736 3659 2810 pactum
3695 2734 3907 2793 solum
3935 2735 4069 2794 cirea

2545 2825 3096 2886 assecurationem.
3124 2826 3496 2885 Haecautem
3518 2825 3799 2886 intentio
3831 2832 3935 2886 tua
3955 2845 4068 2886 con·

2545 2922 2669 2978 stat
2694 2935 2769 2976 ex
2797 2933 2868 2976 eo
2901 2916 3070 2994 quod
3099 2914 3352 2977 voluisti
3398 2916 3683 2977 retinere
3737 2918 3849 2997 jus
3894 2918 3966 2977 ad
3997 2919 4068 2977 lu·

2546 3027 2721 3069 crum
2772 3008 3033 3083 licitum,
3099 3010 3162 3067 et
3216 3026 3331 3086 per
3383 3025 3799 3087 consequens
3853 3010 4065 3071 noluisti
4183 3024 4185 3043 ¹

2545 3101 2696 3160 dare
2723 3105 3040 3177 mutuum,
3069 3099 3177 3160 sed
3210 3101 3482 3160 retinere
3513 3104 3730 3161 totum
3755 3103 3862 3181 jus
3891 3104 4066 3181 requi-

2545 3195 2731 3255 situm
2758 3193 2836 3254 ad
2868 3197 3260 3254 contractum
3289 3194 3613 3254 societatis
3635 3242 3652 3270 ‚
3693 3197 3778 3255 ad
3808 3198 3965 3275 quod
3990 3216 4066 3256 re-

2545 3287 2811 3366 quiritur
2838 3285 3008 3365 quod
3036 3285 3138 3346 ille
3167 3285 3480 3364 obligatus
3511 3293 3784 3350 maneat
3800 3290 3991 3349 adhuc
4006 3308 4066 3349 ex

2544 3380 2606 3437 vi
2635 3380 2992 3439 contractus
3022 3376 3103 3436 ad
3129 3377 3591 3455 negotiandum
3642 3381 3902 3441 nomine
3929 3390 4022 3441 tuo
4049 3400 4061 3437 ε

2543 3471 2687 3533 licet
2713 3475 2780 3531 tu
2810 3488 2924 3548 per
2950 3469 3243 3530 accidens
3289 3470 3494 3548 possis
3537 3477 3776 3549 postea
3805 3493 3919 3533 non
3949 3492 4061 3531 esse

2541 3563 2816 3642 graviter
2841 3562 3073 3623 invitus
3102 3561 3164 3621 in
3202 3580 3275 3622 eo
3300 3609 3316 3637 ,
3370 3562 3547 3641 quod
3578 3562 3661 3623 de
3687 3564 3855 3626 factu
3883 3564 4064 3626 socius

2542 3674 2664 3715 non
2687 3655 3027 3716 satisfaciat
3054 3672 3182 3714 suae
3207 3654 3605 3732 obligationi,
3623 3662 3692 3717 et
3712 3657 3855 3718 ideo
3883 3658 4062 3718 socias

2540 3747 2736 3827 possit
2761 3746 3045 3808 excusari
3074 3765 3111 3806 a
3140 3749 3394 3824 peccato
3428 3748 3686 3808 mortali
3719 3795 3735 3825 ,
3773 3757 3838 3812 et
3862 3751 4063 3830 injuria
4179 3743 4180 3838 {

2539 3840 2712 3919 gravi
2736 3845 2954 3899 contra
2975 3838 3308 3917 justitiam.

2620 3931 2846 4010 ObJ'icit
2875 3931 3102 3991 deinde
3132 3931 3425 3992 Rebellus
3452 3932 3565 3992 ubi
3598 3952 3818 4013 supra,
3860 3937 3998 4015 quia
4020 3933 4062 3991 si

2539 4024 2674 4084 haec
2701 4028 2884 4103 pacta
2931 4023 3096 4084 licite
3142 4029 3575 4103 apponuntur,
3629 4029 3916 4105 aperitur
3953 4027 4062 4086 cla·

2537 4135 2675 4176 rum
2708 4121 2768 4178 et
2794 4116 2973 4175 facile
3003 4116 3230 4177 ostium
3260 4115 3340 4175 ad
3371 4135 3630 4177 omnem
3663 4138 3920 4179 usuram
3949 4119 4067 4197 pal-
4177 4137 4178 4164 ¹

2534 4209 2837 4269 liandum.
2873 4208 3125 4281 Quoties
3156 4209 3322 4267 enim
3370 4211 3532 4287 petis
3563 4216 3863 4272 mutuum
3887 4231 3928 4272 a
3954 4230 4060 4284 me,

2537 4301 2765 4377 dicam,
2801 4302 2955 4362 Nolo
2986 4307 3298 4378 mutuare,
3334 4302 3447 4362 sed
3479 4303 3647 4364 dabo
3680 4303 4064 4365 tibimillead

2535 4395 2923 4470 societatem,
2985 4392 3198 4454 addito
3253 4399 3439 4473 pacto
3490 4396 3573 4456 de
3615 4398 4065 4457 assecuratione

2537 4486 2719 4547 sortis
2748 4492 2810 4546 et
2835 4485 2991 4545 lucri
3023 4486 3367 4563 moderati,

2536 4583 2694 4638 tuas,
2732 4577 3187 4656 Respondetur,
3243 4577 3365 4638 hoc
3412 4579 3588 4638 idem
3635 4588 4062 4658 argumentum

2534 4669 2670 4729 fieri
2692 4688 2870 4747 posse
2901 4675 3118 4731 contra
3143 4688 3400 4730 censum
3440 4671 3875 4734 redimibilem
3906 4673 3964 4733 in
3991 4673 4062 4732 fa-

2533 4780 2750 4823 vorem
2779 4763 3078 4841 emptoris
3103 4809 3118 4840 ,
3153 4763 3252 4822 vel
3298 4763 3363 4822 in
3390 4763 3685 4825 favorem
3728 4768 4058 4845 utriusque,

2534 4855 2596 4914 in
2626 4873 2750 4934 quo
2780 4859 3025 4932 emptor
3069 4858 3314 4933 potest,
3359 4857 3612 4934 quoties
3639 4859 3918 4919 voluerit
3952 4877 4061 4919 sor—

2532 4951 2658 5009 tem
2712 4965 3109 5025 recuperare‚
3162 4952 3407 5008 retento
3465 4948 3643 5010 lucro
3703 4953 4058 5028 pensionum

2529 5039 2828 5118 temporis
2857 5038 3210 5100 intermedii
3245 5061 3259 5099 :
3294 5041 3465 5120 quod
3498 5046 3712 5102 tamen
3734 5049 3986 5122 pactum
4007 5044 4056 5102 in

2529 5133 2808 5192 favorem
2838 5132 3134 5210 emptoris
3165 5132 3403 5192 licitum
3436 5152 3576 5193 esse
3606 5153 3683 5194 ex
3718 5135 3868 5214 jure
3899 5143 4058 5196 natu-

2528 5244 2638 5300 rae,
2668 5224 2717 5284 si
2747 5243 2897 5284 vera
2926 5224 3203 5285 venditio
3233 5224 3657 5302 interveniat,
3720 5235 3788 5289 et
3833 5229 4052 5290 seclusa

2527 5316 2701 5377 hulla
2727 5317 2817 5376 Pii
2849 5319 2921 5377 V.
2957 5316 3035 5376 de
3077 5317 3409 5394 censibus»,
3469 5318 3706 5379 fatetur
3753 5339 3902 5381 cum
3935 5322 4050 5380 aliis

2527 5408 2660 5487 ipse
2688 5408 2795 5468 lib.
2830 5425 2889 5468 x.
2925 5406 2995 5468 de
3021 5408 3308 5485 censzbus,
3344 5428 3406 5488 q.
3445 5411 3562 5473 ult.
3604 5430 3666 5472 n.
3687 5415 3750 5472 6.
3771 5417 3920 5476 et9.
3934 5432 4050 5494 pos·

2525 5501 2799 5561 setenim
2816 5500 3039 5562 etiam'
3025 5520 3075 5561 is
3096 5518 3131 5559 a
3154 5519 3277 5579 quo
3305 5507 3605 5562 mutuum
3627 5505 3884 5583 petitur,
3907 5506 4046 5566 nolle

3400 4486 3611 4549 donec
3640 4497 3880 4549 sortem
3911 4487 4064 4549 mli·
4175 4497 4176 4504 ’

4166 5693 4168 5838 l
