4263 6376
530 2821 639 2882 181

447 2945 568 2999 Qum,
587 2946 623 2989 si
647 2959 743 2989 ma-

463 3006 529 3042 ter
546 3005 724 3042 munt

465 3051 515 3095 ad
532 3054 731 3096 tecuam
1111 3079 1123 3091 .
1357 3078 1369 3090 .
1643 3078 1652 3086 .

612 3107 622 3117 ·
675 3139 687 3150 ,
790 3082 902 3143 das
946 3084 1220 3159 nuptias,
1253 3083 1525 3139 retinere
1551 3077 1808 3157 quidem
1855 3076 2315 3137 usumfructum

534 4494 649 4554 182

553 4674 714 4716 ionibus

480 4729 675 4801 θοιιικοιίιι

433 4792 686 4876 mm

434 4886 596 4929 buafflii
608 4887 729 4931 boni·

513 4632 539 4662 11

458 4680 550 4729 ραι-ι

796 222 905 282 112

791 417 867 461 ex
895 397 1059 460 dicto
1096 397 1455 459 authentico
1476 395 1544 458 de
1570 394 1891 458 luet-edibus
1919 395 1991 456 ab
2019 396 2312 473 intestato,

788 493 845 572 §-
879 509 922 554 1.
978 495 1040 552 et
1067 510 1140 552 ex
1172 490 1308 551 aliis
1329 490 1599 569 juribuS,
1660 509 1800 570 qua}
1856 492 2037 550 affert
2087 489 2319 551 Molina

791 585 938 647 dict.
973 584 1134 663 disp.
1168 600 1374 644 ctxm.
1407 583 1463 660 §.
1523 583 1744 657 Quarto
1766 582 2025 658 observa,
2060 588 2124 643 et
2171 602 2316 663 pro-

788 678 943 740 bant
969 677 1154 738 etiam
1183 678 1373 754 Vasq.
1409 675 1575 736 dicto
1618 693 1755 754 cap.
1788 675 1969 753 1v.§.
2006 692 2076 736 11.
2114 695 2175 735 n.
2212 678 2312 736 46.

789 773 886 832 An
916 788 1062 830 vero
1084 768 1133 829 si
1179 768 1343 828 filius
1372 772 1636 828 testetur
1660 766 1737 827 de
1767 773 1943 846 parte
1980 768 2313 843 bonorum,

790 862 867 923 de
897 881 1019 942 qua
1049 866 1253 941 potest
1282 860 1641 939 disponere,
1676 861 1895 921 relicta
1949 860 2317 939 parentibus

790 955 1073 1034 portione
1104 953 1337 1029 debita,
1372 958 1549 1032 pater
1567 953 1763 1031 possit
1791 953 2059 1013 retinere
2089 957 2319 1031 praeter

788 1066 965 1108 suam
994 1046 1365 1125 portionem,
1427 1045 1884 1105 usumfructum
1910 1045 2098 1105 etiam
2129 1062 2317 1123 quem

779 1140 911 1221 jam
944 1139 1216 1200 habebat
1243 1139 1306 1197 in
1336 1137 1473 1198 aliis
1503 1137 1648 1197 boni
1681 1137 2025 1216 filii?aliqui
2058 1141 2312 1215 negant;

790 1231 959 1312 quod
1010 1230 1327 1310 loquendo
1377 1230 1456 1290 de
1506 1229 1649 1308 jure
1705 1231 1979 1308 Hispano
2036 1229 2320 1308 sequitur

795 1328 1079 1404 vasquez
1111 1324 1277 1385 dicto
1305 1324 1362 1402 ἓ.
1398 1340 1465 1383 11.
1501 1323 1651 1383 dub.
1676 1327 1736 1383 7.
1770 1322 1999 1383 Molina
2030 1340 2180 1382 vero
2211 1319 2318 1381 ubi

788 1437 1003 1498 supra,
1053 1417 1110 1496 §-
1175 1415 1466 1476 Antonius
1512 1413 1740 1491 Gomez,
1797 1416 2113 1475 affirmant
2178 1430 2320 1473 cum

784 1510 1005 1586 Baldo,
1055 1513 1119 1570 et
1174 1508 1329 1583 aliis,
1364 1507 1534 1587 quod
1577 1507 1785 1567 verius
1835 1506 2103 1581 videtur,
2173 1504 2320 1584 quia

789 1619 1111 1681 nunquam
1138 1600 1259 1661 hoc
1280 1604 1575 1678 negatum
1597 1599 1755 1677 patri
1786 1599 2120 1659 invenitur.
2139 1596 2319 1659 Unde

790 1714 906 1775 ego
935 1713 1154 1754 rursus
1184 1693 1408 1769 infero,
1453 1692 1517 1752 in
1549 1691 1972 1771 computanda
2027 1690 2317 1770 portione

787 1787 1064 1867 legitima
1091 1786 1255 1866 patri
1284 1785 1514 1861 debita,
1550 1784 2007 1846 extrahendum
2051 1803 2185 1844 esse
2215 1801 2320 1843 va·

788 1881 983 1941 lorem
1014 1878 1424 1954 ususfructuS,
1477 1877 1580 1956 qui
1625 1877 1879 1938 aliunde
1938 1875 2018 1937 ad
2074 1881 2319 1955 patrem

788 1972 1162 2053 pertinebat,
1196 1990 1257 2032 v.
1290 1990 1334 2049 g
1361 1971 1408 2030 si
1441 1970 1603 2048 patri
1635 1988 1748 2048 pro
1798 1969 1979 2030 tertia
2007 1968 2317 2029 bonorum

787 2065 875 2125 illi
906 2063 1119 2124 debita
1163 2063 1513 2141 assignetur
1551 2060 1802 2138 funduS,
1837 2080 1957 2122 non
1990 2078 2124 2120 esse
2156 2059 2322 2121 aesti-

787 2157 1090 2217 mandum
1120 2155 1398 2215 valorem
1428 2158 1628 2215 totum
1660 2153 1825 2214 illius
1855 2153 2053 2229 fundi,
2089 2152 2200 2212 sed
2225 2152 2316 2212 vi-

789 2248 1088 2323 dendum,
1123 2247 1341 2326 quanti
1370 2245 1710 2306 {estimetur
1726 2244 2004 2305 detracto
2034 2243 2317 2304 usufruc-

788 2346 879 2418 tu,
913 2340 1020 2420 qui
1042 2339 1125 2400 ad
1143 2343 1387 2418 patrem
1417 2338 1479 2397 in
1506 2337 1640 2417 ejus
1670 2337 1799 2397 vita
1827 2338 2118 2416 pertinet,
2150 2341 2212 2397 et
2238 2354 2318 2396 an

790 2435 879 2495 sic
904 2433 1196 2512 adaequet
1218 2431 1497 2492 valorem
1528 2430 1727 2490 tertiae
1757 2429 1951 2508 partis
1967 2428 2315 2501 bonorum;

790 2527 937 2607 quia
964 2525 1139 2586 valor
1166 2524 1328 2585 illius
1361 2523 1748 2584 ususfructus
1776 2541 1901 2583 non
1945 2521 2129 2582 datur
2156 2521 2320 2600 patri

789 2638 866 2680 ex
917 2616 1096 2679 bonis
1123 2616 1257 2693 filii,
1310 2634 1454 2676 cum
1502 2616 1640 2694 jam
1694 2613 1947 2674 aliunde
1987 2614 2164 2673 illum
2211 2613 2318 2674 ba-

787 2712 984 2773 beret.

870 2802 1227 2865 Notandum
1285 2805 1530 2882 quarto,
1582 2800 1631 2861 si
1674 2803 1877 2860 mater
1908 2798 2099 2878 (quod
2148 2798 2318 2860 idem

790 2902 884 2958 est
911 2914 1053 2957 cum
1081 2894 1485 2974 proportione
1513 2892 1724 2953 debita
1755 2891 1833 2951 de
1876 2890 2074 2969 patre)
2108 2908 2318 2951 succe-

790 2990 901 3050 dat
923 2989 1050 3050 filio
1079 2991 1143 3048 et
1169 2993 1334 3062 ante,
1360 2986 1458 3046 vel
1477 2992 1692 3065 postea
1720 2983 1967 3046 transiit
1995 2983 2075 3043 ad
2098 3002 2317 3044 secun-

786 3175 850 3236 in
891 3174 965 3236 iis
992 3173 1194 3249 bonis,
1229 3172 1459 3234 debere
1481 3176 1691 3233 tamen
1721 3190 1817 3247 ea,
1854 3187 1993 3250 quae
2023 3187 2096 3229 ex
2126 3169 2310 3231 bonis

783 3269 999 3349 patris,
1033 3266 1132 3327 vel
1158 3266 1257 3326 avi
1289 3264 1531 3344 paterni
1561 3264 1688 3325 filio
1720 3263 2016 3323 defuncto
2038 3263 2311 3323 obvene-

781 3367 944 3438 rant,
981 3379 1090 3440 per
1107 3359 1380 3437 aequales
1422 3357 1762 3436 portioneS,
1797 3356 2025 3432 redire,
2060 3359 2314 3415 mortua

782 3459 1006 3529 matre,
1038 3452 1119 3512 ad
1151 3452 1396 3526 fratreS,
1423 3450 1471 3510 si
1505 3450 1610 3529 qui
1651 3453 1866 3510 extant
1894 3455 2175 3527 tempore
2206 3447 2309 3507 illo

784 3546 946 3606 illius
990 3544 1100 3604 filii
1132 3542 1407 3603 defuncti
1431 3561 1506 3602 ex
1535 3541 1725 3620 priori
1773 3540 2199 3616 matrimonio,
2251 3542 2314 3600 et

780 3637 862 3699 ad
890 3638 1050 3698 filios
1073 3636 1282 3697 fratris
1313 3634 1575 3713 alicujus
1585 3634 1721 3713 jam
1751 3632 2052 3709 defuncti,
2090 3633 2195 3711 qui
2236 3651 2312 3692 ex

777 3731 970 3809 stirpe
996 3728 1333 3791 succedent
1361 3727 1545 3787 simul
1581 3744 1725 3788 cum
1769 3725 2068 3787 fratribus
2092 3727 2312 3785 viven-

776 3824 965 3885 tibus,
1000 3822 1061 3884 Si
1092 3825 1304 3882 autem
1331 3819 1581 3898 quando
1611 3818 1880 3879 moritur
1912 3823 2136 3893 mater,
2173 3817 2310 3877 nul-

778 3917 874 3977 lus
893 3916 1083 3976 frater
1110 3933 1184 3974 ex
1213 3912 1406 3992 priori
1438 3910 1837 3972 matrimonio
1860 3915 2175 3988 superstes
2205 3909 2304 3986 sit,

778 4014 979 4070 mater
1009 4006 1238 4085 poterit
1265 4005 1342 4065 de
1387 4003 1770 4083 proprietate
1800 4003 1994 4064 etiam
2022 4001 2308 4081 dispone-

776 4121 866 4178 re,
901 4119 1016 4161 nec
1042 4105 1193 4161 tunc
1220 4097 1331 4157 filii
1363 4097 1571 4157 fratris
1600 4096 1880 4156 defuncti
1937 4094 2303 4170 succedunt,

779 4193 949 4274 quod
982 4195 1229 4253 constat
1267 4208 1343 4249 ex
1369 4189 1415 4249 1.
1449 4188 1703 4265 Semine,
1735 4189 1791 4267 ἓ.
1852 4188 2104 4263 Ultimo,
2164 4205 2308 4248 cum

775 4284 1167 4348 Authenticis
1197 4282 1280 4343 ibi
1308 4281 1643 4360 adjunctis,
1678 4282 1743 4343 C.
1778 4281 1847 4341 de
1878 4278 2138 4340 secundis
2162 4298 2308 4360 nup-

778 4379 896 4441 tiis.

857 4471 966 4532 His
992 4467 1348 4549 suppositiS‚
1382 4466 1705 4528 dubitatur
1734 4466 1961 4545 prim0,
1994 4484 2076 4526 an
2107 4483 2306 4544 quan-

778 4565 859 4625 do
891 4569 1152 4642 uterque
1182 4579 1409 4639 parens
1429 4560 1708 4620 succedit
1735 4560 1859 4619 mio
1890 4559 1968 4618 ab
1988 4558 2302 4620 intestato.

776 4657 875 4719 vel
904 4674 1058 4715 avus
1084 4659 1401 4734 paternuS‚
1453 4658 1517 4714 et
1555 4657 1873 4713 maternus
1920 4651 2152 4728 nepoti,
2204 4650 2307 4710 de·

775 4751 968 4813 beant
994 4748 1187 4808 dividi
1217 4747 1381 4808 bona
1409 4745 1707 4821 defuncti,
1761 4744 1848 4805 ita
1880 4750 1945 4806 ut
1973 4744 2140 4804 bona
2167 4760 2306 4822 quae

777 4843 1107 4904 defunctus
1163 4838 1470 4899 habuerat
1511 4856 1548 4896 a
1596 4841 1794 4914 patre,
1851 4836 1951 4896 vel
1993 4854 2067 4895 ex
2113 4835 2308 4914 patris

776 4952 988 5010 causa,
1035 4932 1292 4994 veniant
1318 4929 1398 4990 ad
1427 4934 1693 5009 patrem,
1743 4929 1842 4989 vel
1870 4928 1951 4988 ad
1980 4947 2166 4989 avum
2197 4946 2309 5007 pa-

773 5034 1045 5103 ternum,
1096 5029 1159 5086 et
1184 5025 1350 5086 bona
1377 5041 1519 5102 quae
1548 5022 1856 5083 habuerat
1882 5040 1919 5081 a
1948 5026 2173 5097 matre,
2208 5021 2308 5081 vel

774 5121 911 5202 ejus
939 5136 1149 5195 causa,
1207 5117 1465 5177 veniant
1505 5114 1586 5176 ad
1613 5115 1814 5193 ipsam
1867 5114 1965 5175 vel
2008 5114 2088 5174 ad
2115 5130 2307 5173 avum

773 5211 1170 5275 maternum?
1199 5208 1865 5283 AffirmantBartoluS,
1920 5211 1983 5269 et
2010 5207 2112 5267 alii
2151 5224 2310 5286 quos

773 5307 1054 5367 referunt
1078 5306 1364 5382 vasquez
1395 5301 1561 5362 dicto
1589 5300 1626 5379 ἕ
1679 5302 1759 5363 11.
1794 5299 1945 5360 dub.
1978 5316 2022 5360 1.
2058 5318 2165 5360 nu.
2199 5302 2299 5361 20.

774 5402 837 5460 et
862 5396 1092 5461 Molina
1121 5395 1226 5457 ubi
1272 5412 1484 5473 supra,
1531 5393 1588 5472 ἓ.
1625 5391 1877 5455 Observa
1904 5389 2125 5454 deinde.
2184 5389 2304 5453 Alii

1943 218 2042 277 DE
2085 217 2439 279 JUSTlTlA
2483 218 2584 278 ΕΤ
2625 219 2825 280 JURE

2417 402 2626 459 tamen
2658 397 2867 475 plures
2914 417 3070 478 quos
3117 397 3307 459 iidem
3354 397 3643 460 doctores
3674 395 3952 457 referunt

2418 495 2480 551 et
2498 495 2864 569 sequuntur,
2898 491 3104 552 verius
3128 496 3377 569 negant,
3413 491 3562 569 quia
3589 490 3688 550 lex
3709 489 3949 568 absque

2417 582 2543 642 ulla
2567 583 2962 644 distinctione
2991 583 3267 662 loquitur
3295 584 3372 643 de
3404 583 3713 643 universis
3742 582 3943 654 bonis„

2418 680 2605 753 atque
2659 675 2815 736 adeo
2859 675 3090 751 omnia,
3152 675 3588 754 undvcumque
3643 693 3950 754 provene-

2416 768 2561 839 rint,
2595 786 2670 827 ex
2696 787 2875 846 aequo
2894 767 3235 828 dividenda
3254 774 3398 828 sunt
3423 767 3585 828 inter
3605 766 3950 827 ascenden-

2415 863 2509 920 tes
2537 865 2829 938 paternos
2860 864 2923 921 et
2949 864 3287 921 maternos.

2496 951 2826 1012 Dubitatur
2853 952 3126 1013 secundo
3148 999 3163 1028 ,
3212 953 3261 1013 si
3289 953 3451 1013 filius
3481 952 3714 1012 habeat
3743 969 3952 1011 usum-

2417 1045 2687 1106 fructum
2718 1045 2779 1104 in
2806 1044 2987 1105 bonis
3017 1044 3220 1124 patrui
3247 1045 3541 1119 defuncti,
3577 1063 3637 1104 v,
3673 1063 3769 1123 gr.
3804 1062 3946 1104 cum
3995 1079 4074 1119 Am

2417 1138 2731 1212 facultate,
2791 1137 2950 1198 utin
2995 1142 3197 1198 morte
3238 1140 3446 1215 posset
3499 1136 3830 1215 disponere
3867 1135 3948 1195 de
3995 1131 4074 1172 Μ

2417 1229 2585 1289 mille
2616 1229 2819 1289 aureis
2848 1248 2922 1298 ex
2950 1228 3230 1308 ejusdem
3254 1229 3435 1290 bonis
3461 1247 3572 1308 pro
3602 1247 3718 1288 suo
3745 1228 3945 1302 libito,

2418 1325 2481 1382 et
2505 1321 2669 1381 filius
2698 1325 2916 1400 postea
2942 1321 3247 1382 moriatur
3274 1322 3352 1381 ab
3384 1322 3696 1393 intestam,
3732 1340 3813 1380 an
3841 1339 3950 1400 pa·

2416 1419 2624 1475 rentes
2653 1414 2752 1474 vel
2780 1414 2907 1489 alii,
2942 1414 3046 1493 qui
3078 1414 3132 1474 ei
3165 1413 3510 1475 succedunt
3528 1413 3607 1473 ab
3629 1414 3943 1488 intestato,
3995 1408 4077 1491 ᾗ·

2417 1507 2760 1567 succedant
2785 1507 2848 1566 in
2896 1506 3016 1567 illis
3044 1505 3213 1566 mille
3263 1507 3509 1567 aureis?
3563 1507 3742 1567 Ratio
3772 1506 3952 1566 dubi-

2416 1599 2589 1660 tandi
2619 1604 2733 1675 est,
2769 1599 2917 1678 quia
2944 1599 3107 1659 filius
3136 1617 3259 1658 non
3290 1598 3596 1677 disposuit
3624 1599 3703 1658 de
3734 1599 3824 1659 eis
3843 1599 3952 1660 bo-

2419 1692 2535 1767 nis,
2570 1696 2633 1753 et
2666 1691 2806 1752 ideo
2838 1691 3087 1751 videtur
3112 1691 3413 1751 defecisse
3439 1692 3738 1753 conditio.
3771 1692 3952 1754 Multi

2416 1789 2650 1859 tamen,
2685 1802 2842 1862 quos
2869 1784 3070 1859 affert,
3121 1787 3185 1845 et
3210 1783 3493 1863 sequitur
3522 1785 3808 1845 Sanchez
3837 1784 3946 1846 lib.

2417 1879 2520 1939 lv,
2558 1875 2778 1938 Consil.
2813 1895 2950 1954 cap.
2987 1892 3031 1936 1.
3065 1876 3255 1937 dubio
3284 1879 3382 1937 33.
3435 1876 3655 1937 dicunt
3683 1877 3951 1937 transire

2419 1969 2587 2030 illam
2618 1986 2931 2028 summam
2959 1969 3039 2028 ad
3067 1968 3382 2029 haeredem
3412 1968 3491 2028 ab
3515 1969 3831 2030 intestato.
3861 1970 3953 2030 lta

2418 2061 2665 2123 Curtius
2685 2060 2920 2140 junior,
2954 2079 3141 2140 quem
3170 2060 3360 2122 refert
3387 2068 3450 2121 et
3478 2062 3761 2140 sequitur
3787 2063 3956 2122 Mar-

2417 2172 2529 2215 cus
2557 2154 2864 2215 Antonius
2885 2156 3068 2215 Natta
3093 2153 3311 2215 Consil.
3346 2169 3546 2214 ccxw.
3584 2172 3645 2215 n.
3683 2157 3778 2216 10.
3816 2155 3953 2215 Bal·

2418 2246 2535 2307 dus
2589 2245 2892 2322 novelluS‚
2949 2246 3250 2323 Mantica‚
3309 2250 3370 2307 et
3425 2246 3649 2308 Caldas
3709 2248 3956 2310 Pereira

2418 2340 2587 2419 apud
2619 2339 2910 2399 eumdem
2943 2339 3248 2400 Sanchez.
3283 2340 3516 2416 Primo,
3550 2340 3701 2420 quia
3721 2359 3792 2400 eo
3817 2341 3954 2420 ipso

2420 2431 2590 2511 quod
2619 2431 2949 2492 defunctus
2997 2450 3120 2492 non
3170 2431 3495 2509 disposuit,
3546 2437 3839 2494 censetur
3864 2438 3953 2494 ta-

2419 2523 2538 2585 cite
2568 2523 2891 2602 reliquisse
2923 2523 3159 2584 haeredi
3205 2523 3282 2583 ab
3312 2523 3627 2601 intestam,
3673 2526 3715 2586 l.
3753 2524 3804 2587 C
3802 2525 3954 2606 onfi·

2416 2617 2671 2693 ciuntur,
2721 2617 2783 2676 in
2815 2616 3076 2696 princip.
3130 2618 3193 2680 ff.
3225 2614 3295 2677 de
3320 2616 3467 2697 jure
3506 2617 3779 2680 codicilli.
3839 2621 3954 2680 Se-

2417 2708 2647 2786 cundo,
2698 2709 2845 2788 quia
2886 2709 3053 2769 idem
3083 2713 3176 2769 est
3213 2709 3568 2789 relinquere
3598 2711 3782 2771 alicui
3814 2729 3952 2771 rem

2417 2821 2619 2879 suam,
2654 2808 2717 2864 et
2743 2802 2913 2862 illam
2942 2820 3065 2863 non
3089 2803 3356 2878 auferre,
3387 2804 3426 2863 l.
3455 2819 3496 2863 1.
3531 2802 3798 2864 Secundo
3824 2805 3954 2885 qui-

2418 2894 2540 2971 bus,
2574 2896 2637 2956 ff.
2670 2892 2738 2954 de
2766 2893 2971 2974 leqatis
2999 2897 3056 2955 3.
3106 2895 3262 2955 Item
3291 2895 3497 2972 terti0,
3551 2897 3699 2975 quia
3728 2897 3777 2957 si
3809 2899 3953 2978 quis

2418 2989 2630 3050 dotem
2659 2987 2906 3047 feiuinae
2935 2987 3109 3048 dedit
3138 3005 3210 3048 co
3241 2993 3446 3066 pacto,
3497 2996 3568 3049 ut
3611 2994 3753 3068 post
3779 3009 3952 3051 mor-

2417 3085 2544 3142 tem
2575 3080 2767 3159 ipsius
2814 3080 3144 3140 dimidium
3191 3080 3273 3140 ad
3318 3081 3659 3142 donantem
3688 3084 3948 3160 rediret,

2417 3178 2480 3235 et
2508 3173 2585 3234 de
2616 3173 2734 3233 alio
2767 3172 3026 3234 dimidio
3057 3178 3267 3251 posset
3296 3173 3430 3253 ipsa
3459 3173 3813 3253 disponere,
3851 3177 3949 3238 di-

2415 3266 2678 3326 midium
2708 3266 2859 3326 illud
2908 3271 3235 3345 reputatur
3288 3265 3450 3327 inter
3477 3268 3644 3328 bona
3700 3270 3950 3332 feminae

2414 3363 2697 3437 tempore
2727 3359 2968 3419 mortiS.
3023 3360 3280 3433 Quarto,
3315 3360 3463 3438 quia
3490 3360 3694 3421 haeres
3724 3382 3948 3424 succe-

2414 3451 2506 3513 dit
2535 3452 2596 3510 in
2627 3451 2986 3511 universum
3028 3450 3134 3529 jus
3183 3450 3482 3526 defuncti,
3533 3453 3574 3514 l.
3608 3454 3946 3535 Hoeredem,

2414 3544 2544 3605 etl.
2581 3542 2933 3618 Hoereditas,
2984 3545 3048 3604 ff.
3101 3543 3170 3603 de
3197 3543 3413 3623 requlis
3443 3545 3659 3625 juris;
3704 3567 3856 3627 ergo
3889 3553 3952 3610 et

2412 3636 2472 3697 in
2505 3640 2878 3715 potestatem
2900 3655 3088 3715 quam
3110 3636 3438 3699 defunctus
3468 3638 3765 3717 habebat,
3800 3660 3949 3703 cum

2411 3728 2663 3789 nomine
2691 3728 3001 3790 bonorum
3033 3729 3457 3808 intelligantur
3485 3732 3675 3792 etiam
3696 3734 3866 3813 jura,
3901 3736 3944 3796 l.

2410 3820 2731 3895 Bonorum,
2748 3821 2811 3880 ff.
2830 3820 3210 3881 deverborum
3225 3822 3668 3903 stynificatione.
3690 3827 3944 3905 Quinto,

2410 3913 2554 3992 quia
2581 3913 2687 3992 qui
2719 3912 2991 3975 habebat
3019 3914 3481 3993 emphyteusim
3510 3936 3623 3995 pro
3655 3938 3770 3980 sua
3792 3921 3943 3999 vita,

2412 4011 2474 4067 et
2500 4005 2623 4066 alia
2652 4024 2690 4065 a
2717 4024 2783 4066 se
2833 4005 3241 4083 nominanda,
3293 4007 3345 4067 si
3378 4009 3692 4070 neminem
3743 4015 3949 4073 nomi-

2410 4099 2601 4174 navit,
2636 4101 2927 4158 censetur
2955 4097 3274 4159 haeredem
3305 4101 3682 4179 nominasse,
3734 4111 3803 4165 ut
3831 4106 3948 4165 do-

2409 4194 2551 4251 cent
2579 4189 2952 4266 Alexander,
3007 4191 3298 4268 PinelluS,
3349 4197 3410 4254 et
3438 4195 3681 4273 Burgos
3710 4196 3789 4257 de
3819 4201 3945 4261 Paz

2407 4282 2577 4362 apud
2633 4282 2925 4343 eumdem
2956 4284 3258 4345 Sanchez.
3321 4287 3524 4357 Quare
3581 4287 3702 4350 hoc
3750 4291 3942 4352 etiam

2406 4375 2559 4436 mihi
2590 4394 2808 4435 verum
2838 4376 3106 4453 videtur,
3159 4383 3222 4439 et
3269 4379 3518 4456 probari
3570 4400 3789 4443 rursus
3833 4403 3943 4462 po—

2407 4471 2547 4543 test,
2581 4467 2728 4547 quia
2757 4467 2862 4527 illa
2889 4487 3033 4547 pars
3064 4469 3141 4529 de
3172 4489 3297 4548 qua
3326 4477 3569 4549 poterat
3599 4473 3792 4536 libere
3814 4477 3944 4537 dis-

2407 4578 2639 4638 ponere
2664 4606 2679 4637 ,
2741 4578 2864 4620 non
2922 4567 3212 4623 censetur
3268 4563 3415 4625 data
3468 4566 3672 4625 solum
3730 4570 3940 4647 quoad

2409 4652 2886 4728 usumfructum,
2947 4654 3056 4714 sed
3104 4655 3292 4716 etiam
3341 4658 3547 4735 quoad
3591 4662 3944 4739 proprieta-

2406 4749 2555 4821 tem,
2610 4762 2752 4805 cum
2783 4746 3020 4806 nullum
3043 4747 3148 4825 jus
3195 4749 3359 4808 circa
3389 4752 3834 4827 proprietatem
3867 4755 3943 4815 il·-

2406 4838 2524 4898 lius
2554 4838 2748 4916 partis
2792 4840 3210 4901 reservaverit
3237 4839 3502 4902 donator
3543 4843 3681 4904 aliis
3735 4866 3750 4906 :
3813 4865 3939 4908 non

2407 4935 2850 5009 potestantem
2897 4931 3160 5012 intelligi
3207 4952 3342 4994 esse
3385 4935 3587 4995 solum
3619 4941 3942 5000 usumfru-

2406 5029 2575 5085 ctum
2605 5023 2962 5085 distinctum
2995 5045 3031 5085 a
3059 5026 3460 5106 proprietate,
3494 5030 3747 5107 quando
3777 5033 3939 5093 alius

2405 5117 2645 5177 nullum
2675 5116 2867 5178 habet
2903 5116 3008 5196 jus
3036 5120 3449 5198 recuperandi
3498 5122 3622 5182 ullo
3652 5128 3937 5203 tempore

2406 5208 2861 5270 usumfructum
2896 5227 2910 5273 :
2945 5229 3091 5289 ergo
3124 5211 3331 5290 quoad
3363 5211 3533 5272 illam
3561 5220 3805 5292 partem
3825 5218 3937 5279 do·

2403 5300 2667 5367 minium
2699 5305 2834 5362 erat
2887 5321 3081 5381 penes
3108 5303 3472 5367 defunctum
3528 5325 3652 5367 non
3699 5310 3932 5388 mium,

2405 5411 2596 5473 quam
2623 5393 2789 5456 circa
2817 5394 2942 5455 alia
2968 5395 3136 5458 bona
3155 5416 3289 5474 sua,
3324 5401 3387 5458 et
3414 5417 3525 5478 per
3542 5417 3936 5481 consequens

4035 1185 4075 1223 b·

4010 1239 4075 1278 dat

4021 1291 4074 1331 ht
4164 1299 4194 1330 ι’

4020 1344 4076 1383 dis
