4263 6376
1065 242 1537 306 DISPUTATIO
1579 241 1880 318 xxx-vn,
1929 242 2206 304 SECTIO
2249 244 2410 306 XIV.

85 414 172 472 ut
207 417 490 477 constat
514 433 589 475 ex
616 413 750 496 ejus
778 413 950 477 bulla
977 417 1115 478 XII.
1147 418 1203 496 ς.
1239 433 1324 479 1x.
1359 417 1423 477 in
1453 417 1676 478 eodem

83 504 422 568 Bullario
478 507 818 584 communi,
879 512 941 571 et
995 510 1578 571 camaldulensibus
1637 527 1672 569 a

83 599 348 660 Leone
382 602 459 661 X.
495 604 564 661 ut
590 604 835 663 constat
888 619 963 661 ex
1014 603 1148 679 ejus
1188 602 1361 663 bulla
1388 604 1463 662 11.
1496 603 1552 680 ἓ.
1587 618 1673 662 xl.

85 691 162 750 in
202 692 384 754 eod.
416 693 691 754 Bullario
721 694 1063 771 communi,
1116 698 1178 755 et
1206 694 1478 774 denique
1506 693 1679 755 colli-

82 782 306 862 gitur
333 804 420 845 ex
447 804 587 864 cap.
631 783 910 860 Qualiter,
957 804 1028 849 11.
1069 785 1142 847 de
1168 785 1627 847 accusationibus
1659 806 1674 848 :

85 894 272 956 quae
306 879 528 939 omnia
584 878 788 939 solum
838 878 1107 940 liberare
1164 880 1244 940 ab
1300 879 1680 957 obligatione

83 972 443 1032 servandi
458 971 885 1033 solemnitates
896 965 1064 1053 juris*
1077 972 1348 1051 positivi,
1384 990 1510 1034 non
1530 989 1679 1033 vero

77 1061 211 1140 jus
249 1064 557 1142 gentium
603 1067 667 1125 et
690 1068 955 1141 naturae,
1006 1065 1377 1126 observatur
1419 1064 1484 1124 in
1514 1064 1680 1126 dicta

84 1154 560 1218 instructione
585 1155 821 1217 ordinis
834 1156 1151 1235 judicialis
1172 1161 1398 1219 uostrae
1427 1156 1682 1218 societa-

85 1247 186 1308 tis
228 1267 301 1309 c.
343 1267 395 1311 1.
427 1249 494 1309 in
519 1249 805 1328 margine
833 1269 1006 1311 num.
1038 1255 1099 1313 2.

191 1343 468 1403 Rursus
494 1341 951 1404 advertendum
980 1347 1095 1420 est,
1128 1342 1344 1423 culpas
1362 1343 1681 1421 religioso·

85 1452 274 1493 rum
306 1433 513 1494 dividi
544 1433 744 1496 solere
789 1435 854 1494 in
901 1439 1027 1497 tres
1072 1435 1322 1496 classes.
1376 1435 1680 1509 Quaedam

85 1527 545 1606 appellantur
571 1526 764 1605 leves,
796 1528 1087 1606 quaedam
1105 1545 1355 1606 graveS,
1389 1527 1680 1608 quaedam

85 1619 559 1698 gravissimae.
581 1622 779 1681 Leves
797 1620 1120 1681 continent
1144 1620 1682 1698 imperfectionem

85 1716 368 1774 contra
399 1712 704 1792 regulam,
753 1713 854 1773 vel
901 1713 983 1774 ad
1010 1731 1326 1774 summum
1354 1716 1682 1791 peccatum

83 1806 416 1867 veniale.
449 1807 681 1866 Graves
708 1805 1028 1867 continent
1048 1810 1375 1883 peccatum
1389 1804 1676 1881 mortale,

83 1917 160 1960 v.
205 1917 291 1976 g.
331 1899 600 1974 furtum,
635 1897 939 1959 detractio
969 1897 1203 1976 gravis,
1234 1897 1449 1976 lapsus
1477 1896 1681 1958 carnis

83 2009 274 2052 cum
339 1991 673 2069 complice.
749 1990 1142 2052 Gravissimoe
1196 1990 1512 2066 dicuntur,
1570 2008 1681 2051 seu

81 2101 437 2145 enormes
457 2082 597 2155 illae,
632 2083 858 2162 quibus
878 2083 941 2143 in
958 2082 1102 2163 jure
1120 2084 1502 2163 respondent
1519 2086 1681 2144 atro-

79 2195 218 2237 ces
256 2192 509 2255 poenae,
556 2194 618 2236 v.
651 2194 715 2254 g.
761 2192 978 2238 carcer
1005 2180 1364 2256 perpetuus,
1413 2175 1514 2236 vel
1543 2174 1682 2236 diu-

81 2275 392 2345 turnus»,
453 2267 775 2329 damnatio
822 2268 905 2329 ad
947 2267 1258 2344 triremes,
1315 2267 1569 2329 traditio
1600 2267 1680 2326 ad

77 2361 477 2422 brachium
505 2360 800 2422 soeculare
825 2364 968 2438 post
993 2359 1530 2439 degradationem.
1565 2362 1679 2420 Ta-

79 2454 197 2515 les
252 2454 478 2532 culpae
528 2453 823 2515 dicuntur
867 2451 1298 2528 homicidium,
1345 2450 1675 2527 mutilatio,

80 2545 468 2626 percussio
497 2563 641 2607 enm
653 2545 793 2620 mis,
844 2550 907 2606 et
931 2545 1165 2606 similes
1184 2589 1200 2620 ,
1252 2545 1331 2606 de
1360 2545 1589 2624 quibus
1613 2545 1679 2604 in

79 2658 268 2718 cap.
316 2637 476 2699 Cum
505 2657 620 2697 non
648 2636 721 2697 ab
749 2635 994 2715 homme,
1026 2636 1098 2697 de
1113 2635 1382 2716 judiciis,
1415 2643 1501 2699 et.
1536 2654 1673 2716 cap.

81 2732 293 2792 Sunt
323 2728 626 2811 quoedam,
657 2746 837 2792 xxm.
873 2748 978 2808 qu.
1012 2733 1074 2791 5.

186 2827 359 2897 Quo
395 2822 738 2903 suppositO,
790 2822 954 2884 circa
1000 2822 1215 2900 culpas
1242 2821 1415 2882 leves
1461 2839 1678 2882 omnes

78 2916 524 2992 concedunt,
559 2934 683 2976 non
709 2915 941 2977 debere
988 2934 1103 2977 nec
1131 2915 1330 2977 solere
1361 2914 1678 2975 observari

79 3011 436 3074 ordjnem
458 3007 847 3088 judicialem,
893 3013 963 3070 ut
1004 3008 1273 3070 habetur
1300 3008 1363 3068 in
1392 3007 1560 3069 dicta
1585 3007 1673 3067 in-

75 3102 491 3167 structione
515 3100 798 3180 judiciali
832 3100 1162 3163 Societatis
1191 3120 1246 3163 c.
1281 3117 1376 3162 111.
1412 3104 1478 3162 et
1506 3105 1683 3162 notat

76 3196 436 3262 Sanchez
465 3213 608 3256 cum
637 3195 794 3271 aliis,
830 3213 987 3274 quos
1017 3197 1218 3271 affert,
1253 3194 1314 3255 d.
1350 3212 1487 3272 cap.
1515 3196 1675 3257 v111.

73 3292 287 3354 dub.
330 3306 382 3350 1.
435 3307 608 3350 num.
644 3292 699 3349 ¹.
737 3292 799 3350 et
829 3289 1062 3351 Suarez
1109 3288 1217 3350 ubi
1245 3308 1381 3367 sup.
1416 3306 1554 3366 cap.
1590 3305 1674 3349 1x.

72 3405 220 3446 nu.
275 3385 342 3443 1.
382 3386 447 3443 et
472 3385 532 3442 2.
568 3381 675 3442 ubi
704 3381 917 3458 docet,
965 3400 1149 3459 posse
1179 3381 1533 3459 superiores
1563 3379 1680 3440 hu-

57 3474 417 3559 jusmodi
476 3475 754 3535 defectus
809 3491 1196 3543 communes,
1251 3474 1355 3553 qui
1411 3473 1476 3532 in
1531 3472 1679 3533 viris

69 3571 327 3633 etiam
361 3566 658 3645 perfectis
679 3567 1098 3645 reperiuntur,
1131 3566 1212 3626 ad
1237 3584 1302 3626 se
1323 3565 1584 3641 delatOS,
1617 3569 1681 3625 et

67 3660 430 3741 cognitos
448 3658 849 3720 manifestare
879 3659 941 3719 in
961 3658 1227 3738 publicis
1243 3657 1678 3737 reprehensio-

66 3756 362 3824 nibus;
420 3754 484 3812 et
528 3750 876 3812 ordinarias
910 3751 1313 3830 poenitentias
1352 3751 1676 3828 imponere

63 3843 489 3910 dummodo
537 3842 800 3923 alicujus
838 3844 1142 3904 momenti
1185 3842 1508 3904 infamiam
1550 3861 1677 3904 non

59 3938 438 4012 inferant,
472 3940 535 3997 et
561 3940 845 3999 secretus
871 3936 1117 4001 delator
1145 3936 1515 3997 consentiat.
1548 3935 1679 3997 Ad-

62 4033 190 4096 dit
231 4046 413 4093 vero
442 4046 615 4089 num.
646 4033 706 4090 2.
757 4047 901 4090 cum
950 4030 1099 4091 Soto
1146 4029 1398 4092 nomine
1443 4027 1675 4089 levium

61 4145 240 4189 non
281 4119 569 4199 intelligi
595 4120 828 4199 omnia,
863 4139 1004 4201 quae
1030 4121 1095 4181 in
1122 4141 1191 4183 se
1218 4140 1345 4183 non
1373 4124 1518 4182 sunt
1534 4138 1674 4200 pcc-

60 4224 256 4283 cata
287 4213 622 4290 mortalia,
655 4233 847 4292 grave
870 4215 1038 4275 enim
1058 4218 1154 4277 est
1171 4215 1253 4276 ad
1273 4214 1442 4274 hunc
1459 4213 1671 4289 finem,

58 4320 156 4376 ut.
195 4327 358 4371 non
396 4305 593 4384 possit
647 4306 712 4366 in
766 4306 1085 4385 publicam
1121 4305 1675 4386 reprehensionem

59 4425 160 4468 eo
207 4397 438 4463 modo
470 4397 722 4474 deduci,
773 4399 827 4460 si
864 4400 1006 4478 quis
1031 4399 1294 4460 intraret
1322 4398 1544 4460 domos
1573 4416 1676 4458 su-

58 4498 415 4579 spectae,
448 4495 511 4551 et
529 4508 781 4552 omnem
801 4491 1115 4553 detectum
1137 4492 1242 4571 qui
1263 4490 1458 4569 possit
1478 4489 1676 4568 suspi-

58 4593 387 4655 cionem
418 4583 657 4661 peccati
675 4584 955 4646 mortalis
975 4603 1302 4663 generare.
1336 4582 1516 4656 Quod
1542 4602 1675 4643 rur-

58 4704 204 4749 sus
247 4694 452 4741 num.
486 4680 546 4738 4.
577 4678 781 4756 magis
808 4677 1038 4739 limitat
1064 4678 1302 4753 dicens,
1349 4693 1464 4737 nec
1491 4694 1674 4756 posse

58 4780 140 4840 in
183 4769 518 4856 publicas
545 4769 1068 4848 reprehensiones
1096 4769 1383 4849 produci,
1416 4769 1536 4829 nisi
1564 4768 1675 4829 de-

58 4872 327 4934 rectus
360 4862 537 4924 leves
566 4862 675 4941 qui
702 4861 781 4922 ab
802 4863 1115 4940 omnibus,
1147 4864 1247 4923 vel
1276 4862 1404 4923 iere
1435 4862 1515 4921 ab
1545 4879 1673 4922 om-

58 4964 307 5027 nibus
344 4953 659 5016 committi
679 4953 903 5031 solent,
936 4956 1226 5034 quamvis
1250 4955 1329 5015 ab
1359 4954 1673 5032 aliquibus

58 5046 549 5133 frequentina
609 5065 801 5127 quam
855 5048 934 5109 ab
987 5049 1125 5109 aliis
1162 5048 1666 5119 committantur;

60 5168 232 5214 non
269 5158 444 5205 vero
476 5139 753 5202 defectus
802 5142 1078 5203 occultos
1118 5140 1667 5216 extraordinarios,

61 5243 197 5328 qui
243 5237 422 5300 licet
450 5250 572 5294 nou
594 5233 719 5293 sint
735 5238 995 5311 peccata
1012 5235 1324 5310 mortalia,
1357 5252 1471 5295 nec
1499 5233 1671 5311 inge-

60 5338 254 5402 rant
318 5324 753 5404 suspicionem
791 5326 1031 5405 peccati
1074 5328 1386 5406 mortalis,
1444 5344 1671 5406 graves

60 5424 512 5512 reputantur
553 5418 620 5480 in
648 5419 977 5499 religiosis,
1028 5424 1092 5483 et
1133 5421 1337 5484 solent
1364 5419 1671 5501 impedire

3188 245 3304 305 733

1774 433 2037 478 munera
2073 417 2386 496 graviora,
2440 418 2589 498 quia
2631 418 2970 498 plurimum
3015 426 3307 491 minuunt

1776 509 2297 572 existimationem
2365 529 2668 590 personae.
2753 515 3035 595 Denique
3105 520 3301 601 addit,

1777 600 2082 680 ejusmodi
2131 601 2701 664 manifestationem
2744 606 2945 684 magis
2991 611 3305 688 pertinere

1778 693 1859 753 ad
1887 693 2427 756 denuntiationem
2442 694 2831 776 judicialem,
2867 719 3056 779 quam
3084 706 3164 765 ad
3186 706 3307 766 fra-

1776 789 2044 863 ternam,
2078 790 2384 866 quantum
2406 791 2500 849 est
2525 807 2601 848 ex
2620 794 2799 868 parte
2820 791 2982 869 finis,
3018 798 3306 874 quamvis

1778 895 1853 938 ex
1899 883 2077 957 parte
2118 879 2400 941 materiae
2455 898 2580 941 non
2628 883 2934 947 excedant
2977 892 3306 965 paternam

1779 970 2252 1032 correctionem.
2287 973 2444 1031 Nam
2472 991 2586 1050 per
2613 992 2680 1034 se
2707 975 2910 1053 primo
2939 979 3308 1045 ordinantur

1778 1062 1861 1124 ad
1889 1062 2278 1140 punitionem
2327 1083 2439 1124 seu
2484 1064 2879 1144 disciplinam
2923 1070 3301 1153 religiosam,

1779 1158 1843 1216 et
1855 1153 2171 1233 publicam
2193 1155 2684 1217 satisfactionem
2708 1178 2722 1218 :
2749 1159 2928 1239 cujus
2948 1162 3198 1241 signum
3214 1173 3308 1231 est

1781 1246 1948 1326 quod
1976 1247 2114 1307 fieri
2142 1247 2394 1324 debent,
2428 1248 2673 1310 etiamsi
2692 1250 2884 1312 frater
2911 1254 2992 1315 sit
3017 1260 3310 1320 emenda-

1777 1343 1901 1415 tus,
1960 1344 2024 1400 et
2051 1340 2220 1418 quod
2263 1358 2388 1401 non
2421 1342 2581 1402 flunt
2607 1342 2687 1403 ab
2717 1345 3029 1423 omnibus,
3088 1352 3198 1411 sed
3229 1353 3306 1413 ab

1779 1431 1855 1491 iis
1883 1431 2109 1512 quibus
2152 1432 2341 1493 etiam
2382 1437 2686 1512 tanquam
2731 1439 3015 1515 personis
3044 1442 3309 1518 publicis

1778 1523 1935 1584 fides
1961 1523 2167 1600 datur,
2199 1528 2262 1585 et
2288 1525 2429 1586 ideo
2460 1544 2585 1587 non
2616 1528 2846 1588 mirum
2877 1532 3046 1610 quod
3076 1535 3158 1594 ad
3188 1536 3306 1597 hu-

1771 1615 2054 1695 jusmodi
2077 1617 2616 1679 manifestationes
2634 1627 2874 1683 secreta
2893 1626 3153 1688 monitio
3184 1647 3309 1690 non

1779 1709 2291 1787 praerequiratur,
2364 1728 2510 1770 cum
2562 1711 2851 1774 facienda
2905 1715 3003 1793 sit,
3065 1721 3307 1783 etiamsi

1780 1819 2050 1879 persona
2094 1802 2176 1863 sit
2211 1802 2565 1865 emendata.
2624 1807 2775 1866 Haec
2819 1810 3030 1869 omnia
3076 1814 3308 1876 Suarez

1781 1913 1920 1973 quae
1948 1894 2111 1955 bene
2139 1898 2203 1956 et
2228 1894 2572 1973 prudenter
2598 1897 2766 1959 dicta
2794 1905 2959 1962 sunt.

1858 1988 2001 2047 Jam
2044 2004 2194 2064 ergo
2223 1988 2392 2065 quod
2438 1988 2661 2050 attinet
2701 1990 2778 2050 ad
2810 1993 3026 2071 culpas
3052 2014 3302 2074 graveS,

1780 2076 1877 2139 hae
1907 2096 2052 2138 cum
2105 2078 2364 2140 occultae
2396 2084 2561 2154 sunt,
2620 2099 2744 2142 non
2801 2083 3035 2148 debent
3061 2089 3307 2166 publice
3358 2013 3591 2184 mmiffiv

1778 2170 2007 2249 puniri,
2061 2172 2286 2232 saltem
2333 2172 2454 2232 nisi
2481 2172 2583 2233 via
2603 2172 2876 2252 juridica
2906 2180 3303 2257 procedatur.
3377 2153 3655 2247 utrivis-‘1³2’

1778 2264 1846 2322 In
1902 2262 1976 2323 iis
2007 2281 2181 2342 ergo,
2240 2267 2302 2325 et
2327 2264 2393 2324 in
2421 2265 2810 2343 gravissimis
2855 2271 3092 2331 servari
3123 2272 3311 2336 debet
3362 2247 3656 2346 „mg-maozin

1779 2356 1932 2417 ordo
1976 2355 2294 2435 judicialis
2349 2358 2571 2419 saltem
2613 2361 2822 2438 quoad
2849 2363 3304 2445 substantialia,
3357 2350 3655 2448 ⁵⁸¹⁶¹53¹3¹⁸2⁰‘

1778 2452 1849 2510 ut
1875 2448 2114 2510 dictum
2143 2452 2238 2511 est
2268 2470 2282 2511 :
2317 2468 2512 2530 quare
2544 2453 2885 2530 procedere
2915 2461 3121 2535 potest
3148 2478 3310 2538 prae-
3360 2417 3650 2513 &⁸3:23⁸-

1777 2539 1939 2601 latus
1967 2559 2080 2619 per
2108 2540 2595 2620 inquisitionem,
2631 2545 2729 2606 vel
2756 2565 2871 2625 per
2897 2548 3312 2614 denuntiatio-

1778 2651 1923 2693 nem
1942 2632 2305 2712 juridicam,
2363 2635 2463 2695 vel
2519 2655 2632 2715 per
2680 2641 3168 2721 accusationem,
3230 2646 3307 2706 de

1780 2725 2006 2805 quibus
2033 2744 2225 2804 supra
2254 2730 2587 2789 tractatum
2616 2734 2742 2804 est;
2776 2750 2944 2794 nunc
2970 2735 3173 2796 solum
3201 2756 3309 2798 no-

1776 2817 2072 2893 tabimus,
2104 2836 2245 2896 quae
2275 2818 2615 2897 peculiaria
2642 2829 2903 2902 possunt
2929 2845 3065 2887 esse
3094 2829 3157 2889 in
3190 2829 3308 2891 hoc

1776 2928 2071 2990 processu
2102 2912 2276 2990 apud
2303 2913 2645 2990 regulares.
2692 2917 2771 2978 Et
2811 2917 3116 2998 imprimis
3142 2923 3308 2984 circa

1777 3004 2038 3064 modum
2064 3004 2447 3082 procedendi
2498 3024 2611 3085 per
2638 3007 3127 3091 inquisitionem,
3171 3014 3305 3094 jam

1778 3095 2015 3158 dictum
2063 3099 2156 3157 est
2199 3114 2411 3174 supra,
2470 3101 2784 3177 quomodo
2832 3102 2913 3162 ad
2959 3103 3307 3183 inquisitio·

1778 3208 1922 3251 nem
1953 3188 2290 3270 specialem
2329 3190 2557 3253 debeat
2582 3195 2939 3270 praecedere
2967 3197 3203 3261 insania
3232 3200 3308 3262 de

1776 3282 1885 3344 tali
1913 3300 2213 3361 persona,
2265 3282 2344 3343 de
2393 3302 2517 3360 qua
2562 3286 2918 3363 specialiter
2945 3290 3302 3373 inquiritur,

1778 3373 1946 3454 quod
1977 3376 2171 3436 etiam
2209 3376 2374 3436 inter
2395 3377 2719 3455 regulares
2747 3381 3109 3459 requiritur,
3160 3385 3309 3464 quia

1777 3467 2049 3546 pertinet
2086 3467 2167 3527 ad
2197 3467 2653 3545 substantialia,
2714 3474 2783 3533 ut
2825 3491 2969 3534 cum
2998 3475 3134 3536 aliis
3164 3495 3309 3555 pro-

1775 3560 1887 3621 bat
1914 3562 2095 3622 Suar.
2131 3560 2237 3620 ubi
2267 3579 2460 3639 supra
2503 3579 2559 3624 c.
2590 3578 2705 3625 xn.
2739 3583 2910 3626 num.
2948 3569 3003 3628 1.
3038 3571 3102 3629 et
3126 3587 3300 3649 seqq.

1780 3652 1882 3714 ubi
1915 3653 2211 3729 ostendit,
2242 3653 2433 3714 etiam
2461 3654 2524 3713 in
2555 3661 2771 3717 nostra
2795 3658 3091 3721 societate
3120 3661 3181 3720 id
3213 3679 3308 3721 re-

1777 3745 1962 3824 quiri,
2017 3746 2166 3824 quia
2196 3745 2342 3807 licet
2367 3746 2601 3807 subditi
2632 3749 2861 3811 cedant
2894 3749 3037 3829 jure
3082 3770 3194 3814 suo
3241 3753 3303 3813 in

1776 3837 1995 3899 ordine
2015 3837 2097 3909 ad
2116 3837 2653 3900 manifestationes
2672 3859 2928 3902 suorum
2948 3843 3304 3906 defectuum

1777 3929 2053 4009 praelatis
2079 3930 2438 4004 faciendas3
2489 3931 2554 3991 id
2600 3937 2810 3994 tamen
2848 3934 3215 4015 intelligitur
3240 3938 3303 3998 in

1775 4022 1910 4084 foro
1939 4024 2142 4084 solum
2170 4027 2436 4102 paterno
2467 4024 2756 4086 ordinato
2788 4027 2868 4086 ad
2896 4026 3132 4089 bonum
3162 4030 3304 4092 sub-

1776 4114 1943 4191 ditis,
1976 4134 2100 4177 non
2128 4115 2194 4176 in
2214 4115 2348 4177 foro
2363 4114 2669 4194 judiciali,
2702 4120 2890 4197 atque
2917 4120 3006 4180 ita
3024 4121 3306 4183 declara-

1778 4212 1909 4269 tum
1939 4209 2056 4270 fuit
2091 4209 2154 4268 in
2186 4208 2355 4269 dicta
2386 4208 2795 4271 instructione
2825 4229 2938 4289 pro
2967 4214 3307 4291 superiori-

1774 4300 1892 4361 bus
1919 4300 2235 4362 societatis
2264 4318 2320 4362 c.
2347 4317 2408 4362 v.
2430 4301 2689 4373 Quando
2711 4308 2919 4364 autem
2948 4307 3146 4383 possit
3172 4308 3305 4370 sine

1773 4393 2032 4454 infamia
2059 4393 2455 4473 praecedente
2498 4394 2763 4472 inquiri,
2815 4397 3051 4460 dictum
3081 4407 3174 4463 est
3202 4394 3305 4463 su'-

1773 4503 1908 4564 pra.
1941 4485 2231 4547 Advertit
2256 4489 2466 4546 tamen
2497 4484 2655 4547 bene
2698 4487 2865 4549 idem
2895 4490 3078 4554 Suar.
3125 4511 3179 4554 c.
3213 4510 3298 4555 xl.

1773 4597 1836 4640 n.
1871 4582 1930 4641 6.
1966 4578 2228 4651 Quando
2258 4578 2557 4657 praelatus
2606 4597 2682 4638 ex
2725 4597 2985 4642 munere
3015 4601 3128 4643 suo
3161 4585 3305 4645 visi-

1772 4675 1884 4747 tat,
1917 4689 2100 4751 posse
2129 4671 2469 4749 aliquando
2511 4671 2899 4750 interrogare
2927 4673 3007 4735 de
3037 4694 3305 4754 persona

1773 4764 1983 4843 aliqua
2012 4763 2398 4842 particulari,
2433 4781 2574 4841 quae
2603 4767 2696 4824 est
2723 4764 3042 4845 objectum
3071 4769 3304 4847 princi-

1771 4856 1912 4936 pale
1936 4856 2330 4932 visitationis,
2362 4859 2434 4917 ut
2462 4854 2511 4915 si
2532 4856 2932 4935 provincialis
2960 4859 3304 4941 interroget

1773 4949 1850 5010 de
1880 4949 2009 5011 vita
2036 4949 2281 5028 praelati
2309 4947 2547 5024 localis,
2594 4949 2695 5009 vel
2726 4949 2778 5009 si
2805 4950 3088 5014 visitator
3116 4954 3301 5016 inter·

1771 5047 1953 5121 roget
1979 5043 2057 5102 de
2085 5043 2222 5121 ipso
2253 5041 2644 5121 provinciali,
2705 5042 2854 5103 dum
2909 5049 3120 5107 tamen
3177 5066 3301 5109 non

1773 5135 2114 5196 descendat
2154 5135 2236 5196 ad
2266 5135 2418 5196 vitia
2445 5134 2508 5194 in
2538 5134 2918 5214 particulari,
2966 5138 3044 5198 de
3075 5141 3301 5219 quibus

1772 5247 1896 5289 non
1927 5228 2232 5307 praecedit
2258 5227 2520 5288 infamia
2552 5246 2565 5288 ε
2593 5245 2741 5287 nam
2770 5247 2885 5307 per
2911 5230 3081 5292 illam
3109 5233 3301 5293 iuter-

1769 5322 2162 5401 rogationem
2191 5321 2553 5400 generalem
2582 5319 2659 5379 de
2683 5338 2947 5397 persona
2968 5325 3096 5401 tali,
3130 5326 3300 5386 nulla

1770 5420 2113 5495 generatur
2141 5415 2412 5495 suscipio
2444 5413 2739 5491 insamiae,
2771 5433 2915 5476 cum
2944 5417 3142 5481 sciant
3169 5439 3297 5481 om·
