<?xml version="1.0" encoding="UTF-8"?>
<!DOCTYPE html PUBLIC "-//W3C//DTD XHTML 1.0 Transitional//EN"
    "http://www.w3.org/TR/xhtml1/DTD/xhtml1-transitional.dtd">
<html xmlns="http://www.w3.org/1999/xhtml" xml:lang="en" lang="en">
 <head>
  <title>
</title>
<meta http-equiv="Content-Type" content="text/html;charset=utf-8" />
  <meta name='ocr-system' content='tesseract 3.04.00' />
  <meta name='ocr-capabilities' content='ocr_page ocr_carea ocr_par ocr_line ocrx_word'/>
</head>
<body>
  <div class='ocr_page' id='page_1' title='image "./joannisdelugodi00lugogoog_0772.png"; bbox 0 0 4263 6376; ppageno 0'>
   <div class='ocr_carea' id='block_1_1' title="bbox 765 762 873 822">
    <p class='ocr_par' dir='ltr' id='par_1_1' title="bbox 765 762 873 822">
     <span class='ocr_line' id='line_1_1' title="bbox 765 762 873 822; baseline 0 -1"><span class='ocrx_word' id='word_1_1' title='bbox 765 762 873 822; x_wconf 80' lang='lat'>161</span> 
     </span>
    </p>
   </div>
   <div class='ocr_carea' id='block_1_2' title="bbox 660 887 960 1148">
    <p class='ocr_par' dir='ltr' id='par_1_2' title="bbox 660 887 960 1148">
     <span class='ocr_line' id='line_1_2' title="bbox 660 887 960 931; baseline 0.01 -2"><span class='ocrx_word' id='word_1_2' title='bbox 660 887 729 929; x_wconf 78' lang='lat' dir='ltr'>An</span> <span class='ocrx_word' id='word_1_3' title='bbox 748 893 843 930; x_wconf 80' lang='lat' dir='ltr'>tunc</span> <span class='ocrx_word' id='word_1_4' title='bbox 857 900 960 931; x_wconf 82' lang='lat' dir='ltr'>eon-</span> 
     </span>
     <span class='ocr_line' id='line_1_3' title="bbox 664 941 960 984; baseline 0 -1"><span class='ocrx_word' id='word_1_5' title='bbox 664 941 789 984; x_wconf 72' lang='lat' dir='ltr'>tessio</span> <span class='ocrx_word' id='word_1_6' title='bbox 821 947 960 984; x_wconf 75' lang='lat' dir='ltr'>extor-</span> 
     </span>
     <span class='ocr_line' id='line_1_4' title="bbox 681 998 944 1091; baseline 0.008 -1"><span class='ocrx_word' id='word_1_7' title='bbox 681 998 944 1091; x_wconf 44' lang='lat' dir='ltr'>saw</span> 
     </span>
     <span class='ocr_line' id='line_1_5' title="bbox 708 1100 918 1148; baseline 0.005 -4"><span class='ocrx_word' id='word_1_8' title='bbox 708 1100 918 1148; x_wconf 71' lang='lat' dir='ltr'>iniustam.</span> 
     </span>
    </p>
   </div>
   <div class='ocr_carea' id='block_1_3' title="bbox 763 5209 879 5270">
    <p class='ocr_par' dir='ltr' id='par_1_3' title="bbox 763 5209 879 5270">
     <span class='ocr_line' id='line_1_6' title="bbox 763 5209 879 5270; baseline -0.009 0"><span class='ocrx_word' id='word_1_9' title='bbox 763 5209 879 5270; x_wconf 79' lang='lat'>162</span> 
     </span>
    </p>
   </div>
   <div class='ocr_carea' id='block_1_4' title="bbox 662 5335 959 5539">
    <p class='ocr_par' dir='ltr' id='par_1_4' title="bbox 662 5335 959 5539">
     <span class='ocr_line' id='line_1_7' title="bbox 701 5335 919 5379; baseline -0.009 0"><span class='ocrx_word' id='word_1_10' title='bbox 701 5337 748 5379; x_wconf 85' lang='lat' dir='ltr'>ln</span> <span class='ocrx_word' id='word_1_11' title='bbox 769 5335 919 5378; x_wconf 83' lang='lat' dir='ltr'>&#39;udicio</span> 
     </span>
     <span class='ocr_line' id='line_1_8' title="bbox 662 5389 959 5444; baseline -0.003 -12"><span class='ocrx_word' id='word_1_12' title='bbox 662 5401 763 5444; x_wconf 69' lang='lat' dir='ltr'>regu</span> <span class='ocrx_word' id='word_1_13' title='bbox 781 5389 841 5431; x_wconf 81' lang='lat' dir='ltr'>ari</span> <span class='ocrx_word' id='word_1_14' title='bbox 878 5401 959 5432; x_wconf 80' lang='lat' dir='ltr'>nen</span> 
     </span>
     <span class='ocr_line' id='line_1_9' title="bbox 687 5454 934 5539; baseline -0.004 0"><span class='ocrx_word' id='word_1_15' title='bbox 687 5454 934 5539; x_wconf 47' lang='lat' dir='ltr'>‘imum</span> 
     </span>
    </p>
   </div>
   <div class='ocr_carea' id='block_1_5' title="bbox 684 5549 933 5646">
    <p class='ocr_par' dir='ltr' id='par_1_5' title="bbox 684 5549 933 5646">
     <span class='ocr_line' id='line_1_10' title="bbox 684 5549 933 5594; baseline -0.008 0"><span class='ocrx_word' id='word_1_16' title='bbox 684 5550 839 5594; x_wconf 66' lang='lat' dir='ltr'>mni</span> <span class='ocrx_word' id='word_1_17' title='bbox 857 5549 933 5592; x_wconf 76' lang='lat' dir='ltr'>de·</span> 
     </span>
     <span class='ocr_line' id='line_1_11' title="bbox 754 5602 869 5646; baseline -0.017 0"><span class='ocrx_word' id='word_1_18' title='bbox 754 5602 869 5646; x_wconf 74' lang='lat' dir='ltr'>bont.</span> 
     </span>
    </p>
   </div>
   <div class='ocr_carea' id='block_1_6' title="bbox 1008 408 1127 467">
    <p class='ocr_par' dir='ltr' id='par_1_6' title="bbox 1008 408 1127 467">
     <span class='ocr_line' id='line_1_12' title="bbox 1008 408 1127 467; baseline 0 -1"><span class='ocrx_word' id='word_1_19' title='bbox 1008 408 1127 467; x_wconf 83' lang='lat'>732</span> 
     </span>
    </p>
   </div>
   <div class='ocr_carea' id='block_1_7' title="bbox 1005 583 2543 4192">
    <p class='ocr_par' dir='ltr' id='par_1_7' title="bbox 1008 583 2543 739">
     <span class='ocr_line' id='line_1_13' title="bbox 1008 583 2543 668; baseline 0.006 -25"><span class='ocrx_word' id='word_1_20' title='bbox 1008 583 1356 661; x_wconf 90' lang='lat' dir='ltr'>prohibitus</span> <span class='ocrx_word' id='word_1_21' title='bbox 1384 585 1521 665; x_wconf 89' lang='lat' dir='ltr'>lege</span> <span class='ocrx_word' id='word_1_22' title='bbox 1551 588 1820 650; x_wconf 83' lang='lat' dir='ltr'>naturali</span> <span class='ocrx_word' id='word_1_23' title='bbox 1849 590 1947 651; x_wconf 86' lang='lat' dir='ltr'>vel</span> <span class='ocrx_word' id='word_1_24' title='bbox 1975 589 2282 668; x_wconf 85' lang='lat' dir='ltr'>positiva,</span> <span class='ocrx_word' id='word_1_25' title='bbox 2344 595 2414 654; x_wconf 93' lang='lat' dir='ltr'>ut</span> <span class='ocrx_word' id='word_1_26' title='bbox 2453 590 2543 652; x_wconf 90' lang='lat' dir='ltr'>di-</span> 
     </span>
     <span class='ocr_line' id='line_1_14' title="bbox 1009 673 2044 739; baseline 0.007 -3"><span class='ocrx_word' id='word_1_27' title='bbox 1009 673 1178 737; x_wconf 87' lang='lat' dir='ltr'>ctum</span> <span class='ocrx_word' id='word_1_28' title='bbox 1207 681 1321 739; x_wconf 87' lang='lat' dir='ltr'>est.</span> <span class='ocrx_word' id='word_1_29' title='bbox 2040 685 2044 689; x_wconf 72' lang='grc'><strong><em>’</em></strong></span> 
     </span>
    </p>

    <p class='ocr_par' dir='ltr' id='par_1_8' title="bbox 1005 771 2543 4192">
     <span class='ocr_line' id='line_1_15' title="bbox 1090 771 2541 848; baseline 0.008 -16"><span class='ocrx_word' id='word_1_30' title='bbox 1090 771 1374 848; x_wconf 80' lang='lat' dir='ltr'>UrgebiS,</span> <span class='ocrx_word' id='word_1_31' title='bbox 1431 773 1632 834; x_wconf 87' lang='lat' dir='ltr'>videri</span> <span class='ocrx_word' id='word_1_32' title='bbox 1687 775 1908 838; x_wconf 88' lang='lat' dir='ltr'>saltem</span> <span class='ocrx_word' id='word_1_33' title='bbox 1964 778 2421 842; x_wconf 87' lang='lat' dir='ltr'>confessionem</span> <span class='ocrx_word' id='word_1_34' title='bbox 2467 800 2541 843; x_wconf 89' lang='lat' dir='ltr'>eo</span> 
     </span>
     <span class='ocr_line' id='line_1_16' title="bbox 1010 864 2543 954; baseline 0.01 -32"><span class='ocrx_word' id='word_1_35' title='bbox 1010 880 1158 923; x_wconf 89' lang='lat' dir='ltr'>casn</span> <span class='ocrx_word' id='word_1_36' title='bbox 1190 877 1325 925; x_wconf 92' lang='lat' dir='ltr'>esse</span> <span class='ocrx_word' id='word_1_37' title='bbox 1354 864 1582 944; x_wconf 86' lang='lat' dir='ltr'>injuste</span> <span class='ocrx_word' id='word_1_38' title='bbox 1611 872 1942 947; x_wconf 78' lang='lat' dir='ltr'><strong>extortam,</strong></span> <span class='ocrx_word' id='word_1_39' title='bbox 1985 889 2128 932; x_wconf 90' lang='lat' dir='ltr'>cum</span> <span class='ocrx_word' id='word_1_40' title='bbox 2173 877 2543 954; x_wconf 86' lang='lat' dir='ltr'>extorquea-</span> 
     </span>
     <span class='ocr_line' id='line_1_17' title="bbox 1007 955 2539 1045; baseline 0.008 -29"><span class='ocrx_word' id='word_1_41' title='bbox 1007 959 1115 1016; x_wconf 98' lang='lat' dir='ltr'>tur</span> <span class='ocrx_word' id='word_1_42' title='bbox 1137 974 1251 1035; x_wconf 88' lang='lat' dir='ltr'>per</span> <span class='ocrx_word' id='word_1_43' title='bbox 1279 955 1494 1017; x_wconf 92' lang='lat' dir='ltr'>dolum</span> <span class='ocrx_word' id='word_1_44' title='bbox 1524 963 1586 1020; x_wconf 92' lang='lat' dir='ltr'>et</span> <span class='ocrx_word' id='word_1_45' title='bbox 1610 960 1923 1039; x_wconf 89' lang='lat' dir='ltr'>fraudem,</span> <span class='ocrx_word' id='word_1_46' title='bbox 1958 983 2082 1043; x_wconf 87' lang='lat' dir='ltr'>qua</span> <span class='ocrx_word' id='word_1_47' title='bbox 2105 965 2303 1045; x_wconf 84' lang='lat' dir='ltr'>judex</span> <span class='ocrx_word' id='word_1_48' title='bbox 2337 969 2539 1029; x_wconf 91' lang='lat' dir='ltr'>mina-</span> 
     </span>
     <span class='ocr_line' id='line_1_18' title="bbox 1007 1050 2539 1124; baseline 0.012 -17"><span class='ocrx_word' id='word_1_49' title='bbox 1007 1050 1108 1107; x_wconf 93' lang='lat' dir='ltr'>tur</span> <span class='ocrx_word' id='word_1_50' title='bbox 1137 1053 1443 1110; x_wconf 88' lang='lat' dir='ltr'>torturam</span> <span class='ocrx_word' id='word_1_51' title='bbox 1491 1070 1635 1113; x_wconf 88' lang='lat' dir='ltr'>cum</span> <span class='ocrx_word' id='word_1_52' title='bbox 1685 1072 1810 1114; x_wconf 91' lang='lat' dir='ltr'>non</span> <span class='ocrx_word' id='word_1_53' title='bbox 1840 1055 2072 1119; x_wconf 89' lang='lat' dir='ltr'>habeat</span> <span class='ocrx_word' id='word_1_54' title='bbox 2100 1058 2382 1119; x_wconf 90' lang='lat' dir='ltr'>animum</span> <span class='ocrx_word' id='word_1_55' title='bbox 2411 1065 2539 1124; x_wconf 89' lang='lat' dir='ltr'>tor·</span> 
     </span>
     <span class='ocr_line' id='line_1_19' title="bbox 1008 1140 2538 1222; baseline 0.011 -22"><span class='ocrx_word' id='word_1_56' title='bbox 1008 1140 1265 1219; x_wconf 87' lang='lat' dir='ltr'>quendi,</span> <span class='ocrx_word' id='word_1_57' title='bbox 1302 1145 1490 1222; x_wconf 88' lang='lat' dir='ltr'>atque</span> <span class='ocrx_word' id='word_1_58' title='bbox 1520 1145 1663 1207; x_wconf 91' lang='lat' dir='ltr'>ideo</span> <span class='ocrx_word' id='word_1_59' title='bbox 1696 1149 2001 1211; x_wconf 89' lang='lat' dir='ltr'>confessio</span> <span class='ocrx_word' id='word_1_60' title='bbox 2032 1168 2157 1211; x_wconf 91' lang='lat' dir='ltr'>non</span> <span class='ocrx_word' id='word_1_61' title='bbox 2188 1153 2307 1213; x_wconf 89' lang='lat' dir='ltr'>erit</span> <span class='ocrx_word' id='word_1_62' title='bbox 2324 1154 2538 1216; x_wconf 78' lang='lat' dir='ltr'>volun·</span> 
     </span>
     <span class='ocr_line' id='line_1_20' title="bbox 1007 1232 2540 1325; baseline 0.012 -34"><span class='ocrx_word' id='word_1_63' title='bbox 1007 1232 1168 1293; x_wconf 88' lang='lat' dir='ltr'>taria</span> <span class='ocrx_word' id='word_1_64' title='bbox 1195 1233 1305 1294; x_wconf 86' lang='lat' dir='ltr'>sed</span> <span class='ocrx_word' id='word_1_65' title='bbox 1335 1234 1773 1301; x_wconf 87' lang='lat' dir='ltr'>involuntaria.</span> <span class='ocrx_word' id='word_1_66' title='bbox 1811 1243 1995 1321; x_wconf 89' lang='lat' dir='ltr'>Resp.</span> <span class='ocrx_word' id='word_1_67' title='bbox 2014 1243 2295 1320; x_wconf 87' lang='lat' dir='ltr'>judicem</span> <span class='ocrx_word' id='word_1_68' title='bbox 2317 1265 2540 1325; x_wconf 90' lang='lat' dir='ltr'>parum</span> 
     </span>
     <span class='ocr_line' id='line_1_21' title="bbox 1008 1330 2539 1408; baseline 0.012 -24"><span class='ocrx_word' id='word_1_69' title='bbox 1008 1343 1251 1403; x_wconf 89' lang='lat' dir='ltr'>curare,</span> <span class='ocrx_word' id='word_1_70' title='bbox 1299 1330 1465 1408; x_wconf 90' lang='lat' dir='ltr'>quod</span> <span class='ocrx_word' id='word_1_71' title='bbox 1498 1332 1806 1394; x_wconf 88' lang='lat' dir='ltr'>confessio</span> <span class='ocrx_word' id='word_1_72' title='bbox 1836 1335 1916 1396; x_wconf 91' lang='lat' dir='ltr'>sit</span> <span class='ocrx_word' id='word_1_73' title='bbox 1941 1335 2294 1399; x_wconf 87' lang='lat' dir='ltr'>voluntaria</span> <span class='ocrx_word' id='word_1_74' title='bbox 2323 1340 2421 1400; x_wconf 87' lang='lat' dir='ltr'>vel</span> <span class='ocrx_word' id='word_1_75' title='bbox 2449 1341 2539 1402; x_wconf 92' lang='lat' dir='ltr'>in-</span> 
     </span>
     <span class='ocr_line' id='line_1_22' title="bbox 1006 1420 2539 1506; baseline 0.013 -30"><span class='ocrx_word' id='word_1_76' title='bbox 1006 1420 1364 1482; x_wconf 82' lang='lat' dir='ltr'>voluntaria</span> <span class='ocrx_word' id='word_1_77' title='bbox 1395 1442 1407 1484; x_wconf 91' lang='lat'>:</span> <span class='ocrx_word' id='word_1_78' title='bbox 1462 1422 1654 1486; x_wconf 86' lang='lat' dir='ltr'>habet</span> <span class='ocrx_word' id='word_1_79' title='bbox 1700 1428 1866 1488; x_wconf 90' lang='lat' dir='ltr'>enim</span> <span class='ocrx_word' id='word_1_80' title='bbox 1889 1429 1993 1506; x_wconf 88' lang='lat' dir='ltr'>jus</span> <span class='ocrx_word' id='word_1_81' title='bbox 2022 1432 2285 1492; x_wconf 87' lang='lat' dir='ltr'>eruendi</span> <span class='ocrx_word' id='word_1_82' title='bbox 2308 1435 2539 1496; x_wconf 84' lang='lat' dir='ltr'>verita-</span> 
     </span>
     <span class='ocr_line' id='line_1_23' title="bbox 1005 1515 2539 1602; baseline 0.012 -31"><span class='ocrx_word' id='word_1_83' title='bbox 1005 1515 1134 1572; x_wconf 90' lang='lat' dir='ltr'>tem</span> <span class='ocrx_word' id='word_1_84' title='bbox 1165 1530 1560 1595; x_wconf 90' lang='lat' dir='ltr'>quacumque</span> <span class='ocrx_word' id='word_1_85' title='bbox 1588 1519 1785 1597; x_wconf 79' lang='lat' dir='ltr'>possit</span> <span class='ocrx_word' id='word_1_86' title='bbox 1812 1521 1946 1595; x_wconf 85' lang='lat' dir='ltr'>via;</span> <span class='ocrx_word' id='word_1_87' title='bbox 1974 1541 2168 1602; x_wconf 89' lang='lat' dir='ltr'>quare</span> <span class='ocrx_word' id='word_1_88' title='bbox 2196 1526 2250 1586; x_wconf 89' lang='lat' dir='ltr'>si</span> <span class='ocrx_word' id='word_1_89' title='bbox 2279 1526 2539 1590; x_wconf 88' lang='lat' dir='ltr'>haberet</span> 
     </span>
     <span class='ocr_line' id='line_1_24' title="bbox 1005 1605 2539 1695; baseline 0.012 -32"><span class='ocrx_word' id='word_1_90' title='bbox 1005 1605 1285 1666; x_wconf 89' lang='lat' dir='ltr'>medium</span> <span class='ocrx_word' id='word_1_91' title='bbox 1328 1608 1582 1687; x_wconf 83' lang='lat' dir='ltr'>aliquod</span> <span class='ocrx_word' id='word_1_92' title='bbox 1612 1611 1871 1691; x_wconf 89' lang='lat' dir='ltr'>licitum,</span> <span class='ocrx_word' id='word_1_93' title='bbox 1923 1634 2046 1695; x_wconf 89' lang='lat' dir='ltr'>quo</span> <span class='ocrx_word' id='word_1_94' title='bbox 2093 1620 2400 1681; x_wconf 88' lang='lat' dir='ltr'>confessio</span> <span class='ocrx_word' id='word_1_95' title='bbox 2431 1639 2539 1681; x_wconf 88' lang='lat' dir='ltr'>ex-</span> 
     </span>
     <span class='ocr_line' id='line_1_25' title="bbox 1007 1700 2530 1791; baseline 0.012 -34"><span class='ocrx_word' id='word_1_96' title='bbox 1007 1700 1408 1778; x_wconf 83' lang='lat' dir='ltr'>torqueretur</span> <span class='ocrx_word' id='word_1_97' title='bbox 1455 1720 1494 1762; x_wconf 90' lang='lat' dir='ltr'>a</span> <span class='ocrx_word' id='word_1_98' title='bbox 1520 1722 1628 1765; x_wconf 85' lang='lat' dir='ltr'>reo</span> <span class='ocrx_word' id='word_1_99' title='bbox 1658 1706 1847 1767; x_wconf 87' lang='lat' dir='ltr'>etiam</span> <span class='ocrx_word' id='word_1_100' title='bbox 1877 1709 2010 1770; x_wconf 86' lang='lat' dir='ltr'>sine</span> <span class='ocrx_word' id='word_1_101' title='bbox 2039 1710 2176 1791; x_wconf 87' lang='lat' dir='ltr'>ejus</span> <span class='ocrx_word' id='word_1_102' title='bbox 2204 1713 2530 1788; x_wconf 87' lang='lat' dir='ltr'>libertate;</span> 
     </span>
     <span class='ocr_line' id='line_1_26' title="bbox 1008 1791 2537 1884; baseline 0.013 -35"><span class='ocrx_word' id='word_1_103' title='bbox 1008 1807 1081 1850; x_wconf 92' lang='lat' dir='ltr'>eo</span> <span class='ocrx_word' id='word_1_104' title='bbox 1112 1791 1199 1851; x_wconf 89' lang='lat' dir='ltr'>uti</span> <span class='ocrx_word' id='word_1_105' title='bbox 1230 1797 1442 1870; x_wconf 89' lang='lat' dir='ltr'>posset</span> <span class='ocrx_word' id='word_1_106' title='bbox 1475 1814 1489 1856; x_wconf 74' lang='grc' dir='ltr'><strong><em>ε</em></strong></span> <span class='ocrx_word' id='word_1_107' title='bbox 1521 1797 1753 1860; x_wconf 85' lang='lat' dir='ltr'>sufficit</span> <span class='ocrx_word' id='word_1_108' title='bbox 1779 1819 1952 1878; x_wconf 91' lang='lat' dir='ltr'>vero,</span> <span class='ocrx_word' id='word_1_109' title='bbox 1987 1806 2158 1882; x_wconf 88' lang='lat' dir='ltr'>quod</span> <span class='ocrx_word' id='word_1_110' title='bbox 2188 1811 2406 1884; x_wconf 87' lang='lat' dir='ltr'>postea</span> <span class='ocrx_word' id='word_1_111' title='bbox 2435 1826 2537 1869; x_wconf 87' lang='lat' dir='ltr'>ra-</span> 
     </span>
     <span class='ocr_line' id='line_1_27' title="bbox 1006 1881 2537 1979; baseline 0.013 -37"><span class='ocrx_word' id='word_1_112' title='bbox 1006 1881 1297 1960; x_wconf 87' lang='lat' dir='ltr'>tificetur,</span> <span class='ocrx_word' id='word_1_113' title='bbox 1331 1891 1517 1963; x_wconf 91' lang='lat' dir='ltr'>prout</span> <span class='ocrx_word' id='word_1_114' title='bbox 1544 1890 1840 1953; x_wconf 86' lang='lat' dir='ltr'>ratificari</span> <span class='ocrx_word' id='word_1_115' title='bbox 1870 1893 2078 1973; x_wconf 90' lang='lat' dir='ltr'>debet,</span> <span class='ocrx_word' id='word_1_116' title='bbox 2126 1915 2252 1958; x_wconf 90' lang='lat' dir='ltr'>non</span> <span class='ocrx_word' id='word_1_117' title='bbox 2282 1901 2537 1979; x_wconf 91' lang='lat' dir='ltr'>quidem</span> 
     </span>
     <span class='ocr_line' id='line_1_28' title="bbox 1008 1975 2537 2059; baseline 0.015 -26"><span class='ocrx_word' id='word_1_118' title='bbox 1008 1977 1077 2035; x_wconf 89' lang='lat' dir='ltr'>ut</span> <span class='ocrx_word' id='word_1_119' title='bbox 1104 1975 1185 2036; x_wconf 89' lang='lat' dir='ltr'>sit</span> <span class='ocrx_word' id='word_1_120' title='bbox 1214 1979 1416 2056; x_wconf 87' lang='lat' dir='ltr'>magis</span> <span class='ocrx_word' id='word_1_121' title='bbox 1443 1979 1663 2059; x_wconf 89' lang='lat' dir='ltr'>libera,</span> <span class='ocrx_word' id='word_1_122' title='bbox 1698 2003 1844 2045; x_wconf 87' lang='lat' dir='ltr'>nam</span> <span class='ocrx_word' id='word_1_123' title='bbox 1872 1990 2021 2048; x_wconf 91' lang='lat' dir='ltr'>tunc</span> <span class='ocrx_word' id='word_1_124' title='bbox 2052 1990 2242 2051; x_wconf 88' lang='lat' dir='ltr'>etiam</span> <span class='ocrx_word' id='word_1_125' title='bbox 2271 1994 2537 2055; x_wconf 85' lang='lat' dir='ltr'>ratifica-</span> 
     </span>
     <span class='ocr_line' id='line_1_29' title="bbox 1006 2071 2534 2164; baseline 0.013 -36"><span class='ocrx_word' id='word_1_126' title='bbox 1006 2071 1111 2128; x_wconf 88' lang='lat' dir='ltr'>tur</span> <span class='ocrx_word' id='word_1_127' title='bbox 1163 2074 1337 2132; x_wconf 90' lang='lat' dir='ltr'>metu</span> <span class='ocrx_word' id='word_1_128' title='bbox 1379 2075 1671 2135; x_wconf 80' lang='lat' dir='ltr'>secundae</span> <span class='ocrx_word' id='word_1_129' title='bbox 1698 2080 1980 2157; x_wconf 83' lang='lat' dir='ltr'>torturae,</span> <span class='ocrx_word' id='word_1_130' title='bbox 2045 2083 2156 2143; x_wconf 88' lang='lat' dir='ltr'>sed</span> <span class='ocrx_word' id='word_1_131' title='bbox 2212 2088 2279 2146; x_wconf 88' lang='lat' dir='ltr'>ut</span> <span class='ocrx_word' id='word_1_132' title='bbox 2333 2086 2534 2164; x_wconf 89' lang='lat' dir='ltr'>magis</span> 
     </span>
     <span class='ocr_line' id='line_1_30' title="bbox 1008 2164 2538 2258; baseline 0.014 -39"><span class='ocrx_word' id='word_1_133' title='bbox 1008 2165 1249 2224; x_wconf 88' lang='lat' dir='ltr'>constet</span> <span class='ocrx_word' id='word_1_134' title='bbox 1277 2164 1353 2224; x_wconf 90' lang='lat' dir='ltr'>de</span> <span class='ocrx_word' id='word_1_135' title='bbox 1384 2165 1519 2246; x_wconf 87' lang='lat' dir='ltr'>ejus</span> <span class='ocrx_word' id='word_1_136' title='bbox 1548 2167 1808 2231; x_wconf 87' lang='lat' dir='ltr'>veritate</span> <span class='ocrx_word' id='word_1_137' title='bbox 1838 2178 1901 2234; x_wconf 90' lang='lat' dir='ltr'>et</span> <span class='ocrx_word' id='word_1_138' title='bbox 1924 2192 2046 2233; x_wconf 92' lang='lat' dir='ltr'>non</span> <span class='ocrx_word' id='word_1_139' title='bbox 2079 2194 2152 2236; x_wconf 88' lang='lat' dir='ltr'>ex</span> <span class='ocrx_word' id='word_1_140' title='bbox 2183 2178 2373 2238; x_wconf 90' lang='lat' dir='ltr'>animi</span> <span class='ocrx_word' id='word_1_141' title='bbox 2400 2198 2538 2258; x_wconf 90' lang='lat' dir='ltr'>per-</span> 
     </span>
     <span class='ocr_line' id='line_1_31' title="bbox 1006 2253 2537 2347; baseline 0.014 -35"><span class='ocrx_word' id='word_1_142' title='bbox 1006 2253 1362 2318; x_wconf 80' lang='lat' dir='ltr'>turbatione</span> <span class='ocrx_word' id='word_1_143' title='bbox 1395 2263 1597 2320; x_wconf 88' lang='lat' dir='ltr'>ortam</span> <span class='ocrx_word' id='word_1_144' title='bbox 1619 2263 1831 2324; x_wconf 86' lang='lat' dir='ltr'>fuisse.</span> <span class='ocrx_word' id='word_1_145' title='bbox 1880 2266 2070 2328; x_wconf 92' lang='lat' dir='ltr'>Dolus</span> <span class='ocrx_word' id='word_1_146' title='bbox 2099 2287 2249 2347; x_wconf 92' lang='lat' dir='ltr'>ergo</span> <span class='ocrx_word' id='word_1_147' title='bbox 2281 2270 2380 2330; x_wconf 91' lang='lat' dir='ltr'>ille</span> <span class='ocrx_word' id='word_1_148' title='bbox 2411 2291 2537 2333; x_wconf 90' lang='lat' dir='ltr'>non</span> 
     </span>
     <span class='ocr_line' id='line_1_32' title="bbox 1011 2348 2539 2438; baseline 0.014 -34"><span class='ocrx_word' id='word_1_149' title='bbox 1011 2348 1106 2406; x_wconf 88' lang='lat' dir='ltr'>est</span> <span class='ocrx_word' id='word_1_150' title='bbox 1132 2348 1357 2425; x_wconf 83' lang='lat' dir='ltr'>maluS‚</span> <span class='ocrx_word' id='word_1_151' title='bbox 1392 2352 1502 2412; x_wconf 88' lang='lat' dir='ltr'>sed</span> <span class='ocrx_word' id='word_1_152' title='bbox 1532 2354 1738 2416; x_wconf 89' lang='lat' dir='ltr'>licitus</span> <span class='ocrx_word' id='word_1_153' title='bbox 1766 2361 1828 2417; x_wconf 88' lang='lat' dir='ltr'>et</span> <span class='ocrx_word' id='word_1_154' title='bbox 1853 2358 2075 2438; x_wconf 87' lang='lat' dir='ltr'>bonus,</span> <span class='ocrx_word' id='word_1_155' title='bbox 2112 2362 2263 2423; x_wconf 89' lang='lat' dir='ltr'>dum</span> <span class='ocrx_word' id='word_1_156' title='bbox 2293 2382 2419 2425; x_wconf 91' lang='lat' dir='ltr'>non</span> <span class='ocrx_word' id='word_1_157' title='bbox 2448 2366 2539 2425; x_wconf 91' lang='lat' dir='ltr'>in-</span> 
     </span>
     <span class='ocr_line' id='line_1_33' title="bbox 1007 2435 2538 2537; baseline 0.014 -40"><span class='ocrx_word' id='word_1_158' title='bbox 1007 2435 1316 2502; x_wconf 85' lang='lat' dir='ltr'>terveniat</span> <span class='ocrx_word' id='word_1_159' title='bbox 1343 2445 1743 2508; x_wconf 89' lang='lat' dir='ltr'>mendacium</span> <span class='ocrx_word' id='word_1_160' title='bbox 1776 2466 1791 2513; x_wconf 89' lang='lat'>:</span> <span class='ocrx_word' id='word_1_161' title='bbox 1844 2452 1992 2529; x_wconf 87' lang='lat' dir='ltr'>quia</span> <span class='ocrx_word' id='word_1_162' title='bbox 2022 2454 2184 2516; x_wconf 88' lang='lat' dir='ltr'>sicut</span> <span class='ocrx_word' id='word_1_163' title='bbox 2211 2460 2418 2533; x_wconf 88' lang='lat' dir='ltr'>potest</span> <span class='ocrx_word' id='word_1_164' title='bbox 2439 2457 2538 2537; x_wconf 75' lang='lat' dir='ltr'>j&#39;u-</span> 
     </span>
     <span class='ocr_line' id='line_1_34' title="bbox 1009 2528 2541 2612; baseline 0.015 -24"><span class='ocrx_word' id='word_1_165' title='bbox 1009 2528 1128 2590; x_wconf 84' lang='lat' dir='ltr'>dex</span> <span class='ocrx_word' id='word_1_166' title='bbox 1184 2533 1244 2592; x_wconf 82' lang='lat' dir='ltr'>vi</span> <span class='ocrx_word' id='word_1_167' title='bbox 1299 2539 1751 2601; x_wconf 84' lang='lat' dir='ltr'>tormentorum</span> <span class='ocrx_word' id='word_1_168' title='bbox 1808 2545 2264 2607; x_wconf 85' lang='lat' dir='ltr'>confessionem</span> <span class='ocrx_word' id='word_1_169' title='bbox 2333 2554 2541 2612; x_wconf 84' lang='lat' dir='ltr'>extor-</span> 
     </span>
     <span class='ocr_line' id='line_1_35' title="bbox 1009 2627 2536 2723; baseline 0.016 -42"><span class='ocrx_word' id='word_1_170' title='bbox 1009 2640 1201 2701; x_wconf 85' lang='lat' dir='ltr'>quere</span> <span class='ocrx_word' id='word_1_171' title='bbox 1232 2627 1311 2687; x_wconf 90' lang='lat' dir='ltr'>ab</span> <span class='ocrx_word' id='word_1_172' title='bbox 1341 2629 1499 2707; x_wconf 90' lang='lat' dir='ltr'>aliis,</span> <span class='ocrx_word' id='word_1_173' title='bbox 1532 2632 1622 2693; x_wconf 90' lang='lat' dir='ltr'>sic</span> <span class='ocrx_word' id='word_1_174' title='bbox 1652 2637 1859 2711; x_wconf 86' lang='lat' dir='ltr'>potest</span> <span class='ocrx_word' id='word_1_175' title='bbox 1886 2636 2064 2714; x_wconf 63' lang='lat' dir='ltr'>dolie„</span> <span class='ocrx_word' id='word_1_176' title='bbox 2116 2659 2178 2701; x_wconf 84' lang='lat' dir='ltr'>v.</span> <span class='ocrx_word' id='word_1_177' title='bbox 2212 2660 2274 2720; x_wconf 90' lang='lat' dir='ltr'>g.</span> <span class='ocrx_word' id='word_1_178' title='bbox 2309 2642 2361 2702; x_wconf 91' lang='lat' dir='ltr'>si</span> <span class='ocrx_word' id='word_1_179' title='bbox 2390 2661 2536 2723; x_wconf 86' lang='lat' dir='ltr'>por·</span> 
     </span>
     <span class='ocr_line' id='line_1_36' title="bbox 1008 2717 2539 2813; baseline 0.014 -37"><span class='ocrx_word' id='word_1_180' title='bbox 1008 2718 1166 2779; x_wconf 89' lang='lat' dir='ltr'>tanti</span> <span class='ocrx_word' id='word_1_181' title='bbox 1196 2717 1436 2782; x_wconf 78' lang='lat' dir='ltr'>litteras</span> <span class='ocrx_word' id='word_1_182' title='bbox 1484 2725 1564 2784; x_wconf 90' lang='lat' dir='ltr'>ad</span> <span class='ocrx_word' id='word_1_183' title='bbox 1613 2744 1791 2787; x_wconf 91' lang='lat' dir='ltr'>reum</span> <span class='ocrx_word' id='word_1_184' title='bbox 1822 2735 2113 2794; x_wconf 86' lang='lat' dir='ltr'>occurrat</span> <span class='ocrx_word' id='word_1_185' title='bbox 2150 2733 2366 2813; x_wconf 88' lang='lat' dir='ltr'>judex,</span> <span class='ocrx_word' id='word_1_186' title='bbox 2426 2738 2539 2797; x_wconf 91' lang='lat' dir='ltr'>fin-</span> 
     </span>
     <span class='ocr_line' id='line_1_37' title="bbox 1008 2815 2537 2905; baseline 0.015 -37"><span class='ocrx_word' id='word_1_187' title='bbox 1008 2826 1164 2887; x_wconf 86' lang='lat' dir='ltr'>gens</span> <span class='ocrx_word' id='word_1_188' title='bbox 1193 2830 1260 2872; x_wconf 90' lang='lat' dir='ltr'>se</span> <span class='ocrx_word' id='word_1_189' title='bbox 1283 2815 1392 2874; x_wconf 91' lang='lat' dir='ltr'>Dei</span> <span class='ocrx_word' id='word_1_190' title='bbox 1418 2816 1722 2879; x_wconf 81' lang='lat' dir='ltr'>famulum</span> <span class='ocrx_word' id='word_1_191' title='bbox 1751 2826 1814 2882; x_wconf 92' lang='lat' dir='ltr'>et</span> <span class='ocrx_word' id='word_1_192' title='bbox 1833 2825 2102 2902; x_wconf 89' lang='lat' dir='ltr'>petendo</span> <span class='ocrx_word' id='word_1_193' title='bbox 2134 2826 2265 2905; x_wconf 82' lang='lat' dir='ltr'>ejus</span> <span class='ocrx_word' id='word_1_194' title='bbox 2285 2831 2537 2891; x_wconf 88' lang='lat' dir='ltr'>nomine</span> 
     </span>
     <span class='ocr_line' id='line_1_38' title="bbox 1007 2901 2537 2992; baseline 0.016 -31"><span class='ocrx_word' id='word_1_195' title='bbox 1007 2901 1268 2982; x_wconf 81' lang='lat' dir='ltr'>litteraS‚</span> <span class='ocrx_word' id='word_1_196' title='bbox 1322 2926 1396 2967; x_wconf 86' lang='lat' dir='ltr'>ex</span> <span class='ocrx_word' id='word_1_197' title='bbox 1444 2910 1671 2988; x_wconf 88' lang='lat' dir='ltr'>quibus</span> <span class='ocrx_word' id='word_1_198' title='bbox 1717 2916 1914 2992; x_wconf 88' lang='lat' dir='ltr'>possit</span> <span class='ocrx_word' id='word_1_199' title='bbox 1942 2918 2219 2980; x_wconf 88' lang='lat' dir='ltr'>criminis</span> <span class='ocrx_word' id='word_1_200' title='bbox 2248 2922 2537 2984; x_wconf 81' lang='lat' dir='ltr'>notitiam</span> 
     </span>
     <span class='ocr_line' id='line_1_39' title="bbox 1006 2994 2533 3094; baseline 0.016 -41"><span class='ocrx_word' id='word_1_201' title='bbox 1006 2994 1330 3075; x_wconf 85' lang='lat' dir='ltr'>indagare.</span> <span class='ocrx_word' id='word_1_202' title='bbox 1367 3002 1485 3075; x_wconf 91' lang='lat' dir='ltr'>Qui</span> <span class='ocrx_word' id='word_1_203' title='bbox 1513 3005 1679 3065; x_wconf 90' lang='lat' dir='ltr'>enim</span> <span class='ocrx_word' id='word_1_204' title='bbox 1702 3006 1889 3070; x_wconf 86' lang='lat' dir='ltr'>habet</span> <span class='ocrx_word' id='word_1_205' title='bbox 1901 3008 2007 3088; x_wconf 87' lang='lat' dir='ltr'>jus</span> <span class='ocrx_word' id='word_1_206' title='bbox 2036 3012 2114 3071; x_wconf 92' lang='lat' dir='ltr'>ad</span> <span class='ocrx_word' id='word_1_207' title='bbox 2143 3031 2281 3073; x_wconf 90' lang='lat' dir='ltr'>rem</span> <span class='ocrx_word' id='word_1_208' title='bbox 2309 3015 2533 3094; x_wconf 82' lang='lat' dir='ltr'>ipsam,</span> 
     </span>
     <span class='ocr_line' id='line_1_40' title="bbox 1009 3093 2535 3171; baseline 0.016 -25"><span class='ocrx_word' id='word_1_209' title='bbox 1009 3106 1234 3166; x_wconf 88' lang='lat' dir='ltr'>nempe</span> <span class='ocrx_word' id='word_1_210' title='bbox 1291 3093 1372 3153; x_wconf 90' lang='lat' dir='ltr'>ad</span> <span class='ocrx_word' id='word_1_211' title='bbox 1426 3097 1751 3159; x_wconf 88' lang='lat' dir='ltr'>veritatem</span> <span class='ocrx_word' id='word_1_212' title='bbox 1808 3119 1884 3160; x_wconf 85' lang='lat' dir='ltr'>ex</span> <span class='ocrx_word' id='word_1_213' title='bbox 1939 3121 2044 3164; x_wconf 89' lang='lat' dir='ltr'>reo</span> <span class='ocrx_word' id='word_1_214' title='bbox 2099 3107 2288 3167; x_wconf 89' lang='lat' dir='ltr'>etiam</span> <span class='ocrx_word' id='word_1_215' title='bbox 2344 3108 2535 3171; x_wconf 90' lang='lat' dir='ltr'>invito</span> 
     </span>
     <span class='ocr_line' id='line_1_41' title="bbox 1010 3183 2538 3275; baseline 0.016 -36"><span class='ocrx_word' id='word_1_216' title='bbox 1010 3183 1355 3245; x_wconf 89' lang='lat' dir='ltr'>eruendam</span> <span class='ocrx_word' id='word_1_217' title='bbox 1379 3185 1640 3252; x_wconf 88' lang='lat' dir='ltr'>habebit</span> <span class='ocrx_word' id='word_1_218' title='bbox 1676 3192 1864 3254; x_wconf 90' lang='lat' dir='ltr'>etiam</span> <span class='ocrx_word' id='word_1_219' title='bbox 1899 3194 2004 3275; x_wconf 89' lang='lat' dir='ltr'>jus</span> <span class='ocrx_word' id='word_1_220' title='bbox 2033 3199 2114 3258; x_wconf 91' lang='lat' dir='ltr'>od</span> <span class='ocrx_word' id='word_1_221' title='bbox 2147 3200 2289 3262; x_wconf 92' lang='lat' dir='ltr'>dolo</span> <span class='ocrx_word' id='word_1_222' title='bbox 2319 3220 2538 3263; x_wconf 91' lang='lat' dir='ltr'>eruen-</span> 
     </span>
     <span class='ocr_line' id='line_1_42' title="bbox 1010 3273 2534 3374; baseline 0.016 -43"><span class='ocrx_word' id='word_1_223' title='bbox 1010 3273 1179 3351; x_wconf 91' lang='lat' dir='ltr'>dam,</span> <span class='ocrx_word' id='word_1_224' title='bbox 1268 3296 1384 3338; x_wconf 88' lang='lat' dir='ltr'>nec</span> <span class='ocrx_word' id='word_1_225' title='bbox 1454 3281 1635 3343; x_wconf 89' lang='lat' dir='ltr'>dolus</span> <span class='ocrx_word' id='word_1_226' title='bbox 1703 3285 1804 3345; x_wconf 87' lang='lat' dir='ltr'>ille</span> <span class='ocrx_word' id='word_1_227' title='bbox 1873 3290 2153 3353; x_wconf 85' lang='lat' dir='ltr'>continet</span> <span class='ocrx_word' id='word_1_228' title='bbox 2219 3293 2534 3374; x_wconf 84' lang='lat' dir='ltr'>injuriam,</span> 
     </span>
     <span class='ocr_line' id='line_1_43' title="bbox 1008 3364 2541 3450; baseline 0.016 -24"><span class='ocrx_word' id='word_1_229' title='bbox 1008 3364 1154 3428; x_wconf 88' lang='lat' dir='ltr'>licet</span> <span class='ocrx_word' id='word_1_230' title='bbox 1181 3371 1636 3436; x_wconf 87' lang='lat' dir='ltr'>confessionem</span> <span class='ocrx_word' id='word_1_231' title='bbox 1671 3379 1896 3442; x_wconf 88' lang='lat' dir='ltr'>reddat</span> <span class='ocrx_word' id='word_1_232' title='bbox 1922 3382 2408 3449; x_wconf 81' lang='lat' dir='ltr'>involuntariam</span> <span class='ocrx_word' id='word_1_233' title='bbox 2438 3407 2541 3450; x_wconf 90' lang='lat' dir='ltr'>se·-</span> 
     </span>
     <span class='ocr_line' id='line_1_44' title="bbox 1008 3460 2537 3560; baseline 0.016 -42"><span class='ocrx_word' id='word_1_234' title='bbox 1008 3460 1285 3522; x_wconf 89' lang='lat' dir='ltr'>cundum</span> <span class='ocrx_word' id='word_1_235' title='bbox 1316 3466 1490 3544; x_wconf 88' lang='lat' dir='ltr'>quid.</span> <span class='ocrx_word' id='word_1_236' title='bbox 1522 3471 1827 3533; x_wconf 88' lang='lat' dir='ltr'>Auctores</span> <span class='ocrx_word' id='word_1_237' title='bbox 1849 3472 2271 3555; x_wconf 80' lang='lat' dir='ltr'>jurisperitoS,</span> <span class='ocrx_word' id='word_1_238' title='bbox 2322 3481 2427 3560; x_wconf 91' lang='lat' dir='ltr'>qui</span> <span class='ocrx_word' id='word_1_239' title='bbox 2458 3482 2537 3542; x_wconf 91' lang='lat' dir='ltr'>de</span> 
     </span>
     <span class='ocr_line' id='line_1_45' title="bbox 1009 3550 2536 3648; baseline 0.016 -37"><span class='ocrx_word' id='word_1_240' title='bbox 1009 3550 1127 3612; x_wconf 89' lang='lat' dir='ltr'>hac</span> <span class='ocrx_word' id='word_1_241' title='bbox 1155 3556 1413 3618; x_wconf 68' lang='lat' dir='ltr'>torturae</span> <span class='ocrx_word' id='word_1_242' title='bbox 1457 3564 1721 3623; x_wconf 88' lang='lat' dir='ltr'>materia</span> <span class='ocrx_word' id='word_1_243' title='bbox 1768 3565 1951 3627; x_wconf 90' lang='lat' dir='ltr'>latius</span> <span class='ocrx_word' id='word_1_244' title='bbox 1979 3572 2271 3648; x_wconf 87' lang='lat' dir='ltr'>tractant,</span> <span class='ocrx_word' id='word_1_245' title='bbox 2322 3574 2536 3635; x_wconf 80' lang='lat' dir='ltr'>videre</span> 
     </span>
     <span class='ocr_line' id='line_1_46' title="bbox 1008 3646 2531 3733; baseline 0.017 -30"><span class='ocrx_word' id='word_1_246' title='bbox 1008 3646 1241 3721; x_wconf 90' lang='lat' dir='ltr'>poteris</span> <span class='ocrx_word' id='word_1_247' title='bbox 1271 3651 1440 3728; x_wconf 88' lang='lat' dir='ltr'>apud</span> <span class='ocrx_word' id='word_1_248' title='bbox 1466 3655 1773 3733; x_wconf 88' lang='lat' dir='ltr'>Lessium,</span> <span class='ocrx_word' id='word_1_249' title='bbox 1825 3662 1887 3721; x_wconf 93' lang='lat' dir='ltr'>et</span> <span class='ocrx_word' id='word_1_250' title='bbox 1916 3661 2148 3723; x_wconf 89' lang='lat' dir='ltr'>Sanch.</span> <span class='ocrx_word' id='word_1_251' title='bbox 2182 3664 2335 3725; x_wconf 91' lang='lat' dir='ltr'>locis</span> <span class='ocrx_word' id='word_1_252' title='bbox 2362 3667 2531 3729; x_wconf 89' lang='lat' dir='ltr'>citat.</span> 
     </span>
     <span class='ocr_line' id='line_1_47' title="bbox 1009 3739 2531 3835; baseline 0.016 -39"><span class='ocrx_word' id='word_1_253' title='bbox 1009 3740 1073 3798; x_wconf 93' lang='lat' dir='ltr'>et</span> <span class='ocrx_word' id='word_1_254' title='bbox 1124 3739 1310 3801; x_wconf 87' lang='lat' dir='ltr'>latius</span> <span class='ocrx_word' id='word_1_255' title='bbox 1363 3746 1532 3824; x_wconf 90' lang='lat' dir='ltr'>apud</span> <span class='ocrx_word' id='word_1_256' title='bbox 1561 3749 1803 3810; x_wconf 90' lang='lat' dir='ltr'>Danam</span> <span class='ocrx_word' id='word_1_257' title='bbox 1844 3752 1906 3813; x_wconf 94' lang='lat' dir='ltr'>d.</span> <span class='ocrx_word' id='word_1_258' title='bbox 1940 3757 2020 3815; x_wconf 86' lang='lat' dir='ltr'>tr.</span> <span class='ocrx_word' id='word_1_259' title='bbox 2048 3772 2134 3816; x_wconf 75' lang='lat' dir='ltr'>w.</span> <span class='ocrx_word' id='word_1_260' title='bbox 2186 3755 2256 3817; x_wconf 88' lang='lat' dir='ltr'>de</span> <span class='ocrx_word' id='word_1_261' title='bbox 2282 3766 2531 3835; x_wconf 82' lang='lat' dir='ltr'>tortura,</span> 
     </span>
     <span class='ocr_line' id='line_1_48' title="bbox 1010 3830 2533 3930; baseline 0.017 -41"><span class='ocrx_word' id='word_1_262' title='bbox 1010 3830 1114 3890; x_wconf 93' lang='lat' dir='ltr'>ubi</span> <span class='ocrx_word' id='word_1_263' title='bbox 1145 3835 1356 3894; x_wconf 87' lang='lat' dir='ltr'>omnia</span> <span class='ocrx_word' id='word_1_264' title='bbox 1383 3837 1536 3915; x_wconf 82' lang='lat' dir='ltr'>fere,</span> <span class='ocrx_word' id='word_1_265' title='bbox 1583 3859 1725 3919; x_wconf 87' lang='lat' dir='ltr'>quae</span> <span class='ocrx_word' id='word_1_266' title='bbox 1774 3844 1854 3904; x_wconf 90' lang='lat' dir='ltr'>ad</span> <span class='ocrx_word' id='word_1_267' title='bbox 1884 3849 2194 3908; x_wconf 90' lang='lat' dir='ltr'>torturam</span> <span class='ocrx_word' id='word_1_268' title='bbox 2224 3855 2533 3930; x_wconf 86' lang='lat' dir='ltr'>spectant,</span> 
     </span>
     <span class='ocr_line' id='line_1_49' title="bbox 1009 3923 2540 4015; baseline 0.016 -33"><span class='ocrx_word' id='word_1_269' title='bbox 1009 3923 1261 4000; x_wconf 81' lang='lat' dir='ltr'>copiose</span> <span class='ocrx_word' id='word_1_270' title='bbox 1304 3932 1367 3989; x_wconf 88' lang='lat' dir='ltr'>et</span> <span class='ocrx_word' id='word_1_271' title='bbox 1394 3928 1576 3992; x_wconf 90' lang='lat' dir='ltr'>docte</span> <span class='ocrx_word' id='word_1_272' title='bbox 1605 3935 1860 4015; x_wconf 80' lang='lat' dir='ltr'>collegit</span> <span class='ocrx_word' id='word_1_273' title='bbox 1886 3956 1962 3997; x_wconf 82' lang='lat' dir='ltr'>ex</span> <span class='ocrx_word' id='word_1_274' title='bbox 1989 3941 2348 4004; x_wconf 90' lang='lat' dir='ltr'>auctoribus</span> <span class='ocrx_word' id='word_1_275' title='bbox 2378 3946 2540 4005; x_wconf 89' lang='lat' dir='ltr'>anti—</span> 
     </span>
     <span class='ocr_line' id='line_1_50' title="bbox 1010 4016 2538 4102; baseline 0.016 -28"><span class='ocrx_word' id='word_1_276' title='bbox 1010 4016 1357 4097; x_wconf 90' lang='lat' dir='ltr'>quioribus,</span> <span class='ocrx_word' id='word_1_277' title='bbox 1408 4027 1596 4102; x_wconf 87' lang='lat' dir='ltr'>atque</span> <span class='ocrx_word' id='word_1_278' title='bbox 1637 4027 1833 4088; x_wconf 73' lang='lat' dir='ltr'>etiam</span> <span class='ocrx_word' id='word_1_279' title='bbox 1862 4030 2314 4096; x_wconf 82' lang='lat' dir='ltr'>recentioribus</span> <span class='ocrx_word' id='word_1_280' title='bbox 2343 4039 2538 4098; x_wconf 91' lang='lat' dir='ltr'>omni-</span> 
     </span>
     <span class='ocr_line' id='line_1_51' title="bbox 1010 4107 2479 4192; baseline 0.016 -25"><span class='ocrx_word' id='word_1_281' title='bbox 1010 4107 1148 4186; x_wconf 80' lang='lat' dir='ltr'>buS,</span> <span class='ocrx_word' id='word_1_282' title='bbox 1184 4112 1290 4190; x_wconf 90' lang='lat' dir='ltr'>qui</span> <span class='ocrx_word' id='word_1_283' title='bbox 1318 4116 1622 4179; x_wconf 85' lang='lat' dir='ltr'>tractatus</span> <span class='ocrx_word' id='word_1_284' title='bbox 1652 4120 2016 4184; x_wconf 87' lang='lat' dir='ltr'>utilissimus</span> <span class='ocrx_word' id='word_1_285' title='bbox 2045 4127 2336 4189; x_wconf 90' lang='lat' dir='ltr'>omnibus</span> <span class='ocrx_word' id='word_1_286' title='bbox 2367 4133 2479 4192; x_wconf 89' lang='lat' dir='ltr'>est.</span> 
     </span>
    </p>
   </div>
   <div class='ocr_carea' id='block_1_8' title="bbox 1459 4542 2114 4633">
    <p class='ocr_par' dir='ltr' id='par_1_9' title="bbox 1459 4542 2114 4633">
     <span class='ocr_line' id='line_1_52' title="bbox 1459 4542 2114 4633; baseline 0.012 -9"><span class='ocrx_word' id='word_1_287' title='bbox 1459 4542 1879 4630; x_wconf 82' lang='lat' dir='ltr'>sEcho</span> <span class='ocrx_word' id='word_1_288' title='bbox 1948 4548 2114 4633; x_wconf 80' lang='lat' dir='ltr'>XIV.</span> 
     </span>
    </p>
   </div>
   <div class='ocr_carea' id='block_1_9' title="bbox 1008 4840 2539 5028">
    <p class='ocr_par' dir='ltr' id='par_1_10' title="bbox 1008 4840 2539 5028">
     <span class='ocr_line' id='line_1_53' title="bbox 1008 4840 2539 4931; baseline 0.008 -30"><span class='ocrx_word' id='word_1_289' title='bbox 1008 4840 1097 4902; x_wconf 87' lang='lat' dir='ltr'>De</span> <span class='ocrx_word' id='word_1_290' title='bbox 1122 4840 1472 4922; x_wconf 75' lang='lat' dir='ltr'>obliqatione</span> <span class='ocrx_word' id='word_1_291' title='bbox 1480 4844 1729 4924; x_wconf 77' lang='lat' dir='ltr'>judicis,</span> <span class='ocrx_word' id='word_1_292' title='bbox 1757 4866 1857 4909; x_wconf 85' lang='lat' dir='ltr'>seu</span> <span class='ocrx_word' id='word_1_293' title='bbox 1883 4848 2141 4910; x_wconf 77' lang='lat' dir='ltr'>Proelati</span> <span class='ocrx_word' id='word_1_294' title='bbox 2163 4852 2452 4931; x_wconf 72' lang='lat' dir='ltr'>reqularis</span> <span class='ocrx_word' id='word_1_295' title='bbox 2480 4855 2539 4914; x_wconf 81' lang='lat' dir='ltr'>in</span> 
     </span>
     <span class='ocr_line' id='line_1_54' title="bbox 1135 4952 2400 5028; baseline 0.009 -20"><span class='ocrx_word' id='word_1_296' title='bbox 1135 4967 1409 5028; x_wconf 78' lang='lat' dir='ltr'>processu</span> <span class='ocrx_word' id='word_1_297' title='bbox 1437 4952 1735 5013; x_wconf 78' lang='lat' dir='ltr'>criminali</span> <span class='ocrx_word' id='word_1_298' title='bbox 1755 4972 1991 5015; x_wconf 81' lang='lat' dir='ltr'>suorum</span> <span class='ocrx_word' id='word_1_299' title='bbox 2017 4955 2400 5021; x_wconf 79' lang='lat' dir='ltr'>subditorum.</span> 
     </span>
    </p>
   </div>
   <div class='ocr_carea' id='block_1_10' title="bbox 1010 5215 2543 5677">
    <p class='ocr_par' dir='ltr' id='par_1_11' title="bbox 1010 5215 2543 5677">
     <span class='ocr_line' id='line_1_55' title="bbox 1093 5215 2543 5300; baseline 0.008 -24"><span class='ocrx_word' id='word_1_300' title='bbox 1093 5215 1242 5289; x_wconf 84' lang='lat' dir='ltr'>Quae</span> <span class='ocrx_word' id='word_1_301' title='bbox 1274 5215 1442 5279; x_wconf 87' lang='lat' dir='ltr'>dicta</span> <span class='ocrx_word' id='word_1_302' title='bbox 1470 5222 1615 5280; x_wconf 91' lang='lat' dir='ltr'>sunt</span> <span class='ocrx_word' id='word_1_303' title='bbox 1663 5220 1740 5280; x_wconf 92' lang='lat' dir='ltr'>de</span> <span class='ocrx_word' id='word_1_304' title='bbox 1760 5221 1998 5300; x_wconf 84' lang='lat' dir='ltr'>judice,</span> <span class='ocrx_word' id='word_1_305' title='bbox 2051 5241 2177 5284; x_wconf 89' lang='lat' dir='ltr'>non</span> <span class='ocrx_word' id='word_1_306' title='bbox 2212 5226 2424 5287; x_wconf 85' lang='lat' dir='ltr'>omnia</span> <span class='ocrx_word' id='word_1_307' title='bbox 2449 5227 2543 5287; x_wconf 89' lang='lat' dir='ltr'>lo·</span> 
     </span>
     <span class='ocr_line' id='line_1_56' title="bbox 1010 5308 2543 5393; baseline 0.008 -26"><span class='ocrx_word' id='word_1_308' title='bbox 1010 5326 1154 5369; x_wconf 91' lang='lat' dir='ltr'>cum</span> <span class='ocrx_word' id='word_1_309' title='bbox 1185 5308 1423 5371; x_wconf 86' lang='lat' dir='ltr'>habent</span> <span class='ocrx_word' id='word_1_310' title='bbox 1449 5311 1511 5371; x_wconf 91' lang='lat' dir='ltr'>in</span> <span class='ocrx_word' id='word_1_311' title='bbox 1543 5313 1814 5390; x_wconf 79' lang='lat' dir='ltr'>praelatis</span> <span class='ocrx_word' id='word_1_312' title='bbox 1840 5315 2269 5393; x_wconf 80' lang='lat' dir='ltr'>regularibus:</span> <span class='ocrx_word' id='word_1_313' title='bbox 2302 5319 2347 5379; x_wconf 91' lang='lat' dir='ltr'>ii</span> <span class='ocrx_word' id='word_1_314' title='bbox 2375 5319 2543 5380; x_wconf 89' lang='lat' dir='ltr'>enim</span> 
     </span>
     <span class='ocr_line' id='line_1_57' title="bbox 1013 5405 2542 5492; baseline 0.009 -31"><span class='ocrx_word' id='word_1_315' title='bbox 1013 5421 1134 5463; x_wconf 89' lang='lat' dir='ltr'>non</span> <span class='ocrx_word' id='word_1_316' title='bbox 1192 5406 1482 5464; x_wconf 90' lang='lat' dir='ltr'>tenentur</span> <span class='ocrx_word' id='word_1_317' title='bbox 1524 5405 1603 5465; x_wconf 90' lang='lat' dir='ltr'>ad</span> <span class='ocrx_word' id='word_1_318' title='bbox 1647 5406 2073 5471; x_wconf 82' lang='lat' dir='ltr'>observandas</span> <span class='ocrx_word' id='word_1_319' title='bbox 2124 5428 2343 5473; x_wconf 88' lang='lat' dir='ltr'>omnes</span> <span class='ocrx_word' id='word_1_320' title='bbox 2381 5412 2542 5492; x_wconf 86' lang='lat' dir='ltr'>juris</span> 
     </span>
     <span class='ocr_line' id='line_1_58' title="bbox 1011 5494 2536 5587; baseline 0.007 -32"><span class='ocrx_word' id='word_1_321' title='bbox 1011 5494 1438 5558; x_wconf 86' lang='lat' dir='ltr'>solemnitates</span> <span class='ocrx_word' id='word_1_322' title='bbox 1467 5502 1531 5559; x_wconf 90' lang='lat' dir='ltr'>et</span> <span class='ocrx_word' id='word_1_323' title='bbox 1557 5498 1932 5587; x_wconf 77' lang='lat' dir='ltr'>subtilitates</span> <span class='ocrx_word' id='word_1_324' title='bbox 1968 5502 2032 5562; x_wconf 92' lang='lat' dir='ltr'>in</span> <span class='ocrx_word' id='word_1_325' title='bbox 2076 5521 2189 5565; x_wconf 89' lang='lat' dir='ltr'>suo</span> <span class='ocrx_word' id='word_1_326' title='bbox 2219 5522 2536 5583; x_wconf 87' lang='lat' dir='ltr'>processu,</span> 
     </span>
     <span class='ocr_line' id='line_1_59' title="bbox 1010 5587 2540 5677; baseline 0.007 -28"><span class='ocrx_word' id='word_1_327' title='bbox 1010 5587 1122 5649; x_wconf 90' lang='lat' dir='ltr'>sed</span> <span class='ocrx_word' id='word_1_328' title='bbox 1154 5589 1353 5649; x_wconf 89' lang='lat' dir='ltr'>solum</span> <span class='ocrx_word' id='word_1_329' title='bbox 1383 5589 1463 5650; x_wconf 90' lang='lat' dir='ltr'>ad</span> <span class='ocrx_word' id='word_1_330' title='bbox 1495 5590 1950 5671; x_wconf 86' lang='lat' dir='ltr'>substantialia,</span> <span class='ocrx_word' id='word_1_331' title='bbox 1997 5600 2256 5676; x_wconf 84' lang='lat' dir='ltr'>propter</span> <span class='ocrx_word' id='word_1_332' title='bbox 2284 5597 2540 5677; x_wconf 89' lang='lat' dir='ltr'>privile-</span> 
     </span>
    </p>
   </div>
   <div class='ocr_carea' id='block_1_11' title="bbox 2169 413 3054 480">
    <p class='ocr_par' dir='ltr' id='par_1_12' title="bbox 2169 413 3054 480">
     <span class='ocr_line' id='line_1_60' title="bbox 2169 413 3054 480; baseline 0.009 -8"><span class='ocrx_word' id='word_1_333' title='bbox 2169 413 2272 473; x_wconf 73' lang='lat' dir='ltr'>DE</span> <span class='ocrx_word' id='word_1_334' title='bbox 2313 413 2687 478; x_wconf 79' lang='lat' dir='ltr'>JUSTITIA·</span> <span class='ocrx_word' id='word_1_335' title='bbox 2713 416 2817 478; x_wconf 69' lang='lat' dir='ltr'>m*</span> <span class='ocrx_word' id='word_1_336' title='bbox 2854 418 3054 480; x_wconf 80' lang='lat' dir='ltr'><strong>JURE</strong></span> 
     </span>
    </p>
   </div>
   <div class='ocr_carea' id='block_1_12' title="bbox 2627 592 3978 5681">
    <p class='ocr_par' dir='ltr' id='par_1_13' title="bbox 2627 592 3978 5681">
     <span class='ocr_line' id='line_1_61' title="bbox 2642 592 3967 687; baseline 0.019 -35"><span class='ocrx_word' id='word_1_337' title='bbox 2642 592 2750 671; x_wconf 87' lang='lat' dir='ltr'>gia</span> <span class='ocrx_word' id='word_1_338' title='bbox 2777 595 2987 657; x_wconf 88' lang='lat' dir='ltr'>multis</span> <span class='ocrx_word' id='word_1_339' title='bbox 3015 597 3335 661; x_wconf 87' lang='lat' dir='ltr'>ordinibus</span> <span class='ocrx_word' id='word_1_340' title='bbox 3363 619 3648 683; x_wconf 80' lang='lat' dir='ltr'>concessa,</span> <span class='ocrx_word' id='word_1_341' title='bbox 3673 610 3967 687; x_wconf 69' lang='lat' dir='ltr'>quibusfim</span> 
     </span>
     <span class='ocr_line' id='line_1_62' title="bbox 2643 688 3964 781; baseline 0.019 -35"><span class='ocrx_word' id='word_1_342' title='bbox 2643 689 2744 747; x_wconf 90' lang='lat' dir='ltr'>tur</span> <span class='ocrx_word' id='word_1_343' title='bbox 2798 688 3174 769; x_wconf 81' lang='lat' dir='ltr'>quicumque</span> <span class='ocrx_word' id='word_1_344' title='bbox 3227 695 3720 774; x_wconf 86' lang='lat' dir='ltr'>participationem</span> <span class='ocrx_word' id='word_1_345' title='bbox 3748 709 3964 781; x_wconf 68' lang='lat' dir='ltr'>gena-alm</span> 
     </span>
     <span class='ocr_line' id='line_1_63' title="bbox 2643 778 3966 867; baseline 0.018 -28"><span class='ocrx_word' id='word_1_346' title='bbox 2643 778 2878 842; x_wconf 88' lang='lat' dir='ltr'>habent</span> <span class='ocrx_word' id='word_1_347' title='bbox 2905 800 3122 843; x_wconf 88' lang='lat' dir='ltr'>eorum</span> <span class='ocrx_word' id='word_1_348' title='bbox 3151 786 3619 867; x_wconf 82' lang='lat' dir='ltr'>privilegiorum,</span> <span class='ocrx_word' id='word_1_349' title='bbox 3644 799 3700 855; x_wconf 87' lang='lat' dir='ltr'>ut</span> <span class='ocrx_word' id='word_1_350' title='bbox 3721 803 3899 861; x_wconf 75' lang='lat' dir='ltr'>constat.</span> <span class='ocrx_word' id='word_1_351' title='bbox 3922 807 3966 862; x_wconf 66' lang='lat' dir='ltr'>lle</span> 
     </span>
     <span class='ocr_line' id='line_1_64' title="bbox 2644 873 3965 958; baseline 0.017 -25"><span class='ocrx_word' id='word_1_352' title='bbox 2644 873 2861 934; x_wconf 84' lang='lat' dir='ltr'>ordine</span> <span class='ocrx_word' id='word_1_353' title='bbox 2902 881 3115 938; x_wconf 87' lang='lat' dir='ltr'>autem</span> <span class='ocrx_word' id='word_1_354' title='bbox 3158 878 3220 937; x_wconf 92' lang='lat' dir='ltr'>in</span> <span class='ocrx_word' id='word_1_355' title='bbox 3252 879 3375 940; x_wconf 88' lang='lat' dir='ltr'>hoc</span> <span class='ocrx_word' id='word_1_356' title='bbox 3401 899 3664 958; x_wconf 82' lang='lat' dir='ltr'>processu</span> <span class='ocrx_word' id='word_1_357' title='bbox 3689 889 3899 952; x_wconf 71' lang='lat' dir='ltr'>criminali</span> <span class='ocrx_word' id='word_1_358' title='bbox 3917 915 3965 955; x_wconf 62' lang='lat' dir='ltr'>n-</span> 
     </span>
     <span class='ocr_line' id='line_1_65' title="bbox 2640 968 3968 1055; baseline 0.016 -30"><span class='ocrx_word' id='word_1_359' title='bbox 2640 968 2952 1045; x_wconf 89' lang='lat' dir='ltr'>gularium</span> <span class='ocrx_word' id='word_1_360' title='bbox 2972 988 3149 1031; x_wconf 80' lang='lat' dir='ltr'>serva</span> <span class='ocrx_word' id='word_1_361' title='bbox 3159 972 3306 1048; x_wconf 84' lang='lat' dir='ltr'>ndo,</span> <span class='ocrx_word' id='word_1_362' title='bbox 3342 974 3528 1035; x_wconf 83' lang='lat' dir='ltr'>videri</span> <span class='ocrx_word' id='word_1_363' title='bbox 3544 985 3757 1055; x_wconf 85' lang='lat' dir='ltr'>possunt</span> <span class='ocrx_word' id='word_1_364' title='bbox 3768 983 3968 1047; x_wconf 65' lang='lat' dir='ltr'>ulli-nahas</span> 
     </span>
     <span class='ocr_line' id='line_1_66' title="bbox 2639 1060 3965 1151; baseline 0.015 -31"><span class='ocrx_word' id='word_1_365' title='bbox 2639 1060 2753 1122; x_wconf 82' lang='lat' dir='ltr'>Th.</span> <span class='ocrx_word' id='word_1_366' title='bbox 2791 1061 3021 1123; x_wconf 86' lang='lat' dir='ltr'>Sanob.</span> <span class='ocrx_word' id='word_1_367' title='bbox 3056 1063 3163 1125; x_wconf 92' lang='lat' dir='ltr'>lib.</span> <span class='ocrx_word' id='word_1_368' title='bbox 3197 1067 3301 1127; x_wconf 89' lang='lat' dir='ltr'>VI.</span> <span class='ocrx_word' id='word_1_369' title='bbox 3339 1065 3509 1129; x_wconf 85' lang='lat' dir='ltr'>Cons.</span> <span class='ocrx_word' id='word_1_370' title='bbox 3539 1086 3588 1130; x_wconf 85' lang='lat' dir='ltr'>c.</span> <span class='ocrx_word' id='word_1_371' title='bbox 3619 1087 3729 1132; x_wconf 82' lang='lat' dir='ltr'>vm.</span> <span class='ocrx_word' id='word_1_372' title='bbox 3754 1091 3833 1151; x_wconf 83' lang='lat' dir='ltr'>per</span> <span class='ocrx_word' id='word_1_373' title='bbox 3852 1082 3965 1140; x_wconf 72' lang='lat' dir='ltr'>tutet</span> 
     </span>
     <span class='ocr_line' id='line_1_67' title="bbox 2640 1153 3967 1245; baseline 0.012 -31"><span class='ocrx_word' id='word_1_374' title='bbox 2640 1153 2821 1214; x_wconf 88' lang='lat' dir='ltr'>Suar.</span> <span class='ocrx_word' id='word_1_375' title='bbox 2842 1158 2927 1214; x_wconf 80' lang='lat' dir='ltr'>to,</span> <span class='ocrx_word' id='word_1_376' title='bbox 2960 1156 3066 1217; x_wconf 88' lang='lat' dir='ltr'>IV.</span> <span class='ocrx_word' id='word_1_377' title='bbox 3098 1155 3380 1238; x_wconf 74' lang='lat' dir='ltr'>deRequ.</span> <span class='ocrx_word' id='word_1_378' title='bbox 3411 1159 3513 1222; x_wconf 88' lang='lat' dir='ltr'>lib.</span> <span class='ocrx_word' id='word_1_379' title='bbox 3543 1177 3597 1223; x_wconf 86' lang='lat' dir='ltr'>x.</span> <span class='ocrx_word' id='word_1_380' title='bbox 3624 1162 3683 1223; x_wconf 81' lang='lat' dir='ltr'>de</span> <span class='ocrx_word' id='word_1_381' title='bbox 3702 1168 3967 1245; x_wconf 60' lang='lat' dir='ltr'>reguum&amp;-</span> 
     </span>
     <span class='ocr_line' id='line_1_68' title="bbox 2639 1244 3968 1337; baseline 0.014 -34"><span class='ocrx_word' id='word_1_382' title='bbox 2639 1244 2826 1306; x_wconf 79' lang='lat' dir='ltr'>cz‘etat.</span> <span class='ocrx_word' id='word_1_383' title='bbox 2880 1264 2934 1307; x_wconf 90' lang='lat' dir='ltr'>c.</span> <span class='ocrx_word' id='word_1_384' title='bbox 2968 1264 3053 1309; x_wconf 84' lang='lat' dir='ltr'>x1.</span> <span class='ocrx_word' id='word_1_385' title='bbox 3106 1252 3169 1310; x_wconf 91' lang='lat' dir='ltr'>et</span> <span class='ocrx_word' id='word_1_386' title='bbox 3197 1250 3447 1312; x_wconf 85' lang='lat' dir='ltr'>duobus</span> <span class='ocrx_word' id='word_1_387' title='bbox 3481 1271 3637 1333; x_wconf 87' lang='lat' dir='ltr'>seqq.</span> <span class='ocrx_word' id='word_1_388' title='bbox 3687 1262 3968 1337; x_wconf 69' lang='lat' dir='ltr'>etspoeialitu</span> 
     </span>
     <span class='ocr_line' id='line_1_69' title="bbox 2639 1337 3968 1416; baseline 0.014 -19"><span class='ocrx_word' id='word_1_389' title='bbox 2639 1337 2808 1399; x_wconf 90' lang='lat' dir='ltr'>edita</span> <span class='ocrx_word' id='word_1_390' title='bbox 2836 1343 2951 1416; x_wconf 91' lang='lat' dir='ltr'>est,</span> <span class='ocrx_word' id='word_1_391' title='bbox 3001 1340 3065 1400; x_wconf 92' lang='lat' dir='ltr'>in</span> <span class='ocrx_word' id='word_1_392' title='bbox 3096 1346 3311 1404; x_wconf 88' lang='lat' dir='ltr'>nostra</span> <span class='ocrx_word' id='word_1_393' title='bbox 3336 1344 3611 1408; x_wconf 84' lang='lat' dir='ltr'>societate</span> <span class='ocrx_word' id='word_1_394' title='bbox 3649 1367 3775 1411; x_wconf 82' lang='lat' dir='ltr'>anna</span> <span class='ocrx_word' id='word_1_395' title='bbox 3795 1355 3905 1414; x_wconf 75' lang='grc'><strong>1616.-</strong></span> <span class='ocrx_word' id='word_1_396' title='bbox 3921 1357 3968 1414; x_wconf 85' lang='lat' dir='ltr'>in-</span> 
     </span>
     <span class='ocr_line' id='line_1_70' title="bbox 2637 1430 3968 1523; baseline 0.013 -33"><span class='ocrx_word' id='word_1_397' title='bbox 2637 1430 2896 1492; x_wconf 88' lang='lat' dir='ltr'>structio</span> <span class='ocrx_word' id='word_1_398' title='bbox 2929 1434 3327 1511; x_wconf 86' lang='lat' dir='ltr'>superiorum</span> <span class='ocrx_word' id='word_1_399' title='bbox 3369 1439 3649 1498; x_wconf 79' lang='lat' dir='ltr'>servanda</span> <span class='ocrx_word' id='word_1_400' title='bbox 3674 1440 3735 1499; x_wconf 88' lang='lat' dir='ltr'>de</span> <span class='ocrx_word' id='word_1_401' title='bbox 3752 1444 3880 1504; x_wconf 81' lang='lat' dir='ltr'>modo</span> <span class='ocrx_word' id='word_1_402' title='bbox 3894 1464 3968 1523; x_wconf 75' lang='lat' dir='ltr'>pm-</span> 
     </span>
     <span class='ocr_line' id='line_1_71' title="bbox 2637 1522 3969 1604; baseline 0.011 -21"><span class='ocrx_word' id='word_1_403' title='bbox 2637 1522 2903 1583; x_wconf 87' lang='lat' dir='ltr'>cedendi</span> <span class='ocrx_word' id='word_1_404' title='bbox 2923 1525 3334 1604; x_wconf 71' lang='lat' dir='ltr'>judicialiter.</span> <span class='ocrx_word' id='word_1_405' title='bbox 3388 1531 3507 1591; x_wconf 89' lang='lat' dir='ltr'>Nos</span> <span class='ocrx_word' id='word_1_406' title='bbox 3533 1536 3709 1593; x_wconf 87' lang='lat' dir='ltr'>autem</span> <span class='ocrx_word' id='word_1_407' title='bbox 3728 1536 3865 1596; x_wconf 86' lang='lat' dir='ltr'>solum</span> <span class='ocrx_word' id='word_1_408' title='bbox 3882 1537 3969 1598; x_wconf 86' lang='lat' dir='ltr'>indi-</span> 
     </span>
     <span class='ocr_line' id='line_1_72' title="bbox 2636 1615 3970 1707; baseline 0.01 -32"><span class='ocrx_word' id='word_1_409' title='bbox 2636 1615 2918 1677; x_wconf 85' lang='lat' dir='ltr'>cabimus</span> <span class='ocrx_word' id='word_1_410' title='bbox 2970 1617 3250 1680; x_wconf 86' lang='lat' dir='ltr'>breviter</span> <span class='ocrx_word' id='word_1_411' title='bbox 3275 1620 3505 1700; x_wconf 88' lang='lat' dir='ltr'>aliqua,</span> <span class='ocrx_word' id='word_1_412' title='bbox 3560 1625 3613 1683; x_wconf 93' lang='lat' dir='ltr'>in</span> <span class='ocrx_word' id='word_1_413' title='bbox 3660 1626 3825 1704; x_wconf 79' lang='lat' dir='ltr'>quibus</span> <span class='ocrx_word' id='word_1_414' title='bbox 3848 1628 3970 1707; x_wconf 67' lang='lat' dir='ltr'>hujus-</span> 
     </span>
     <span class='ocr_line' id='line_1_73' title="bbox 2634 1707 3966 1794; baseline 0.013 -29"><span class='ocrx_word' id='word_1_415' title='bbox 2634 1707 2804 1768; x_wconf 91' lang='lat' dir='ltr'>modi</span> <span class='ocrx_word' id='word_1_416' title='bbox 2835 1726 3163 1786; x_wconf 87' lang='lat' dir='ltr'>processus</span> <span class='ocrx_word' id='word_1_417' title='bbox 3192 1713 3532 1777; x_wconf 88' lang='lat' dir='ltr'>criminalis</span> <span class='ocrx_word' id='word_1_418' title='bbox 3548 1717 3839 1794; x_wconf 84' lang='lat' dir='ltr'>regularium</span> <span class='ocrx_word' id='word_1_419' title='bbox 3853 1721 3966 1782; x_wconf 61' lang='lat' dir='ltr'>differt</span> 
     </span>
     <span class='ocr_line' id='line_1_74' title="bbox 2636 1800 3968 1889; baseline 0.008 -31"><span class='ocrx_word' id='word_1_420' title='bbox 2636 1819 2672 1859; x_wconf 88' lang='lat' dir='ltr'>a</span> <span class='ocrx_word' id='word_1_421' title='bbox 2694 1800 2837 1878; x_wconf 89' lang='lat' dir='ltr'>jure</span> <span class='ocrx_word' id='word_1_422' title='bbox 2868 1805 3189 1864; x_wconf 89' lang='lat' dir='ltr'>communi</span> <span class='ocrx_word' id='word_1_423' title='bbox 3219 1806 3533 1867; x_wconf 82' lang='lat' dir='ltr'>servando</span> <span class='ocrx_word' id='word_1_424' title='bbox 3576 1809 3629 1867; x_wconf 92' lang='lat' dir='ltr'>in</span> <span class='ocrx_word' id='word_1_425' title='bbox 3669 1810 3771 1870; x_wconf 83' lang='lat' dir='ltr'>aliis</span> <span class='ocrx_word' id='word_1_426' title='bbox 3790 1815 3968 1889; x_wconf 62' lang='lat' dir='ltr'>procesi-</span> 
     </span>
     <span class='ocr_line' id='line_1_75' title="bbox 2635 1891 3966 1982; baseline 0.01 -30"><span class='ocrx_word' id='word_1_427' title='bbox 2635 1891 2754 1953; x_wconf 89' lang='lat' dir='ltr'>bus</span> <span class='ocrx_word' id='word_1_428' title='bbox 2787 1912 2802 1952; x_wconf 90' lang='lat'><strong>:</strong></span> <span class='ocrx_word' id='word_1_429' title='bbox 2838 1895 3047 1972; x_wconf 88' lang='lat' dir='ltr'>quoad</span> <span class='ocrx_word' id='word_1_430' title='bbox 3072 1897 3325 1977; x_wconf 84' lang='lat' dir='ltr'>reliqua</span> <span class='ocrx_word' id='word_1_431' title='bbox 3352 1898 3515 1959; x_wconf 90' lang='lat' dir='ltr'>enim</span> <span class='ocrx_word' id='word_1_432' title='bbox 3530 1903 3826 1963; x_wconf 79' lang='lat' dir='ltr'>servandum</span> <span class='ocrx_word' id='word_1_433' title='bbox 3843 1908 3966 1982; x_wconf 61' lang='lat' dir='ltr'>aetjuz</span> 
     </span>
     <span class='ocr_line' id='line_1_76' title="bbox 2635 1991 3965 2073; baseline 0.009 -29"><span class='ocrx_word' id='word_1_434' title='bbox 2635 2002 2987 2060; x_wconf 86' lang='lat' dir='ltr'>commune,</span> <span class='ocrx_word' id='word_1_435' title='bbox 3068 1992 3131 2049; x_wconf 87' lang='lat' dir='ltr'>et</span> <span class='ocrx_word' id='word_1_436' title='bbox 3175 2008 3252 2050; x_wconf 90' lang='lat' dir='ltr'>ea</span> <span class='ocrx_word' id='word_1_437' title='bbox 3292 1991 3519 2068; x_wconf 87' lang='lat' dir='ltr'>omnia,</span> <span class='ocrx_word' id='word_1_438' title='bbox 3566 2011 3685 2072; x_wconf 78' lang='lat' dir='ltr'>quae</span> <span class='ocrx_word' id='word_1_439' title='bbox 3719 1994 3776 2054; x_wconf 82' lang='lat' dir='ltr'>de</span> <span class='ocrx_word' id='word_1_440' title='bbox 3804 1997 3965 2073; x_wconf 75' lang='lat' dir='ltr'>judicum</span> 
     </span>
     <span class='ocr_line' id='line_1_77' title="bbox 2636 2078 3914 2163; baseline 0.009 -25"><span class='ocrx_word' id='word_1_441' title='bbox 2636 2078 3123 2156; x_wconf 83' lang='lat' dir='ltr'>obligationibus</span> <span class='ocrx_word' id='word_1_442' title='bbox 3154 2083 3213 2143; x_wconf 93' lang='lat' dir='ltr'>in</span> <span class='ocrx_word' id='word_1_443' title='bbox 3247 2084 3652 2163; x_wconf 84' lang='lat' dir='ltr'>superioribus</span> <span class='ocrx_word' id='word_1_444' title='bbox 3674 2087 3798 2148; x_wconf 82' lang='lat' dir='ltr'>dicta</span> <span class='ocrx_word' id='word_1_445' title='bbox 3816 2097 3914 2150; x_wconf 75' lang='lat' dir='ltr'>sunt</span> 
     </span>
     <span class='ocr_line' id='line_1_78' title="bbox 2716 2172 3966 2254; baseline 0.009 -24"><span class='ocrx_word' id='word_1_446' title='bbox 2716 2172 2956 2249; x_wconf 81' lang='lat' dir='ltr'>Regula</span> <span class='ocrx_word' id='word_1_447' title='bbox 2984 2173 3196 2253; x_wconf 88' lang='lat' dir='ltr'>itaque</span> <span class='ocrx_word' id='word_1_448' title='bbox 3219 2177 3532 2254; x_wconf 82' lang='lat' dir='ltr'>generalis</span> <span class='ocrx_word' id='word_1_449' title='bbox 3556 2183 3609 2239; x_wconf 87' lang='lat' dir='ltr'>et</span> <span class='ocrx_word' id='word_1_450' title='bbox 3626 2182 3966 2241; x_wconf 63' lang='lat' dir='ltr'>communitam·</span> 
     </span>
     <span class='ocr_line' id='line_1_79' title="bbox 2636 2266 3965 2352; baseline 0.008 -30"><span class='ocrx_word' id='word_1_451' title='bbox 2636 2267 2819 2341; x_wconf 86' lang='lat' dir='ltr'>cepta</span> <span class='ocrx_word' id='word_1_452' title='bbox 2846 2268 2959 2340; x_wconf 87' lang='lat' dir='ltr'>est,</span> <span class='ocrx_word' id='word_1_453' title='bbox 2995 2266 3164 2344; x_wconf 89' lang='lat' dir='ltr'>quod</span> <span class='ocrx_word' id='word_1_454' title='bbox 3193 2268 3258 2327; x_wconf 88' lang='lat' dir='ltr'>in</span> <span class='ocrx_word' id='word_1_455' title='bbox 3292 2286 3575 2346; x_wconf 83' lang='lat' dir='ltr'>processu</span> <span class='ocrx_word' id='word_1_456' title='bbox 3593 2271 3822 2333; x_wconf 80' lang='lat' dir='ltr'>criminali</span> <span class='ocrx_word' id='word_1_457' title='bbox 3834 2275 3965 2352; x_wconf 61' lang='lat' dir='ltr'>prelati</span> 
     </span>
     <span class='ocr_line' id='line_1_80' title="bbox 2636 2355 3967 2440; baseline 0.009 -26"><span class='ocrx_word' id='word_1_458' title='bbox 2636 2372 2762 2415; x_wconf 89' lang='lat' dir='ltr'>non</span> <span class='ocrx_word' id='word_1_459' title='bbox 2793 2355 3025 2417; x_wconf 91' lang='lat' dir='ltr'>debent</span> <span class='ocrx_word' id='word_1_460' title='bbox 3053 2358 3394 2421; x_wconf 83' lang='lat' dir='ltr'>observare</span> <span class='ocrx_word' id='word_1_461' title='bbox 3431 2361 3580 2440; x_wconf 85' lang='lat' dir='ltr'>juris</span> <span class='ocrx_word' id='word_1_462' title='bbox 3620 2365 3914 2426; x_wconf 76' lang='lat' dir='ltr'>solemnitates</span> <span class='ocrx_word' id='word_1_463' title='bbox 3935 2370 3967 2425; x_wconf 66' lang='lat' dir='ltr'>d</span> 
     </span>
     <span class='ocr_line' id='line_1_81' title="bbox 2634 2447 3965 2533; baseline 0.008 -26"><span class='ocrx_word' id='word_1_464' title='bbox 2634 2447 3009 2510; x_wconf 89' lang='lat' dir='ltr'>subtilitates</span> <span class='ocrx_word' id='word_1_465' title='bbox 3040 2471 3053 2512; x_wconf 73' lang='grc' dir='ltr'>ε</span> <span class='ocrx_word' id='word_1_466' title='bbox 3088 2453 3261 2531; x_wconf 88' lang='lat' dir='ltr'>quod</span> <span class='ocrx_word' id='word_1_467' title='bbox 3293 2452 3639 2533; x_wconf 84' lang='lat' dir='ltr'>intelligitur</span> <span class='ocrx_word' id='word_1_468' title='bbox 3671 2457 3733 2517; x_wconf 83' lang='lat' dir='ltr'>de</span> <span class='ocrx_word' id='word_1_469' title='bbox 3752 2458 3965 2518; x_wconf 75' lang='lat' dir='ltr'>accidenta-</span> 
     </span>
     <span class='ocr_line' id='line_1_82' title="bbox 2634 2540 3967 2628; baseline 0.005 -28"><span class='ocrx_word' id='word_1_470' title='bbox 2634 2540 2819 2617; x_wconf 80' lang='lat' dir='ltr'>libus,</span> <span class='ocrx_word' id='word_1_471' title='bbox 2880 2561 3006 2603; x_wconf 92' lang='lat' dir='ltr'>non</span> <span class='ocrx_word' id='word_1_472' title='bbox 3036 2544 3115 2604; x_wconf 87' lang='lat' dir='ltr'>de</span> <span class='ocrx_word' id='word_1_473' title='bbox 3144 2545 3642 2608; x_wconf 83' lang='lat' dir='ltr'>substantialibus</span> <span class='ocrx_word' id='word_1_474' title='bbox 3687 2568 3789 2628; x_wconf 81' lang='lat' dir='ltr'>quae</span> <span class='ocrx_word' id='word_1_475' title='bbox 3827 2551 3967 2608; x_wconf 73' lang='lat' dir='ltr'>sunlde</span> 
     </span>
     <span class='ocr_line' id='line_1_83' title="bbox 2627 2633 3967 2719; baseline 0.006 -27"><span class='ocrx_word' id='word_1_476' title='bbox 2627 2633 2772 2713; x_wconf 90' lang='lat' dir='ltr'>jure</span> <span class='ocrx_word' id='word_1_477' title='bbox 2804 2638 3063 2712; x_wconf 85' lang='lat' dir='ltr'>naturae‚</span> <span class='ocrx_word' id='word_1_478' title='bbox 3114 2638 3214 2697; x_wconf 84' lang='lat' dir='ltr'>vel</span> <span class='ocrx_word' id='word_1_479' title='bbox 3257 2637 3339 2701; x_wconf 92' lang='lat' dir='ltr'>de</span> <span class='ocrx_word' id='word_1_480' title='bbox 3365 2637 3503 2718; x_wconf 85' lang='lat' dir='ltr'>jure</span> <span class='ocrx_word' id='word_1_481' title='bbox 3528 2641 3778 2719; x_wconf 81' lang='lat' dir='ltr'>gentium,</span> <span class='ocrx_word' id='word_1_482' title='bbox 3811 2649 3967 2703; x_wconf 66' lang='lat' dir='ltr'>utnon·</span> 
     </span>
     <span class='ocr_line' id='line_1_84' title="bbox 2635 2727 3968 2794; baseline 0.007 -9"><span class='ocrx_word' id='word_1_483' title='bbox 2635 2730 2783 2787; x_wconf 90' lang='lat' dir='ltr'>runt</span> <span class='ocrx_word' id='word_1_484' title='bbox 2818 2727 2998 2788; x_wconf 87' lang='lat' dir='ltr'>Suar.</span> <span class='ocrx_word' id='word_1_485' title='bbox 3034 2728 3094 2789; x_wconf 91' lang='lat' dir='ltr'>d.</span> <span class='ocrx_word' id='word_1_486' title='bbox 3130 2729 3237 2791; x_wconf 88' lang='lat' dir='ltr'>lib.</span> <span class='ocrx_word' id='word_1_487' title='bbox 3276 2733 3355 2792; x_wconf 89' lang='lat' dir='ltr'>X.</span> <span class='ocrx_word' id='word_1_488' title='bbox 3391 2749 3445 2794; x_wconf 89' lang='lat' dir='ltr'>c.</span> <span class='ocrx_word' id='word_1_489' title='bbox 3474 2748 3578 2794; x_wconf 76' lang='grc' dir='ltr'>ΧΠ.</span> <span class='ocrx_word' id='word_1_490' title='bbox 3608 2752 3745 2794; x_wconf 90' lang='lat' dir='ltr'>num.</span> <span class='ocrx_word' id='word_1_491' title='bbox 3769 2738 3809 2793; x_wconf 69' lang='lat'>2.</span> <span class='ocrx_word' id='word_1_492' title='bbox 3832 2737 3968 2794; x_wconf 76' lang='lat' dir='ltr'>elSan-</span> 
     </span>
     <span class='ocr_line' id='line_1_85' title="bbox 2635 2817 3966 2906; baseline 0.004 -28"><span class='ocrx_word' id='word_1_493' title='bbox 2635 2817 2787 2879; x_wconf 88' lang='lat' dir='ltr'>cbez</span> <span class='ocrx_word' id='word_1_494' title='bbox 2816 2819 2879 2880; x_wconf 90' lang='lat' dir='ltr'>d.</span> <span class='ocrx_word' id='word_1_495' title='bbox 2914 2838 2970 2881; x_wconf 93' lang='lat' dir='ltr'>c.</span> <span class='ocrx_word' id='word_1_496' title='bbox 3003 2823 3161 2883; x_wconf 88' lang='lat' dir='ltr'>VIII.</span> <span class='ocrx_word' id='word_1_497' title='bbox 3195 2822 3353 2886; x_wconf 91' lang='lat' dir='ltr'>dub.</span> <span class='ocrx_word' id='word_1_498' title='bbox 3389 2841 3433 2886; x_wconf 93' lang='lat'>1.</span> <span class='ocrx_word' id='word_1_499' title='bbox 3468 2845 3567 2887; x_wconf 89' lang='lat' dir='ltr'>nu.</span> <span class='ocrx_word' id='word_1_500' title='bbox 3596 2828 3646 2887; x_wconf 87' lang='grc'>3.</span> <span class='ocrx_word' id='word_1_501' title='bbox 3674 2826 3966 2906; x_wconf 57' lang='lat' dir='ltr'>quialimaffe</span> 
     </span>
     <span class='ocr_line' id='line_1_86' title="bbox 2633 2913 3966 2997; baseline 0.002 -25"><span class='ocrx_word' id='word_1_502' title='bbox 2633 2915 2800 2989; x_wconf 87' lang='lat' dir='ltr'>runt,</span> <span class='ocrx_word' id='word_1_503' title='bbox 2861 2916 2925 2974; x_wconf 89' lang='lat' dir='ltr'>et</span> <span class='ocrx_word' id='word_1_504' title='bbox 2967 2913 3177 2993; x_wconf 85' lang='lat' dir='ltr'>colligi</span> <span class='ocrx_word' id='word_1_505' title='bbox 3206 2922 3420 2995; x_wconf 81' lang='lat' dir='ltr'>potest</span> <span class='ocrx_word' id='word_1_506' title='bbox 3463 2937 3534 2978; x_wconf 84' lang='lat' dir='ltr'>ex</span> <span class='ocrx_word' id='word_1_507' title='bbox 3574 2919 3825 2997; x_wconf 80' lang='lat' dir='ltr'>privilegio</span> <span class='ocrx_word' id='word_1_508' title='bbox 3854 2918 3966 2977; x_wconf 72' lang='lat' dir='ltr'>bacin</span> 
     </span>
     <span class='ocr_line' id='line_1_87' title="bbox 2634 3006 3967 3088; baseline 0.002 -23"><span class='ocrx_word' id='word_1_509' title='bbox 2634 3007 2814 3083; x_wconf 86' lang='lat' dir='ltr'>parte</span> <span class='ocrx_word' id='word_1_510' title='bbox 2872 3006 3084 3068; x_wconf 91' lang='lat' dir='ltr'>multis</span> <span class='ocrx_word' id='word_1_511' title='bbox 3153 3008 3560 3087; x_wconf 82' lang='lat' dir='ltr'>religionibus</span> <span class='ocrx_word' id='word_1_512' title='bbox 3608 3029 3846 3087; x_wconf 84' lang='lat' dir='ltr'>concesso,</span> <span class='ocrx_word' id='word_1_513' title='bbox 3879 3009 3967 3088; x_wconf 70' lang='lat' dir='ltr'>quod</span> 
     </span>
     <span class='ocr_line' id='line_1_88' title="bbox 2636 3096 3969 3182; baseline 0.004 -26"><span class='ocrx_word' id='word_1_514' title='bbox 2636 3096 2906 3159; x_wconf 80' lang='lat' dir='ltr'>refertur</span> <span class='ocrx_word' id='word_1_515' title='bbox 2942 3099 3006 3158; x_wconf 90' lang='lat' dir='ltr'>in</span> <span class='ocrx_word' id='word_1_516' title='bbox 3034 3102 3414 3179; x_wconf 88' lang='lat' dir='ltr'>compendio</span> <span class='ocrx_word' id='word_1_517' title='bbox 3439 3105 3827 3182; x_wconf 69' lang='lat' dir='ltr'>&#39;privilegiorum</span> <span class='ocrx_word' id='word_1_518' title='bbox 3844 3112 3969 3162; x_wconf 60' lang='lat' dir='ltr'>nostra</span> 
     </span>
     <span class='ocr_line' id='line_1_89' title="bbox 2637 3190 3966 3276; baseline 0 -25"><span class='ocrx_word' id='word_1_519' title='bbox 2637 3190 2950 3253; x_wconf 88' lang='lat' dir='ltr'>societatis</span> <span class='ocrx_word' id='word_1_520' title='bbox 2978 3193 3153 3255; x_wconf 89' lang='lat' dir='ltr'>verb.</span> <span class='ocrx_word' id='word_1_521' title='bbox 3186 3196 3491 3272; x_wconf 67' lang='lat' dir='ltr'>cor-rectia,</span> <span class='ocrx_word' id='word_1_522' title='bbox 3533 3199 3585 3276; x_wconf 63' lang='grc' dir='ltr'>ς.</span> <span class='ocrx_word' id='word_1_523' title='bbox 3614 3213 3650 3258; x_wconf 93' lang='lat'>1.</span> <span class='ocrx_word' id='word_1_524' title='bbox 3685 3196 3767 3257; x_wconf 85' lang='lat' dir='ltr'>uhi</span> <span class='ocrx_word' id='word_1_525' title='bbox 3789 3196 3966 3256; x_wconf 60' lang='lat' dir='ltr'>habam:</span> 
     </span>
     <span class='ocr_line' id='line_1_90' title="bbox 2648 3283 3969 3368; baseline 0.004 -27"><span class='ocrx_word' id='word_1_526' title='bbox 2648 3284 2752 3343; x_wconf 89' lang='lat' dir='ltr'>«In</span> <span class='ocrx_word' id='word_1_527' title='bbox 2775 3283 3128 3363; x_wconf 84' lang='lat' dir='ltr'>infligendis</span> <span class='ocrx_word' id='word_1_528' title='bbox 3145 3288 3969 3368; x_wconf 51' lang='lat' dir='ltr'>correctionibus‚etpunitionibus</span> 
     </span>
     <span class='ocr_line' id='line_1_91' title="bbox 2637 3378 3966 3461; baseline 0.003 -26"><span class='ocrx_word' id='word_1_529' title='bbox 2637 3380 2993 3437; x_wconf 87' lang='lat' dir='ltr'>nostrorum</span> <span class='ocrx_word' id='word_1_530' title='bbox 3014 3378 3535 3458; x_wconf 86' lang='lat' dir='ltr'>delinquentium,</span> <span class='ocrx_word' id='word_1_531' title='bbox 3565 3381 3759 3461; x_wconf 79' lang='lat' dir='ltr'>praelati</span> <span class='ocrx_word' id='word_1_532' title='bbox 3774 3379 3966 3449; x_wconf 58' lang='lat' dir='ltr'>saeculis,</span> 
     </span>
     <span class='ocr_line' id='line_1_92' title="bbox 2639 3468 3969 3554; baseline 0.002 -26"><span class='ocrx_word' id='word_1_533' title='bbox 2639 3468 2714 3528; x_wconf 92' lang='lat' dir='ltr'>ad</span> <span class='ocrx_word' id='word_1_534' title='bbox 2749 3487 2906 3547; x_wconf 87' lang='lat' dir='ltr'>quos</span> <span class='ocrx_word' id='word_1_535' title='bbox 2935 3470 2999 3530; x_wconf 88' lang='lat' dir='ltr'>id</span> <span class='ocrx_word' id='word_1_536' title='bbox 3029 3473 3313 3533; x_wconf 90' lang='lat' dir='ltr'>noscitur</span> <span class='ocrx_word' id='word_1_537' title='bbox 3342 3481 3641 3554; x_wconf 82' lang='lat' dir='ltr'>spectare,</span> <span class='ocrx_word' id='word_1_538' title='bbox 3668 3472 3910 3552; x_wconf 74' lang='lat' dir='ltr'>postpositis</span> <span class='ocrx_word' id='word_1_539' title='bbox 3919 3472 3969 3545; x_wconf 54' lang='lat' dir='ltr'>jn</span> 
     </span>
     <span class='ocr_line' id='line_1_93' title="bbox 2636 3559 3971 3646; baseline 0.002 -26"><span class='ocrx_word' id='word_1_540' title='bbox 2636 3559 2723 3621; x_wconf 89' lang='lat' dir='ltr'>ris</span> <span class='ocrx_word' id='word_1_541' title='bbox 2751 3561 3055 3640; x_wconf 82' lang='lat' dir='ltr'>apicibuS,</span> <span class='ocrx_word' id='word_1_542' title='bbox 3088 3564 3285 3625; x_wconf 89' lang='lat' dir='ltr'>libere</span> <span class='ocrx_word' id='word_1_543' title='bbox 3307 3567 3634 3646; x_wconf 87' lang='lat' dir='ltr'>procedere</span> <span class='ocrx_word' id='word_1_544' title='bbox 3650 3571 3971 3646; x_wconf 73' lang='lat' dir='ltr'>possuntseeu-</span> 
     </span>
     <span class='ocr_line' id='line_1_94' title="bbox 2638 3652 3971 3739; baseline 0.002 -26"><span class='ocrx_word' id='word_1_545' title='bbox 2638 3652 2790 3714; x_wconf 92' lang='lat' dir='ltr'>dum</span> <span class='ocrx_word' id='word_1_546' title='bbox 2819 3657 3306 3719; x_wconf 88' lang='lat' dir='ltr'>consuetudines</span> <span class='ocrx_word' id='word_1_547' title='bbox 3335 3661 3704 3739; x_wconf 74' lang='lat' dir='ltr'>approbatas,</span> <span class='ocrx_word' id='word_1_548' title='bbox 3729 3655 3971 3735; x_wconf 45' lang='lat' dir='ltr'>etheaetaia</span> 
     </span>
     <span class='ocr_line' id='line_1_95' title="bbox 2636 3745 3971 3829; baseline -0.001 -22"><span class='ocrx_word' id='word_1_549' title='bbox 2636 3746 2920 3809; x_wconf 88' lang='lat' dir='ltr'>instituta</span> <span class='ocrx_word' id='word_1_550' title='bbox 2950 3749 3281 3812; x_wconf 84' lang='lat' dir='ltr'>Societatis</span> <span class='ocrx_word' id='word_1_551' title='bbox 3326 3752 3515 3829; x_wconf 82' lang='lat' dir='ltr'>sacta,</span> <span class='ocrx_word' id='word_1_552' title='bbox 3560 3756 3656 3813; x_wconf 84' lang='lat' dir='ltr'>aut</span> <span class='ocrx_word' id='word_1_553' title='bbox 3676 3749 3889 3821; x_wconf 74' lang='lat' dir='ltr'>facienda,</span> <span class='ocrx_word' id='word_1_554' title='bbox 3916 3745 3971 3806; x_wconf 66' lang='lat' dir='ltr'>ob»</span> 
     </span>
     <span class='ocr_line' id='line_1_96' title="bbox 2639 3839 3972 3921; baseline 0 -23"><span class='ocrx_word' id='word_1_555' title='bbox 2639 3839 2899 3900; x_wconf 88' lang='lat' dir='ltr'>servatis</span> <span class='ocrx_word' id='word_1_556' title='bbox 2943 3840 3008 3900; x_wconf 91' lang='lat' dir='ltr'>in</span> <span class='ocrx_word' id='word_1_557' title='bbox 3040 3842 3158 3903; x_wconf 86' lang='lat' dir='ltr'>hoc</span> <span class='ocrx_word' id='word_1_558' title='bbox 3183 3842 3642 3921; x_wconf 84' lang='lat' dir='ltr'>deliberatione,</span> <span class='ocrx_word' id='word_1_559' title='bbox 3683 3840 3972 3903; x_wconf 48' lang='lat' dir='ltr'>ecmannus*</span> 
     </span>
     <span class='ocr_line' id='line_1_97' title="bbox 2638 3930 3973 4005; baseline 0.004 -14"><span class='ocrx_word' id='word_1_560' title='bbox 2638 3931 2869 3993; x_wconf 87' lang='lat' dir='ltr'>debita.</span> <span class='ocrx_word' id='word_1_561' title='bbox 2903 3954 2932 3990; x_wconf 69' lang='grc' dir='ltr'><strong>υ</strong></span> <span class='ocrx_word' id='word_1_562' title='bbox 2971 3934 3149 4005; x_wconf 90' lang='lat' dir='ltr'>Quod</span> <span class='ocrx_word' id='word_1_563' title='bbox 3177 3935 3264 3995; x_wconf 93' lang='lat' dir='ltr'>ibi</span> <span class='ocrx_word' id='word_1_564' title='bbox 3294 3938 3562 3998; x_wconf 86' lang='lat' dir='ltr'>refertur</span> <span class='ocrx_word' id='word_1_565' title='bbox 3583 3951 3859 3997; x_wconf 80' lang='lat' dir='ltr'>conoessum</span> <span class='ocrx_word' id='word_1_566' title='bbox 3876 3930 3973 3989; x_wconf 59' lang='lat' dir='ltr'>affl*</span> 
     </span>
     <span class='ocr_line' id='line_1_98' title="bbox 2638 4023 3975 4107; baseline 0.002 -24"><span class='ocrx_word' id='word_1_567' title='bbox 2638 4023 2865 4084; x_wconf 86' lang='lat' dir='ltr'>nifacio</span> <span class='ocrx_word' id='word_1_568' title='bbox 2895 4026 2994 4086; x_wconf 83' lang='lat' dir='ltr'>lx.</span> <span class='ocrx_word' id='word_1_569' title='bbox 3041 4028 3416 4107; x_wconf 87' lang='lat' dir='ltr'>Minoribus,</span> <span class='ocrx_word' id='word_1_570' title='bbox 3470 4031 3567 4091; x_wconf 87' lang='lat' dir='ltr'>ubi</span> <span class='ocrx_word' id='word_1_571' title='bbox 3593 4039 3734 4103; x_wconf 69' lang='lat' dir='ltr'>nota,</span> <span class='ocrx_word' id='word_1_572' title='bbox 3775 4029 3975 4085; x_wconf 64' lang='lat' dir='ltr'>bant-‹wn-</span> 
     </span>
     <span class='ocr_line' id='line_1_99' title="bbox 2637 4109 3973 4183; baseline 0 -6"><span class='ocrx_word' id='word_1_573' title='bbox 2637 4118 2984 4178; x_wconf 88' lang='lat' dir='ltr'>cessionem</span> <span class='ocrx_word' id='word_1_574' title='bbox 3012 4138 3138 4180; x_wconf 91' lang='lat' dir='ltr'>non</span> <span class='ocrx_word' id='word_1_575' title='bbox 3165 4121 3361 4183; x_wconf 86' lang='lat' dir='ltr'>fuisse</span> <span class='ocrx_word' id='word_1_576' title='bbox 3378 4123 3534 4182; x_wconf 77' lang='lat' dir='ltr'>vivae</span> <span class='ocrx_word' id='word_1_577' title='bbox 3550 4121 3695 4182; x_wconf 82' lang='lat' dir='ltr'>vocis</span> <span class='ocrx_word' id='word_1_578' title='bbox 3712 4117 3899 4179; x_wconf 82' lang='lat' dir='ltr'>oraculo.</span> <span class='ocrx_word' id='word_1_579' title='bbox 3916 4109 3973 4170; x_wconf 61' lang='lat' dir='ltr'>sed</span> 
     </span>
     <span class='ocr_line' id='line_1_100' title="bbox 2638 4209 3974 4291; baseline -0.001 -22"><span class='ocrx_word' id='word_1_580' title='bbox 2638 4227 2752 4289; x_wconf 87' lang='lat' dir='ltr'>per</span> <span class='ocrx_word' id='word_1_581' title='bbox 2777 4209 3039 4287; x_wconf 89' lang='lat' dir='ltr'>litteras,</span> <span class='ocrx_word' id='word_1_582' title='bbox 3088 4216 3161 4274; x_wconf 90' lang='lat' dir='ltr'>ut</span> <span class='ocrx_word' id='word_1_583' title='bbox 3206 4212 3439 4277; x_wconf 83' lang='lat' dir='ltr'>dicitur</span> <span class='ocrx_word' id='word_1_584' title='bbox 3474 4215 3533 4274; x_wconf 95' lang='lat' dir='ltr'>in</span> <span class='ocrx_word' id='word_1_585' title='bbox 3563 4209 3974 4291; x_wconf 72' lang='lat' dir='ltr'>compendiullino·</span> 
     </span>
     <span class='ocr_line' id='line_1_101' title="bbox 2636 4303 3975 4387; baseline -0.001 -26"><span class='ocrx_word' id='word_1_586' title='bbox 2636 4321 2800 4379; x_wconf 90' lang='lat' dir='ltr'>rum,</span> <span class='ocrx_word' id='word_1_587' title='bbox 2834 4304 3009 4365; x_wconf 87' lang='lat' dir='ltr'>verb.</span> <span class='ocrx_word' id='word_1_588' title='bbox 3049 4303 3351 4368; x_wconf 69' lang='lat' dir='ltr'>Correctio</span> <span class='ocrx_word' id='word_1_589' title='bbox 3368 4309 3634 4387; x_wconf 66' lang='lat' dir='ltr'>fratrum,</span> <span class='ocrx_word' id='word_1_590' title='bbox 3659 4306 3705 4384; x_wconf 62' lang='grc' dir='ltr'>ἓ.</span> <span class='ocrx_word' id='word_1_591' title='bbox 3728 4306 3975 4365; x_wconf 52' lang='lat' dir='ltr'>mactem</span> 
     </span>
     <span class='ocr_line' id='line_1_102' title="bbox 2638 4393 3974 4462; baseline -0.007 -8"><span class='ocrx_word' id='word_1_592' title='bbox 2638 4396 2784 4455; x_wconf 91' lang='lat' dir='ltr'>dem</span> <span class='ocrx_word' id='word_1_593' title='bbox 2813 4396 3046 4456; x_wconf 90' lang='lat' dir='ltr'>bullam</span> <span class='ocrx_word' id='word_1_594' title='bbox 3072 4399 3262 4459; x_wconf 87' lang='lat' dir='ltr'>etiam</span> <span class='ocrx_word' id='word_1_595' title='bbox 3293 4418 3642 4462; x_wconf 87' lang='lat' dir='ltr'>concessam</span> <span class='ocrx_word' id='word_1_596' title='bbox 3678 4398 3819 4458; x_wconf 78' lang='lat' dir='ltr'>fuisse</span> <span class='ocrx_word' id='word_1_597' title='bbox 3838 4412 3860 4449; x_wconf 78' lang='lat' dir='ltr'>a</span> <span class='ocrx_word' id='word_1_598' title='bbox 3879 4393 3974 4450; x_wconf 49' lang='lat' dir='ltr'>Bon*</span> 
     </span>
     <span class='ocr_line' id='line_1_103' title="bbox 2638 4480 3975 4571; baseline 0.001 -24"><span class='ocrx_word' id='word_1_599' title='bbox 2638 4488 2796 4548; x_wconf 88' lang='lat' dir='ltr'>facio</span> <span class='ocrx_word' id='word_1_600' title='bbox 2825 4490 2984 4550; x_wconf 87' lang='lat' dir='ltr'>v111.</span> <span class='ocrx_word' id='word_1_601' title='bbox 3019 4489 3287 4552; x_wconf 89' lang='lat' dir='ltr'>habetur</span> <span class='ocrx_word' id='word_1_602' title='bbox 3310 4492 3398 4552; x_wconf 90' lang='lat' dir='ltr'>ibi</span> <span class='ocrx_word' id='word_1_603' title='bbox 3424 4494 3481 4571; x_wconf 65' lang='grc' dir='ltr'>ἓ.</span> <span class='ocrx_word' id='word_1_604' title='bbox 3506 4509 3585 4553; x_wconf 77' lang='lat' dir='ltr'>vl.</span> <span class='ocrx_word' id='word_1_605' title='bbox 3614 4497 3669 4551; x_wconf 87' lang='lat' dir='ltr'>et</span> <span class='ocrx_word' id='word_1_606' title='bbox 3691 4480 3975 4548; x_wconf 48' lang='lat' dir='ltr'>atrei-urb&amp;</span> 
     </span>
     <span class='ocr_line' id='line_1_104' title="bbox 2636 4580 3976 4664; baseline 0.001 -25"><span class='ocrx_word' id='word_1_607' title='bbox 2636 4580 2701 4640; x_wconf 91' lang='lat' dir='ltr'>in</span> <span class='ocrx_word' id='word_1_608' title='bbox 2728 4580 3003 4641; x_wconf 88' lang='lat' dir='ltr'>Bullario</span> <span class='ocrx_word' id='word_1_609' title='bbox 3029 4584 3416 4662; x_wconf 88' lang='lat' dir='ltr'>regularium</span> <span class='ocrx_word' id='word_1_610' title='bbox 3445 4586 3600 4664; x_wconf 87' lang='lat' dir='ltr'>apud</span> <span class='ocrx_word' id='word_1_611' title='bbox 3622 4583 3819 4658; x_wconf 81' lang='lat' dir='ltr'>Rodrig.</span> <span class='ocrx_word' id='word_1_612' title='bbox 3835 4580 3976 4655; x_wconf 63' lang='lat' dir='ltr'>quaeffii</span> 
     </span>
     <span class='ocr_line' id='line_1_105' title="bbox 2636 4671 3977 4742; baseline 0.001 -10"><span class='ocrx_word' id='word_1_613' title='bbox 2636 4672 2807 4733; x_wconf 86' lang='lat' dir='ltr'>bulla</span> <span class='ocrx_word' id='word_1_614' title='bbox 2834 4675 3109 4735; x_wconf 88' lang='lat' dir='ltr'>secunda</span> <span class='ocrx_word' id='word_1_615' title='bbox 3135 4677 3443 4739; x_wconf 84' lang='lat' dir='ltr'>Bonifacii</span> <span class='ocrx_word' id='word_1_616' title='bbox 3466 4680 3613 4740; x_wconf 87' lang='lat' dir='ltr'>VIII.</span> <span class='ocrx_word' id='word_1_617' title='bbox 3640 4682 3694 4736; x_wconf 82' lang='lat' dir='ltr'>et</span> <span class='ocrx_word' id='word_1_618' title='bbox 3713 4671 3977 4742; x_wconf 51' lang='lat' dir='ltr'>similiter?a</span> 
     </span>
     <span class='ocr_line' id='line_1_106' title="bbox 2638 4761 3975 4855; baseline 0.001 -30"><span class='ocrx_word' id='word_1_619' title='bbox 2638 4765 2878 4826; x_wconf 87' lang='lat' dir='ltr'>litteras</span> <span class='ocrx_word' id='word_1_620' title='bbox 2898 4766 3192 4847; x_wconf 81' lang='lat' dir='ltr'>ejusdem</span> <span class='ocrx_word' id='word_1_621' title='bbox 3220 4771 3524 4832; x_wconf 84' lang='lat' dir='ltr'>Bonifacii</span> <span class='ocrx_word' id='word_1_622' title='bbox 3559 4783 3847 4832; x_wconf 79' lang='lat' dir='ltr'>concessum</span> <span class='ocrx_word' id='word_1_623' title='bbox 3875 4761 3975 4855; x_wconf 49' lang='lat' dir='ltr'>fifissf</span> 
     </span>
     <span class='ocr_line' id='line_1_107' title="bbox 2637 4851 3976 4953; baseline 0.001 -33"><span class='ocrx_word' id='word_1_624' title='bbox 2637 4859 3083 4935; x_wconf 77' lang='lat' dir='ltr'>DominicaniS,</span> <span class='ocrx_word' id='word_1_625' title='bbox 3143 4860 3415 4923; x_wconf 89' lang='lat' dir='ltr'>habetur</span> <span class='ocrx_word' id='word_1_626' title='bbox 3460 4864 3519 4922; x_wconf 90' lang='lat' dir='ltr'>in</span> <span class='ocrx_word' id='word_1_627' title='bbox 3564 4877 3747 4922; x_wconf 89' lang='lat' dir='ltr'>eorum</span> <span class='ocrx_word' id='word_1_628' title='bbox 3774 4851 3976 4953; x_wconf 58' lang='lat' dir='ltr'>prifflfgffi</span> 
     </span>
     <span class='ocr_line' id='line_1_108' title="bbox 2638 4942 3976 5048; baseline 0.003 -38"><span class='ocrx_word' id='word_1_629' title='bbox 2638 4950 2745 5014; x_wconf 85' lang='lat' dir='ltr'>fol.</span> <span class='ocrx_word' id='word_1_630' title='bbox 2774 4954 2874 5012; x_wconf 87' lang='grc'>66.</span> <span class='ocrx_word' id='word_1_631' title='bbox 2908 4951 3028 5015; x_wconf 85' lang='lat' dir='ltr'>litt.</span> <span class='ocrx_word' id='word_1_632' title='bbox 3061 4954 3135 5014; x_wconf 92' lang='lat' dir='ltr'>D.</span> <span class='ocrx_word' id='word_1_633' title='bbox 3180 4960 3374 5033; x_wconf 88' lang='lat' dir='ltr'>atque</span> <span class='ocrx_word' id='word_1_634' title='bbox 3404 4956 3587 5017; x_wconf 87' lang='lat' dir='ltr'>etiam</span> <span class='ocrx_word' id='word_1_635' title='bbox 3612 4942 3976 5048; x_wconf 51' lang='lat' dir='ltr'>oistereiensbuss</span> 
     </span>
     <span class='ocr_line' id='line_1_109' title="bbox 2640 5027 3977 5140; baseline -0.003 -36"><span class='ocrx_word' id='word_1_636' title='bbox 2640 5047 2707 5104; x_wconf 87' lang='lat' dir='ltr'>ut</span> <span class='ocrx_word' id='word_1_637' title='bbox 2735 5048 2980 5107; x_wconf 89' lang='lat' dir='ltr'>constat</span> <span class='ocrx_word' id='word_1_638' title='bbox 3006 5065 3082 5105; x_wconf 83' lang='lat' dir='ltr'>ex</span> <span class='ocrx_word' id='word_1_639' title='bbox 3099 5045 3269 5108; x_wconf 89' lang='lat' dir='ltr'>bulla</span> <span class='ocrx_word' id='word_1_640' title='bbox 3287 5064 3349 5110; x_wconf 86' lang='lat' dir='ltr'>x.</span> <span class='ocrx_word' id='word_1_641' title='bbox 3376 5048 3642 5128; x_wconf 88' lang='lat' dir='ltr'>ejusdem</span> <span class='ocrx_word' id='word_1_642' title='bbox 3658 5027 3977 5140; x_wconf 54' lang='lat' dir='ltr'>Bonifamimd</span> 
     </span>
     <span class='ocr_line' id='line_1_110' title="bbox 2641 5132 3977 5219; baseline 0.002 -22"><span class='ocrx_word' id='word_1_643' title='bbox 2641 5136 2898 5216; x_wconf 86' lang='lat' dir='ltr'>Rodrig.</span> <span class='ocrx_word' id='word_1_644' title='bbox 2946 5137 3082 5199; x_wconf 91' lang='lat' dir='ltr'>loco</span> <span class='ocrx_word' id='word_1_645' title='bbox 3112 5139 3217 5201; x_wconf 88' lang='lat' dir='ltr'>cit.</span> <span class='ocrx_word' id='word_1_646' title='bbox 3269 5142 3478 5219; x_wconf 89' lang='lat' dir='ltr'>Atque</span> <span class='ocrx_word' id='word_1_647' title='bbox 3523 5140 3690 5200; x_wconf 86' lang='lat' dir='ltr'>etiam</span> <span class='ocrx_word' id='word_1_648' title='bbox 3713 5132 3900 5197; x_wconf 70' lang='lat' dir='ltr'>Minium</span> <span class='ocrx_word' id='word_1_649' title='bbox 3922 5138 3977 5200; x_wconf 61' lang='grc' dir='ltr'>ΡΗ</span> 
     </span>
     <span class='ocr_line' id='line_1_111' title="bbox 2639 5219 3977 5317; baseline -0.007 -28"><span class='ocrx_word' id='word_1_650' title='bbox 2639 5229 2876 5289; x_wconf 90' lang='lat' dir='ltr'>bullam</span> <span class='ocrx_word' id='word_1_651' title='bbox 2903 5231 2938 5291; x_wconf 89' lang='lat' dir='ltr'>J</span> <span class='ocrx_word' id='word_1_652' title='bbox 2947 5230 3050 5290; x_wconf 89' lang='lat' dir='ltr'>ulii</span> <span class='ocrx_word' id='word_1_653' title='bbox 3084 5232 3156 5291; x_wconf 89' lang='lat'>11.</span> <span class='ocrx_word' id='word_1_654' title='bbox 3190 5250 3333 5311; x_wconf 81' lang='lat' dir='ltr'>quae</span> <span class='ocrx_word' id='word_1_655' title='bbox 3363 5239 3458 5294; x_wconf 84' lang='lat' dir='ltr'>est</span> <span class='ocrx_word' id='word_1_656' title='bbox 3484 5247 3641 5293; x_wconf 74' lang='lat' dir='ltr'>xxvl.</span> <span class='ocrx_word' id='word_1_657' title='bbox 3670 5224 3878 5307; x_wconf 80' lang='lat' dir='ltr'>ejusdem</span> <span class='ocrx_word' id='word_1_658' title='bbox 3897 5219 3977 5317; x_wconf 57' lang='grc' dir='ltr'>Ιξῡῦ·</span> 
     </span>
     <span class='ocr_line' id='line_1_112' title="bbox 2641 5316 3977 5403; baseline -0.001 -19"><span class='ocrx_word' id='word_1_659' title='bbox 2641 5321 2825 5384; x_wconf 77' lang='lat' dir='ltr'>tificis</span> <span class='ocrx_word' id='word_1_660' title='bbox 2869 5342 2930 5382; x_wconf 89' lang='lat' dir='ltr'>n.</span> <span class='ocrx_word' id='word_1_661' title='bbox 2965 5324 3063 5384; x_wconf 87' lang='lat'>39.</span> <span class='ocrx_word' id='word_1_662' title='bbox 3098 5324 3267 5402; x_wconf 81' lang='lat' dir='ltr'>apud</span> <span class='ocrx_word' id='word_1_663' title='bbox 3296 5325 3546 5403; x_wconf 86' lang='lat' dir='ltr'>Rodrig.</span> <span class='ocrx_word' id='word_1_664' title='bbox 3579 5322 3671 5397; x_wconf 89' lang='lat' dir='ltr'>ibi,</span> <span class='ocrx_word' id='word_1_665' title='bbox 3712 5326 3851 5395; x_wconf 73' lang='lat' dir='ltr'>atque</span> <span class='ocrx_word' id='word_1_666' title='bbox 3876 5316 3977 5368; x_wconf 57' lang='lat'>⁶⁹³³</span> 
     </span>
     <span class='ocr_line' id='line_1_113' title="bbox 2643 5397 3978 5494; baseline -0.006 -19"><span class='ocrx_word' id='word_1_667' title='bbox 2643 5432 2938 5494; x_wconf 89' lang='lat' dir='ltr'>congreg.</span> <span class='ocrx_word' id='word_1_668' title='bbox 2989 5417 3053 5475; x_wconf 90' lang='lat' dir='ltr'>S.</span> <span class='ocrx_word' id='word_1_669' title='bbox 3085 5417 3119 5476; x_wconf 86' lang='lat' dir='ltr'>J</span> <span class='ocrx_word' id='word_1_670' title='bbox 3127 5416 3345 5478; x_wconf 80' lang='lat' dir='ltr'>ustinae</span> <span class='ocrx_word' id='word_1_671' title='bbox 3394 5418 3476 5477; x_wconf 87' lang='lat' dir='ltr'>ab</span> <span class='ocrx_word' id='word_1_672' title='bbox 3502 5413 3745 5491; x_wconf 80' lang='lat' dir='ltr'>Eugenio</span> <span class='ocrx_word' id='word_1_673' title='bbox 3765 5409 3837 5468; x_wconf 79' lang='lat' dir='ltr'>IV.</span> <span class='ocrx_word' id='word_1_674' title='bbox 3870 5397 3978 5493; x_wconf 51' lang='lat'>⁶2¹1?</span> 
     </span>
     <span class='ocr_line' id='line_1_114' title="bbox 2641 5503 3978 5595; baseline -0.003 -28"><span class='ocrx_word' id='word_1_675' title='bbox 2641 5506 2826 5568; x_wconf 84' lang='lat' dir='ltr'>betur</span> <span class='ocrx_word' id='word_1_676' title='bbox 2851 5507 2913 5567; x_wconf 92' lang='lat' dir='ltr'>in</span> <span class='ocrx_word' id='word_1_677' title='bbox 2942 5507 3115 5568; x_wconf 87' lang='lat' dir='ltr'>bulla</span> <span class='ocrx_word' id='word_1_678' title='bbox 3141 5510 3245 5569; x_wconf 83' lang='lat' dir='ltr'>lx.</span> <span class='ocrx_word' id='word_1_679' title='bbox 3284 5508 3338 5588; x_wconf 65' lang='grc'>5.</span> <span class='ocrx_word' id='word_1_680' title='bbox 3363 5525 3433 5569; x_wconf 95' lang='lat'>11.</span> <span class='ocrx_word' id='word_1_681' title='bbox 3468 5510 3527 5568; x_wconf 90' lang='lat' dir='ltr'>in</span> <span class='ocrx_word' id='word_1_682' title='bbox 3547 5503 3772 5568; x_wconf 87' lang='lat' dir='ltr'>Bullario</span> <span class='ocrx_word' id='word_1_683' title='bbox 3794 5503 3978 5595; x_wconf 57' lang='lat' dir='ltr'>comlfffflffl</span> 
     </span>
     <span class='ocr_line' id='line_1_115' title="bbox 2644 5578 3976 5681; baseline -0.005 -22"><span class='ocrx_word' id='word_1_684' title='bbox 2644 5603 2797 5660; x_wconf 87' lang='lat' dir='ltr'>tom.</span> <span class='ocrx_word' id='word_1_685' title='bbox 2831 5616 2874 5661; x_wconf 87' lang='lat'>1.</span> <span class='ocrx_word' id='word_1_686' title='bbox 2911 5604 2974 5661; x_wconf 87' lang='lat' dir='ltr'>et</span> <span class='ocrx_word' id='word_1_687' title='bbox 3001 5601 3306 5681; x_wconf 86' lang='lat' dir='ltr'>Congreg.</span> <span class='ocrx_word' id='word_1_688' title='bbox 3340 5602 3561 5663; x_wconf 84' lang='lat' dir='ltr'>Montis</span> <span class='ocrx_word' id='word_1_689' title='bbox 3578 5595 3762 5662; x_wconf 77' lang='lat' dir='ltr'>Oliveti</span> <span class='ocrx_word' id='word_1_690' title='bbox 3781 5578 3976 5653; x_wconf 71' lang='lat' dir='ltr'>aluhofl·</span> 
     </span>
    </p>
   </div>
   <div class='ocr_carea' id='block_1_13' title="bbox 4056 262 4060 1293">
    <p class='ocr_par' dir='ltr' id='par_1_14' title="bbox 4056 262 4060 1293">
     <span class='ocr_line' id='line_1_116' title="bbox 4056 262 4060 1293; baseline 0 0"><span class='ocrx_word' id='word_1_691' title='bbox 4056 262 4060 1293; x_wconf 95' lang='lat' dir='ltr'> </span> 
     </span>
    </p>
   </div>
   <div class='ocr_carea' id='block_1_14' title="bbox 4055 1658 4061 3007">
    <p class='ocr_par' dir='ltr' id='par_1_15' title="bbox 4055 1658 4061 3007">
     <span class='ocr_line' id='line_1_117' title="bbox 4055 1658 4061 3007; baseline 0 0"><span class='ocrx_word' id='word_1_692' title='bbox 4055 1658 4061 3007; x_wconf 95' lang='lat' dir='ltr'> </span> 
     </span>
    </p>
   </div>
   <div class='ocr_carea' id='block_1_15' title="bbox 4054 1658 4064 4602">
    <p class='ocr_par' dir='ltr' id='par_1_16' title="bbox 4054 1658 4064 4602">
     <span class='ocr_line' id='line_1_118' title="bbox 4054 1658 4064 4602; baseline 0 0"><span class='ocrx_word' id='word_1_693' title='bbox 4054 1658 4064 4602; x_wconf 95' lang='lat' dir='ltr'> </span> 
     </span>
    </p>
   </div>
  </div>
 </body>
</html>
