4263 6376
1115 252 1586 314 DlSPU'PATIO
1631 251 1848 328 XXVI,
1896 251 2173 313 SEC'rlo
2219 252 2379 313 XVI.

189 431 329 511 petit
354 449 531 512 posse
560 431 712 493 dare
739 431 1004 494 subditis
1029 431 1202 492 illam
1228 430 1543 492 licentiam
1568 475 1583 505 ,
1616 429 1703 490 ita

191 530 251 584 ut
288 525 567 585 subditus
622 544 763 584 cum
819 543 1035 585 eorum
1087 524 1339 584 licentia
1394 522 1701 602 ejusmodi

190 636 399 677 munus
443 633 740 678 exercens
770 635 894 677 non
920 621 1138 696 peccet
1165 616 1541 691 mortaliter,
1590 632 1701 675 nec

188 711 361 770 faeiat
387 715 603 769 contra
632 710 837 788 legem
866 710 1255 770 canonicam.
1304 711 1371 769 In
1404 708 1701 787 praedicto

189 808 380 863 autem
408 803 542 862 loco
574 807 930 862 nostrarum
960 802 1471 863 constitutionum
1501 801 1701 861 solum

190 901 522 956 reservatur
565 896 845 974 generali
886 896 1147 956 facultas
1192 895 1595 974 dispensandi
1638 895 1702 954 in

192 989 312 1068 ipsa
362 988 799 1049 constitutione
857 995 1098 1064 nostra,
1161 1007 1286 1067 qua
1337 988 1706 1067 prohibetur

193 1083 398 1142 nostris
424 1082 547 1141 tale
577 1099 825 1141 munus.
888 1084 1042 1141 Cum
1088 1086 1297 1141 autem
1345 1075 1705 1141 constitutio

193 1180 387 1234 nostra
414 1178 724 1252 quatenus
753 1174 893 1234 talis
922 1179 1034 1246 est,
1059 1193 1179 1234 non
1212 1173 1447 1251 obliget
1474 1172 1552 1232 ad
1582 1173 1708 1232 cul-

191 1286 342 1346 pam,
369 1267 476 1326 sed
507 1267 713 1327 solum
742 1270 813 1326 ut
838 1267 1076 1345 regula,
1102 1285 1491 1346 consequens
1520 1270 1614 1326 est
1642 1271 1712 1327 ut

190 1359 456 1420 subditus
502 1378 698 1437 agens
744 1364 964 1422 contra
998 1360 1168 1421 illam
1207 1359 1709 1421 constitutionem

189 1453 309 1512 sine
337 1451 468 1530 ejus
497 1451 782 1528 legitima
810 1452 1304 1532 dispensatione,
1339 1471 1462 1512 non
1494 1454 1713 1530 peccet

189 1545 449 1623 graviter
475 1563 548 1604 ex
581 1563 658 1605 eo
685 1547 889 1623 capite
910 1593 923 1620 ,
976 1546 1138 1606 sicut
1166 1564 1279 1606 nec
1308 1545 1591 1624 superior
1617 1550 1713 1607 ta-

192 1639 302 1698 lem
329 1637 643 1698 licentiam
672 1638 1045 1698 concedens.
1108 1640 1336 1699 Contra
1363 1638 1567 1717 legem
1596 1657 1710 1698 au-

190 1736 303 1790 tem
331 1732 701 1791 canonicam
730 1748 853 1792 non
885 1729 1134 1790 videtur
1177 1748 1311 1790 esse
1355 1735 1708 1809 peccatum,

191 1842 320 1883 cum
346 1822 478 1882 haec
506 1824 716 1884 solum
770 1823 1105 1902 prohibeat
1157 1823 1523 1884 exercitium
1553 1823 1715 1882 illius

192 1916 449 1974 muneris
478 1916 615 1975 sine
634 1934 943 1976 consensu
976 1916 1215 1993 proelati
1246 1916 1464 1976 saltem
1495 1916 1717 1976 imme-

192 2009 350 2070 diati.
393 2008 635 2086 Regula
666 2027 815 2068 vero
847 2014 1057 2068 nostra
1087 2027 1211 2068 non
1244 2009 1446 2070 aufert
1474 2009 1552 2067 ab
1581 2008 1716 2068 aliis

192 2101 602 2178 superioribus
630 2105 1028 2180 potestatem,
1055 2120 1243 2180 quam
1274 2102 1350 2161 de
1372 2101 1514 2181 jure
1544 2119 1713 2162 com·

192 2193 350 2253 muni
378 2193 738 2269 habebant,
771 2193 880 2253 sed
909 2194 1109 2254 solum
1141 2212 1262 2254 non
1290 2194 1577 2255 concedit
1603 2212 1715 2273 po-

194 2291 461 2346 testatem
490 2286 902 2365 dispensandi
932 2287 992 2345 in
1021 2287 1440 2364 prohibitione
1461 2287 1626 2348 facta
1654 2288 1718 2346 in

194 2378 394 2439 eadem
424 2380 893 2450 constitutione,
930 2380 1096 2459 quod
1129 2379 1334 2458 colligi
1366 2380 1616 2442 videtur
1644 2399 1721 2439 ex

194 2471 315 2550 ejus
339 2473 567 2546 verbis,
603 2491 747 2551 quae
777 2472 864 2533 sic
894 2491 958 2532 se
992 2471 1224 2533 habent
1257 2492 1270 2533 :
1313 2495 1341 2528 «
1370 2474 1451 2534 Ut
1477 2472 1721 2552 plenius

195 2565 372 2642 possit
395 2565 667 2625 societas
689 2564 875 2625 rebus
894 2564 1319 2643 spiritualibus
1341 2565 1521 2644 juxta
1538 2582 1723 2625 suum

195 2657 527 2718 institutum
556 2675 790 2718 vacare
816 2703 831 2733 ,
876 2657 1082 2736 quoad
1129 2656 1263 2736 ejus
1304 2656 1438 2717 fieri
1470 2658 1718 2736 poterit,

195 2769 229 2810 a
276 2750 535 2830 negotiis
590 2749 1001 2811 saecularibus
1055 2750 1411 2812 abstineant
1464 2751 1485 2829 (
1514 2751 1725 2829 qualia

195 2850 325 2904 sunt
350 2843 967 2904 testamentariorum
990 2887 1006 2919 ,
1039 2843 1140 2904 vel
1168 2848 1592 2920 executorum,
1625 2842 1725 2903 vel

197 2942 667 3015 procuratorum
696 2955 905 2996 rerum
934 2936 1241 3011 civilium,
1295 2940 1404 2996 aut
1432 2937 1494 2996 id
1523 2954 1724 3014 genus

198 3029 407 3107 officia)
442 3048 559 3089 nec
587 3047 667 3088 ea
699 3029 835 3089 ullis
866 3028 1154 3106 precibus
1182 3028 1460 3105 adducti,
1495 3029 1727 3089 obeun-
1906 3027 2218 3099 Quaeritur
2244 3028 2542 3104 secundo,
2578 3047 2657 3088 an
2688 3034 2981 3091 executor
3007 3029 3364 3091 testamenti
3511 3037 3629 3096 328

198 3122 270 3181 da
294 3122 665 3201 suscipiant,
684 3121 780 3180 vel
813 3121 872 3179 in
902 3120 1023 3179 illis
1052 3122 1424 3201 seoccupari
1453 3122 1716 3182 sinant.»
1825 3119 2250 3181 transmittere
2278 3121 2476 3200 possit
2503 3120 2622 3182 hoc
2649 3140 2876 3182 munus
2915 3122 2993 3182 ad
3022 3141 3205 3182 suum
3235 3122 3365 3183 hae-
3417 3163 3478 3206 An
3497 3106 3709 3206 hoc-mn-

198 3218 267 3276 Et
303 3218 362 3275 in
403 3216 700 3294 margine
746 3214 1001 3275 additur
1035 3234 1048 3274 :
1118 3236 1147 3271 «
1175 3217 1306 3275 Hoc
1336 3215 1722 3291 observetur,
1822 3215 2062 3290 redem,
2097 3215 2196 3274 vel
2224 3215 2378 3274 illud
2407 3215 2588 3276 alteri
2617 3217 3049 3277 committere?
3086 3219 3367 3295 Respon-
3413 3217 3712 3313 ”utgffinffb

199 3309 389 3388 quoad
418 3309 557 3388 ejus
584 3307 725 3367 fieri
756 3307 983 3385 poterit
1014 3324 1029 3370 ε
1070 3307 1377 3386 superiori
1407 3312 1616 3368 tamen
1649 3308 1729 3369 ad
1825 3308 2009 3368 detur
2037 3307 2327 3386 negative
2351 3354 2366 3384 ,
2418 3308 2566 3387 quia
2595 3309 2791 3369 electa
2819 3313 2914 3369 est
2942 3310 3002 3368 in
3034 3314 3365 3369 executore
3469 3323 3671 3367 heroda.

199 3420 396 3461 casum
422 3402 706 3480 aliquem
735 3400 1119 3461 necessitatis
1142 3447 1157 3476 ,
1191 3401 1289 3460 vel
1319 3400 1574 3479 majoris
1601 3420 1730 3461 mo·
1825 3401 2129 3461 industria
2161 3418 2464 3478 personae,
2516 3406 2585 3462 ut
2630 3420 2773 3462 cum
2824 3402 2962 3462 aliis
2992 3402 3177 3464 docet
3207 3402 3368 3464 San-

199 3495 378 3555 menti
406 3495 486 3553 ad
518 3496 716 3553 tinem
745 3493 940 3553 divini
969 3494 1200 3554 servitii
1231 3494 1558 3573 praefixum
1580 3539 1595 3569 ,
1638 3495 1731 3554 fa·
1829 3494 1980 3555 chez
2023 3493 2172 3554 dict.
2208 3511 2346 3571 cap.
2381 3510 2425 3555 1.
2459 3494 2607 3554 dub.
2647 3511 2714 3555 11.
2776 3495 3096 3573 Excipitur
3139 3495 3364 3574 prim0‚

200 3588 383 3648 cultas
438 3587 852 3665 dispensandi
905 3587 987 3647 ad
1028 3591 1272 3664 tempus
1317 3588 1727 3666 relinquetur.
1828 3588 1881 3647 si
1908 3586 2162 3665 aliquod
2194 3587 2513 3665 negotium
2543 3587 2920 3665 particulare
2959 3588 3103 3649 alibi
3134 3588 3369 3648 sacien-

201 3680 304 3740 Hic
369 3686 581 3740 autem
650 3680 939 3757 superior
982 3681 1365 3758 'praepositus
1420 3681 1733 3758 generalis
1829 3679 1980 3739 dum
2011 3685 2307 3739 executor
2332 3679 2509 3739 alteri
2539 3680 2928 3757 committat,
2977 3686 3044 3741 ut
3077 3699 3221 3741 cum
3252 3681 3372 3742 Sil-

203 3774 327 3848 erit,
349 3773 444 3833 vel
473 3774 583 3852 qui
611 3773 696 3832 ab
727 3790 798 3832 eo
827 3772 1187 3833 facultatem
1218 3772 1296 3832 ad
1330 3773 1448 3833 boc
1478 3791 1733 3851 accepe·
1829 3774 2037 3831 vestro
2064 3816 2080 3846 ,
2124 3777 2188 3831 et
2214 3770 2347 3830 aliis
2379 3769 2562 3831 docet
2591 3771 2758 3831 idem
2789 3772 3070 3834 Sanchez
3101 3792 3271 3833 num.
3305 3779 3366 3833 2.

204 3866 296 3926 rit.
326 3889 353 3922 »›
394 3867 513 3927 rbi
542 3866 813 3926 facultas
842 3864 1246 3943 dispensandi
1275 3870 1404 3926 tota
1436 3870 1530 3927 est
1566 3867 1734 3927 circa
1830 3862 2153 3940 Excipitur
2178 3861 2454 3923 secundo
2478 3909 2494 3938 ,
2556 3864 2809 3941 quando
2867 3864 3223 3926 nominatus
3280 3869 3376 3927 est

204 3959 654 4020 observantiam
686 3958 870 4036 hujus
900 3958 1376 4035 constitutioniS,
1402 3963 1469 4019 ut
1490 3962 1736 4020 constat
1831 3958 2128 4015 executor
2155 3956 2398 4015 ratione
2436 3956 2760 4033 dignitatis
2783 4003 2798 4033 ,
2853 3963 2915 4018 et
2960 3976 3082 4018 non
3131 3958 3374 4019 ratione

205 4070 267 4109 ex
295 4052 408 4111 illis
436 4052 653 4112 verbis
678 4097 694 4126 ,
744 4051 849 4111 hoc
876 4050 1232 4112 observetur.
1293 4050 1472 4112 Circa
1525 4052 1733 4131 legem
1832 4064 2116 4125 personae
2138 4092 2153 4122 ,
2209 4052 2275 4108 ut
2302 4047 2355 4107 si
2383 4048 2775 4128 relinquatur
2804 4056 3101 4111 executor
3128 4052 3373 4130 episco-

204 4150 395 4205 autem
424 4144 802 4206 canonicam
833 4143 1075 4222 praelati
1104 4159 1228 4203 non
1267 4142 1501 4205 habent
1545 4144 1736 4205 facul-
1834 4158 1951 4218 pus
1978 4139 2371 4201 Florentinus
2392 4187 2407 4217 ‚
2458 4141 2565 4220 qui
2613 4141 2765 4203 alias
2813 4161 2935 4203 non
2967 4147 3102 4205 erat
3128 4145 3377 4224 propin·

204 4242 379 4296 tatem
399 4236 834 4316 dispensandi,
860 4254 975 4296 nec
995 4235 1308 4315 generalis
1329 4236 1461 4314 ipse
1491 4237 1734 4315 dispen-
1835 4251 1995 4311 quus
2025 4233 2339 4294 testatoris
2373 4253 2386 4294 ε
2447 4240 2594 4294 tunc
2651 4236 2819 4295 enim
2872 4255 3015 4297 cum
3072 4236 3377 4316 dignitate

203 4334 325 4405 sat,
381 4330 488 4390 sed
521 4329 881 4391 concedunt
908 4328 1229 4389 licentiam
1281 4328 1360 4388 ab
1409 4329 1545 4408 ipsa
1597 4330 1735 4408 lege
1834 4326 2057 4387 transit
2083 4326 2205 4386 hoc
2233 4345 2461 4387 munus
2497 4328 2577 4388 ad
2608 4347 3056 4390 successorem.
3112 4330 3378 4402 Quando

204 4421 551 4499 requisitam
577 4467 593 4496 ,
648 4440 774 4499 qua
802 4422 1003 4499 posita
1024 4466 1039 4497 ,
1072 4420 1170 4480 lex
1201 4420 1569 4482 observatur
1596 4440 1737 4500 quae
1838 4423 2049 4479 autem
2096 4425 2429 4481 censeatur
2470 4423 2825 4484 commissio
2870 4424 3035 4484 facta
3064 4422 3375 4503 dignitati,

204 4515 470 4593 praecipit
516 4532 597 4574 ne
648 4514 976 4592 religiosus
1017 4513 1141 4574 tale
1171 4532 1400 4575 munus
1448 4519 1738 4576 exerceat
1841 4514 1934 4572 vel
1964 4530 2270 4592 personae,
2304 4519 2532 4576 tractat
2559 4515 2726 4576 idem
2758 4517 3038 4577 Sanchez
3068 4536 3238 4577 num.
3274 4521 3333 4577 5.

205 4606 607 4667 sineliccntia
634 4606 733 4665 sui
760 4606 1003 4684 praelati
1032 4606 1254 4666 saltem
1283 4608 1735 4668 conventualis:
1920 4606 2231 4678 Quaeritur
2280 4607 2489 4684 tertio,
2550 4626 2629 4667 an
2688 4613 2983 4669 executor
3023 4610 3379 4671 nominatus
3529 4617 3646 4676 329

208 4716 319 4758 non
362 4718 512 4778 ergo
559 4698 853 4778 peccabit
896 4699 1177 4776 graviter
1206 4698 1392 4760 homo
1424 4700 1741 4761 societatis
1840 4698 1977 4777 cogi
2008 4699 2203 4776 possit
2230 4699 2307 4758 ad
2341 4700 2460 4761 hoc
2488 4720 2715 4761 munus
2745 4702 3206 4764 exercendum?
3236 4706 3378 4763 Res·
3430 4745 3493 4786 A„
3513 4742 3606 4795 cogi
3625 4752 3729 4795 po„

207 4807 337 4851 cum
362 4792 617 4852 licentia
648 4791 884 4869 proelati
911 4791 1222 4852 inferioris
1248 4791 1313 4852 id
1341 4791 1596 4868 facienS,
1630 4792 1740 4852 sed
1842 4792 2174 4869 pendetur,
2225 4792 2277 4852 si
2305 4794 2492 4854 tacite
2521 4794 2620 4853 vel
2668 4811 2956 4875 expresse
3005 4795 3375 4876 acceptavit,
3431 4793 3728 4904 :icicssffiguss

206 4883 393 4943 solum
421 4888 642 4945 contra
674 4884 978 4962 regulam.

278 4977 547 5037 Adverte
576 4977 870 5056 denique,
887 4976 1208 5056 religiosos
1234 4975 1339 5055 qui
1371 4976 1490 5037 hoc
1516 4996 1744 5040 munus

3227 254 3344 316 ¹59

1804 428 1882 488 de
1911 428 2077 490 facto
2108 430 2438 509 religiosus
2482 431 2722 510 absque
2764 431 3008 511 praelati
3047 431 3345 493 facultate

1805 521 1923 582 hoc
1950 541 2178 582 munus
2210 527 2518 598 exerceat,
2541 524 2746 584 valide
2777 524 2838 584 id
2869 524 3076 601 faciat,
3100 526 3246 587 licet
3275 525 3349 584 il-

1802 615 1998 687 licite;
2034 616 2238 694 prima
2262 617 2571 678 sententia
2598 618 2748 678 satis
2770 620 3118 679 communis
3132 621 3341 696 negat,

1806 725 1994 787 quam
2026 709 2189 770 ultra
2220 713 2527 786 auctoreS,
2563 728 2720 789 quos
2748 711 2939 772 refert
2968 710 3198 772 Sanch.
3235 729 3340 771 nu.

1804 804 1904 861 43.
1940 806 2111 862 tenet
2140 801 2330 862 etiam
2359 804 2547 881 Vasq.
2584 803 2732 864 dict.
2760 803 2909 863 dub.
2934 820 2976 864 1.
3012 809 3075 865 ct
3100 802 3245 864 Mol.
3280 802 3343 863 d.

1808 893 1970 972 disp.
2007 898 2146 955 ⁶247.
2181 894 2285 973 qui
2316 895 2495 956 affert
2522 896 2849 958 rationem.
2886 897 3034 976 quia
3064 897 3350 957 voluntas

1807 987 2156 1047 executoris
2185 987 2521 1066 requiritur
2546 988 2627 1048 ad
2655 989 2933 1049 valorem
2962 1008 3179 1050 eorum
3209 1007 3349 1068 quae

1806 1078 1938 1155 agit
1971 1099 1983 1139 :
2027 1080 2315 1140 voluntas
2344 1086 2554 1142 autem
2583 1082 2857 1159 religiosi
2905 1083 2966 1142 in
2999 1081 3118 1142 hoc
3158 1100 3353 1161 nego-

1808 1171 1895 1231 tio
1928 1170 2377 1232 subordinatur
2405 1173 2711 1234 voluntati
2747 1175 2839 1234 sui
2875 1175 3145 1252 praelati;
3199 1193 3348 1252 ergo

1806 1263 1938 1323 sinc
1966 1263 2287 1325 voluntate
2334 1266 2573 1343 praelati
2622 1265 2756 1344 ejus
2784 1268 3073 1328 voluntas
3111 1286 3224 1347 pro
3256 1268 3352 1327 ni-

1810 1356 1933 1418 hilo
1963 1357 2377 1435 reputabitur.
2439 1360 2764 1420 Contraria
2803 1363 3014 1421 tamen
3046 1361 3353 1422 sententia

1809 1449 2310 1528 probabilissima
2340 1455 2471 1526 est,
2524 1471 2715 1531 quam
2759 1470 2903 1513 cum
2954 1453 3165 1514 multis
3215 1453 3352 1513 aliis

1809 1542 2091 1621 sequitur
2121 1543 2401 1605 Sanchez
2438 1563 2539 1605 nu.
2576 1550 2672 1607 44.
2709 1545 2854 1624 quia
2885 1545 3221 1625 prohibitio
3252 1563 3354 1607 so-

1808 1635 1938 1695 lum
1968 1635 2116 1697 facit
2145 1636 2311 1715 quod
2343 1640 2520 1697 actus
2565 1638 2645 1699 sit
2691 1639 2974 1710 illicitus;
3037 1643 3099 1700 et
3153 1639 3353 1699 multa

1811 1726 2065 1807 quidem
2095 1728 2422 1805 religiosus
2460 1730 2610 1790 facit
2650 1730 2782 1790 sine
2829 1731 3080 1792 licentia
3111 1730 3355 1809 praelati

1811 1819 2019 1880 illicite
2049 1825 2110 1881 et
2137 1820 2342 1880 valide
2367 1869 2381 1896 ‚
2434 1841 2555 1882 non
2588 1822 2753 1882 enim
2784 1823 3061 1885 irritatur
3090 1842 3355 1884 consen-

1811 1932 1915 1973 sus
1944 1915 2245 1974 naturalis
2264 1962 2278 1990 ,
2316 1915 2432 1975 nisi
2460 1916 2617 1976 forte
2646 1916 2933 1995 superior
2959 1917 3131 1977 illum
3164 1916 3356 1978 etiam

1813 2006 1961 2067 velit
1988 2006 2254 2083 irritare,
2289 2026 2412 2086 quo
2443 2026 2589 2067 casu
2619 2008 2853 2069 fatetur
2878 2009 3046 2069 idem
3073 2010 3354 2071 Sanchez

1814 2117 1919 2159 nu.
1951 2103 2049 2160 45.
2085 2118 2211 2159 non
2242 2118 2376 2160 esse
2405 2100 2644 2162 validos
2672 2107 2848 2162 actus
2868 2149 2882 2178 ,
2935 2121 3092 2181 quos
3137 2106 3356 2182 postea

1815 2191 2150 2252 exercebit.

1895 2284 2303 2363 Excipiuntur
2330 2286 2550 2346 fratres
2580 2287 2877 2363 minores,
2913 2288 3018 2367 qui
3059 2288 3247 2349 etiam
3277 2287 3357 2348 de

1815 2377 2068 2438 licentia
2112 2378 2206 2438 sui
2255 2380 2497 2456 praelati
2549 2399 2672 2440 non
2717 2387 2979 2459 possunt
3024 2381 3189 2442 licite
3237 2379 3360 2440 hoc

1815 2488 2044 2531 munus
2101 2489 2392 2531 exercere
2417 2518 2432 2548 ,
2493 2476 2562 2533 ut
2616 2478 2861 2533 constat
2916 2493 2992 2533 ex
3052 2474 3354 2536 Clement.

1817 2562 2045 2639 Exivi,
2098 2565 2156 2643 ἓ.
2189 2563 2451 2624 Proinde
2494 2584 2623 2624 cum
2653 2565 2745 2624 vir
2774 2575 3032 2627 sanctus:
3059 2565 3130 2626 de
3159 2565 3358 2626 verbo·

1818 2675 1950 2716 rum
1975 2655 2421 2737 siqmfi'eatione,
2459 2657 2537 2717 de
2569 2657 2795 2737 quibus
2823 2677 2925 2735 an,
2952 2664 3014 2721 et
3041 2658 3357 2739 quomodo

1820 2748 2061 2827 possint
2088 2747 2374 2809 adhiberi
2407 2754 2475 2811 ut
2502 2749 2840 2810 consiliarii
2858 2757 3281 2827 executorum,
3300 2753 3363 2812 et

1821 2840 1927 2901 alii
1957 2842 2063 2921 qui
2093 2841 2174 2901 ad
2205 2842 2371 2920 ipsos
2401 2843 2744 2920 pertinent,
2782 2842 2904 2904 late
2936 2843 3165 2906 Sanch.
3200 2843 3264 2905 d.
3299 2861 3356 2905 c.

1822 2950 1909 2994 xl.
1944 2952 1980 2993 a
2009 2953 2183 2996 num.
2216 2938 2314 2995 24.

1843 4884 1982 4962 cogi
2013 4902 2195 4962 posse
2225 4885 2304 4944 ad
2335 4888 2867 4966 prosequendum,
2921 4907 3100 4949 secus
3129 4890 3176 4948 si
3212 4889 3379 4949 nullo

1843 4977 2033 5037 modo
2081 4980 2450 5057 acceptavit,
2505 4998 2580 5040 ex
2623 4998 2762 5058 cap.
2795 4980 3048 5041 loannes
3093 4980 3162 5041 de
3206 4990 3384 5041 testa-

123 5105 169 5145 „5
211 5075 489 5131 exercent
527 5070 791 5147 debere,
846 5071 1089 5132 etiamsi
1128 5071 1399 5149 exempti
1428 5071 1573 5148 sint,
1606 5072 1744 5131 red·

123 5157 169 5249 2¹5·
214 5160 350 5222 dere
379 5164 692 5224 rationem
736 5170 1043 5243 susceptae
1074 5163 1459 5224 executionis
1489 5164 1744 5224 ordina-

123 5280 135 5355 ¹.
215 5254 312 5316 riis
336 5255 645 5332 locorum,
677 5260 744 5316 ut
774 5254 1041 5317 habetur
1067 5257 1131 5315 in
1161 5256 1328 5317 dicta
1358 5256 1747 5318 Clementina

139 5346 149 5357 ’
214 5349 386 5409 unica
407 5395 424 5425 ,
473 5353 545 5409 ut
573 5353 793 5409 contra
822 5348 978 5409 alios
1005 5348 1239 5409 fatetur
1268 5349 1479 5409 multis
1509 5348 1746 5410 adduc-

214 5440 286 5501 tis
316 5443 549 5504 Sanch.
584 5461 651 5503 n.
684 5445 783 5502 22.
817 5447 881 5504 et
906 5442 1052 5505 Mol.
1088 5442 1206 5503 loc.
1239 5442 1344 5503 cit.
1378 5446 1473 5502 An
1488 5460 1661 5518 vero,
1693 5442 1743 5503 si

1843 5080 2070 5148 mentis,
2125 5080 2193 5131 ut
2219 5089 2363 5131 cum
2391 5073 2528 5133 aliis
2566 5073 2855 5134 omnibus
2898 5074 3127 5135 docent
3155 5074 3387 5136 Molina

1847 5163 2079 5242 disput.
2124 5167 2263 5226 248.
2326 5169 2389 5226 et
2416 5166 2698 5226 Sanchez
2746 5166 2911 5227 dicto
2960 5184 3099 5245 cap.
3132 5169 3179 5229 l.
3230 5167 3381 5230 dub.

1846 5273 1991 5317 xm.
2027 5257 2135 5336 qui
2161 5277 2222 5318 n.
2255 5262 2314 5319 9.
2348 5258 2528 5321 addit
2553 5264 2769 5320 contra
2792 5259 3097 5320 Padillam
3128 5265 3190 5322 et
3207 5260 3382 5339 alios,

1845 5367 2048 5429 neque
2062 5350 2250 5411 etiam
2264 5352 3380 5433 propinquumtestatoriscogiposse..

1845 5443 2054 5523 Aliqui
2083 5463 2254 5520 vem,
2290 5446 2661 5526 quos-refert
2683 5464 2855 5508 num.
2882 5450 2942 5508 3.
2978 5447 3214 5524 dicunt,
3250 5464 3389 5527 pec·
