4263 6376
589 2342 704 2400 313

515 2465 620 2517 Quid
640 2463 769 2519 possit

546 2526 692 2573 matus
709 2531 732 2559 ι

518 2574 660 2622 latere,
692 2577 762 2614 nu!

526 2626 760 2682 episcopus.

820 303 934 363 154

820 477 1139 539 infirmare
1170 482 1231 539 et
1278 478 1606 558 disponere
1633 478 1710 540 de
1740 479 1979 540 eisdem
2033 477 2219 539 bonis
2264 478 2346 539 ad

822 571 1013 630 alium
1041 591 1243 648 usum,
1278 577 1341 633 et
1369 572 1457 633 ita
1479 573 1606 632 iere
1637 577 1853 651 aperte
1898 572 2260 632 declaratur
2286 571 2348 631 in

823 664 1045 724 eodem
1076 664 1223 725 Trid
1260 683 1409 725 sess,
1446 667 1632 726 XXII.
1667 684 1803 743 cap.
1850 682 1934 726 vr.
1970 663 2039 725 de
2091 665 2338 746 reform.

820 756 987 836 quod
1020 759 1187 836 Papa
1220 757 1463 817 nonnisi
1494 777 1569 817 ex
1581 757 1753 837 justa
1782 776 1972 818 causa
2011 762 2357 818 commuta-

820 849 1023 911 tiones
1046 849 1156 910 has
1186 851 1381 929 possit
1404 851 1769 912 concedere.
1811 851 2107 930 Alioquin
2165 850 2354 912 ctiam

820 941 976 1003 alios
997 947 1351 1003 contractus
1396 944 1593 1004 factos
1623 961 1767 1004 cum
1821 944 2085 1004 ecclesia
2143 947 2357 1021 posset

827 1035 1103 1096 Pontifex
1124 1054 1235 1115 pro
1265 1036 1438 1096 libito
1461 1036 1750 1112 alterare,
1785 1040 1848 1097 et
1876 1042 2097 1098 contra
2133 1036 2356 1097 volun-

823 1131 1017 1189 tatem
1049 1127 1553 1189 contrahentium
1583 1129 1661 1189 de
1682 1129 1869 1189 rebus
1902 1129 2021 1189 illis
2054 1130 2358 1208 dispone-

825 1239 892 1280 re
921 1240 933 1281 :
969 1225 1039 1281 ut
1083 1220 1133 1279 si
1184 1221 1325 1300 quis
1354 1220 1545 1283 donet
1560 1222 1839 1282 ecclesioe
1861 1221 1976 1281 sub
2009 1222 2115 1282 tali
2137 1239 2352 1297 onere,

825 1317 1036 1391 posset
1066 1313 1348 1373 Pontifex
1378 1332 1489 1391 pro
1518 1314 1692 1375 libito
1726 1332 1882 1375 onus
1901 1314 2050 1374 illud
2082 1313 2353 1389 auferre,

826 1407 1015 1467 etiam
1046 1406 1293 1467 vivente
1350 1406 1677 1483 donatore,
1748 1411 1811 1467 et
1866 1407 1954 1468 ita
2006 1406 2360 1467 voluntates

827 1499 1204 1560 donatorum
1260 1499 1575 1576 fraudare,
1624 1500 1791 1579 quod
1840 1500 2360 1561 absurdissimum

830 1596 1029 1664 esset;
1066 1610 1190 1651 non
1220 1595 1314 1652 est
1342 1611 1490 1671 ergo
1536 1597 1714 1654 tanta
1762 1597 2038 1671 potestas
2075 1591 2360 1653 Pontifici

828 1684 962 1746 sine
1017 1702 1207 1745 causa
1262 1685 1618 1761 tribuenda,
1668 1685 1778 1746 scd
1836 1686 2037 1747 solum
2107 1685 2361 1766 quando

830 1777 1008 1839 adest
1066 1796 1275 1853 causa,
1337 1778 1483 1857 quia
1553 1779 1900 1839 dominium
1940 1780 2138 1839 altum
2194 1776 2362 1857 quod

830 1871 1121 1950 princeps
1149 1870 1341 1932 habet
1368 1871 1429 1931 in
1462 1872 1629 1932 bona
1657 1871 2050 1932 subditorum
2095 1875 2189 1932 est
2225 1917 2240 1947 ,
2297 1874 2367 1931 ut

830 1982 906 2023 ex
927 1964 1099 2043 justa
1127 1981 1315 2023 causa
1343 1964 1539 2042 possit
1591 1964 1759 2024 circa
1814 1964 1982 2024 bena
2038 1964 2364 2024 defuncto-

831 2060 1042 2117 torum
1071 2055 1135 2114 id
1156 2056 1325 2134 quod
1357 2056 1432 2116 ad
1464 2062 1700 2117 rectam
1733 2057 2012 2117 ecclesiae
2041 2056 2364 2133 guberna-

834 2148 1076 2209 tionem
1133 2148 1549 2209 necessarium
1576 2195 1591 2225 ,
1650 2149 1748 2209 vel
1830 2149 1977 2210 utile
2041 2148 2367 2228 judicave-

835 2241 939 2302 rit.

918 2334 1249 2396 Dubitatur
1277 2334 1551 2395 secundo
1583 2334 1659 2395 de
1706 2336 1913 2414 legato
1946 2354 1983 2396 a
2032 2336 2252 2411 latere,
2286 2353 2367 2395 an

837 2426 957 2487 hoc
986 2427 1190 2505 ipsum
1216 2428 1385 2487 circa
1414 2428 1970 2489 commutationem
1992 2428 2228 2488 ultimae
2260 2445 2365 2487 vo-

836 2520 1095 2581 luntatis
1114 2521 1355 2600 possit?
1384 2521 1715 2582 Affirmant
1730 2521 1918 2601 aliqui
1943 2522 2109 2601 apud
2134 2521 2367 2583 Sanch.

840 2613 967 2674 dub
1030 2631 1099 2674 11.
1133 2614 1279 2693 quia
1310 2632 1433 2673 non
1490 2614 1561 2674 fit
1615 2614 1747 2674 sine
1803 2614 2174 2676 auctoritate
2206 2614 2371 2674 sedis

838 2707 1236 2785 Apostolicoe.
1271 2706 1633 2768 Communis
1663 2710 1874 2767 tamen
1890 2706 2200 2768 sententia
2223 2707 2372 2767 doc-

837 2804 1044 2862 torum
1076 2799 1137 2858 id
1171 2803 1387 2878 negat,
1428 2799 1548 2859 nisi
1599 2799 1721 2860 hoc
1763 2800 1969 2878 legato
2005 2819 2039 2859 a
2075 2799 2371 2860 Pontiflce

838 2892 1240 2967 concedatur,
1291 2909 1445 2971 quos
1486 2893 1677 2953 refert
1749 2897 1810 2952 et
1864 2893 2147 2972 sequitur
2202 2891 2370 2950 idem

839 2984 1119 3048 Sanchez
1149 2984 1298 3046 ibid.
1332 2990 1395 3046 et
1439 2984 1751 3062 colligitur
1780 3004 1854 3045 cx
1884 2984 2052 3046 dicta
2082 2985 2373 3046 Clemen-

836 3076 968 3139 tina
1053 3077 1202 3151 Ouia
1287 3077 1601 3158 continqit‚
1696 3097 1769 3136 ex
1843 3077 2121 3139 Trident.
2200 3077 2368 3137 dicto

838 3190 978 3252 cap.
1011 3188 1147 3233 v111.
1201 3171 1319 3233 hoc
1353 3171 1819 3233 reservantibus
1851 3191 2096 3232 summo
2157 3171 2373 3232 Ponti-

836 3265 973 3328 fici:
1006 3265 1165 3326 sicut
1194 3284 1341 3343 ergo
1371 3265 1493 3325 alia
1523 3284 1663 3343 quae
1693 3265 1806 3325 soli
1853 3265 2138 3327 Pontifici
2175 3283 2372 3325 reser-

837 3362 1086 3433 vantur,
1120 3375 1245 3417 non
1276 3362 1638 3436 competunt
1666 3358 1872 3436 legato
1909 3377 1948 3418 a
2002 3358 2222 3433 latere,
2254 3357 2372 3417 nisi

841 3450 960 3510 hoc
1000 3450 1057 3509 ei
1112 3450 1530 3523 concedatur;
1593 3451 1678 3512 ita
1732 3451 2070 3511 dicendum
2133 3454 2226 3511 est
2295 3450 2372 3510 de

839 3543 1326 3603 commutatione
1371 3544 1729 3604 ultimarum
1786 3544 2201 3604 voluntatum.
2240 3546 2371 3604 Un-

839 3636 917 3696 de
940 3639 1183 3697 constat
1211 3655 1241 3694 a
1274 3636 1535 3713 fortiori,
1570 3637 1775 3696 minus
1809 3636 1967 3697 hanc
2010 3637 2372 3697 facultatem

840 3734 1201 3808 competere
1240 3728 1554 3808 episcopo,
1588 3734 1657 3789 ut
1699 3748 1841 3790 cum
1872 3729 2193 3789 communi
2223 3729 2375 3789 doc-

838 3826 1047 3883 torum
1078 3821 1306 3882 docent
1332 3822 1564 3882 Melina
1592 3822 1757 3882 dicta
1787 3821 2015 3899 disput.
2044 3838 2278 3882 ccxmx.
2312 3822 2369 3899 §-

847 3914 928 3976 Ut
955 3934 1081 3974 cum
1113 3923 1324 3991 autem,
1361 3919 1426 3976 et
1452 3916 1731 3977 Sanchez
1763 3916 1926 3976 dicto
1949 3914 2098 3975 dub.
2135 3931 2203 3975 1¹.
2227 3934 2377 3975 con-

841 4012 940 4069 tra
982 4007 1244 4087 aliquOS,
1280 4027 1435 4087 quos
1467 4010 1736 4070 afferunt
1782 4007 2166 4068 contrarium
2208 4026 2376 4068 asse-

844 4104 1072 4177 renteS,
1092 4119 1204 4179 pro
1235 4102 1460 4180 quibus
1507 4102 1745 4162 nullum
1776 4106 1869 4162 est
1895 4101 2376 4162 fundamentum

843 4192 1137 4273 ponderis
1177 4193 1463 4273 alicujus

1279 4644 1696 4727 SECTIO
1772 4645 1938 4728 xlv,

1087 4952 1176 5014 De
1199 4950 1500 5033 sepultura
1525 4960 1581 5012 et
1604 4951 1829 5031 funeris
1854 4949 2141 5032 eoepensts.

1974 302 2076 362 ΠΕ
2116 301 2473 363 JUSTITIA
2515 302 2617 362 ΕΤ
2656 301 2858 363 JURE

2446 478 2578 540 lum
2619 478 2724 559 jus
2769 479 3077 541 inferendi
3120 483 3440 541 mortuum
3485 477 3550 537 in
3595 477 3959 556 sepulcrum.

2448 573 2561 635 Jus
2589 572 2857 652 sepulcri
2887 573 3094 646 habet,
3153 571 3256 651 qui
3303 571 3434 631 sive
3466 589 3540 631 ex
3578 570 3962 631 concessione

2451 671 2513 728 et
2541 665 2898 742 donatione,
2931 666 3062 727 sive
3093 684 3166 726 ex
3196 668 3518 726 contractu
3542 663 3645 742 jus
3677 663 3868 724 habet
3893 664 3965 723 iu-

2452 758 2692 820 ferendi
2721 777 2878 837 quos
2927 758 3209 833 voluerit,
3260 762 3322 818 et
3351 757 3724 835 prohibendi
3770 775 3967 818 omnes

2453 852 2608 912 alios
2637 870 2674 911 a
2700 852 2808 913 tali
2839 852 3078 930 capella
3107 851 3205 911 vel
3241 849 3550 929 sepulcro.
3600 852 3733 910 Hoc
3778 852 3967 909 autem

2446 945 2551 1025 jus
2578 944 2914 1024 aliquando
2945 944 3136 1004 habet
3163 943 3302 1022 quis
3331 961 3445 1020 pro
3475 961 3564 1010 se,
3617 947 3681 1004 et
3724 961 3846 1021 pro
3871 960 3970 1002 sua

2453 1038 2709 1114 familia,
2770 1044 2832 1100 et
2877 1037 3104 1098 dicitur
3148 1036 3475 1111 familiare,
3532 1040 3595 1095 et
3639 1036 3864 1096 transit
3903 1035 3970 1095 ad

2455 1149 2883 1210 quoscumque
2911 1129 3194 1191 haeredes
3215 1129 3402 1189 etiam
3424 1133 3752 1189 extraneos
3784 1133 3849 1188 et
3864 1146 3970 1187 non

2457 1223 2858 1299 universales,
2893 1228 3193 1284 eteorum
3218 1222 3505 1296 familias,
3539 1221 3616 1281 de
3638 1239 3762 1299 quo
3785 1220 3973 1299 agitur

2455 1317 2578 1395 leg.
2611 1315 2984 1392 Familiaria,
3020 1319 3081 1376 et
3115 1316 3157 1376 l.
3193 1333 3324 1394 seq.
3359 1317 3421 1375 ff.
3457 1312 3527 1374 de
3554 1312 3720 1392 reliq.
3755 1320 3814 1373 et
3839 1332 3973 1373 sum·

2448 1409 2603 1492 ptib.
2635 1409 2830 1489 furter.
2862 1409 2904 1468 l.
2940 1408 3018 1469 Si
3038 1408 3387 1490 sepulcrum,
3421 1412 3484 1468 et
3511 1407 3553 1468 l.
3584 1407 3694 1467 Jus
3708 1405 3969 1487 sepulcri,

2461 1505 2525 1565 C.
2578 1501 2772 1563 eodem
2801 1502 2894 1562 tit.
2945 1500 3299 1581 Aliquando
3347 1500 3696 1579 appellatur
3725 1498 3974 1562 haeredi·

2459 1595 2690 1657 tarium
2720 1595 2889 1674 quod
2917 1595 3055 1673 quis
3098 1595 3291 1654 habet
3318 1611 3432 1671 pro
3481 1612 3570 1668 se,
3620 1597 3684 1652 et
3719 1610 3837 1670 pro
3866 1592 3976 1652 suis

2460 1688 2815 1749 haeredibus
2844 1688 3033 1748 ctiam
3063 1686 3371 1747 extraneis
3390 1732 3406 1761 ,
3457 1684 3534 1744 de
3565 1703 3688 1763 quo
3717 1685 3783 1744 in
3812 1683 3854 1743 l.
3883 1683 3977 1742 Jus

2462 1781 2786 1862 familiare,
2820 1782 2884 1843 C.
2917 1779 2988 1840 de
3015 1779 3185 1859 reliq.
3219 1788 3276 1839 et
3301 1777 3576 1859 sumptib.
3608 1778 3804 1856 saner.
3865 1779 3978 1837 Hoc

2462 1878 2670 1936 autem
2683 1873 2788 1951 jus
2810 1873 3102 1952 sepulcri,
3137 1871 3493 1932 confiscatis
3515 1870 3619 1929 alii
3641 1869 3843 1943 bonis,
3871 1888 3977 1929 nou

2464 1967 2859 2042 confiscatur,
2895 1984 3034 2044 quae
3063 1965 3250 2025 latius
3280 1964 3548 2043 explicat
3574 1962 3810 2024 Molina
3832 1961 3974 2039 disp.

2465 2077 2663 2121 ccx1v.
2716 2061 2830 2121 Jus
2875 2057 3182 2118 inferendi
3228 2058 3289 2116 in
3338 2056 3698 2134 sepulcrum
3740 2055 3975 2128 dicitur,

2465 2153 2633 2234 quod
2664 2152 2802 2231 quis
2832 2151 3042 2226 habet,
3075 2156 3146 2211 ut
3174 2150 3327 2228 ipse,
3361 2154 3423 2209 et
3452 2149 3494 2208 ii
3524 2167 3682 2227 quos
3703 2147 3976 2221 voluerit,

2463 2247 2808 2308 inferantur
2855 2245 2917 2304 in
2946 2244 3068 2305 tale
3115 2243 3472 2321 sepulcrum
3519 2245 3811 2302 manente
3862 2240 3979 2319 jure

2465 2359 2657 2420 penes
2688 2338 3036 2413 ecclesiam,
3068 2337 3167 2397 vel
3189 2335 3636 2397 monasterium
3656 2332 3979 2413 sepeliendi

2465 2434 2550 2494 ihi
2580 2451 2736 2512 quos
2764 2429 3091 2492 voluerint.

2547 2526 2827 2587 Diximus
2855 2525 3087 2602 itaque
3122 2539 3635 2601 unumquemque
3664 2539 3866 2599 posse,
3897 2538 3981 2578 re·
4083 2527 4143 2588 zu

2467 2621 2612 2682 licto
2643 2618 2894 2697 proprio
2924 2616 3233 2694 sepulcro,
3285 2616 3383 2675 vel
3416 2615 3718 2689 Paroecia,
3769 2613 3982 2690 eligere
4034 2653 4145 2706 Μ

2470 2714 2584 2775 sibi
2618 2709 3044 2790 sepulturam
3031 2730 3093 2768 in
3146 2709 3285 2769 loco
3332 2727 3510 2769 sacro
3557 2707 3665 2767 ubi
3712 2705 3980 2778 voluerit,
4019 2709 4147 2814 w

2470 2807 2590 2869 hoc
2633 2810 2760 2880 est,
2811 2803 2875 2862 in
2917 2803 3052 2863 loco
3095 2803 3174 2861 ad
3221 2800 3582 2880 sepelienda
3629 2799 3985 2860 Christiano·

2469 2918 2610 2961 rum
2639 2897 2949 2958 cadavera
2976 2894 3304 2972 deputatO,
3358 2898 3426 2953 ut
3454 2897 3627 2971 patet
3667 2911 3743 2951 ex
3779 2909 3912 2969 cap.
3943 2890 3982 2949 l.

2474 2997 2535 3055 et
2563 2996 2691 3054 toto
2722 2990 2816 3052 tit.
2856 2986 2926 3048 de
2949 2986 3284 3068 sepulturis,
3319 2991 3381 3046 et
3409 3004 3482 3044 ex
3503 3003 3643 3063 cap.
3682 2984 3829 3044 Cum
3848 2982 3983 3063 quis,

2470 3087 2527 3165 ἓ.
2564 3084 2760 3144 ultim.
2795 3080 2866 3141 de
2888 3078 3203 3161 sepulturis
3228 3078 3315 3139 lih
3366 3095 3450 3139 Vl.
3487 3080 3674 3138 Pater
3701 3077 3904 3150 etiam,
3935 3081 3990 3133 et

2472 3198 2546 3240 eo
2575 3177 2832 3238 absente
2860 3180 2968 3235 aut
2994 3177 3264 3249 mortuo,
3307 3178 3509 3233 mater
3536 3175 3747 3251 potest
3775 3170 3987 3245 eligere

2471 3270 2855 3349 sepulturam
2885 3267 3011 3327 filio
3041 3265 3352 3343 impuberi
3387 3285 3399 3326 :
3435 3264 3542 3324 filii
3572 3268 3785 3324 autem
3816 3261 3992 3340 pube-

2471 3383 2571 3425 res
2600 3365 2861 3441 possunt
2907 3378 3047 3420 eam
3077 3358 3194 3418 sibi
3242 3358 3473 3435 eligere
3521 3358 3761 3435 absque
3790 3371 3990 3433 paren-

2470 3460 2603 3518 tum
2634 3472 2963 3527 consensu,
3016 3470 3153 3528 cap.
3183 3450 3368 3526 Licet,
3423 3449 3492 3509 de
3518 3448 3832 3530 sepulturis
3857 3446 3986 3506 libr.

2473 3565 2558 3610 vl.
2595 3552 2657 3609 et
2686 3564 2824 3623 cap.
2867 3544 3056 3620 Uxor,
3090 3544 3147 3622 ς.
3182 3543 3293 3603 ult.
3326 3553 3497 3602 extra
3527 3541 3718 3602 eodem
3749 3541 3837 3601 tit.
3887 3541 3988 3598 Re-

2471 3640 2675 3721 ligiosi
2705 3658 2830 3700 non
2861 3643 3123 3717 possunt
3167 3636 3283 3696 sibi
3334 3636 3564 3714 eligere
3595 3635 3983 3714 sepulturam,

2473 3736 2584 3796 sed
2614 3733 2880 3795 subsunt
2909 3729 3294 3808 dispositioni
3345 3729 3609 3807 proelati,
3663 3726 3777 3787 nisi
3821 3727 3991 3801 longe

2474 3848 2508 3889 a
2538 3824 2916 3888 monasterio
2964 3829 3027 3885 et
3067 3823 3323 3901 proelato
3373 3822 3628 3882 distent.
3688 3822 3756 3883 Si
3799 3824 3991 3879 autem

2474 3921 2805 3982 defunctus
2851 3918 3234 3996 sepulturam
3292 3933 3417 3975 non
3472 3915 3700 3993 elegit,
3759 3910 3990 3990 sepeliri

2475 4015 2663 4077 debet
2691 4014 2754 4073 in
2782 4011 3069 4089 sepulcro
3100 4027 3358 4070 suorum
3385 4008 3722 4087 majorum,
3757 4007 3805 4067 si
3836 4022 3986 4064 com-

2476 4107 2662 4169 mode
2692 4104 2906 4185 possit,
2964 4103 3240 4183 alioquin
3286 4103 3349 4161 in
3380 4122 3491 4163 sua
3521 4099 3821 4179 parochia
3873 4117 3886 4158 :
3941 4096 3989 4155 si

2477 4204 2688 4261 autem
2719 4198 2876 4257 duas
2905 4196 3235 4275 parochias
3264 4214 3441 4274 aeque
3474 4193 3767 4265 habebat,
3818 4191 3873 4250 in
3897 4189 3994 4248 illa

2479 4312 2617 4373 quae
2646 4290 2948 4371 praevenit
2974 4288 3222 4367 sepeliri
3254 4288 3461 4361 debet,
3516 4292 3580 4346 et
3607 4290 3825 4345 neutra
3851 4300 3989 4361 prae·

2477 4384 2790 4458 veniente,
2850 4380 3088 4461 praelati
3129 4379 3370 4457 judic-io
3426 4378 3720 4439 standum
3770 4382 3873 4438 est.
3934 4373 3994 4435 Si

2480 4478 2631 4539 item
2658 4477 2762 4537 alii
2793 4475 3204 4536 ascendentes
3234 4473 3297 4531 in
3328 4490 3451 4532 uno
3482 4471 3620 4531 loco
3642 4472 3900 4549 jaceant,
3934 4472 3993 4525 et

2482 4574 2660 4650 pater
2690 4567 2806 4628 sibi
2836 4566 3003 4628 aliud
3037 4566 3244 4644 elegit,
3278 4564 3441 4625 tilius
3470 4563 3673 4641 magis
3694 4562 3868 4623 debet
3891 4577 3988 4638 pa·

2484 4668 2642 4725 trem
2672 4661 2851 4741 sequi
2881 4678 3071 4740 quam
3118 4659 3273 4719 alios
3317 4657 3779 4736 progenitores3
3832 4670 3994 4715 secus

2483 4759 2647 4817 esset
2675 4755 2723 4814 si
2753 4760 2933 4833 pater
2984 4770 3107 4812 non
3154 4751 3491 4826 electione,
3544 4750 3654 4809 sed
3684 4768 3823 4810 casu
3861 4743 3994 4805 alibi

2484 4848 2763 4927 sepultus
2793 4850 2975 4906 esset..
3010 4848 3179 4907 Uxor
3209 4843 3420 4919 etiam,
3455 4844 3503 4901 si
3528 4843 3717 4903 aliam
3747 4859 3858 4901 non
3885 4838 3992 4897 ele·

2484 4942 2597 5021 git,
2650 4940 2838 4999 debet
2864 4938 3112 5016 sepeliri
3142 4937 3205 4996 in
3246 4937 3534 5014 sepulcro
3566 4935 3767 4996 ultimi
3793 4932 3912 5006 viri,
3959 4947 3996 4988 a

2488 5052 2610 5115 quo
2642 5052 2752 5112 per
2781 5032 3115 5092 divortium
3147 5047 3272 5089 non
3301 5028 3604 5102 discessit,
3645 5046 3780 5105 cap.
3811 5025 3864 5085 Is
3878 5022 3990 5103 qui,

2486 5131 2542 5209 ἓ.
2578 5128 2688 5187 ult.
2741 5124 2810 5185 de
2847 5123 3058 5204 sepult.
3095 5123 3157 5183 in
3190 5140 3252 5182 vl
3330 5123 3395 5183 Si
3425 5121 3652 5200 aliquis
3682 5126 3846 5180 extra
3869 5134 3993 5195 pro-

936 5226 1335 5305 Sepulturam
1413 5222 1891 5303 interloquendo
1962 5221 2388 5302 unusquisque
2489 5239 2694 5300 pilum
2728 5217 3110 5278 domicilium
3140 5215 3423 5290 moritur,
3459 5214 3647 5274 debet
3676 5210 3869 5290 spelm
3897 5208 3992 5268 ubi

590 5260 655 5317 M
678 5259 707 5315 ⁴
856 5320 974 5382 sibi
1004 5320 1233 5397 eligere
1265 5323 1489 5397 potest,
1523 5318 1651 5378 sive
1683 5318 1744 5376 in
1765 5317 1890 5377 vita
1907 5316 2037 5376 sive
2067 5315 2129 5374 in
2162 5320 2387 5391 morte,
2493 5313 2768 5374 habebat
2796 5310 3119 5390 proprium
3165 5308 3544 5387 sepulcrum,
3603 5306 3704 5367 vel
3747 5306 3806 5364 in
3832 5318 3994 5381 paro-

502 5384 580 5484 ἐἴ
601 5383 806 5493 qffifflin.
857 5413 1102 5475 etiamsi
1127 5413 1318 5474 aliam
1340 5411 1657 5490 propriam
1681 5410 1962 5486 haberet,
1999 5408 2194 5488 aliqui
2222 5408 2391 5468 enim
2492 5406 2633 5466 chia
2662 5404 2754 5465 sui
2787 5402 3105 5477 domicilii,
3138 5402 3191 5461 si
3222 5400 3549 5462 commode
3578 5394 3868 5504 asportari
3894 5410 3995 5470 po·

858 5506 1091 5571 habere
1122 5503 1530 5587 dicunturjus
1560 5503 1868 5585 sepulcri;
1900 5502 2266 5585 aliquivero
2296 5519 2391 5563 so·
2491 5503 2632 5576 test,
2685 5517 2760 5560 ex
2790 5496 2937 5558 dict.
2988 5514 3127 5576 cap.
3161 5493 3221 5554 Is
3248 5494 3372 5577 qui,
3426 5493 3486 5552 in
3517 5492 3777 5574 princip.
3831 5490 3993 5548 Pere-
