4263 6376
592 1847 670 1907 82

551 4445 629 4506 83

696 268 703 277 ’
822 272 940 332 464

824 467 973 527 ergo
1003 448 1437 525 communitaS‚
1488 448 1587 509 vel
1615 449 1906 528 princeps
1935 468 2198 528 peccare
2245 469 2358 528 po-
2396 461 2403 470 '

824 544 1013 606 tuerit
1039 548 1257 603 contra
1277 541 1580 620 justitiam
1616 543 1900 622 legalem,
1934 543 2355 621 dispensando

823 637 955 697 sine
981 653 1171 696 causa
1201 634 1261 693 in
1292 633 1534 711 legibus
1565 654 1703 714 quae
1733 653 2098 695 communes
2129 636 2190 695 in
2224 654 2358 696 om-

821 730 1005 790 nibus
1034 745 1168 788 esse
1198 726 1461 799 debent;
1495 731 1558 788 et
1577 728 1848 805 potuerit
1875 728 2063 787 etiam
2091 729 2356 789 fortasse

821 839 1082 901 peccare
1098 824 1317 881 contra
1330 819 1637 898 justitiam
1660 821 2198 897 commutativam‚
2233 839 2358 900 qua

822 933 896 974 ex
927 913 1132 974 officio
1163 916 1412 973 tenetur
1430 912 1512 972 ad
1527 912 1851 973 vitandum
1882 912 2351 989 detrimentum,

821 1007 990 1087 quod
1018 1004 1370 1084 respublica
1398 1005 1528 1082 pati
1556 1009 1760 1084 potest
1788 1024 1862 1064 ex
1891 1004 2356 1084 dispensatione

818 1098 977 1178 legis
1004 1098 1137 1158 sine
1159 1116 1348 1158 causa
1381 1117 1393 1158 :
1431 1097 1682 1175 quando
1712 1101 1924 1158 tamen
1954 1097 2016 1157 in
2039 1098 2218 1158 bonis
2239 1097 2359 1158 for-

818 1196 988 1251 tunae
1018 1190 1258 1250 nullum
1288 1189 1571 1267 sequitur
1589 1189 2035 1251 detrimentum
2053 1190 2233 1251 bonis
2263 1189 2353 1250 ci-

817 1284 990 1347 vium
1020 1301 1095 1342 ex
1121 1281 1231 1342 tali
1259 1280 1744 1360 dispensatione,
1780 1301 1904 1342 non
1927 1289 2190 1361 apparet
2204 1282 2354 1342 obli-

818 1377 987 1456 gatio
1029 1374 1394 1435 restituendi
1437 1374 1501 1433 in
1550 1374 1728 1434 bonis
1769 1375 2057 1436 fortunae.
2118 1378 2189 1437 In
2236 1375 2355 1435 hoc

818 1473 1031 1531 autem
1058 1486 1207 1528 casu
1239 1484 1364 1527 non
1392 1466 1571 1527 facile
1612 1471 1871 1546 apparet
1909 1467 2355 1529 detrimentum

818 1557 1296 1632 considerabile,
1330 1559 1498 1637 quod
1530 1559 1592 1618 in
1617 1559 1797 1619 bonis
1825 1559 2091 1621 fortuna}
2118 1560 2358 1640 patian-

818 1659 919 1716 tur
947 1652 1054 1712 alii
1083 1652 1250 1712 cives
1279 1654 1536 1729 propter
1553 1651 1690 1712 illas
1720 1652 1876 1712 duas
1906 1652 2232 1715 facultates
2261 1671 2354 1713 se-

817 1747 941 1806 mel
965 1761 1321 1806 concessas,

896 1841 1204 1900 Caeterum
1252 1834 1424 1911 illud,
1486 1835 1653 1915 quod
1693 1838 1926 1898 Molina
1972 1838 2168 1914 addit,
2223 1856 2350 1899 non

816 1949 998 2010 posse
1049 1929 1324 1991 nobilem
1373 1928 1610 2008 aliquid
1656 1930 1963 2010 accipere,
2021 1930 2121 1990 vel
2169 1930 2352 1990 dimi-

817 2043 1008 2086 nuere
1040 2022 1308 2102 pretium
1335 2021 1546 2097 tritici,
1578 2022 1678 2082 vel
1705 2024 1885 2102 panis
1906 2041 2018 2102 pro
2040 2023 2350 2085 facultati-

813 2118 932 2178 bus
960 2134 1115 2196 quas
1144 2114 1363 2194 pistori
1391 2113 1678 2191 obtinuit,
1730 2115 1956 2175 durum
1988 2116 2138 2175 mihi
2170 2117 2346 2177 vide-

812 2215 936 2285 tur,
970 2207 1284 2287 loquendo
1307 2205 1385 2265 de
1407 2205 1550 2283 jure
1568 2211 1826 2280 naturae,
1863 2212 1924 2268 et
1938 2208 2181 2268 seclusa
2209 2209 2346 2288 lege

811 2300 1102 2381 positiva,
1135 2299 1188 2359 si
1218 2317 1358 2378 quae
1378 2301 1560 2374 esset,
1598 2316 1737 2377 quae
1765 2299 2040 2361 irritaret
2065 2301 2217 2361 talia
2237 2320 2348 2379 pa-

812 2397 914 2454 cta
951 2397 1057 2453 aut
1101 2394 1361 2469 accepta
1406 2408 1518 2469 pro
1565 2390 1872 2468 ejusmodi
1916 2393 2338 2454 facultatibus

811 2485 908 2546 Ad
937 2484 1106 2564 quod
1135 2482 1482 2562 retorqueri
1513 2487 1719 2560 potest
1747 2489 2189 2563 argumentum
2219 2503 2341 2565 quo

810 2596 988 2639 suam
1018 2574 1390 2636 sententiam
1411 2576 1636 2653 probat
1661 2576 1912 2650 Melina,
1961 2595 2036 2637 ex
2067 2596 2141 2638 eo
2173 2578 2341 2656 quod

809 2670 944 2750 ipsa
973 2672 1248 2748 potestas
1272 2666 1545 2746 publica,
1596 2667 1645 2727 si
1678 2667 1948 2745 pretium
1988 2668 2344 2748 acciperent

811 2783 847 2823 a
873 2763 1108 2842 pistore
1137 2760 1257 2819 illis
1287 2759 1708 2836 facultatibuS,
1762 2763 2128 2822 tenerentur
2157 2762 2211 2821 ei
2241 2781 2342 2822 re-

807 2856 1064 2917 stituere
1093 2852 1365 2932 pretium
1418 2872 1431 2912 :
1482 2851 1624 2927 boc,
1675 2852 1955 2932 inquam,
1990 2854 2337 2933 retorqueri

807 2950 1032 3028 potest,
1067 2945 1214 3025 quia
1245 2943 1397 3003 nibil
1425 2944 1628 3022 magis
1666 2963 1996 3005 commune
2025 2951 2120 3006 est
2148 2964 2337 3025 quam

806 3043 1181 3121 potestatem
1226 3036 1543 3115 publicam
1589 3040 1698 3097 aut
1741 3038 2088 3115 principem
2135 3039 2335 3117 pretio

805 3133 1079 3195 vendere
1122 3129 1355 3191 similes
1398 3128 1722 3190 facultates
1770 3129 2137 3191 extrahendi
2178 3131 2338 3193 triti-

807 3245 973 3302 cum,
1030 3224 1131 3285 vel
1170 3222 1323 3283 illud
1365 3239 1439 3282 ex
1486 3222 1624 3283 aliis
1671 3222 1823 3283 locis
1870 3223 2329 3285 introducendi.

807 3318 985 3393 Quod
1030 3316 1284 3396 quidem
1325 3314 1610 3394 quamvis
1655 3313 1789 3375 sine
1834 3315 1954 3374 ulla
2005 3334 2194 3375 causa
2223 3316 2334 3376 illi-

806 3412 924 3473 cite
952 3411 1164 3480 fieret;
1201 3426 1325 3467 non
1354 3412 1564 3467 tamen
1599 3406 1825 3486 injuste
1855 3410 2070 3468 contra
2101 3413 2337 3487 empto-

804 3521 938 3563 rem
973 3523 987 3563 :
1023 3500 1169 3580 quia
1197 3499 1383 3559 datur
1402 3499 1459 3559 ei
1488 3498 1723 3576 aliquid
1746 3499 1944 3577 pretio
1968 3500 2334 3562 aestimabile

803 3600 867 3657 et
895 3594 1067 3668 utile,
1102 3608 1326 3669 nempe
1350 3594 1625 3668 potestas
1653 3591 1907 3651 moralis
1928 3591 2198 3653 faciendi
2227 3594 2333 3654 ali-

803 3688 976 3768 quid,
1010 3683 1178 3765 quod
1210 3683 1602 3744 occasionem
1625 3687 1880 3760 praestat
1909 3684 2118 3764 magni
2151 3686 2328 3748 lucri.

804 3779 982 3843 Unde
1024 3778 1128 3858 qui
1177 3774 1483 3854 promittit
1524 3791 1782 3853 operam
1824 3794 2002 3836 suam
2048 3777 2127 3837 ad
2174 3778 2335 3839 obti-

801 3873 1073 3933 nendam
1110 3869 1301 3931 talem
1341 3867 1702 3928 facultatem
1746 3887 1859 3947 pro
1916 3870 2147 3947 pretio,
2209 3888 2333 3931 non

800 3964 1134 4026 committit
1179 3960 1546 4041 injustitiam
1593 3964 1810 4021 eontra
1857 3980 2002 4021 eum
2050 3962 2159 4042 qui
2197 3979 2332 4043 pre·

799 4057 955 4119 tium
983 4055 1187 4117 solvit.
1220 4056 1348 4114 Nec
1368 4053 1534 4113 enim
1554 4071 1774 4114 verum
1795 4058 1889 4115 est
1915 4055 2158 4115 lucrum
2189 4073 2333 4116 con-

800 4167 1066 4229 sequens
1097 4165 1230 4207 esse
1261 4146 1532 4206 fructum
1568 4146 1759 4207 solius
1789 4147 2135 4224 industriae,
2187 4165 2332 4208 cum

800 4242 879 4303 sit
904 4240 1095 4302 etiam
1121 4239 1360 4300 fructus
1388 4238 1527 4300 talis
1554 4238 1885 4316 facultatis,
1919 4240 2051 4300 sine
2082 4257 2208 4319 qua
2235 4258 2331 4301 oc-

800 4334 964 4396 casio
993 4331 1280 4393 lucrandi
1309 4330 1524 4391 haberi
1555 4349 1681 4391 non
1709 4335 1939 4410 posset.

880 4424 1110 4505 Objicit
1152 4423 1403 4499 Molina,
1465 4423 1612 4501 quia
1653 4428 1945 4484 mutuans
1991 4424 2180 4484 etiam
2224 4425 2333 4486 dat

801 4519 1191 4581 occasionem
1220 4515 1596 4577 mutuatario
1625 4516 1939 4589 lucrandi3
1975 4534 2092 4577 nec
2119 4521 2329 4578 tamen

797 4613 938 4673 ideo
982 4614 1185 4689 potest
1228 4608 1499 4689 pretium
1547 4608 1852 4686 accipere,
1902 4610 2050 4688 quia
2094 4609 2329 4672 fructus

797 4704 1184 4783 subsequens
1213 4705 1306 4762 est
1350 4700 1585 4761 fructus
1614 4718 1803 4761 merae
1847 4701 2167 4763 industriae
2193 4721 2333 4764 mu-

794 4796 1077 4868 tuatarii3
1112 4811 1261 4872 ergo
1290 4792 1575 4854 similiter
1602 4792 1937 4853 dicendum
1966 4798 2060 4856 est
2086 4795 2150 4855 in
2181 4814 2329 4857 casu

795 4892 1030 4950 nostro.
1065 4889 1249 4964 Resp.
1276 4884 1693 4946 differentiam
1710 4904 1844 4946 esse
1865 4888 2100 4948 claram
2136 4908 2149 4949 ε
2184 4908 2329 4949 nam

795 4981 903 5061 qui
932 4979 1149 5043 vendit
1192 4996 1447 5057 equum,
1492 4998 1553 5039 v.
1585 4996 1647 5054 g.
1701 4997 1825 5038 non
1873 4984 2080 5058 potest
2123 4982 2328 5060 majus

795 5075 1067 5152 pretium
1096 5072 1380 5150 accipere
1430 5086 1620 5149 quam
1668 5088 1866 5149 equus
1895 5091 1965 5131 ex
1996 5090 2063 5132 se
2094 5073 2321 5151 valeat,

795 5170 1049 5245 propter
1093 5163 1424 5226 utilitatem
1470 5162 1848 5241 peculiarem
1897 5169 2099 5225 ortam
2128 5183 2201 5223 ex
2233 5165 2327 5224 in-

792 5258 1032 5319 dustria
1061 5255 1379 5337 emptoriS,
1428 5254 1527 5315 cui
1557 5254 1658 5314 ille
1689 5274 1886 5333 equus
1915 5256 2125 5316 utilior
2155 5257 2273 5319 erit
2304 5277 2319 5319 :

790 5350 880 5411 sic
907 5350 961 5411 ei
1011 5348 1118 5430 qui
1147 5351 1395 5409 mutuat
1438 5351 1691 5409 centum
1737 5348 1958 5410 satisfit
1993 5348 2323 5429 adaequate

1984 275 2087 334 DE
2128 274 2483 337 JUSTITIA
2529 279 2629 339 ΕΤ
2671 282 2870 344 JURE

2455 455 2777 517 reddendo
2828 458 2947 519 alia
2995 466 3247 523 eentum
3291 482 3430 542 quae
3458 483 3533 525 ex
3579 485 3645 526 se
3694 487 3818 528 non
3851 474 3999 531 sunt

2455 547 2660 609 minus
2690 551 2863 612 utilia
2893 573 3081 633 quam
3111 561 3360 617 centum
3392 576 3533 637 quae
3565 559 3740 621 dedit
3772 582 3785 622 ;
3829 564 3999 623 utili-

2455 643 2549 700 tas
2578 646 2788 702 autem
2817 646 3149 724 peculiaris
3175 666 3365 726 quam
3385 648 3623 713 liabent
3647 653 3712 711 in
3740 657 3999 714 mutua-

2455 734 2613 794 tario
2644 754 2766 795 non
2800 743 2892 798 est
2927 739 3280 801 vendibilis,
3342 744 3423 802 At
3464 762 3613 805 vero
3663 746 3997 808 facultates

2456 824 2579 886 illae
2610 845 2680 886 ex
2716 848 2780 888 se
2811 832 3081 892 afferunt
3106 833 3438 894 utilitatem
3485 841 3547 897 et
3576 839 3999 900 commodita-

2453 922 2581 977 tem
2612 921 2808 998 pretio
2858 922 3137 1000 dignam,
3188 944 3299 1003 pro
3348 946 3472 1006 qua
3518 947 3659 989 cum
3708 950 3835 992 non
3867 933 3992 993 sol·

2453 1015 2679 1071 vantur
2705 1017 2814 1074 aut
2856 1015 3202 1078 reddantur
3230 1020 3594 1082 concedenti
3644 1025 3742 1084 vel
3790 1025 3999 1104 impe·

2453 1105 2645 1164 tranti
2675 1105 2829 1181 illas,
2883 1107 3020 1168 alia}
3050 1109 3375 1171 facultates
3404 1113 3637 1174 similes
3663 1135 3843 1196 aeque
3875 1119 3996 1178 uti-

2453 1194 2565 1271 leS,
2587 1200 2791 1274 potest
2805 1203 3015 1276 petere
3036 1203 3303 1280 pretium
3313 1203 3493 1282 juxta
3510 1207 3995 1270 aestimationem

2454 1287 2735 1348 utilitatis
2780 1309 2967 1368 quam
2999 1291 3326 1354 facultates
3372 1297 3492 1357 illae
3523 1318 3597 1358 ex
3625 1319 3692 1360 se
3722 1302 3987 1379 liabent,

2454 1383 2516 1439 et
2543 1379 2682 1440 ideo
2713 1381 2846 1442 sine
2879 1384 3003 1443 ulla
3033 1383 3337 1463 injustitia
3385 1396 3604 1452 contra
3635 1401 3991 1472 emptorem

2452 1471 2811 1534 venduntur
2838 1476 3068 1553 passim
3097 1496 3135 1537 a
3163 1479 3582 1556 gubernatore
3611 1485 3845 1546 similes
3896 1490 3993 1550 fa-

2453 1564 2733 1626 cultates,
2795 1568 2972 1628 Unde
3015 1587 3156 1629 cum
3200 1576 3630 1654 proportione,
3685 1579 3788 1657 qui
3838 1599 3989 1658 ope-

2452 1675 2586 1716 ram
2616 1677 2794 1719 suam
2823 1661 3130 1737 promittit
3159 1668 3222 1723 et
3252 1664 3511 1728 adhibet
3549 1669 3626 1729 ad
3660 1670 3795 1732 illas
3827 1673 3990 1734 ohti-

2453 1751 2710 1827 nendas,
2762 1752 3030 1830 pretium
3060 1759 3123 1814 et
3168 1760 3735 1822 remunerationem
3778 1771 3993 1843 potest

2452 1842 2756 1921 accipere.
2793 1844 3103 1925 Quidquid
3136 1853 3347 1908 autem
3377 1851 3476 1927 sit,
3510 1871 3590 1912 an
3612 1854 3777 1916 licite
3807 1859 3991 1918 nobi·

2447 1934 2523 1994 lis
2572 1953 2676 1995 eas
2733 1936 3090 2014 promiserit
3145 1942 3207 1999 et
3252 1946 3469 2017 postea
3523 1950 3983 2027 procuraverit,

2448 2032 2587 2107 post
2614 2031 2849 2088 factum
2879 2048 3026 2090 vero
3059 2049 3183 2090 non
3216 2032 3462 2094 videtur
3491 2037 3867 2117 obligandus
3901 2044 3987 2103 ad

2446 2121 2899 2183 restituendum
2954 2122 3243 2201 pretium,
3301 2128 3461 2189 sicut
3514 2149 3629 2191 nec
3684 2136 3987 2196 meretrix

2446 2214 2758 2292 obligatur
2801 2234 2875 2274 ex
2896 2214 3141 2293 justitia
3170 2217 3248 2277 ad
3305 2220 3763 2285 restituendum
3807 2229 3983 2306 quod

2444 2311 2698 2385 propter
2725 2306 3175 2385 turpitudinem
3222 2313 3463 2390 accepit
3524 2335 3537 2375 :
3599 2316 3723 2378 imo
3767 2329 3987 2397 posset

2443 2399 2701 2474 nobilis,
2760 2405 3091 2478 postquam
3144 2401 3337 2479 pistor
3390 2404 3611 2469 habuit
3648 2410 3983 2475 facultates

2442 2490 2597 2568 illas,
2657 2490 2905 2569 exigere
2952 2496 3021 2553 ut
3069 2493 3431 2557 observaret
3485 2505 3880 2565 contractum
3921 2514 3983 2568 et

2440 2584 2727 2658 solveret,
2789 2584 2957 2662 quod
3001 2604 3111 2662 pro
3160 2586 3278 2646 illis
3318 2588 3719 2654 facultatibus
3776 2598 3984 2677 impe-

2437 2676 2677 2736 trandis
2699 2677 3087 2754 promiserat.
3123 2681 3496 2760 Praesertim,
3531 2704 3671 2745 cum
3694 2706 3980 2753 commu·

2438 2770 2598 2830 nitas
2627 2768 2723 2827 vel
2754 2774 3029 2846 potestas
3070 2772 3341 2849 publica,
3395 2778 3668 2855 quand0,
3720 2787 3978 2859 petente

2435 2861 2568 2923 viro
2600 2860 2814 2938 nobili,
2845 2861 3111 2940 gratiam
3131 2864 3300 2925 illam
3322 2870 3626 2948 concedit,
3659 2874 3862 2938 soleat
3880 2885 3980 2940 at-

2435 2953 2693 3015 tendere
2741 2954 2816 3012 ad
2852 2954 2985 3032 ejus
3032 2956 3256 3017 merita
3287 2977 3427 3038 quae
3472 2961 3782 3041 ejusmodi
3826 2988 3976 3030 con-

2435 3046 2819 3108 cessionibus
2875 3054 3389 3126 remunerantur,
3452 3060 3515 3115 et
3560 3058 3789 3121 nobilis
3835 3062 3974 3140 ipse

2435 3140 2684 3201 debitor
2717 3140 3285 3219 maneatjieneficii
3315 3148 3553 3227 accepti
3586 3169 3725 3230 quae
3756 3156 3973 3218 omnia

2433 3236 2578 3294 sunt
2609 3233 2807 3311 pretio
2841 3234 3254 3297 aestimabilia.

2513 3326 2741 3387 Ultimo
2790 3325 3059 3387 dubitari
3091 3332 3296 3406 potest
3350 3332 3427 3393 de
3473 3334 3592 3396 alio
3638 3338 3970 3403 locationis

2433 3422 2775 3494 contractu,
2829 3437 3015 3497 quem
3059 3425 3351 3501 proponit
3389 3427 3633 3506 Megala
3662 3433 3722 3491 in
3765 3432 3971 3496 Consi·
4107 3376 4175 3434 84

2432 3512 2543 3584 liis,
2579 3510 2778 3571 consil.
2808 3528 3028 3573 Lxxxv.
3064 3532 3185 3592 quo
3217 3515 3705 3600 pharmacopola
3736 3526 3973 3589 locavit
4045 3503 4208 3607 ”⁰322

2432 3605 2641 3665 omnia
2694 3623 2842 3664 vasa
2890 3609 2952 3666 et
2995 3605 3457 3671 medicamenta
3501 3632 3631 3675 suae
3685 3619 3969 3683 taberna)
4020 3622 4208 3706 5⁸²ss

2432 3699 2512 3758 ad
2574 3697 2968 3774 decennium,
3032 3717 3229 3777 eaque
3285 3704 3494 3765 omnia
3542 3706 3716 3771 dedit
3761 3716 3967 3791 pretio
4018 3719 4208 3815 fflffl

2432 3790 2737 3850 aestimata
2779 3789 3163 3866 conductori,
3214 3812 3355 3853 cum
3387 3806 3567 3876 pacto
3617 3806 3685 3862 ut
3724 3808 3971 3867 condu-
4046 3827 4208 3881 qua-uu

2432 3887 2567 3943 ctor
2595 3881 2853 3960 singulis
2883 3883 3061 3941 annis
3089 3883 3290 3948 solvat
3318 3888 3535 3951 decem
3567 3913 3679 3971 pro
3701 3898 3969 3977 singulis

2431 3974 2804 4035 centenariis
2859 3975 3219 4054 aestimatiS,
3282 3985 3344 4040 et
3398 3983 3571 4046 finito
3628 3988 3963 4069 decennio,

2429 4066 2693 4127 reddere
2723 4066 2949 4127 debeat
2969 4085 3121 4129 vasa
3149 4075 3211 4131 et
3237 4073 3696 4141 medicamenta
3738 4084 3968 4144 eodem

2430 4159 2629 4238 pretio
2661 4159 3048 4220 aestimanda.
3099 4161 3296 4234 Quem
3326 4173 3714 4232 contractum
3747 4195 3971 4236 usura·

2429 4251 2591 4312 rium
2622 4249 2773 4311 dicit
2799 4250 2966 4311 idem
2983 4254 3247 4332 Megala,
3282 4258 3424 4335 quia
3449 4263 3797 4327 conductor
3817 4287 3970 4329 con-

2429 4348 2526 4405 tra
2569 4344 2741 4423 leges
2789 4345 3218 4406 conductionis
3275 4350 3588 4429 obligatur
3642 4359 3720 4418 ad
3780 4380 3971 4424 casus

2427 4436 2735 4512 fortuitoS,
2784 4440 2846 4497 et
2885 4438 3141 4517 suscipit
3168 4440 3229 4498 in
3274 4461 3340 4500 se
3370 4446 3571 4506 totum
3614 4452 3969 4528 perieulum

2426 4530 2519 4589 rei
2544 4529 2785 4605 locatae,
2844 4529 3011 4607 quod
3052 4531 3186 4590 fieri
3235 4551 3359 4594 non
3406 4543 3612 4615 potest
3659 4544 3778 4604 nisi
3815 4565 3971 4608 cum

2426 4622 2829 4702 proportione
2858 4621 3179 4682 minuatur
3212 4630 3429 4703 pensio
3470 4650 3584 4709 pro
3635 4654 3823 4698 onere
3852 4640 3968 4702 illo

2428 4714 2788 4776 conductori
2832 4714 3156 4792 imposito,
3210 4738 3396 4797 quam
3444 4730 3814 4791 sententiam
3846 4733 3972 4794 im-

2427 4811 2664 4887 pugnat
2694 4806 2889 4866 Diana
2921 4823 2963 4869 1.
2996 4812 3147 4870 tom.
3184 4816 3361 4874 tract.
3396 4814 3465 4876 de
3492 4824 3826 4885 contrat-tib.
3864 4846 3974 4887 re-

2428 4900 2539 4960 sol.
2573 4902 2670 4960 89.
2723 4899 2872 4977 quia
2913 4918 3037 4960 non
3069 4905 3162 4962 est
3219 4911 3436 4977 contra
3478 4917 3764 4975 naturam
3790 4918 3973 4981 loea-

2424 4992 2638 5068 tioniS,
2699 4992 2866 5070 quod
2916 5011 2990 5051 ex
3036 4999 3219 5072 pacto
3268 5017 3560 5078 expresso
3612 5010 3975 5074 conductor

2424 5083 2620 5163 possit
2672 5085 3019 5163 periculum
3063 5088 3157 5147 rei
3212 5090 3429 5153 loeatae
3485 5101 3830 5179 suscipere;
3900 5113 3974 5169 et

2424 5177 2566 5237 ideo
2636 5177 2787 5238 dicit
2841 5177 3005 5238 hunc
3075 5185 3462 5245 contractum
3537 5195 3967 5271 approbatum

2425 5268 2612 5329 fuisse
2656 5270 2886 5348 Papiae,
2948 5275 3010 5331 et
3061 5274 3397 5337 Mediolani
3453 5299 3618 5344 anno
3668 5290 3838 5350 1582.
3900 5298 3972 5354 et

2425 5380 2536 5440 pro
2561 5360 2781 5421 eadem
2803 5364 3111 5426 sententia
3141 5369 3319 5431 affert
3339 5374 3754 5441 Cavalcanum
3782 5391 3961 5460 part.
