4263 6376
1215 363 1686 426 DISPUTATIO
1732 362 2005 439 XXXVI,
2055 365 2327 429 SEc'rlo
2372 367 2450 427 X.

211 544 438 602 tamen
465 541 700 603 Molina
728 541 816 603 ibi
845 546 1056 620 negat,
1090 559 1278 620 quem
1309 540 1591 620 sequitur
1607 543 1761 602 Tur-

208 633 441 695 rianus
468 635 628 714 disp.
664 637 844 698 XLV.
878 634 1028 697 dub.
1063 637 1122 696 6.
1157 653 1264 694 nu.
1297 636 1395 694 21.
1440 632 1588 712 quia
1613 632 1764 695 licet

209 725 379 787 illud
409 732 662 806 pactum
692 727 1137 807 obligationem
1165 726 1454 787 inducat:
1480 725 1762 786 nondum

209 823 439 880 tamen
469 826 563 882 est
598 820 974 899 permutatio
1000 867 1016 897 ,
1068 839 1209 899 quae
1255 819 1389 880 sola
1428 818 1762 880 traditione

210 913 550 991 perficitur
581 932 595 972 :
631 931 780 993 ergo
830 931 975 973 cum
1022 912 1270 991 gabella
1308 930 1433 972 non
1464 911 1765 973 debeatur

212 1023 299 1065 ex
332 1007 505 1066 omni
532 1011 858 1068 contractu
891 1006 1206 1085 obligante
1230 1051 1246 1082 ,
1296 1004 1406 1064 sed
1447 1024 1523 1065 ex
1550 1005 1765 1065 vendi-

212 1096 420 1174 tione,
454 1098 552 1159 vel
582 1098 1064 1176 permutatione,
1099 1115 1224 1157 non
1254 1097 1522 1159 debetur
1549 1115 1624 1156 ex
1658 1096 1761 1157 illo

213 1190 359 1250 solo
390 1195 571 1270 pacto
602 1196 746 1253 ante
774 1192 1200 1253 traditionem.

305 1284 601 1346 venditio
632 1289 866 1361 autem,
903 1285 1072 1364 quia,
1108 1287 1174 1344 ut
1192 1283 1279 1344 ibi
1299 1281 1593 1359 vidimuS,
1624 1300 1763 1361 per·

210 1376 435 1438 ficitur
464 1381 607 1438 ante
637 1376 1065 1453 traditionem,
1092 1394 1164 1437 eo
1183 1376 1316 1455 ipso
1348 1375 1590 1437 inducit
1616 1375 1768 1436 obli-

210 1467 545 1545 gationem
573 1469 833 1548 gabellae
879 1469 1194 1530 solvendae
1233 1469 1421 1529 etiam
1461 1472 1604 1529 ante
1635 1472 1763 1529 tra-

213 1560 553 1639 ditionem,
587 1566 657 1623 ut
682 1562 867 1623 docet
886 1580 1031 1623 cum
1062 1561 1198 1621 aliis
1225 1561 1459 1622 Molina
1498 1560 1559 1622 d.
1596 1560 1757 1639 disp.

209 1655 366 1714 337.
402 1654 629 1716 colum.
664 1657 720 1718 1.
756 1655 936 1735 cujus
983 1654 1367 1715 contrarium
1398 1653 1582 1715 docet
1607 1655 1764 1715 Vas-

215 1740 389 1825 quez
416 1746 583 1808 dicto
611 1748 668 1826 ἓ.
701 1748 781 1811 11.
816 1747 969 1808 dub.
1005 1763 1091 1807 vl.
1120 1764 1292 1806 num.
1326 1750 1423 1806 27.
1452 1745 1600 1825 quia
1628 1745 1761 1824 ipse

211 1839 416 1900 sentit
444 1838 870 1901 venditionem
918 1857 1043 1899 non
1087 1839 1303 1918 perfici
1346 1838 1764 1900 essentialiter

209 1938 371 1993 ante
399 1932 800 1994 traditionem
825 1952 840 2006 3
875 1933 1220 1994 Turrianus
1249 1950 1399 1992 vero
1421 1932 1572 1993 dub.
1608 1949 1668 1994 v.
1692 1951 1755 1992 n.

211 2028 279 2086 3.
315 2029 381 2086 et
406 2044 581 2104 seqq.
617 2025 867 2102 fatetur,
902 2024 1336 2086 venditionem
1364 2023 1578 2104 perfici
1609 2028 1757 2085 ante

212 2117 313 2178 rei
343 2118 614 2179 venditae
643 2118 1042 2179 traditionem
1066 2164 1081 2193 ,
1115 2121 1305 2196 atque
1334 2116 1475 2177 ideo
1503 2163 1518 2193 ,
1567 2118 1620 2177 si
1653 2136 1761 2195 ga-

212 2210 391 2270 bella
417 2210 675 2289 praecise
718 2210 1063 2273 venditioni
1114 2209 1473 2288 imponatur
1495 2256 1510 2286 ,
1544 2209 1758 2270 deberi

213 2303 417 2364 etiam
445 2304 493 2364 si
524 2307 743 2383 postea
770 2322 871 2365 res
914 2322 1037 2364 non
1069 2302 1375 2380 tradatur,
1429 2306 1490 2363 et
1543 2321 1762 2363 conse-

213 2401 492 2474 quenter
520 2414 663 2457 cum
690 2395 921 2457 Molina
953 2394 1243 2456 concedit
1276 2413 1462 2474 posse
1491 2394 1763 2473 gabella-

209 2488 389 2547 rium
416 2488 586 2548 illam
615 2488 888 2565 exigere,
908 2487 1055 2548 licet
1073 2487 1515 2548 contrahentes
1544 2490 1759 2565 postea

210 2600 257 2641 a
286 2584 615 2642 contractu
647 2580 1076 2655 discederent,
1130 2583 1191 2640 et
1238 2579 1553 2658 pertinere
1586 2579 1662 2639 ad
1692 2579 1760 2638 il-

210 2675 357 2734 lum
402 2673 481 2733 ad
532 2692 720 2754 quem
755 2674 893 2734 loco
951 2675 1014 2733 et
1066 2677 1348 2751 tempore
1405 2676 1760 2734 contractus

212 2766 570 2847 spectabat,
606 2784 730 2825 non
762 2764 843 2825 ad
872 2783 1016 2825 eum
1045 2764 1124 2824 ad
1157 2782 1344 2844 quem
1365 2768 1676 2843 spectaret
1694 2764 1758 2823 in

210 2861 385 2935 loco,
447 2859 541 2919 vel
585 2863 870 2938 tempore
927 2856 1280 2918 traditionis
1325 2873 1341 2921 ε
1384 2857 1655 2935 denique
1706 2856 1758 2916 si

211 2959 505 3032 tempore
534 2955 890 3013 contractus
921 2954 1056 3012 erat
1083 2949 1470 3026 immunitaS,
1498 2967 1623 3010 non
1652 2949 1757 3009 de—

210 3045 379 3119 beri,
413 3045 557 3106 licet
584 3049 863 3123 tempore
892 3041 1245 3104 traditionis
1276 3046 1661 3117 cessassent,
1697 3045 1760 3104 et

214 3158 252 3200 e
283 3141 527 3200 contra.
562 3136 753 3199 Addit
778 3139 989 3197 tamen
1022 3135 1230 3196 verius
1260 3134 1458 3195 videri
1489 3133 1567 3195 de
1587 3135 1753 3196 facto

211 3233 282 3292 in
333 3231 634 3311 Hispania
674 3248 799 3290 non
847 3228 1060 3289 deberi
1109 3247 1185 3289 ex
1235 3230 1368 3289 sola
1394 3228 1752 3289 venditione

214 3329 369 3386 ante
385 3323 474 3384 rei
496 3323 766 3383 venditae
783 3321 1186 3383 traditionem
1200 3324 1591 3400 repugnante
1611 3338 1757 3398 pra-

210 3419 301 3494 xi,
332 3435 471 3497 quae
491 3433 833 3495 numquam
853 3414 1121 3492 exigitur
1141 3421 1285 3475 ante
1301 3412 1701 3475 traditionem
1732 3429 1746 3474 :

211 3510 498 3589 alioquin
528 3509 582 3569 si
619 3508 911 3569 venditor
949 3525 1084 3567 rem
1131 3505 1411 3567 nondum
1458 3505 1753 3567 traditam

208 3603 473 3678 vendat,
509 3607 571 3663 et
599 3601 807 3662 tradat
833 3600 1108 3661 secundo
1139 3599 1444 3679 emptori,
1497 3598 1755 3659 deberet

211 3696 536 3774 duplicem
563 3693 876 3773 gabellam
900 3740 915 3770 ,
959 3692 1125 3773 quod
1154 3710 1280 3753 non
1310 3697 1403 3753 est
1430 3691 1747 3752 credibile.

210 3793 368 3850 Haec
396 3791 643 3860 autem;
690 3805 835 3848 cum
886 3785 1138 3846 omnino
1187 3784 1505 3864 pendeant
1531 3802 1605 3844 ex
1636 3802 1751 3844 usu

208 3883 305 3944 ita
332 3882 781 3959 interpretante
798 3879 1032 3940 dictam
1060 3879 1263 3957 legem
1281 3877 1565 3957 gabellae,
1600 3895 1749 3937 con-

208 3974 484 4036 suetudo
528 3972 911 4036 consulenda
960 3976 1073 4032 est.
1109 3975 1206 4031 An
1252 3989 1401 4032 vero
1449 3970 1754 4031 debeatur

209 4068 420 4129 solum
448 4067 511 4127 in
539 4067 677 4127 loco
709 4066 812 4126 ubi
857 4065 928 4127 fit
974 4067 1331 4126 contractus
1359 4063 1456 4124 vel
1501 4063 1604 4123 ubi
1652 4080 1751 4123 res

208 4161 483 4225 traditur
508 4205 524 4237 ,
574 4158 973 4221 consulendae
1006 4162 1152 4218 sunt
1195 4157 1366 4235 leges
1408 4156 1752 4235 peculiares

208 4253 379 4314 illius
407 4252 607 4332 regni,
641 4271 797 4332 quas
826 4254 1008 4312 affert
1021 4251 1253 4313 Molina
1274 4249 1588 4328 disp.679.
1610 4267 1751 4327 quae

210 4348 292 4407 de
327 4346 421 4406 his
449 4346 810 4426 loquuntur,
866 4349 926 4406 et
955 4344 1128 4404 varia
1177 4361 1290 4422 pro
1319 4342 1509 4404 variis
1547 4341 1751 4420 dispo—

209 4443 469 4501 nuntur.

294 4534 386 4592 Ex
414 4531 635 4592 eadem
665 4531 948 4593 doctrina
976 4529 1277 4609 sequitur,
1311 4528 1360 4588 si
1378 4530 1598 4589 Petrus
1620 4546 1749 4588 cre-

210 4626 370 4686 dens
396 4626 429 4688 J
436 4625 623 4687 oanni
652 4625 772 4686 hoc
793 4624 1167 4703 placiturum
1190 4622 1441 4683 nomine
1464 4620 1598 4701 ejus
1613 4640 1747 4681 rem

137 4706 146 4779 ξ
210 4717 408 4797 ipsius
437 4717 750 4794 vendidit,
801 4716 1173 4795 promittens
1200 4716 1507 4778 Joannem
1539 4718 1746 4775 ratum

137 4808 141 4830 ²
208 4809 598 4886 habiturum,
633 4829 775 4870 cum
804 4809 1079 4870 venditio
1111 4825 1234 4868 non
1256 4811 1584 4868 censeatur
1612 4826 1747 4887 per-

204 4905 374 4964 fecta
402 4907 544 4964 ante
570 4904 603 4965 J
610 4903 829 4963 oannis
850 4901 1359 4963 ratihabitionem
1382 4919 1504 4961 non
1524 4900 1743 4961 deberi

206 4996 402 5057 etiam
422 5000 606 5057 antea
630 4995 963 5074 gabellam.
989 4996 1086 5055 An
1107 5012 1255 5055 vero
1285 4993 1743 5073 inspiciendum

205 5089 292 5149 sit
320 5092 564 5166 tempus
593 5105 715 5168 quo
745 5086 1104 5148 ratihabitio
1154 5087 1427 5164 ponitur,
1476 5104 1554 5146 an
1584 5092 1744 5148 tem-

205 5200 329 5261 pus
357 5185 709 5241 contractus
740 5180 896 5257 initi,
924 5180 1003 5239 ad
1035 5179 1200 5258 quod
1228 5198 1341 5258 per
1359 5179 1745 5241 ratihabitio-

204 5292 358 5335 nem
385 5273 825 5336 retrotrahitur
840 5291 1201 5350 consensuS,
1227 5272 1306 5333 ad
1327 5272 1742 5352 judicandum

202 5387 286 5427 an
320 5371 381 5427 et
409 5367 510 5427 cui
541 5366 844 5428 debeatur
871 5366 1118 5446 gabella
1139 5385 1212 5425 ex
1231 5366 1337 5425 illa
1356 5366 1736 5442 venditione,

199 5462 436 5523 tractat
460 5459 692 5520 Molina
722 5459 883 5538 disp.
916 5461 1055 5520 337.
1089 5458 1207 5519 col.
1242 5459 1354 5522 ult.
1389 5458 1493 5537 qui
1523 5459 1585 5518 in
1610 5459 1741 5519 uni·

198 5570 459 5617 versum
487 5555 685 5633 putat,
718 5551 1172 5617 attendendum
1199 5570 1334 5615 esse
1366 5556 1612 5633 tempus
1639 5571 1742 5615 ra-

3280 372 3392 431 661

1860 540 2218 603 tificationis
2251 561 2265 602 ε
2301 546 2364 604 et
2402 544 2944 606 retrotractionem
2992 564 3116 606 non
3164 545 3399 607 habere

1860 633 2071 694 locum
2100 634 2163 694 in
2193 635 2628 715 praejudicium
2673 637 2881 714 tertii,
2935 638 3044 698 sed
3093 638 3297 699 solum
3334 639 3401 699 in

1864 726 2083 788 ordine
2110 727 2190 787 ad
2223 728 2665 789 contrahentes
2701 730 2865 791 inter
2903 750 2991 791 se.
3024 731 3318 810 Alioquin
3349 731 3400 791 si

1860 820 2138 880 Joannes
2193 820 2447 899 ignarus
2500 822 2663 882 illius
2689 823 2783 883 rei
2809 823 3214 899 vendidisset,
3248 823 3400 883 illud

1862 910 2027 970 idem
2062 914 2414 990 Francisco,
2448 918 2731 993 tempore
2755 915 3130 976 intermedio
3158 920 3222 976 et
3246 934 3401 976 non-

1863 1003 2014 1064 dum
2044 1005 2437 1082 tradidisset,
2471 1012 2682 1085 posset
2722 1013 2927 1069 ratam
2972 1008 3206 1068 habere
3251 1026 3404 1068 ven-

1864 1096 2164 1158 ditionem
2210 1116 2248 1158 a
2290 1101 2473 1160 Petro
2522 1100 2792 1176 factam,
2853 1104 2917 1161 et
2982 1100 3400 1161 retrotrahere

1862 1209 2046 1250 suum
2102 1210 2477 1252 consensum
2506 1193 2587 1252 ad
2625 1196 2874 1272 tempus
2903 1193 3056 1253 illud
3085 1194 3147 1253 in
3178 1191 3403 1272 praeju-

1865 1282 2097 1344 dicium
2128 1285 2441 1346 Francisci
2458 1332 2474 1361 ,
2523 1286 2692 1365 quod
2718 1290 2810 1347 est
2837 1285 3182 1348 absurdum
3201 1290 3263 1346 et
3289 1285 3403 1346 ad-

1864 1377 2124 1437 versarii
2145 1396 2270 1438 non
2300 1379 2672 1439 concedent.

1942 1470 2224 1548 Denique
2254 1489 2329 1530 ex
2361 1474 2583 1532 eadem
2606 1470 2888 1532 doctrina
2906 1470 3208 1550 sequitur,
3252 1470 3402 1550 quid

1863 1560 2201 1622 dicendum
2234 1563 2332 1640 sit,
2369 1563 2618 1642 quando
2649 1562 2925 1624 venditio
2956 1564 3121 1625 facta
3144 1567 3238 1624 est
3256 1564 3405 1625 data

1864 1655 2051 1715 arrha
2080 1656 2143 1715 in
2174 1655 2421 1716 casibus
2451 1656 2678 1735 quibus
2709 1657 3091 1734 permittitur
3105 1656 3400 1717 recedere

1864 1766 1901 1808 a
1931 1752 2259 1809 contractu
2287 1794 2302 1824 ,
2356 1767 2478 1828 quo
2512 1767 2659 1809 casu
2692 1748 2910 1809 deberi
2939 1750 3149 1810 statim
3178 1748 3400 1829 gabel-

1860 1841 2008 1913 lam,
2043 1840 2228 1902 docet
2252 1843 2508 1902 Lasarto
2542 1841 2710 1919 apud
2740 1841 2949 1903 Molin.
2985 1842 3218 1920 disput.
3255 1844 3395 1903 338.

1862 1934 1970 2015 qui
1995 1938 2208 1995 tamen
2236 1932 2299 1992 id
2330 1938 2559 2012 negat,
2611 1952 2799 2013 quem
2843 1934 3127 2013 sequitur
3152 1934 3402 1995 Turria·

1863 2045 1979 2087 nus
2009 2027 2159 2087 dub.
2193 2046 2254 2087 v.
2287 2045 2392 2087 nu.
2432 2030 2526 2088 18.
2561 2027 2708 2106 quia
2733 2045 2806 2087 eo
2837 2027 2993 2105 ipso,
3020 2027 3188 2106 quod
3219 2030 3308 2087 est
3330 2026 3403 2086 li-

1860 2120 2069 2181 bertas
2099 2120 2436 2180 recedendi
2460 2166 2475 2196 ,
2526 2139 2649 2181 non
2692 2119 3061 2198 intelligitur
3091 2120 3403 2197 perfectus

1862 2216 2258 2289 contractuS,
2309 2213 2419 2274 sed
2470 2213 2833 2291 dependens
2881 2212 3088 2274 adhuc
3126 2231 3164 2273 a
3193 2213 3401 2275 futuro

1862 2325 2193 2367 consensu.

1942 2398 2275 2460 Dubitatur
2294 2397 2422 2477 jam
2440 2398 2916 2478 decimoquarto
2944 2398 3394 2478 principaliter,

1858 2676 1986 2735 lam
2016 2675 2169 2737 dicit
2195 2676 2537 2736 Turrianus
2576 2675 2725 2736 dub.
2762 2693 2822 2737 v.
2867 2694 3038 2736 num.
3075 2678 3170 2736 ⁴9.
3217 2674 3267 2734 si
3297 2692 3398 2734 res

1861 2772 2071 2847 empta
2100 2767 2328 2829 tradita
2375 2768 2455 2829 sit
2489 2788 2502 2828 :
2540 2768 2769 2829 sufficit
2814 2767 2984 2827 enim
3027 2769 3398 2828 alterutrum

1859 2860 1939 2921 ad
1968 2860 2250 2921 debitum
2279 2860 2580 2938 gabellae,
2633 2859 2802 2939 quod
2850 2859 3124 2934 scilicet,
3161 2859 3258 2919 vel
3296 2877 3395 2919 res

1856 2954 1956 3015 vel
1986 2953 2258 3033 pretium
2286 2953 2586 3014 traditum
2612 2953 2693 3014 sit
2725 2973 2739 3012 z
2775 2971 2921 3012 nam
2952 2971 3025 3013 eo
3058 2952 3192 3030 ipso
3223 2951 3393 3031 quod

1857 3047 2127 3126 pretium
2167 3045 2410 3125 accepit
2454 3045 2746 3106 venditor
2768 3092 2783 3122 ,
2815 3046 2917 3106 vel
2963 3044 3224 3106 tradidit
3259 3063 3393 3104 rem

1856 3158 2034 3201 suam
2060 3186 2075 3217 ‚
2120 3138 2502 3200 sufficienter
2532 3138 2912 3217 disposuisse
2942 3138 3190 3200 videtur
3217 3137 3295 3199 de
3324 3156 3393 3199 re

1853 3251 1998 3309 sua,
2048 3236 2120 3293 ut
2160 3233 2403 3292 ratione
2436 3232 2599 3292 illius
2629 3232 2858 3293 debeat
2895 3232 3229 3310 gabellam.
3268 3231 3392 3292 Sed

1852 3325 1918 3386 in
1947 3324 2066 3386 hoc
2092 3325 2301 3384 minus
2331 3328 2794 3403 consequenter
2820 3324 3128 3403 loquitur:
3154 3324 3391 3384 sienim

1852 3435 1920 3477 re
1952 3435 2073 3477 non
2106 3416 2333 3477 tradita
2368 3416 2518 3477 dicit
2565 3416 2697 3494 ipse
2742 3434 2867 3476 non
2913 3415 3128 3476 deberi
3175 3415 3394 3495 gabel-

1851 3509 2000 3585 lam,
2046 3509 2197 3588 quia
2223 3509 2501 3588 alioquin
2527 3555 2542 3585 ,
2577 3509 2628 3568 si
2657 3509 2907 3569 interim
2938 3509 3225 3569 eamdem
3255 3527 3390 3568 rem

1852 3601 2032 3663 alteri
2065 3602 2367 3663 venderet
2387 3605 2449 3662 et
2465 3601 2762 3677 traderet,
2797 3601 3389 3678 deberetduplicem

1851 3694 2205 3773 gabellam;
2240 3693 2409 3774 quod
2465 3699 2559 3755 est
2613 3694 2982 3769 absurdum,
3033 3693 3153 3754 hoc
3181 3693 3388 3771 ipsum

1851 3787 2029 3866 sequi
2057 3791 2262 3865 potest
2307 3786 2371 3845 in
2419 3786 2538 3847 hoc
2566 3804 2755 3860 casu,
2802 3786 2851 3846 si
2883 3790 3138 3864 accepto
3186 3784 3385 3863 pretio

1850 3898 1986 3940 rem
2015 3880 2197 3940 alteri
2225 3879 2457 3939 vendat
2509 3883 2573 3940 et
2616 3879 2846 3940 tradat.
2881 3880 3012 3939 lmo
3040 3877 3246 3956 majus
3277 3877 3390 3937 ab-

1851 3972 2109 4034 surdum
2141 3975 2253 4047 est,
2289 3971 2457 4051 quod
2484 3972 2775 4032 venditor
2803 3971 3159 4032 tradatrem
3180 3988 3380 4046 suam,

1852 4072 1913 4127 et
1942 4066 2140 4144 pretio
2172 4083 2296 4125 non
2325 4067 2574 4143 recepto
2619 4065 2768 4142 quia
2803 4067 3070 4142 emptor,
3104 4082 3164 4123 v.
3197 4082 3259 4140 g.
3296 4062 3387 4122 ef-

1850 4158 2043 4239 fugit,
2076 4157 2284 4218 abhuc
2312 4156 2475 4217 ultra
2497 4155 2809 4235 jacturam
2837 4157 2930 4216 rei
2958 4160 3021 4217 et
3058 4155 3245 4236 pretii
3273 4172 3385 4217 co-

1849 4251 2093 4330 gendus
2123 4250 2203 4311 sit
2229 4249 2379 4311 item
2406 4250 2719 4327 gabellam
2748 4249 3010 4309 solvere.

1933 4344 2136 4417 Quare
2158 4344 2337 4423 juxta
2370 4341 2731 4420 aequitatem
2761 4342 3011 4403 videtur
3037 4341 3233 4402 multo
3254 4359 3382 4402 ma-

1849 4438 1947 4517 gis
1976 4435 2347 4512 dicendum,
2393 4433 2784 4496 venditorem
2833 4453 2956 4495 non
3003 4434 3230 4495 debere
3276 4452 3382 4512 ga-

1848 4531 2080 4593 bellam
2108 4529 2308 4590 donec
2339 4528 2608 4606 pretium
2639 4527 2925 4607 accipiat,
2960 4528 3105 4607 quia
3135 4527 3383 4605 gabello.

1847 4623 2118 4702 exigitur
2172 4641 2248 4682 ex
2301 4609 2478 4682 lucro
2524 4619 2900 4682 venditionis
2948 4640 2961 4681 :
3005 4638 3154 4698 ergo
3211 4623 3381 4679 ante-

1846 4734 2037 4796 quam
2082 4716 2326 4776 lucrum
2370 4713 2526 4774 illud
2574 4714 2673 4789 sit,
2728 4731 2853 4773 non
2899 4712 3087 4773 debet
3128 4712 3269 4790 cogi
3297 4712 3379 4772 ad

1844 4808 2211 4871 solvendam
2256 4806 2622 4885 pensionem
2670 4824 2745 4866 ex
2789 4806 2914 4866 illo.
2958 4805 3136 4868 Unde
3173 4823 3211 4865 a
3256 4805 3379 4865 for-

1845 4903 2010 4978 tiori,
2061 4901 2113 4961 si
2151 4919 2352 4979 neque
2408 4899 2600 4960 habet
2650 4917 2827 4978 spem
2865 4899 3018 4958 illud
3071 4897 3379 4976 recipien-

1845 4995 1931 5071 di,
1966 4994 2113 5074 quia
2144 4996 2390 5070 emptor
2419 4992 2657 5069 effugit,
2694 5010 2818 5051 non
2848 4991 3038 5052 debet
3063 4990 3375 5069 gabellam

1845 5089 2087 5149 solvere
2113 5133 2128 5163 ,
2164 5091 2234 5146 ut
2263 5085 2447 5146 docet
2476 5084 2759 5146 Sanchez
2789 5083 2938 5145 dub.
2973 5100 3232 5144 xxxvln.
3269 5084 3378 5163 qui

1844 5181 1964 5241 hoc
1994 5179 2183 5241 etiam
2213 5176 2522 5253 concedit,
2557 5176 2808 5256 quando
2832 5185 3079 5256 emptor
3105 5176 3375 5254 pretium

1844 5291 2064 5333 revera
2090 5270 2275 5332 solvit
2300 5268 2712 5349 procuratori,
2735 5269 2833 5329 vel
2863 5274 3241 5347 proxenetae,
3275 5270 3378 5330 cui

1842 5384 1943 5426 res
1970 5363 2303 5425 vendenda
2331 5361 2563 5423 tradita
2592 5362 2813 5436 fuerat,
2834 5361 3012 5423 ethic
3041 5362 3240 5439 pretio
3270 5381 3376 5423 ac-

1843 5461 2023 5537 cepto
2052 5456 2212 5536 sugit
2244 5475 2258 5516 :
2294 5455 2442 5535 quia
2493 5473 2616 5514 non
2655 5454 2903 5515 videtur
2931 5472 3182 5533 aequum
3213 5455 3371 5515 affli-

1841 5556 1942 5617 oto
1972 5550 2205 5614 addere
2236 5548 2658 5626 afflictionem,
2692 5553 2755 5610 et
2774 5547 3021 5628 exigere
3043 5547 3122 5609 ab
3140 5566 3213 5610 eo
3235 5567 3374 5629 par-

1862 2491 2012 2570 quid
2041 2490 2381 2551 dicendum
2411 2491 2492 2551 sit
2520 2491 2596 2550 de
2624 2491 2985 2551 venditione
3009 2537 3026 2567 ,
3060 2496 3399 2568 antequam
3447 2532 3511 2575 An
3531 2406 3746 2576 ‚tizan-

1861 2583 2129 2662 pretium
2161 2583 2433 2644 solutum
2462 2584 2562 2659 sit,
2600 2601 2723 2662 quo
2751 2602 2900 2644 casu
2931 2582 3146 2643 deberi
3176 2582 3395 2661 gabel-
3447 2599 3597 2683 „¹¹33
3611 2599 3741 2696 ἔξω
