4263 6376
889 377 1008 437 568

878 553 1023 614 tatis
1047 600 1062 629 ,
1113 554 1174 612 in
1205 572 1328 632 quo
1359 554 1437 613 de
1466 556 1654 615 rebus
1685 556 1765 615 ad
1811 556 2049 617 bonum
2078 576 2412 619 commune

880 647 1304 725 spectantibus
1359 647 1613 707 decerni
1662 650 1821 710 solet
1853 670 1865 710 :
1920 651 2155 713 habent
2201 657 2414 714 tamen

877 758 992 819 per
1017 740 1307 800 accidens
1337 740 1546 819 aliqua
1570 760 1691 802 non
1721 743 1946 820 exigua
1967 745 2411 823 emolumenta,

878 831 1039 892 inter
1065 831 1232 909 ipsos
1281 833 1447 893 enim
1490 853 1601 894 suo
1634 835 1853 895 ordine
1896 837 2181 897 distribui
2215 839 2419 899 solent

878 924 1081 985 officia
1111 925 1320 1003 aliqua
1362 925 1441 985 ad
1473 929 1987 989 communitatem
2016 930 2413 1008 pertinentia,

876 1018 1346 1078 commissiones
1371 1064 1385 1093 ,
1419 1020 1884 1097 deputationeS,
1919 1023 2412 1100 procuratione3‚

875 1109 1171 1187 suffragia
1201 1111 1265 1168 in
1296 1111 1563 1172 comitiis
1604 1114 1794 1191 regiis
1819 1161 1833 1190 ,
1897 1121 1959 1175 et
2001 1116 2133 1175 alia·
2164 1116 2411 1192 similia,

877 1222 1017 1281 quae
1045 1222 1346 1281 magnum
1376 1206 1869 1266 emolumentum
1918 1210 2141 1268 afferre
2190 1209 2412 1284 solent,

878 1301 940 1356 et
968 1314 1090 1374 quo
1120 1297 1447 1374 pauciores
1473 1303 1651 1374 sunt,
1705 1317 1778 1358 eo
1809 1300 2200 1379 frequentius
2231 1319 2422 1361 occa-

877 1390 1083 1449 siones
1114 1389 1226 1448 has
1253 1390 1460 1451 sortiri
1489 1398 1768 1469 possunt.
1803 1394 2084 1471 Denique
2116 1412 2238 1473 quo
2271 1412 2419 1472 pau·

878 1483 1077 1543 ciores
1119 1486 1297 1558 sunt,
1341 1483 1537 1562 pluris
1583 1484 1773 1545 etiam
1803 1485 2149 1547 aestimatur
2171 1487 2274 1565 jus
2303 1506 2421 1565 gu-

878 1574 1183 1635 bernandi
1225 1575 1391 1636 bona
1433 1577 1793 1637 communia
1833 1582 1895 1639 et
1938 1579 2414 1658 rempublicam,

879 1686 1068 1748 quam
1097 1668 1147 1726 si
1173 1687 1212 1728 a
1242 1668 1521 1746 pluribus
1551 1670 1928 1747 dependeat.
1982 1673 2185 1745 Quare
2217 1673 2422 1733 solent

879 1761 1215 1840 aliquando
1245 1761 1311 1820 hi
1341 1762 1710 1822 decuriones
1726 1765 2014 1843 perpetui
2034 1783 2265 1843 magno
2284 1784 2421 1843 pre-

876 1854 962 1915 tio
995 1873 1031 1913 a
1059 1873 1207 1932 rege
1238 1854 1522 1914 obtinere
1542 1902 1556 1929 ,
1613 1856 1782 1933 quod
1813 1875 1878 1916 se
1909 1857 2145 1936 obliget
2184 1858 2265 1919 ad
2296 1877 2420 1918 non

879 1947 1237 2026 augendum
1267 1965 1485 2007 eorum
1516 1968 1845 2008 numerum
1870 1997 1884 2026 ,
1920 1951 2069 2029 ipsis
2096 1952 2327 2020 invitis,
2362 1956 2423 2014 et

880 2041 1216 2120 aliqnando
1247 2042 1545 2119 conqueri
1584 2043 1806 2119 solent,
1858 2044 2090 2120 nescio,
2126 2063 2206 2103 an
2236 2046 2422 2104 meri-

878 2138 941 2195 to
958 2134 1058 2193 vel
1088 2133 1421 2210 immerito,
1453 2134 1620 2212 quod
1644 2135 1776 2195 haec
1808 2141 1991 2214 pacta
2012 2156 2137 2197 non
2167 2156 2424 2197 serven-

879 2229 1002 2287 tur.
1040 2226 1104 2287 Si
1134 2245 1284 2304 ergo
1316 2226 1438 2287 tale
1468 2232 1723 2304 pactum
1754 2230 2111 2307 explicitum
2134 2276 2148 2305 ,
2183 2231 2283 2289 vel
2311 2232 2422 2289 im-

879 2319 1159 2398 plicitum
1189 2319 1545 2397 praecessit,
1578 2338 1703 2379 non
1732 2326 1940 2399 potest
1967 2323 2259 2401 princeps
2290 2323 2421 2382 sine

881 2430 1099 2472 eorum
1154 2429 1461 2472 consensu
1518 2412 1920 2491 decurioneS,
1980 2416 2079 2474 vel
2124 2415 2424 2476 officiales

881 2521 1079 2564 novos
1106 2522 1351 2576 creare;
1388 2523 1733 2584 numquam
1764 2507 1933 2566 enim
1964 2507 2024 2566 id
2054 2508 2145 2582 fit,
2181 2507 2316 2568 sine
2346 2525 2419 2568 eo

883 2596 1051 2676 quod
1084 2597 1287 2657 officia
1315 2596 1806 2674 praecedentium
1853 2599 2121 2659 multum
2151 2598 2426 2659 deterio-

882 2692 1119 2751 rentur.

1109 3692 1806 3789 DISPUTATIO
1874 3695 2211 3789 XXXV.

995 4063 1070 4105 DE
1113 4059 1485 4108 ACCEPTIONE
1531 4060 1928 4106 PERSONARUM
1976 4063 2217 4108 VITIOSA
2264 4064 2322 4109 m

1098 4154 1319 4198 ORDINE
1361 4155 1442 4198 AD
1487 4154 1837 4216 BENEFICIA,
1882 4157 1956 4200 ΕΤ
1992 4156 2233 4201 OFFICIA

1466 4247 1871 4298 SPIRITUALIA.

900 4538 1122 4597 SECTIO
1152 4536 1195 4594 l.
1231 4532 1321 4594 De
1347 4533 1692 4613 obliqatione
1717 4533 1968 4613 eliqendi
1991 4533 2235 4613 diqnmn
2252 4533 2333 4595 ad
2345 4534 2435 4595 be-

976 4628 1185 4708 neficia
1222 4627 1552 4709 spiritualia
1593 4637 1647 4688 et
1693 4628 1754 4687 in
1798 4647 1910 4708 quo
1955 4627 2209 4707 (liqnitas
2249 4628 2436 4688 consi-

976 4730 1112 4782 stat.

900 4881 1123 4941 Saeuo
1153 4880 1227 4939 ΙΙ.
1260 4877 1362 4939 Aa
1384 4877 1461 4937 sit
1495 4876 1765 4956 obligatio
1794 4875 2046 4956 eliqendi
2067 4896 2289 4959 semper
2319 4899 2436 4939 ma-

974 4973 1063 5053 qis
1090 4971 1331 5052 diqnum
1359 4969 1440 5030 ad
1465 4969 1738 5051 beneficia
1767 4969 2171 5032 ecelesiastica.

794 5151 806 5159 ’
900 5132 1120 5191 SECTIO
1149 5128 1250 5187 III.
1281 5126 1353 5185 ln
1382 5123 1585 5205 quibus
1614 5122 1837 5183 casibus
1880 5122 2048 5183 liceat
2088 5123 2299 5202 eliqere
2325 5145 2434 5184 mz-

979 5241 1087 5282 nus
1114 5220 1351 5302 diqnum
1379 5218 1584 5278 omisso
1611 5216 1888 5296 diqniori.

898 5384 1121 5444 SECTIO
1163 5379 1263 5439 lv.
1299 5376 1400 5436 An
1419 5381 1709 5455 patronus
1735 5371 1935 5433 debeat
1959 5381 2318 5452 proesentare
2342 5371 2435 5432 di-

974 5474 1259 5555 ym’orem,
1276 5478 1329 5529 et
1356 5467 1507 5528 idem
1534 5476 1822 5548 quoerztur
1846 5465 1915 5526 de
1940 5485 2004 5527 eo
2024 5467 2131 5546 qai
2140 5467 2436 5527 renuntiat

976 5564 1312 5646 beneficiam
1342 5563 1400 5621 in
1418 5561 1673 5641 qratiam
1701 5559 1955 5620 alterius,

2026 381 2128 444 DE
2170 384 2526 446 JUSTITIA
2575 385 2675 446 ET
2717 386 2916 448 JURE

2516 561 2737 622 Sncrlo
2766 565 2840 624 V.
2875 564 3141 643 Infertur
3165 584 3241 626 ex
3269 565 3440 626 dictt‘s
3482 568 3760 630 resolutio
3802 571 4002 632 alim-m

2593 655 2994 734 quaestionum.

2517 810 2737 870 Sec'rm
2769 812 2868 871 VI.
2907 810 3021 884 Qui
3044 813 3348 875 restituere
3373 814 3617 877 debeant
3634 837 3917 879 occasione
3938 821 4006 881 be-

2594 903 2792 984 neficii
2810 904 3056 965 indebito
3081 905 3250 968 modo
3269 908 3488 970 collati.

2594 1025 2649 1101 ἓ.
2674 1028 2718 1174 ἐ
2728 1070 2742 1084 .
2777 1024 2865 1084 De
2891 1024 3240 1105 obliqatione
3264 1030 3418 1090 male
3444 1031 3617 1092 electi
3647 1032 3732 1092 ad
3753 1034 4008 1094 restituen-

2717 1137 2833 1177 um.

2596 1239 2651 1316 ἓ.
2687 1242 2745 1299 2.
2782 1239 2863 1299 De
2906 1241 3341 1321 cooperantibus
3386 1253 3442 1304 et
3485 1246 3945 1327 impedientibus,
3975 1261 4012 1309 a*

2675 1350 2872 1390 eorum
2902 1332 3250 1413 obliyatione
3278 1336 3359 1396 ad
3379 1340 3824 1402 restituendum.

2600 1633 2732 1706 Quo
2761 1636 3067 1714 gravioris
3097 1640 3398 1700 momenti
3429 1647 3521 1702 est
3561 1642 3736 1702 salus
3767 1644 4014 1722 spiritua·

2521 1723 2615 1801 lis,
2649 1725 2730 1785 ad
2760 1746 2948 1805 quam
2979 1729 3285 1792 beneficia
3306 1779 3323 1808 ,
3356 1738 3420 1794 et
3448 1735 3658 1795 officia
3707 1738 4016 1815 spiritualia

2522 1818 2920 1896 ordinantur,
2972 1842 3160 1901 quam
3209 1828 3572 1904 temporalis
3597 1875 3615 1904 ,
3677 1848 3754 1889 eo
3809 1834 4015 1908 gravior

2522 1910 2707 1990 culpa
2752 1913 3059 1992 contingit
3102 1916 3163 1975 in
3217 1919 3585 1998 acceptione
3645 1940 4015 1999 personarum

2519 2003 2742 2064 vitiosa
2772 2004 2833 2064 in
2851 2008 3112 2068 materia
3130 2009 3316 2088 hujus
3337 2011 3811 2090 disputationis,
3834 2017 3905 2075 de
3923 2037 4016 2095 qua

2522 2096 2810 2158 doctores
2835 2144 2850 2175 ,
2893 2101 3238 2178 proesertim
3266 2105 3594 2182 moderni,
3627 2107 3758 2168 late
3790 2109 4018 2187 disputa-

2522 2195 2670 2250 runt
2701 2210 2714 2250 ε
2750 2192 3106 2253 curabimus
3138 2195 3327 2255 dubia
3359 2198 3623 2277 antiqua
3643 2246 3659 2275 ,
3715 2206 3780 2264 et
3815 2202 3920 2261 alia
3944 2222 4016 2261 re-

2522 2284 2800 2345 centiora
2826 2286 3126 2348 reducere
3155 2288 3217 2347 in
3238 2293 3711 2370 compendium,
3735 2301 3798 2356 et
3813 2296 4020 2374 regulas

2521 2378 2850 2457 generales
2896 2381 3144 2441 tradere
3179 2402 3192 2443 ε
3232 2384 3477 2462 reliqua
3529 2388 3740 2465 magis
3797 2389 3924 2449 trita
3958 2390 4016 2447 ad

2524 2474 2810 2532 auctores
2839 2473 3228 2535 remittentes
3253 2522 3268 2551 ,
3316 2477 3612 2539 indicatis
3651 2479 3919 2542 breviter
3941 2501 4018 2542 eo-

2521 2581 2662 2622 rum
2692 2563 2865 2624 locis,

3043 3011 3465 3096 sEcho
3542 3015 3591 3096 Ι.

2523 3317 2613 3379 De
2639 3317 2984 3397 obliyatione
3012 3317 3264 3398 eli9endi
3287 3318 3530 3399 diqnum
3559 3319 3640 3380 ad
3656 3320 4024 3400 beneficiospi·

2699 3423 2959 3500 ritualia,
2992 3432 3048 3484 et
3074 3425 3134 3484 in
3161 3444 3275 3505 quo
3301 3424 3558 3505 diqnitas
3588 3427 3886 3488 consistat.

2608 3691 2858 3752 Certum
2888 3694 2982 3751 est
3011 3710 3135 3751 non
3165 3709 3346 3769 posse
3379 3692 3527 3770 eligi
3561 3692 3888 3771 indignum
3916 3715 3931 3752 ;
3956 3692 4024 3751 di-

2530 3784 2692 3844 citur
2719 3788 2929 3844 autem
2958 3784 3252 3862 indignus
3272 3786 3378 3864 qui
3407 3804 3535 3846 non
3559 3793 3766 3864 potest
3789 3805 3897 3847 sno
3915 3804 4024 3844 mu-

2533 3877 2666 3937 neri
2694 3877 3051 3938 satisfacere
3086 3898 3099 3939 :
3132 3896 3274 3939 cum
3305 3898 3456 3957 ergo
3505 3880 3811 3941 beneficia
3833 3881 4024 3939 dentur
4074 3924 4081 3955 a
4121 3886 4126 3899 '

2533 3974 2787 4049 propter
2826 3971 3099 4031 officium
3122 4016 3138 4047 ,
3184 3972 3291 4050 qui
3346 3990 3471 4032 non
3529 3977 3734 4050 potest
3787 3973 4024 4033 officium
4121 3972 4128 3997 ¹

2533 4068 2870 4141 praestare,
2903 4064 3134 4124 frustra
3161 4064 3388 4143 accipit
3417 4065 3816 4126 beneficium.
3853 4064 4027 4141 Digni·
4125 4066 4134 4071 “

2533 4161 2629 4217 tas
2658 4155 2940 4217 consistit
2965 4157 3032 4216 in
3061 4174 3133 4217 eo
3158 4202 3175 4234 ,
3226 4157 3396 4236 quod
3439 4158 3676 4219 electus
3706 4160 3784 4219 sit
3809 4157 4024 4228 habilis,

2535 4267 2645 4309 seu
2674 4267 2893 4328 capax,
2928 4254 3116 4328 atque
3164 4251 3320 4310 adeo
3365 4250 3601 4312 habeat
3643 4257 3885 4312 zet-uem
3911 4249 4028 4328 jure

2533 4342 2920 4421 requisitam,
2954 4343 3124 4422 quod
3143 4344 3223 4405 sit
3240 4361 3314 4403 ex
3333 4345 3738 4404 matrimonio
3759 4345 4025 4422 legitimo.

2537 4439 2600 4496 et
2642 4435 2875 4496 habeat
2914 4436 3036 4496 alia
3079 4454 3218 4515 quae
3255 4436 3395 4515 jure
3439 4438 3860 4517 requiruntur.
3900 4438 4028 4496 Item

2537 4529 2704 4607 quod
2735 4529 2967 4590 habeat
2997 4548 3245 4590 morum
3276 4530 3666 4591 honestatem
3692 4576 3708 4605 ,
3739 4530 4024 4589 scientiam

2536 4623 2728 4685 etiam
2778 4627 3237 4700 competentem
3292 4624 3374 4683 ad
3427 4624 3552 4685 tale
3600 4623 4024 4685 ministerium

2535 4716 2932 4795 prudentiam
2980 4716 3250 4795 denique
3305 4721 3369 4778 et
3423 4716 3792 4778 industriam
3841 4732 4026 4774 rernm

2534 4810 2992 4889 gerendarum,
3036 4816 3222 4888 prout
3248 4810 3329 4871 ad
3359 4812 3480 4872 tale
3511 4811 3780 4871 officium
3806 4807 4026 4868 deside-

2535 4908 2731 4965 ratur.

2615 4998 2792 5060 Circa
2819 4998 2932 5057 has
2960 4997 3348 5058 conditiones
3379 4997 3698 5058 dubitatur
3725 4996 3936 5074 primo,
3961 5011 4022 5051 an

2532 5096 2861 5172 peccatum
2932 5090 3254 5170 quodlibet
3315 5090 3581 5151 mortale
3637 5090 3848 5150 reddat
3893 5086 4024 5146 ind}

2531 5205 2727 5265 gnum
2773 5184 3076 5246 beneficio
3133 5182 3595 5244 ecclesiastico?
3639 5182 3832 5260 Aliqui
3877 5179 4020 5239 enim
4057 5202 4080 5279 ἶ

2533 5298 2690 5360 quos
2717 5279 2909 5339 refert
2954 5276 3184 5339 Sanch.
3220 5276 3369 5337 dict.
3403 5276 3513 5336 lib.
3549 5293 3616 5337 11.
3652 5273 3858 5336 Con-sil.
3893 5290 4014 5347 cap·
4055 5300 4081 5335 α

2532 5390 2576 5434 1.
2610 5371 2758 5433 dub.
2802 5387 2870 5432 11.
2923 5390 2983 5430 n.
3017 5375 3076 5430 7.
3122 5370 3186 5429 id
3233 5369 3528 5430 videntur
3555 5369 3878 5429 affirmare.
3911 5362 4016 5424 siai

2530 5467 2582 5527 si
2613 5465 2993 5542 intelligatur
3020 5463 3097 5522 de
3144 5467 3402 5540 peccato
3432 5461 3676 5522 mortali
3703 5459 4012 5539 praeterito.

2532 5559 2702 5639 quod
2724 5559 2858 5637 jam
2906 5562 3000 5618 est
3043 5555 3415 5634 paenitentia
3455 5555 3751 5625 deletum;
3789 5571 3910 5612 non
3934 5558 4010 5610 est
