4263 6376
1406 335 1875 397 DlSPUTATIO
1918 335 2135 411 XXIII,
2184 334 2458 397 SECTIO
2501 336 2576 396 X.
3511 332 3582 391 41

410 517 544 573 tem
573 518 1041 594 competentem
1061 515 1496 595 respectivam,
1528 518 1600 575 ut
1627 532 1769 574 cum
1788 516 1822 575 J
1828 513 1954 574 ulio

411 606 600 667 Claro
624 653 638 681 ,
691 612 753 667 et
780 608 919 668 aliis
947 608 1183 671 fatetur
1209 608 1375 668 idem
1409 608 1636 668 Molina
1683 625 1856 667 num.
1889 609 1948 667 8.

403 697 546 776 jam
576 717 726 777 ergo
755 704 963 777 potest
992 700 1395 761 determinari
1423 699 1508 770 id,
1541 698 1623 759 ad
1653 699 1821 779 quod
1843 699 1955 759 do-

413 790 700 851 nandum
729 792 953 853 saltem
984 811 1127 853 cum
1169 792 1585 852 insinuatione
1618 811 1741 852 non
1772 792 1956 854 datur

413 883 791 961 prohibitio,
827 903 943 945 nec
974 885 1257 964 sequitur
1285 884 1563 945 confusio
1592 885 1696 944 illa
1725 890 1787 945 et
1814 903 1956 962 per-

414 975 686 1054 plexitas
707 1023 722 1052 ,
777 995 918 1055 quae
967 977 1436 1055 opponebatur,
1503 976 1725 1036 eadem
1773 978 1954 1055 quip-

413 1087 499 1146 pe
528 1070 909 1148 perplexitas
937 1070 1073 1130 dari
1104 1074 1313 1148 posset
1335 1116 1350 1145 ‚
1407 1069 1657 1148 quando
1703 1069 1955 1130 donatio

414 1179 546 1221 non
579 1166 743 1223 esset
769 1162 1051 1222 omnium
1072 1163 1401 1237 bonorum,
1437 1163 1544 1222 sed
1576 1180 1718 1223 cum
1747 1162 1958 1240 aliqua

409 1253 815 1330 limitatione,
850 1254 930 1313 ad
961 1273 1148 1334 quem
1169 1254 1492 1315 vitandam
1512 1273 1728 1314 omnes
1745 1258 1955 1315 tenen-

410 1351 525 1407 tur
551 1347 891 1407 terminum
922 1348 1193 1426 aliquem
1223 1348 1525 1407 moralem
1556 1347 1811 1408 arbitrio
1843 1348 1956 1407 sal-

413 1445 548 1501 tem
581 1440 909 1518 prudentis
939 1440 1291 1517 designare.

503 1533 807 1594 Existimo
835 1533 1048 1612 itaque
1076 1534 1137 1592 in
1170 1533 1407 1611 primis,
1443 1532 1490 1592 si
1516 1533 1814 1611 praedicta
1844 1535 1955 1594 do-

415 1626 599 1685 natio
629 1626 910 1687 omnium
942 1626 1250 1686 bonorum
1273 1644 1397 1685 non
1423 1627 1502 1686 sit
1530 1627 1863 1703 insinuata,
1899 1632 1961 1689 et

415 1720 692 1780 excedat
718 1720 1094 1798 quingentos
1125 1719 1354 1779 solidos
1386 1737 1509 1778 non
1532 1738 1666 1779 esse
1686 1720 1955 1797 firmam,

413 1812 536 1872 sed
569 1812 987 1872 revocabilem
1018 1812 1224 1890 quoad
1248 1830 1589 1887 excessum,
1624 1816 1692 1873 ut
1721 1818 1964 1874 constat

417 1924 502 1964 ex
537 1922 728 1982 supra
758 1904 959 1964 dictis.
995 1904 1231 1965 Deinde
1263 1905 1311 1964 si
1343 1922 1465 1964 non
1497 1905 1758 1965 excedat
1786 1907 1961 1984 quin-

413 2001 650 2076 gentos
675 1996 926 2073 solidOS,
959 1998 1060 2057 vel
1089 1997 1140 2056 si
1170 1996 1464 2073 excedat,
1515 1998 1827 2059 insinuata
1857 2000 1956 2075 sit,

416 2095 490 2150 ct
516 2089 802 2167 apposita
830 2089 1018 2150 fuerit
1046 2089 1344 2165 clausula,
1381 2108 1504 2169 qua
1534 2091 1774 2151 donans
1797 2092 1963 2154 dicat

417 2200 495 2241 se
523 2182 682 2240 velle
713 2181 1115 2242 donationem
1147 2182 1419 2242 validam
1467 2183 1671 2243 facere
1722 2186 1960 2245 meliori

415 2274 617 2335 modo
665 2291 787 2351 quo
837 2275 1065 2352 possit,
1127 2274 1211 2334 ita
1253 2278 1322 2335 ut
1373 2275 1424 2335 si
1467 2290 1588 2335 nou
1637 2277 1715 2337 sit
1755 2278 1963 2339 valida

420 2365 640 2444 quoad
669 2370 868 2426 totum
892 2413 907 2442 ,
959 2365 1169 2427 valeat
1199 2366 1419 2427 saltem
1467 2369 1673 2446 quoad
1717 2375 1962 2448 partem

418 2477 621 2537 quam
679 2458 912 2518 donare
970 2462 1211 2537 potest,
1272 2460 1459 2520 credo
1509 2461 1674 2539 quod
1730 2462 1965 2524 valeret

419 2550 639 2631 quoad
661 2550 723 2609 id
739 2555 939 2610 totum
964 2551 1133 2631 quod
1156 2551 1392 2612 donare
1413 2557 1642 2630 posset,
1678 2558 1739 2614 et
1764 2556 1964 2615 solum

419 2643 660 2704 debeat
686 2643 986 2703 infirmari
1036 2644 1242 2722 quoad
1288 2645 1457 2705 illam
1499 2651 1743 2724 partem
1774 2667 1963 2727 quam

419 2753 752 2795 reservare
781 2735 900 2795 sibi
917 2736 1236 2797 debuisset
1254 2736 1538 2815 donator,
1575 2744 1778 2800 utnon
1803 2747 1962 2801 esset

420 2827 685 2887 donatio
714 2828 993 2887 omnium
1014 2827 1323 2890 bonorum
1345 2849 1483 2909 quae
1504 2831 1818 2909 prohibita
1846 2838 1956 2894 est.

422 2924 678 2991 Quanta
703 2925 914 2980 autem
945 2921 1172 2982 debeat
1202 2940 1336 2982 esse
1366 2922 1466 2981 illa
1498 2941 1663 3000 pai-S,
1691 2925 1959 3002 judicari

422 3012 621 3072 debet
665 3030 740 3070 ex
780 3013 1014 3089 regulis
1061 3031 1218 3092 quas
1265 3015 1551 3075 doctores
1597 3018 1853 3079 tradunt
1881 3018 1960 3078 ad

423 3104 921 3180 decernendum,
957 3124 1283 3185 quousque
1316 3107 1550 3168 donare
1596 3110 1733 3187 quis
1770 3112 1963 3191 possit

424 3216 506 3257 ex
563 3197 691 3257 suis
720 3198 902 3258 honis
923 3245 937 3271 ,
1007 3217 1128 3258 non
1179 3202 1706 3261 contraveniendo
1753 3204 1962 3282 legum

422 3289 856 3368 prohibitioni.
891 3291 1172 3370 Denique
1202 3293 1253 3351 si
1284 3292 1389 3352 illa
1409 3293 1687 3354 clausula
1708 3315 1832 3356 non
1857 3316 1964 3376 ap-

424 3385 721 3461 ponatur,
756 3383 866 3442 sed
897 3383 1178 3444 absolute
1197 3385 1334 3463 quis
1358 3385 1550 3447 donet
1569 3388 1776 3447 omnia
1798 3389 1966 3450 bona

424 3494 546 3536 sua
570 3520 585 3551 ‚
637 3476 844 3554 placet
890 3480 959 3535 ut
1003 3494 1127 3536 non
1167 3477 1564 3539 discedamus
1593 3498 1631 3539 a
1659 3484 1966 3544 sententia

431 3567 792 3643 communi,
838 3568 949 3627 sed
1001 3569 1285 3629 dicamus
1331 3573 1524 3630 totam
1564 3571 1965 3634 donationem

429 3660 773 3734 infirmari,
827 3680 943 3720 nec
969 3661 1398 3722 sustinendam
1433 3682 1567 3723 esse
1594 3665 1801 3743 quoad
1850 3667 1963 3726 ali-

426 3772 620 3832 quam
650 3753 748 3813 sui
777 3758 1042 3831 partem.
1081 3754 1583 3816 Fundamentum
1616 3764 1823 3820 autem
1844 3807 1858 3836 ,
1906 3765 1968 3822 et

426 3846 786 3905 differentia
814 3845 979 3906 inter
1008 3846 1171 3907 hanc
1199 3847 1636 3926 donationem,
1688 3857 1752 3911 et
1796 3852 1965 3913 illam

425 3955 569 4017 quae
640 3938 776 3998 sine
827 3939 1245 4000 insinuatione
1306 3942 1548 4002 excedit
1592 3944 1965 4024 quingentos

425 4030 662 4090 solidos
685 4078 700 4106 ,
748 4036 813 4091 et
857 4031 1236 4092 invalidatur
1283 4035 1486 4094 solum
1516 4037 1723 4114 quoad
1755 4056 1966 4099 exces-

426 4142 568 4183 sum
591 4169 607 4200 ,
659 4123 934 4201 petenda
961 4128 1055 4185 est
1082 4144 1157 4183 ex
1187 4126 1393 4186 verbis
1422 4127 1699 4204 ipsarum
1726 4130 1960 4208 legum,

427 4233 572 4294 quae
602 4215 850 4276 diverso
881 4217 1069 4276 modo
1098 4218 1442 4296 loquuntur
1470 4220 1547 4280 de
1578 4240 1701 4281 una
1724 4268 1738 4297 ,
1787 4227 1849 4283 et
1877 4225 1965 4283 al-

430 4314 564 4368 tera
590 4308 951 4370 donatione.
977 4312 1134 4369 Nam
1167 4311 1244 4370 de
1267 4312 1604 4374 donatione
1626 4316 1964 4377 excedente

428 4400 808 4479 quingentos
835 4402 1066 4462 solidos
1098 4418 1220 4463 non
1243 4404 1460 4466 dicunt
1486 4405 1768 4469 absolute
1799 4409 1965 4468 infir-

429 4511 623 4567 mam,
657 4497 720 4554 et
747 4494 1090 4554 invalidam
1121 4515 1256 4556 esse
1277 4544 1292 4572 ,
1339 4498 1450 4558 sed
1480 4500 1682 4559 solum
1713 4520 1847 4561 esse
1877 4501 1963 4561 in·

428 4585 705 4645 validam
764 4588 974 4665 quoad
1040 4607 1361 4650 excessum
1384 4638 1398 4667 ,
1470 4592 1745 4652 validam
1814 4612 1964 4654 vero

429 4678 640 4756 quoad
687 4680 1102 4757 quantitatem
1150 4683 1579 4760 praescriptam
1605 4731 1619 4759 ,
1668 4684 1757 4745 sic
1799 4686 1965 4745 enim

428 4787 726 4846 expresse
756 4770 1024 4833 habetur
1068 4774 1131 4832 in
1180 4773 1346 4834 dicta
1375 4776 1497 4853 leg.
1530 4777 1851 4852 SancimuS,
1901 4779 1963 4838 in

427 4862 763 4940 principiO,
808 4867 871 4922 et
915 4864 979 4923 in
1008 4865 1064 4942 ξ.
1098 4864 1272 4925 Alias
1303 4885 1457 4943 vere,
1493 4868 1570 4927 ·in
1601 4870 1747 4945 fine,
1800 4874 1863 4932 C.
1898 4870 1967 4931 de

421 4953 626 5015 donat.
664 4973 860 5032 quare
905 4973 1029 5016 non
1062 4962 1156 5018 est
1183 4958 1447 5035 mirum,
1499 4961 1666 5038 quod
1711 4961 1962 5023 donatio

424 5047 637 5127 quoad
661 5047 834 5106 illam
857 5053 1101 5126 partem
1123 5051 1523 5129 sustineatur,
1558 5072 1701 5113 cum
1720 5055 1820 5113 lex
1841 5075 1964 5115 non

423 5139 825 5219 prohibuerit
855 5186 870 5216 ,
932 5143 1028 5201 vel
1083 5143 1494 5205 infirmaverit
1563 5145 1964 5206 donationem

423 5233 600 5292 illam
631 5232 915 5294 absolute
941 5280 955 5308 ,
1008 5235 1118 5294 sed
1160 5236 1361 5295 solum
1406 5254 1728 5297 excessum
1775 5257 1966 5318 supra

424 5323 601 5383 illam
631 5343 966 5386 summam.
1001 5330 1079 5387 At
1108 5345 1255 5387 vero
1286 5328 1654 5390 donationes
1684 5331 1962 5390 omnium

2050 512 2125 572 rii
2158 512 2715 592 comprimeretur,
2766 518 2829 575 et
2873 514 3076 591 magis
3123 515 3374 574 caveret
3413 530 3453 572 a
3478 509 3587 572 tali

2053 606 2389 667 donatione
2418 606 2806 668 exorbitante
2838 611 2901 668 et
2928 607 3144 668 odiosa
3165 603 3583 685 procuranda,

2052 699 2257 760 sciens
2297 699 2467 759 illam
2498 718 2613 760 nec
2641 700 2846 779 quoad
2879 704 3124 778 partem
3170 698 3449 777 aliquam
3492 694 3586 757 sui

2053 792 2186 853 fore
2215 792 2665 853 sustinendam.

2134 884 2416 945 Dubitari
2442 885 2625 945 tertio
2655 886 2878 964 potest,
2898 901 2979 945 an
3008 882 3322 963 loquendo
3353 880 3587 962 dejure

2057 976 2373 1038 communi
2403 976 2613 1037 valida
2642 977 2721 1038 sit
2748 976 3002 1037 donatio
3022 1023 3037 1052 ‚
3073 995 3197 1056 qua
3226 975 3468 1036 donans
3497 973 3593 1033 di-

2054 1070 2141 1132 cit
2174 1069 2323 1130 dono
2362 1069 2469 1129 tibi
2504 1069 2697 1131 omnia
2744 1068 2890 1129 bona
2932 1068 3108 1129 mea?
3154 1067 3592 1148 Respondetur

2055 1162 2427 1223 affirmative
2483 1180 2626 1223 cum
2673 1162 2981 1223 sententia
3022 1161 3341 1223 communi
3401 1177 3592 1239 quam

2056 1255 2281 1334 probat
2307 1255 2539 1316 Molina
2569 1275 2674 1316 nu.
2719 1259 2778 1316 6.
2814 1254 2963 1334 quia
3008 1255 3083 1315 iis
3111 1253 3321 1314 verbis
3369 1251 3593 1313 intelli-

2055 1353 2291 1427 guntur
2343 1347 2475 1407 sola
2525 1347 2690 1408 bona
2745 1346 3078 1426 praesentia
3098 1393 3112 1421 ,
3173 1365 3297 1406 non
3355 1346 3587 1421 futura,

2057 1459 2252 1519 quare
2284 1459 2405 1499 non
2436 1444 2530 1501 est
2559 1440 2839 1500 omnium
2868 1439 3181 1499 bonorum
3199 1438 3590 1517 simpliciter,

2056 1533 2167 1594 sed
2195 1532 2619 1611 praesentium,
2653 1536 2722 1592 ut
2751 1536 2996 1593 constat
3014 1544 3097 1592 'ex
3125 1533 3250 1610 leg.
3290 1530 3490 1591 ultim.
3518 1531 3585 1592 C.

2057 1645 2189 1706 quoe
2214 1644 2305 1686 res
2322 1625 2495 1706 piqn.
2529 1624 2703 1704 obliq.
2741 1630 2803 1686 et
2829 1626 2951 1704 leg.
2986 1624 3064 1685 Si
3088 1624 3202 1701 ita,
3237 1626 3300 1685 ff.
3329 1623 3397 1684 de
3423 1643 3590 1699 auro,

2057 1728 2113 1779 et
2142 1728 2380 1796 arqento
2410 1718 2599 1796 ἱεροῖο
2623 1765 2638 1794 ,
2674 1722 2736 1778 et
2762 1718 2884 1796 leg.
2924 1718 3127 1778 Omnes
3155 1719 3210 1796 ἓ.
3244 1716 3490 1790 Lucius,
3526 1718 3588 1777 ff.

2059 1832 2191 1893 quoe
2220 1812 2278 1871 in
2322 1810 2524 1891 fmud.
2559 1810 2742 1871 credie
2769 1830 2793 1871 .·
2824 1810 2940 1871 nisi
2989 1810 3240 1870 aliunde
3283 1813 3596 1870 constaret

2061 1905 2400 1964 donantem
2432 1903 2804 1964 intellexisse
2834 1903 3023 1964 etiam
3046 1904 3124 1963 de
3148 1902 3330 1963 bonis
3346 1902 3590 1962 futuris.

2060 1998 2233 2057 ldem
2277 1995 2633 2074 intelligunt
2687 1996 2975 2056 doctores
3023 1994 3102 2055 de
3144 1995 3250 2054 illa
3301 1993 3592 2070 formula,

2059 2089 2208 2150 dono
2238 2088 2346 2149 tibi
2368 2087 2562 2149 omnia
2578 2086 2723 2148 bona
2750 2106 2875 2148 mea
2902 2087 3076 2147 etiam
3103 2088 3311 2167 futura
3331 2084 3592 2161 mobilia,

2060 2192 2115 2242 et
2143 2180 2457 2241 immobilia
2486 2200 2510 2240 .·
2540 2180 2688 2260 quia
2717 2181 2790 2241 iis
2820 2180 3026 2240 verbis
3050 2198 3168 2240 non
3195 2179 3603 2259 comprehen-

2062 2274 2296 2335 duntur
2316 2273 2462 2354 jura
2493 2277 2555 2334 et
2583 2272 2892 2349 actioneS,
2926 2272 3045 2332 nisi
3077 2272 3328 2333 aliunde
3359 2275 3600 2334 constet

2062 2366 2321 2427 intentio
2351 2366 2685 2426 contraria.

2141 2458 2475 2519 Dubitatur
2503 2462 2749 2537 quart0,
2784 2457 2861 2518 de
2892 2457 3231 2519 donatione
3254 2477 3379 2538 qua
3401 2457 3598 2517 donas

2062 2552 2271 2614 omnia
2299 2550 2465 2611 bona
2495 2551 2827 2629 praesentia
2856 2556 2918 2612 et
2945 2552 3155 2611 futura
3182 2554 3441 2629 excepto
3458 2568 3600 2610 usu·

2060 2645 2287 2719 fructu,
2341 2661 2531 2721 quam
2574 2644 2766 2722 aliqui
2811 2642 3154 2703 invalidam
3203 2643 3456 2720 dicunt,
3493 2642 3599 2701 alii

2059 2737 2283 2796 melius
2307 2735 2580 2796 validam
2611 2736 2688 2795 de
2724 2737 2867 2815 jure
2898 2735 3254 2811 communi,
3304 2753 3461 2814 quos
3502 2753 3601 2795 se-

2059 2830 2272 2909 quitur
2296 2828 2527 2890 Molina
2556 2846 2617 2889 n.
2651 2832 2711 2890 8.
2746 2829 2894 2908 quia
2923 2846 2996 2889 eo
3028 2827 3162 2906 ipso
3210 2827 3380 2906 quod
3431 2825 3601 2887 exci-

2060 2922 2316 3002 piuntur
2341 2922 2578 2982 fructus
2607 2920 3031 2999 percipiendi,
3073 2921 3303 2999 poterit
3330 2919 3602 2980 donator

2062 3015 2278 3076 testari
2308 3014 2384 3074 de
2413 3014 2488 3074 iis
2518 3032 2673 3094 quos
2718 3018 2861 3075 ante
2906 3018 3176 3074 mortem
3218 3013 3593 3092 perceperit.

2064 3108 2241 3181 Quod
2272 3107 2547 3185 intellige
2572 3153 2587 3182 ,
2629 3107 2745 3167 nisi
2775 3107 3012 3168 fructus
3034 3153 3049 3183 ,
3101 3106 3209 3185 qui
3238 3109 3596 3185 sperantur,

2064 3203 2222 3262 adeo
2250 3202 2373 3262 sint
2402 3201 2651 3275 modici,
2686 3205 2756 3262 ut
2781 3200 2844 3260 id
2873 3207 3162 3279 respectu
3180 3200 3460 3261 omnium
3488 3199 3604 3260 bo-

2062 3313 2285 3354 norum
2316 3313 2428 3372 pro
2460 3294 2652 3354 nihilo
2682 3297 3088 3372 reputentur:
3112 3311 3281 3370 nam,
3315 3297 3384 3353 ut
3410 3309 3604 3370 supra

2064 3388 2372 3462 diximuS,
2408 3405 2552 3464 pars
2600 3405 2740 3466 quae
2786 3389 3165 3462 reservatur,
3223 3386 3363 3447 talis
3411 3384 3604 3445 debet

2065 3498 2222 3555 esse,
2255 3483 2323 3539 ut
2349 3479 2670 3540 moraliter
2696 3478 3013 3557 loquendo
3057 3497 3179 3539 non
3223 3476 3607 3556 intelligatur

2064 3592 2198 3633 csse
2229 3572 2481 3633 donatio
2512 3572 2790 3632 omnium
2812 3573 3140 3646 bonorum,
3164 3571 3241 3631 de
3275 3590 3397 3650 quo
3420 3570 3605 3631 latius

2063 3664 2296 3725 Molina
2325 3664 2433 3725 ibi.
2487 3664 2602 3736 Qui
2642 3665 2765 3725 late
2814 3664 3005 3725 etiam
3035 3663 3351 3742 disputat,
3385 3681 3465 3721 an
3496 3661 3603 3721 ubi

2065 3759 2318 3818 donatio
2350 3758 2537 3817 etiam
2566 3758 2879 3817 bonorum
2898 3757 3175 3816 omnium
3196 3755 3601 3835 praesentium

2064 3850 2451 3930 prohibetur,
2485 3850 2693 3909 valida
2721 3850 2820 3925 sit,
2856 3849 2906 3908 si
2930 3849 3319 3910 ususfructus
3336 3846 3602 3927 excipia-

2065 3943 2212 4004 tur?
2242 3945 2443 4020 Negat
2472 3943 2639 4002 enim
2656 3944 2998 4002 Covarruv.
3033 3942 3244 4002 multis
3273 3959 3605 4019 argumen-

2063 4035 2176 4111 tis,
2213 4034 2559 4112 praesertim
2587 4034 2734 4112 quia
2776 4034 3014 4094 fructus
3059 4033 3444 4113 percipiendi
3476 4051 3602 4095 non

2066 4134 2212 4189 sunt
2239 4127 2404 4187 bona
2436 4127 2803 4205 praesentia,
2839 4128 2946 4187 sed
2977 4127 3226 4198 futura;
3263 4131 3325 4188 et
3352 4125 3498 4206 quia
3529 4144 3603 4187 eo

2064 4221 2200 4299 ipso
2230 4221 2470 4281 donans
2500 4219 2720 4280 adimit
2748 4219 2862 4280 sibi
2885 4220 3154 4281 testandi
3185 4223 3560 4298 potestatem
3585 4238 3599 4291 ς

2066 4315 2114 4373 si
2148 4314 2313 4373 enim
2340 4314 2550 4374 statim
2579 4317 2964 4388 moreretur,
3019 4312 3173 4372 nihil
3221 4312 3485 4373 haberet
3526 4312 3603 4372 de

2066 4426 2189 4486 quo
2234 4406 2446 4467 testari
2492 4414 2722 4486 posset.
2755 4406 2876 4466 Alii
2926 4414 3136 4466 tamen
3187 4405 3604 4466 communiter

2066 4505 2127 4560 et
2155 4500 2378 4560 melius
2426 4499 2743 4559 affirmant
2786 4516 2920 4558 esse
2950 4498 3258 4573 validam,
3312 4497 3456 4576 quia
3498 4495 3604 4576 jus

2065 4592 2217 4652 illud
2246 4591 2635 4671 percipiendi
2664 4592 2901 4651 fructus
2922 4593 3016 4649 est
3034 4589 3271 4669 aliquid
3302 4607 3599 4668 proesenS,

2065 4685 2233 4764 quod
2273 4683 2378 4764 jus
2406 4683 2679 4744 vendere
2731 4685 2941 4761 posset
2971 4682 3239 4744 donator
3282 4681 3490 4742 statim
3545 4684 3608 4743 et

2064 4777 2276 4838 testari
2308 4776 2385 4835 de
2414 4776 2636 4855 pretio.

2148 4870 2296 4942 Quae
2326 4869 2492 4930 dicta
2522 4871 2665 4928 sunt
2696 4868 2773 4927 de
2814 4868 3202 4928 invaliditate
3248 4865 3600 4928 donationis

2066 4963 2345 5023 omnium
2373 4962 2703 5036 bonorum,
2731 4978 2854 5019 non
2878 4960 3113 5022 habent
3138 4961 3344 5021 locum
3372 4957 3597 5038 primo,

2064 5055 2127 5114 in
2159 5055 2494 5115 donatione
2541 5071 2730 5113 causa
2758 5053 2997 5128 mortiS,
3048 5053 3193 5132 quia
3240 5052 3375 5112 haec
3420 5069 3605 5115 revo-

2063 5147 2279 5207 cabilis
2309 5150 2422 5220 est,
2458 5164 2573 5205 nec
2623 5145 2846 5205 adimit
2888 5145 3159 5205 testandi
3214 5143 3597 5220 facultatem,

2064 5258 2267 5319 neque
2296 5239 2360 5298 in
2397 5238 2734 5298 donatione
2781 5236 2862 5297 ad
2894 5237 3028 5315 pias
3074 5254 3317 5312 causas,
3352 5240 3421 5296 ut
3457 5253 3602 5296 cum

2063 5332 2199 5391 aliis
2232 5332 2416 5393 docet
2464 5330 2711 5391 Lessius
2741 5347 2914 5390 num.
2946 5333 3045 5391 95.
3082 5348 3285 5409 neque
3314 5329 3379 5388 in
3408 5329 3601 5390 dona-

426 5417 742 5477 honorum
771 5418 1087 5496 absolute,
1139 5425 1201 5480 et
1240 5422 1374 5481 sine
1412 5422 1540 5482 ulla
1568 5423 1963 5484 distinctione
2060 5425 2231 5486 tione
2261 5441 2545 5498 onerosa,
2580 5423 2658 5483 de
2694 5421 2921 5500 quibus
2947 5422 3133 5483 latius
3161 5423 3391 5484 Molina
3421 5439 3593 5482 num.

425 5508 602 5587 leges
628 5509 839 5572 irritas
869 5530 1002 5572 esse
1031 5513 1282 5591 volunt,
1316 5520 1385 5576 ut
1411 5514 1678 5577 aviditas
1704 5516 1966 5578 donata-

2066 5521 2133 5578 11
2148 5563 2162 5578 .
2198 5521 2260 5577 et
2287 5515 2712 5597 sequentibus.

3742 885 3855 944 165

3656 1010 3811 1064 Quibus
3827 1022 3924 1053 ver-

3697 1064 3761 1106 bis
3795 1063 3884 1106 fleri

3681 1122 3912 1161 censeatur.

3748 2468 3864 2528 166

3699 2591 3889 2689 061ῠάὒοί

3664 2650 3944 2743 afflinem.
