4263 6376
632 3964 775 4024 57*

533 4089 828 4199 ρὲοἷιὲῗιὲὖῗιιι·
879 4109 1077 4188 Pretio
1097 4153 1113 4185 ι

533 4202 828 4241 nummum
878 4202 1250 4281 pensionum
1280 4201 1712 4277 receptarum,
1762 4197 1908 4275 quia
1939 4201 2188 4258 tenetur
2213 4216 2417 4258 resar-

814 306 815 309 ‘
901 319 1024 378 356

902 493 960 553 lo
990 490 1253 571 accepit,
1288 509 1402 551 nec
1423 493 1669 553 tenetur
1686 506 1915 567 augere
1946 490 2185 550 fructus
2206 489 2284 548 ab
2307 507 2438 547 em·-

901 590 1080 665 ptore
1111 584 1359 645 interim
1406 586 1767 663 perceptos,
1802 582 1891 643 ita
1922 586 1988 641 ut
2015 582 2437 660 aequivaleant

900 678 1226 753 fructibuS,
1252 695 1409 756 quos
1424 676 1730 755 potuisset
1757 674 2021 736 reddere
2039 674 2261 733 melius
2279 691 2438 751 prae-

903 771 1075 831 dium
1106 769 1304 849 pretio
1334 770 1438 830 illo
1462 769 1781 829 excessivo
1804 772 2105 848 emptum,
2135 767 2254 826 nisi
2280 768 2435 827 forte

902 862 1124 924 solutio
1156 860 1456 922 excessivi
1488 861 1669 939 pretii
1700 879 1887 921 causa
1916 860 2134 933 fuerit,
2169 878 2248 919 ne
2277 876 2436 938 prae-

900 956 1074 1016 dium
1102 954 1327 1015 melius
1359 959 1639 1031 emptum
1678 954 1933 1030 fuisset,
1986 952 2154 1031 quod
2200 953 2436 1012 fructus

899 1049 1175 1109 dedisset
1202 1046 1459 1126 majoris
1488 1046 1754 1119 valoris;
1805 1052 1954 1108 tunc
1997 1046 2164 1104 enim
2194 1045 2434 1105 ratione

898 1141 1111 1203 damni
1140 1139 1516 1218 emergentis
1535 1138 1762 1218 injuste
1784 1139 1931 1199 illati
1955 1144 2275 1200 teneretur
2293 1156 2437 1197 ven-

898 1235 1063 1296 ditor
1088 1236 1289 1293 totum
1318 1231 1471 1292 illud
1502 1232 1801 1291 damnum
1828 1231 2158 1306 resarcire,
2193 1231 2245 1289 si
2274 1230 2337 1289 in
2368 1229 2434 1287 il-

897 1329 959 1388 la
986 1325 1345 1386 venditione
1376 1325 1659 1404 peccavit
1687 1324 1964 1403 graviter
2011 1328 2230 1385 contra
2251 1322 2434 1402 justi-

897 1420 1089 1489 tiam,
1142 1416 1324 1496 juxta
1376 1417 1758 1496 supradicta.
1814 1417 2112 1477 Similiter
2151 1434 2298 1493 ergo
2327 1415 2434 1494 qui

895 1510 1181 1573 vendidit
1207 1528 1462 1570 censum
1492 1510 1693 1588 pretio
1724 1509 2062 1585 excessivo,
2097 1508 2434 1569 satisfaciet

897 1603 1281 1666 restituendo
1326 1622 1647 1663 excessum
1694 1602 1916 1680 pretii,
1977 1621 2090 1661 nec
2120 1600 2435 1663 tenebitur

898 1692 1229 1776 pensiones
1277 1695 1364 1754 illi
1407 1695 1609 1774 pretio
1657 1694 2222 1772 correspondentes
2260 1693 2432 1752 resti-

897 1796 1070 1852 tuere
1092 1835 1107 1866 ,
1155 1788 1270 1848 nisi
1303 1787 1532 1866 injuste
1576 1805 1766 1846 causa
1794 1786 2046 1862 fuisset,
2082 1806 2158 1845 ne
2189 1791 2433 1863 emptor

895 1883 1087 1942 alium
1117 1898 1375 1942 censum
1416 1897 1561 1941 cum
1606 1878 1833 1958 majori
1879 1879 2178 1958 penSIOne
2232 1878 2428 1957 pretio

895 1974 997 2034 illo
1030 1976 1305 2048 emeret,
1366 1990 1491 2051 quo
1524 1990 1673 2031 casu
1703 1976 2022 2032 teneretur
2051 1971 2292 2031 ratione
2324 1971 2429 2029 da-

893 2067 1023 2127 mni
1055 2066 1281 2145 injuste
1309 2064 1485 2140 illati,
1521 2082 1644 2125 non
1674 2083 1821 2125 vero
1854 2068 1920 2125 ut
1947 2064 2239 2124 redderet
2269 2065 2432 2124 redi-

893 2164 993 2221 tus
1021 2159 1183 2219 illius
1214 2156 1552 2236 pensioniS,
1587 2174 1732 2217 cum
1761 2157 1893 2235 ipse
1924 2175 2049 2217 uon
2078 2156 2432 2218 vendiderit

894 2253 1013 2312 nisi
1034 2253 1138 2330 jus
1167 2250 1248 2309 ad
1278 2249 1587 2309 minorem
1616 2250 2003 2328 pensionem,
2029 2250 2174 2311 licet
2200 2250 2264 2310 in
2292 2268 2429 2328 pre-

890 2345 977 2406 tio
1008 2343 1233 2423 injuste
1262 2341 1615 2403 excesserit.

974 2436 1152 2510 Quod
1182 2453 1330 2496 vero
1363 2452 1565 2512 neque
1594 2433 1658 2493 id
1683 2434 2021 2495 auctorille
2038 2453 2428 2514 consequen-

889 2534 986 2592 ter
1041 2529 1121 2589 ad
1166 2547 1281 2589 sua
1328 2527 1637 2606 principia
1684 2527 2028 2588 concedere
2086 2529 2422 2605 debuisset,

890 2624 1211 2702 probatur,
1243 2620 1389 2699 quia
1421 2624 1548 2682 tota
1576 2620 1757 2697 ratic,
1791 2626 2045 2700 propter
2075 2640 2262 2700 quam
2294 2621 2425 2700 ipse

889 2716 1045 2776 dixit
1073 2718 1420 2793 emptorem
1452 2713 1683 2773 debere
1721 2717 1940 2790 postea
1966 2714 2293 2774 restituere
2322 2733 2427 2773 ex-

889 2825 1133 2870 cessum
1165 2806 1535 2886 pensionum
1564 2810 1996 2884 reeeptarum,
2032 2807 2282 2885 quando
2315 2807 2427 2866 mi-

889 2902 1024 2963 nori
1054 2899 1254 2980 pretio
1287 2898 1457 2973 emit,
1490 2902 1624 2959 erat
1653 2897 1800 2975 quia
1826 2916 2054 2975 pensus
2076 2917 2200 2959 non
2222 2903 2429 2977 potest

889 2994 1010 3055 emi
1042 2992 1310 3072 pecunia
1340 2991 1600 3067 credita,
1636 2990 1746 3049 sed
1775 2992 2100 3069 proesenti;
2150 2991 2286 3052 haec
2315 3011 2428 3052 au-

887 3091 1016 3147 tem
1046 3086 1202 3164 ratio
1235 3102 1357 3143 non
1387 3082 1673 3161 procedit
1694 3129 1709 3159 ,
1763 3083 2014 3161 quando
2045 3102 2269 3144 census
2296 3103 2424 3144 ma-

880 3178 1004 3260 jori
1035 3177 1231 3258 pretio
1260 3176 1572 3253 venditur,
1609 3195 1757 3254 ergo
1788 3181 1933 3237 tunc
1957 3176 2123 3237 idem
2139 3176 2424 3256 judican-

888 3273 1039 3332 dum
1070 3275 1163 3332 est
1191 3270 1267 3331 de
1298 3287 1511 3344 censu,
1547 3286 1619 3328 ac
1651 3269 1727 3328 de
1758 3268 1947 3329 rebus
1978 3269 2113 3329 aliis
2145 3270 2425 3331 fructife-

885 3366 971 3426 ris
1001 3364 1200 3445 pretio
1234 3361 1553 3423 excessivo
1583 3361 1853 3423 venditis
1876 3407 1891 3438 ,
1945 3362 2005 3421 in
2056 3362 2282 3440 quibus
2330 3367 2424 3423 10-

881 3478 1027 3519 men
1055 3456 1284 3518 sufficit
1311 3454 1642 3515 restituere
1674 3473 1999 3515 excessum
2030 3455 2215 3533 pretii
2244 3474 2425 3516 accc-

883 3552 995 3631 pti,
1029 3549 1264 3629 absque
1296 3567 1368 3608 eo
1399 3547 1567 3627 quod
1595 3548 1959 3608 restituatur
1987 3546 2267 3608 defectus
2297 3548 2421 3607 fru-

882 3648 1119 3717 ctuum,
1155 3641 1274 3702 nisi
1304 3640 1555 3720 quando
1579 3640 1880 3701 damnum
1909 3640 2061 3700 illud
2082 3639 2309 3719 injuste
2331 3641 2419 3700 in-

880 3738 1079 3799 fertur
1107 3734 1375 3815 emptori
1403 3732 1678 3813 alioquin
1708 3731 1980 3814 majores
2025 3734 2263 3794 fructus
2307 3733 2417 3793 ha-

880 3830 1114 3893 bituro.

961 3924 1138 3985 Dicet
1165 3921 1411 4002 aliquiS,
1446 3919 1623 3998 sequi
1654 3938 1729 3979 ex
1757 3918 1875 3979 hac
1906 3918 2212 3995 doctrina,
2249 3918 2414 3998 quod

881 4017 1125 4098 quoties
1149 4015 1442 4077 venditur
1480 4030 1706 4073 census
1740 4010 1968 4072 minori
2011 4015 2073 4072 et
2109 4011 2414 4073 diminuto

1174 4108 1400 4168 debeat
1444 4105 1771 4166 restituere
1801 4109 2062 4182 'emptor
2092 4124 2415 4165 excessum

878 4294 1003 4356 cire
1033 4294 1328 4354 damnum
1354 4295 1553 4353 totum
1575 4288 1883 4350 venditori
1914 4288 2142 4367 injuste
2172 4290 2412 4351 illatum

877 4406 953 4448 ex
982 4386 1212 4466 injusta
1238 4385 1556 4463 emptione
1589 4401 1603 4441 ε
1639 4401 1714 4442 ex
1747 4381 1853 4442 illa
1873 4386 2083 4442 autem
2113 4384 2291 4462 sequi
2321 4384 2414 4443 vi-

876 4480 1059 4542 detur
1088 4479 1387 4540 damnum
1415 4480 1617 4539 totum
1648 4475 2022 4555 pensionum
2044 4521 2060 4551 ,
2096 4494 2237 4554 (1οω
2268 4495 2411 4538 cum

875 4592 1133 4634 excessu
1158 4571 1376 4632 solutae
1408 4570 1681 4631 fuerunt.
1722 4571 1904 4646 Resp.
1931 4573 2144 4629 tamen
2175 4589 2412 4648 negan-

872 4666 952 4728 do
1001 4664 1322 4745 sequelam
1366 4683 1379 4724 :
1441 4661 1609 4742 quod
1658 4662 1827 4722 enim
1874 4660 2163 4723 venditor
2205 4667 2408 4723 tantas

868 4759 1203 4841 pensiones
1230 4755 1502 4833 solverit,
1537 4773 1661 4817 non
1691 4753 1975 4834 procedit
2004 4773 2078 4815 ex
2106 4753 2408 4833 injustitia

869 4857 932 4916 et
959 4850 1375 4913 diminutione
1400 4849 1587 4929 'pretii
1616 4848 1897 4926 accepti,
1950 4847 2099 4927 quia
2129 4866 2224 4927 aeq
2237 4848 2406 4908 uales

865 4945 1201 5026 pensiones
1229 4941 1533 5018 solvisset,
1568 4941 1618 5002 si
1649 4945 1848 5003 totum
1870 4941 2142 5020 pretium
2164 4939 2406 5020 justum

862 5037 1297 5118 recepisset,et
1315 5054 1428 5114 per
1448 5053 1836 5113 consequens
1851 5038 2050 5096 totum
2072 5034 2220 5093 illud
2237 5033 2407 5093 dam-

864 5150 1017 5193 num
1033 5130 1200 5192 circa
1229 5127 1560 5208 pensiones
1592 5127 1954 5188 incurrisset
1985 5146 1999 5186 :
2037 5131 2233 5188 totum
2252 5145 2400 5205 ergo

864 5220 1165 5286 damnum
1193 5222 1310 5283 fuit
1338 5221 1539 5282 solum
1569 5219 1727 5297 hoc,
1787 5219 1957 5299 quod
1987 5220 2050 5279 in
2089 5220 2401 5298 integrum

859 5319 1130 5400 pretium
1159 5335 1285 5377 non
1314 5313 1646 5393 acceperit,
1681 5317 1868 5392 atque
1899 5312 2040 5373 ideo
2057 5313 2176 5373 1100
2197 5313 2399 5374 solum

860 5410 1163 5476 resarcire
1186 5408 1374 5470 debet
1392 5407 1680 5487 augendo
1703 5406 1974 5487 pretium
1994 5425 2191 5485 usque
2211 5407 2288 5466 ad
2301 5406 2399 5486 ju-

858 5512 1024 5573 stum
1054 5527 1067 5570 :
1105 5519 1229 5584 quo
1260 5504 1595 5582 augmento
1628 5499 1797 5579 date,
1825 5500 2066 5562 nullum
2096 5499 2396 5562 damnum

2062 312 2166 373 DE
2209 310 2566 375 JUSTITIA
2609 310 2712 372 ET
2751 309 2953 373 JURE

2538 487 2829 548 venditor
2855 506 3074 566 passus
3102 492 3217 564 est,
3252 487 3423 567 quod
3455 505 3582 548 non
3609 506 3830 568 passus
3858 486 4074 547 fuisset

2538 580 2585 640 si
2618 580 2697 640 ab
2727 579 2901 641 initio
2957 581 3227 659 pretium
3249 581 3491 659 justum
3526 582 3907 659 accepisset;
3963 578 4074 637 nisi

2536 673 2734 734 solam
2764 672 3125 733 dilationem
3159 672 3387 752 integri
3417 673 3596 752 pretii
3624 719 3639 749 ,
3687 692 3801 750 pro
3831 692 3963 752 qua
3990 671 4076 730 di·

2533 766 2766 826 latione
2796 765 2947 825 nihil
2978 765 3140 827 ultra
3185 766 3454 845 pretium
3501 766 3785 827 debitum
3833 764 4072 825 restitui

2536 858 2744 935 debet,
2778 858 3020 919 secluso
3051 859 3223 919 omni
3250 859 3371 919 alio
3422 857 3653 919 damno
3701 858 4069 934 emergenti,

2535 951 2634 1010 vel
2661 951 2834 1011 lucro
2864 957 3166 1013 cessante.
3201 951 3463 1025 Quando
3495 970 3644 1029 ergo
3672 951 3932 1024 dicitur,
3965 949 4072 1009 hoc

2535 1044 2836 1104 damnum
2875 1050 3246 1123 pensionum
3288 1045 3750 1106 excessivarum
3789 1048 4070 1104 secutum

2535 1136 2722 1196 fuisse
2754 1156 2831 1197 ex
2876 1135 3108 1216 injusta
3150 1138 3507 1215 emptione,
3556 1136 4070 1214 distinguendum

2534 1233 2628 1290 est
2659 1248 2673 1293 ε
2706 1230 2990 1310 sequitur
3018 1230 3183 1289 enim
3213 1231 3514 1291 damnum
3541 1230 3693 1290 illud
3716 1249 3798 1290 ex
3815 1229 4068 1308 emptio·

2533 1339 2610 1382 ne
2654 1322 2798 1383 talis
2840 1340 3062 1383 census
3106 1323 3398 1402 praecise,
3450 1328 3637 1401 prout
3680 1322 4002 1383 abstrahit
4042 1341 4068 1380 a

2525 1413 2695 1495 justa
2724 1419 2786 1475 et
2815 1415 3044 1493 injusta
3069 1435 3082 1475 :
3105 1434 3180 1474 ex
3207 1415 3513 1495 injustitia
3544 1419 3757 1476 autem
3789 1415 3967 1475 circa
3993 1415 4065 1474 di-

2530 1508 2942 1569 minutionem
2972 1508 3151 1586 pretii
3182 1509 3516 1569 commissa
3546 1509 3715 1569 nullo
3748 1508 3947 1569 modo
3977 1528 4063 1568 se·

2533 1600 2744 1678 quitur
2771 1600 3071 1660 damnum
3100 1602 3473 1680 pensionum
3502 1603 3858 1662 solutas-um
3882 1648 3900 1677 ,
3937 1621 4062 1661 cum

2532 1693 2804 1772 aequales
2834 1693 3168 1771 pensiones
3205 1695 3425 1756 solutae
3463 1694 3769 1771 fuissent,
3827 1695 4061 1755 etiamsi

2531 1784 2746 1845 datum
2776 1784 2994 1845 fuisset
3020 1786 3099 1845 ab
3124 1785 3303 1847 initio
3319 1788 3591 1866 pretium
3605 1786 3852 1866 justum
3879 1808 3894 1848 ε
3922 1808 4061 1867 qua·

2529 1895 2597 1936 re
2628 1895 2702 1935 ex
2748 1876 3051 1956 injustitia
3095 1879 3356 1957 praecise
3401 1880 3606 1940 solum
3638 1886 3934 1941 secutum
3963 1882 4062 1942 fuit

2530 1969 2831 2030 damnum
2860 1970 3110 2030 carendi
3160 1972 3358 2050 pretio
3397 1973 3643 2052 integro
3672 1992 3791 2053 per
3817 1974 4057 2054 aliquod

2526 2068 2795 2140 tempuS,
2828 2081 2941 2140 pro
2973 2082 3096 2142 qua
3125 2065 3403 2126 carentia
3425 2067 3683 2144 praecise
3703 2067 3863 2127 nihil
3894 2068 4056 2128 resti·

2528 2154 2832 2215 tuendum
2866 2159 2958 2215 est
2993 2155 3154 2217 ultra
3185 2155 3391 2235 ipsum
3422 2158 3715 2237 pretium,
3749 2160 4054 2239 loquendo

2527 2247 2748 2307 saltem
2778 2247 2855 2307 (10
2877 2246 3020 2327 jure
3051 2252 3312 2311 naturae.

2608 2342 2787 2400 Petes
2817 2341 3093 2401 secundo
3118 2387 3134 2416 ,
3183 2361 3263 2402 an
3305 2343 3356 2402 si
3384 2349 3630 2422 emptor
3666 2345 4052 2406 defraudavit

2525 2433 2794 2512 pretium
2817 2434 3057 2512 justum
3087 2433 3148 2493 in
3171 2435 3674 2514 modice,peccet
3687 2439 4052 2500 mortaliter?
4114 2482 4119 2503 .

2527 2525 2860 2587 Affirmant
2885 2529 3030 2587 Ant.
3068 2529 3326 2604 Gomez,
3361 2530 3647 2590 Emman.
3683 2532 4044 2609 Rodriguez.
4099 2578 4119 2615 4

2525 2620 2762 2694 CastrO,
2798 2623 2860 2679 et
2886 2619 3144 2681 Alcozer
3168 2666 3183 2697 ,
3235 2640 3394 2700 quos
3434 2623 3626 2683 refert
3668 2624 3848 2684 Salas
3897 2625 4046 2684 dicto
4098 2642 4119 2682 1·

2526 2712 2675 2771 dub.
2710 2728 2886 2772 xxm.
2922 2732 3093 2773 num.
3126 2717 3186 2775 5.
3236 2716 3384 2793 quia
3414 2716 3558 2776 lieet
3592 2718 3864 2778 materia
3892 2718 4048 2778 sitin

2526 2824 2591 2864 se
2619 2804 2792 2877 leviS,
2830 2805 3131 2865 damnum
3163 2810 3374 2867 tamen
3402 2808 3589 2887 longo
3620 2813 3908 2889 tempore
3938 2812 4047 2870 illa·

2524 2901 2658 2958 tum
2687 2915 2986 2974 magnum
3013 2898 3098 2957 eri
3108 2903 3128 2959 t
3155 2919 3168 2960 ε
3203 2918 3349 2959 nam
3370 2919 3660 2962 excessus
3687 2904 4048 2980 pensionum

2526 2989 3019 3068 correspondens
3073 2990 3260 3069 longo
3309 2996 3590 3072 tempore
3648 2995 3733 3054 illi
3787 2995 4043 3057 defectui

2524 3081 2710 3160 pretii
2740 3100 3040 3160 magnum
3073 3084 3392 3144 cumulum
3424 3087 3628 3148 faciet.
3664 3090 4046 3149 Contrarium

2524 3180 2734 3237 tamen
2764 3179 2827 3236 et
2853 3176 3075 3237 merito
3108 3176 3292 3239 docet
3321 3178 3499 3240 Salas
3528 3179 3614 3240 ibi
3638 3227 3654 3257 ,
3688 3186 3753 3243 et
3777 3181 3940 3243 ratio
3959 3181 4044 3261 ju-

2521 3273 2628 3330 xta
2657 3273 2871 3329 nostra
2900 3269 3206 3348 principia
3237 3271 3436 3332 facilis
3465 3292 3599 3333 esse
3630 3280 3834 3352 potest
3853 3323 3873 3350 ‚
3911 3275 4043 3356 quia

2521 3360 2875 3438 pensiones,
2910 3367 2979 3423 ut
2997 3362 3287 3440 vidimuS,
3313 3383 3436 3425 non
3468 3374 3788 3442 emuntur‚·
3804 3369 3918 3429 sed
3948 3370 4042 3428 do-

2519 3453 2782 3514 minium
2810 3454 2980 3532 utile,
3023 3473 3132 3516 seu
3170 3457 3558 3518 ususfructus
3588 3460 3864 3538 partialis
3895 3461 3954 3521 in
3983 3481 4040 3521 re

2519 3545 2943 3625 hypothecata
2976 3568 2989 3608 :
3037 3548 3208 3627 quod
3236 3554 3447 3611 autem
3475 3552 3536 3611 in
3568 3552 3703 3631 ejus
3734 3555 4038 3632 emptione

2520 3637 2822 3698 defeceris
2851 3639 3192 3716 modicum,
3225 3660 3284 3702 v.
3311 3660 3372 3720 g.
3397 3642 3456 3701 in
3488 3662 3612 3706 uno
3628 3646 3659 3706 J
3668 3647 3814 3723 ulie,
3847 3666 3889 3705 a
3917 3667 4040 3725 pre·

2517 3731 2603 3792 tio
2626 3732 2819 3809 justo,
2854 3750 2980 3792 non
3009 3736 3185 3810 potes
3214 3735 3421 3795 facere
3456 3744 3784 3815 peccatum
3813 3759 4032 3818 grave:

2518 3824 2678 3884 sicut
2722 3843 2838 3884 nec
2885 3825 3135 3904 quaudo
3168 3827 3322 3887 emis
3367 3828 3712 3891 dominium
3743 3832 4036 3894 directum

2517 3916 2771 3994 plenum
2799 3917 3041 3996 praedii,
3077 3937 3299 3997 peccas
3327 3922 3605 3999 graviter
3633 3925 3683 3984 si
3710 3924 3772 3984 in
3803 3928 4036 3986 011010-

2514 4007 2596 4070 lio
2628 4009 2882 4070 deficias
2912 4029 2948 4069 a
2975 4011 3178 4088 pretio
3203 4011 3395 4091 justo,
3420 4016 3888 4095 etiamsipostea
3919 4021 4034 4078 fru-

2515 4106 2650 4163 ctus
2677 4101 2740 4161 in
2770 4107 3138 4182 perpetuum
3169 4105 3433 4184 recipias
3463 4127 3540 4168 ex
3567 4111 3824 4188 praedio,
3854 4113 4032 4172 etiam

2513 4194 2649 4255 illos
2697 4195 2800 4273 qui
2832 4198 3326 4274 correspondere
3365 4205 3658 4277 poterant
3686 4203 3826 4263 11010
3847 4206 3879 4266 J
3889 4204 4029 4270 0110,

2513 4288 2619 4367 qui
2654 4307 2728 4347 ex
2757 4288 2959 4365 pretio
2992 4289 3240 4351 defecit.
3273 4293 3490 4370 Neque
3508 4295 3673 4354 enim
3688 4297 3920 4358 attendi
3936 4298 4033 4356 de-

2509 4380 2617 4441 bet
2645 4381 3137 4442 emolumentum
3169 4383 3335 4462 quod
3358 4391 3578 4463 postea
3596 4396 3904 4468 sequetur,
3927 4390 4032 4450 sed

2508 4474 2683 4534 valor
2709 4473 2797 4533 rei
2831 4492 3019 4553 quam
3052 4476 3290 4550 emisti,
3353 4478 3535 4559 cujus
3588 4482 3830 4560 quidem
3866 4484 4032 4543 valo-

2506 4586 2642 4627 rem
2671 4566 2907 4628 solvisti
2928 4569 3120 4646 juste,
3157 4573 3463 4648 quantum
3492 4575 3720 4636 sufficit
3744 4576 3818 4636 ad
3836 4578 4030 4637 vitan-

2508 4660 2653 4721 dam
2684 4659 3052 4739 injustitiam
3081 4680 3341 4741 gravem
3364 4710 3379 4741 ,
3438 4685 3559 4727 nec
3585 4667 3790 4730 laesisti
3817 4670 4031 4730 vendi-

2505 4757 2729 4830 torem,
2763 4752 2885 4813 nisi
2914 4752 2975 4814 in
3008 4755 3291 4817 carentia
3319 4756 3485 4820 illius
3513 4761 3550 4822 J
3557 4760 3660 4820 ulii
3683 4806 3699 4837 ‚
3743 4780 3876 4841 qnae
3909 4781 4030 4823 uon

2504 4850 2712 4926 potest
2737 4865 2931 4925 grave
2963 4846 3409 4911 detrimentum
3439 4853 3694 4929 afferre,
3727 4854 3889 4915 unde
3921 4873 4032 4934 po-

2504 4944 2638 5000 stea
2669 4943 2916 5018 emptor
2952 4940 3298 5018 tenebitur,
3359 4944 3613 5023 quidem
3651 4947 3760 5008 sub
3797 4948 4025 5008 veniali

2504 5033 2585 5092 ad
2614 5033 3071 5095 restituendum
3118 5034 3293 5095 illum
3339 5037 3611 5116 Julium,
3669 5058 3782 5100 non
3808 5044 4024 5101 tamen

2502 5125 2581 5185 ad
2611 5127 3029 5188 restituendas
3059 5127 3394 5206 pensiones
3422 5136 3700 5211 receptas
3722 5178 3738 5209 ,
3792 5140 4020 5210 quate-

2500 5237 2616 5278 nus
2645 5219 2731 5279 illi
2757 5220 2792 5282 J
2801 5220 2923 5279 ulio
2954 5221 3449 5298 correspondere
3477 5228 3783 5301 poterant,
3846 5227 4020 5304 quod

2497 5330 2536 5372 a
2566 5312 2804 5374 fortiori
2833 5316 3078 5374 constat
3125 5332 3201 5373 ex
3242 5313 3425 5377 dictis
3468 5315 3545 5376 de
3573 5317 3802 5378 laesione
3833 5320 4016 5396 gravi

2503 5403 2564 5463 in
2596 5406 2780 5485 pretii
2807 5405 3239 5468 diminutione.

2577 5498 2847 5561 Adverte
2896 5497 3189 5579 denique,
3236 5499 3373 5564 11ωο
3421 5502 3742 5582 procedere
3769 5502 3838 5563 in
3869 5505 4008 5566 foro

4150 2470 4187 2725 *1111*-
