4263 6376
79 2005 170 2194 εει·
79 1869 92 1926 -

85 4287 117 4343 ¹2

85 4464 154 4506 itate

85 4518 141 4558 nun

85 4571 155 4666 τὼ

1174 393 1647 462 ῡι3ΡυΤΑΤιο
1691 402 1907 479 xxlv,

213 568 406 644 gavit,
446 573 563 631 aut
589 570 899 651 surripuit
926 572 1161 653 aliquid
1189 574 1268 634 de
1301 575 1479 636 bonis
1506 575 1769 636 haeredi·

212 661 378 736 tatis,
413 680 543 741 quo
588 665 786 725 etiam
833 684 981 726 casu
1028 667 1314 746 privatur
1361 669 1643 730 Falcidia
1693 689 1767 730 ex

215 754 546 830 omnibu3‚
602 761 680 816 ut
707 762 955 819 constat
1001 778 1074 818 ex
1105 760 1327 819 eodem
1359 761 1761 837 Anthentico,

210 847 265 926 ἓ.
299 846 461 907 Hinc
488 848 682 909 nobas.
709 869 874 911 νει-3.
916 851 1245 928 8ηηείηιη3,
1281 859 1343 914 et
1369 873 1532 915 vers,
1570 854 1620 915 S
1627 856 1651 913 i
1676 873 1765 914 ve-

212 960 279 1000 ro
303 959 438 1000 non.
473 944 574 1001 An
612 960 765 1003 vero
796 943 858 1003 in
903 943 998 1004 his
1044 946 1245 1005 tribus
1286 947 1535 1006 casibus
1566 947 1765 1007 haeres

210 1032 271 1093 in
310 1034 710 1096 conscientia
765 1038 962 1114 possit
1007 1037 1338 1100 detrahere
1395 1039 1760 1116 Falcidiam,

214 1130 555 1205 antequam
588 1128 886 1207 legatarii
915 1132 1382 1207 contradicant,
1429 1136 1492 1192 et
1516 1137 1766 1193 senten-

210 1218 293 1280 tia
320 1223 544 1280 contra
575 1220 791 1299 ipsum
820 1222 1194 1300 proferatur,
1236 1224 1468 1284 Melina
1490 1224 1628 1285 loco
1654 1225 1758 1286 cit.

207 1312 261 1388 ἓ.
294 1312 404 1372 ult.
439 1311 748 1388 affirmat,
782 1315 930 1394 quia
961 1320 1053 1377 est
1082 1335 1270 1394 poena
1287 1336 1476 1396 quam
1498 1335 1620 1377 non
1653 1317 1764 1376 de·-

209 1401 313 1464 bet
338 1408 486 1464 ante
517 1407 906 1467 sententiam
947 1407 1180 1469 subire.
1233 1412 1365 1471 Imo
1396 1410 1447 1469 si
1479 1429 1553 1469 ex
1582 1410 1763 1489 igno-

210 1495 407 1556 rantia
424 1497 781 1559 invincibili
801 1503 864 1559 et
878 1501 1114 1579 absque
1132 1501 1258 1562 ulla
1273 1501 1453 1579 culpa
1477 1502 1614 1579 fuit,
1636 1522 1760 1563 non

209 1588 407 1649 teneri
436 1589 499 1649 in
533 1593 928 1653 conscientia
966 1593 1155 1654 etiam
1201 1599 1343 1672 post
1387 1596 1762 1656 sententiam

211 1682 449 1741 solvere
475 1729 491 1757 ,
530 1702 648 1743 seu
680 1702 896 1745 carere
938 1686 1213 1747 Falcidia
1239 1733 1255 1763 ,
1306 1693 1761 1766 consequenter

211 1772 375 1834 idem
392 1780 625 1836 auctor
654 1778 964 1840 concedit.

287 1867 384 1926 Ad
414 1867 886 1929 detrahendam
916 1871 1255 1932 Falcidiam
1284 1873 1487 1951 primo
1508 1873 1757 1933 solvun-

211 1963 309 2020 tur
335 1960 553 2019 omnia
586 1961 805 2022 debita
837 1963 1114 2024 defuncti
1155 1985 1169 2025 :
1213 1964 1440 2024 deinde
1490 1966 1760 2026 extrahi·

202 2057 310 2125 ,tur
337 2071 622 2132 expensa
654 2056 892 2116 funeris
914 2102 930 2130 ,
979 2061 1168 2136 atque
1208 2058 1398 2118 etiam
1430 2059 1595 2138 quod
1631 2059 1760 2119 hae-

211 2163 307 2205 roe
332 2146 396 2205 in
428 2148 796 2210 testamenti
828 2149 1243 2211 insinuatione
1267 2198 1283 2226 ,
1329 2152 1392 2211 in
1422 2152 1757 2212 conficien-

212 2238 289 2298 do
314 2239 703 2316 inventario,
738 2247 846 2302 aut
873 2243 1114 2303 ratione
1144 2243 1337 2323 ipsius
1367 2244 1756 2306 haereditatis

213 2333 566 2394 necessario
599 2335 923 2413 expendit.
978 2338 1133 2396 Item
1175 2356 1500 2398 servorum
1530 2357 1754 2397 manu-

212 2424 558 2486 missiones,
598 2430 827 2489 Postea
852 2428 903 2489 si
935 2429 1020 2504 id,
1055 2430 1221 2508 quod
1238 2436 1544 2507 remanet,
1579 2450 1755 2492 exc-e-

210 2516 372 2578 ditur
394 2536 430 2576 a
462 2519 717 2598 legatiS,
751 2521 1101 2583 detrahitur
1133 2522 1211 2582 ab
1260 2523 1548 2583 omnibus
1577 2524 1754 2602 lega-

212 2611 285 2671 tis
311 2612 500 2672 etiam
536 2613 955 2692 privilegiatis
1006 2634 1293 2676 excessus
1327 2636 1340 2675 :
1375 2616 1601 2678 deinde
1647 2618 1757 2677 de·-

210 2703 538 2765 trahuntur
573 2706 825 2783 integra
852 2707 1059 2786 legata
1091 2709 1302 2768 omnia
1331 2709 1749 2788 privilegiata,

213 2814 283 2856 ex
310 2797 538 2875 quibus
571 2816 702 2858 non
735 2799 1001 2860 debetur
1028 2801 1344 2874 Falcidia;
1392 2807 1455 2863 et
1481 2802 1752 2880 denique

213 2906 281 2947 ex
306 2907 401 2962 eo,
435 2891 613 2968 quod
646 2897 932 2952 remanet
958 2892 1032 2952 iis
1059 2893 1298 2968 solutis,
1334 2900 1556 2972 quarta
1586 2895 1751 2954 illius

214 2999 350 3059 pars
377 2982 569 3044 datur
601 2984 862 3059 haeredi,
897 2991 960 3045 et
988 2986 1228 3064 reliqua
1265 2987 1630 3047 dividuntur
1658 2987 1752 3046 in-

213 3080 301 3133 ter
333 3074 682 3153 legatarios
730 3096 841 3155 pro
870 3084 1028 3153 rata,
1062 3085 1310 3140 servata
1352 3081 1750 3159 proportione

211 3165 392 3245 legati
421 3167 502 3229 ad
534 3169 840 3248 legatum,
875 3176 945 3231 ut
971 3190 1045 3231 ex
1071 3172 1333 3249 legibuS,
1370 3173 1650 3247 Bart010,
1686 3177 1748 3234 et

214 3259 503 3411 ἱίιίὁῖοεῑτο
547 3262 783 3342 probat
828 3263 994 3324 idem
1024 3265 1254 3325 Molina
1295 3267 1350 3345 ἓ.
1386 3265 1655 3326 Falcidia
1683 3276 1748 3326 ut

348 3360 466 3414 tur.

902 3658 957 3735 g.
989 3660 1049 3718 2.

254 3921 332 3978 De
357 3915 758 3982 detractione
786 3938 857 3981 er
886 3918 1109 4003 lassatis
1135 3918 1216 3981 ob
1250 3920 1562 4007 desectum
1592 3894 1703 3985 bo-

852 4044 1100 4089 norum.

291 4281 647 4341 Secundum
675 4299 873 4359 genus
901 4282 1305 4343 detractionis
1336 4288 1450 4357 est,
1486 4284 1738 4362 quando

221 4375 494 4451 testator,
534 4374 630 4435 vel
661 4375 808 4453 quia
833 4375 1028 4435 multo
1060 4396 1182 4436 aere
1210 4376 1413 4436 alieno
1445 4381 1740 4453 gravatus

221 4471 373 4541 erat,
403 4468 501 4527 vel
531 4468 683 4546 quia
723 4468 986 4547 putabat
1026 4487 1092 4528 se
1137 4469 1320 4547 plus
1306 4488 1367 4528 ιιι
1414 4469 1595 4529 bonis
1626 4469 1736 4529 ha·

222 4555 388 4634 bere,
431 4561 723 4637 gravavit
762 4580 952 4639 supra
980 4562 1144 4621 vires
1187 4561 1617 4623 haereditatem
1647 4562 1737 4621 le·-

221 4651 411 4725 gatis:
444 4671 567 4731 quo
624 4672 772 4713 casu
831 4653 1287 4715 detrahendum
1345 4660 1440 4715 est
1477 4673 1549 4712 ex
1594 4655 1733 4730 illis,

222 4748 283 4802 ut
308 4745 588 4805 omnibu
634 4746 922 4807 satisfieri
968 4746 1184 4824 possit.
1232 4748 1318 4807 De
1363 4746 1480 4806 hoc
1527 4752 1736 4806 tamen

223 4841 433 4910 puncto
456 4883 472 4909 ,
506 4843 571 4898 et
614 4857 693 4896 an
742 4838 968 4899 debeat
997 4838 1151 4898 ordo
1200 4838 1435 4897 servari
1466 4839 1624 4900 inter
1651 4839 1740 4898 le-

223 4933 387 5002 gata,
431 4928 515 4989 ita
546 4934 616 4989 ut
642 4929 853 5008 aliqua
898 4931 1070 5008 prius
1111 4949 1299 5009 quam
1330 4930 1454 4990 alia
1483 4931 1734 4991 solvan·

226 5022 334 5091 tur,
366 5019 630 5081 diximus
651 5040 841 5100 supra
870 5023 1032 5100 disp.
1066 5040 1168 5084 xx.
1202 5023 1280 5081 de
1311 5022 1527 5082 ordine
1556 5025 1740 5084 resti-

226 5110 460 5174 tutionis
487 5119 638 5174 sect.
676 5131 736 5174 v.
771 5115 1095 5175 ubivideri
1124 5120 1329 5193 potest
1359 5120 1569 5175 nostra
1598 5135 1741 5176 sen-

226 5204 420 5265 tentia.

297 5297 380 5356 De
406 5300 797 5360 revocatione
827 5300 1016 5362 etiam
1060 5300 1252 5378 legati
1278 5347 1293 5376 ,
1329 5300 1647 5379 quomodo
1679 5306 1741 5363 et

229 5388 435 5465 quibus
460 5392 708 5452 casibus
735 5393 864 5467 flat,
883 5394 981 5453 vel
1002 5398 1440 5471 praesumatur,
1472 5393 1741 5454 diximus

232 5499 400 5559 supra
425 5482 541 5545 hac
561 5485 782 5545 eadem
811 5486 1231 5567 disputatione
1249 5489 1509 5566 agentes
1535 5486 1613 5545 de
1641 5505 1742 5546 re-

232 5576 531 5639 vocatione
555 5579 931 5641 testamenti.

1957 403 2234 466 SECTIO
2277 407 2435 467 XIII.

2290 915 2712 998 SEC'I'IO
2794 915 2970 1003 XIII.

1864 1224 1948 1281 De
1982 1216 2459 1281 commutatione
2504 1216 2884 1300 legatorum,
2916 1228 2972 1282 et
3015 1218 3257 1285 ultimae
3284 1239 3397 1284 vo-

2481 1321 2773 1388 luntatis.

1941 1591 2297 1652 Videndum
2355 1609 2519 1651 nunc
2575 1594 2670 1652 est
2692 1638 2708 1667 ,
2760 1591 3012 1671 quando
3061 1596 3123 1652 et
3161 1609 3198 1650 a
3253 1589 3395 1669 qui-

1858 1684 1976 1745 bus
2030 1685 2271 1763 possint
2321 1685 2527 1761 legata
2584 1701 2657 1744 ex
2702 1702 2825 1744 uno
2875 1684 2935 1743 in
2980 1684 3170 1744 alium
3213 1700 3395 1744 usum
3449 1732 3745 1796 Len-tumpo

1859 1777 2254 1850 commutari,
2289 1782 2351 1838 et
2377 1777 2703 1855 imprimis,
2728 1777 2977 1856 quando
2995 1796 3173 1837 mens
3201 1780 3725 1848 testa-0r9123nis1n

1857 1870 2009 1932 toris
2040 1876 2134 1931 est
2162 1870 2374 1945 dubia,
2411 1887 2534 1929 non
2565 1875 2692 1930 tam
2721 1870 2893 1930 locus
2924 1875 3017 1932 est
3043 1875 3394 1930 commuta-
3474 1840 3604 1892 ''m'‘
3630 1839 3718 1881 dm

1857 1964 2031 2040 tioni,
2067 1982 2256 2043 quam
2285 1963 2814 2041 interpretationi,
2864 1962 2943 2021 ad
2979 1980 3170 2041 quam
3199 1961 3391 2021 inter-

1857 2057 2273 2136 pretationem
2303 2075 2426 2115 non
2459 2056 2797 2135 requiritur
2844 2055 2904 2114 in
2943 2055 3150 2134 rigore
3179 2059 3394 2114 aucto-

1857 2150 2008 2211 ritas
2037 2149 2409 2228 superioria,
2460 2149 2570 2210 sed
2620 2148 2930 2228 judicium
2986 2148 3389 2225 prudentum,

1856 2243 1955 2303 vel
1987 2242 2314 2303 doctorum
2337 2289 2352 2319 ,
2387 2242 2492 2322 qui
2524 2261 2598 2302 ex
2627 2242 2836 2302 verbis
2866 2247 2929 2302 et
2957 2241 3096 2300 aliis
3128 2239 3396 2300 circum-

1854 2336 2099 2397 stantiis
2121 2335 2410 2413 judicare
2442 2336 2700 2413 possint,
2731 2353 2809 2394 an
2842 2353 3019 2394 mens
3049 2333 3387 2409 testatori3‚

1856 2433 1919 2488 et
1948 2428 2082 2506 ejus
2112 2428 2372 2489 intentio
2403 2446 2547 2488 vere
2580 2429 2945 2489 observetur
2972 2426 3079 2488 tali
3106 2472 3123 2501 ,
3156 2427 3254 2486 vel
3284 2425 3393 2487 tali

1855 2522 2075 2596 modu,
2122 2526 2194 2581 ut
2232 2520 2544 2581 constabit
2587 2539 2662 2580 ex
2709 2520 3023 2600 aliquibus
3067 2518 3388 2597 exemplis,

1856 2631 1995 2692 quae
2026 2612 2452 2691 subjiciemuS.

1936 2704 2269 2765 Dubitatur
2298 2722 2444 2783 ergo
2477 2704 2700 2782 prime,
2737 2723 2813 2763 an
2838 2704 3088 2784 quando
3114 2705 3392 2782 legatum

1852 2799 2137 2859 relictum
2169 2803 2263 2858 est
2290 2817 2402 2876 pro
2433 2798 2654 2877 puellis
2679 2845 2694 2874 ,
2748 2799 2942 2876 possit
2977 2798 3058 2857 ad
3095 2798 3241 2858 illud
3276 2796 3388 2856 ad-

1853 2892 2036 2967 mitti,
2073 2909 2213 2970 quae
2245 2895 2486 2969 patrem
2520 2891 2774 2970 quidem
2808 2891 2997 2952 babet
3021 2937 3036 2966 ,
3070 2889 3179 2949 sed
3210 2889 3392 2951 inuti-

1849 2984 1997 3061 lem,
2030 3003 2091 3045 v.
2124 3003 2188 3062 g.
2220 2989 2558 3057 amentem,
2593 2984 2688 3043 vel
2721 2988 3021 3062 perpetuo
3052 2982 3273 3042 morbo
3304 2982 3390 3041 la-

1850 3077 2215 3148 borantem,
2263 3076 2362 3136 vel
2405 3077 2772 3136 damnatum
2803 3094 2916 3153 per
2945 3076 3136 3135 vitam
3168 3075 3247 3135 ad
3276 3074 3387 3135 tri-

1848 3190 2073 3231 remes,
2110 3170 2278 3232 Parti
2309 3169 2473 3230 enim
2501 3169 2837 3231 affirmanti
2866 3168 3078 3229 favere
3098 3168 3390 3230 videntur

1847 3265 2038 3344 aliqui
2069 3264 2395 3339 doctoreS,
2456 3281 2611 3342 quos
2666 3262 2839 3322 afferi
2899 3261 3129 3323 Sancb.
3178 3262 3240 3321 d.
3274 3262 3382 3322 lib.

1846 3358 1948 3418 IV.
1989 3355 2210 3418 Conszl.
2258 3373 2394 3434 cap.
2432 3373 2499 3415 11.
2536 3355 2684 3415 dub.
2733 3371 2871 3415 xm.
2923 3355 3260 3428 docenteS,
3294 3354 3388 3413 vi-

1846 3448 2037 3508 duam
2067 3448 2191 3507 dici
2221 3466 2399 3525 posse
2430 3494 2444 3523 ,
2481 3465 2621 3526 quae
2670 3446 2860 3508 habet
2887 3447 3166 3509 miritum
3205 3446 3386 3507 inuti-

1842 3540 1989 3613 lem,
2025 3545 2087 3600 et
2115 3539 2375 3599 intentio
2408 3538 2719 3599 testatoris
2750 3539 3000 3599 videtur
3027 3539 3215 3598 fuisse
3246 3540 3386 3598 sub-

1843 3632 2056 3691 venire
2083 3631 2159 3690 iis
2190 3650 2328 3710 qum
2358 3637 2617 3709 paterno
2648 3631 2924 3691 subsidio
2943 3636 3179 3707 carent,
3201 3638 3386 3710 prout

1842 3724 1904 3784 in
1938 3725 2055 3785 hoc
2072 3724 2260 3784 etiam
2293 3743 2440 3785 casu
2471 3729 2642 3785 caret
2669 3725 2833 3800 filia,
2869 3724 3029 3785 sicut
3056 3723 3106 3784 si
3139 3728 3383 3803 patrem

1842 3836 1966 3878 non
1999 3817 2280 3877 haberet.
2318 3818 2455 3894 Ipse
2485 3822 2692 3877 tamen
2725 3817 3007 3877 Sanchez
3038 3836 3182 3877 cum
3212 3834 3383 3876 com-

1842 3910 2014 3970 muni
2046 3910 2279 3988 optime
2311 3910 2571 3987 prohat,
2608 3928 2729 3968 non
2759 3928 2892 3968 esse
2923 3909 3041 3969 hoc
3070 3909 3257 3969 modo
3287 3909 3381 3969 in-

1841 4002 2317 4081 terpretandum
2345 4002 2622 4079 legatum
2653 4002 2802 4062 illud
2826 4049 2841 4078 ,
2877 4003 3025 4081 quia
3055 4021 3130 4062 ea
3153 4048 3168 4077 ,
3205 4002 3264 4062 in
3297 4004 3380 4062 ri-

1839 4115 1992 4175 gore
2021 4094 2358 4174 loquendo,
2394 4113 2518 4154 non
2547 4099 2641 4156 est
2669 4094 2975 4173 orphana,
3010 4099 3071 4155 et
3099 4095 3378 4173 legatum

1841 4193 2046 4267 potest
2075 4189 2135 4246 in
2169 4187 2419 4265 propria
2444 4187 2649 4265 specie
2680 4188 2946 4266 impleri,
2982 4193 3046 4247 et
3075 4187 3264 4248 debet
3291 4188 3378 4250 ita

1837 4281 1971 4341 tieri
2006 4281 2250 4359 quoties
2279 4284 2504 4358 potest,
2539 4287 2606 4340 ut
2650 4298 2723 4339 ex
2753 4280 3143 4342 clementina
3171 4327 3187 4356 ,
3228 4281 3378 4355 Ouia

1839 4374 2124 4452 continqit
2149 4419 2164 4449 ,
2224 4372 2294 4431 de
2345 4372 2631 4453 reliyiosis
2685 4372 2966 4447 domibus,
3026 4378 3088 4434 et
3132 4393 3203 4432 ex
3247 4374 3378 4435 Tri·

1839 4468 2095 4528 dentino
2147 4485 2298 4526 3333.
2361 4468 2548 4528 XXV.
2593 4485 2730 4545 cap.
2783 4483 2921 4528 vm.
2969 4465 3040 4526 de
3088 4468 3378 4547 reforma-

1839 4560 2013 4621 tione.

1919 4653 2251 4714 Dubitatur
2297 4652 2593 4728 secund0,
2658 4672 2735 4712 an
2789 4653 3041 4733 quando
3097 4654 3375 4732 legatum
3522 4672 3640 4732 304

1836 4746 2122 4806 relictum
2154 4751 2248 4806 est
2273 4744 2525 4806 sabricae
2553 4746 2818 4824 alicujus
2848 4746 3148 4821 ecclesiae,
3181 4747 3377 4826 possit
3426 4797 3532 4847 Lm
3537 4802 3620 4839 ,um
3649 4797 3720 4839 f

1838 4839 2149 4917 expendi'
2135 4858 2197 4898 ιιι
2229 4839 2610 4898 ornamentis
2659 4843 2721 4899 et
2761 4837 2896 4898 aliis
2939 4839 3129 4899 cultui
3162 4838 3372 4898 divino
3423 4828 3564 4945 ¹³1⁰}ae
3568 4850 3719 4912 neele·-

1840 4931 2255 4991 necessariis?
2313 4932 2557 5007 Negant
2606 4932 2897 4991 Panorm.
2952 4936 3013 4991 et
3043 4916 3464 5008 Gregoriusss
3439 4916 3582 5008 ἆρΞ..
3541 4916 3706 5011 ''ip‘ffii

3444 5023 3519 5052 ΟΠ
3520 5023 3610 5052 ΗΝ
3612 4969 3711 5053 111180.

3530 1605 3644 1665 303

3464 1904 3515 1945 pa
3492 1898 3620 1933 utrem
3638 1893 3722 1934 h·-

3448 1944 3527 1987 beu
3531 1946 3560 1986 ii
3592 1958 3656 1987 ιιιι
3658 1957 3742 1988 e-u

3548 2004 3648 2042 tem.

1837 5026 2062 5101 Lopez,
2098 5042 2256 5101 quos
2276 5025 2456 5082 affert
2477 5023 2756 5082 Sanchez
2779 5023 2944 5083 dicto
2963 5042 3101 5101 cap.
3122 5026 3193 5084 11.
3218 5024 3369 5085 dub.

1838 5132 1965 5176 xxv.
2002 5115 2134 5193 ipse
2163 5120 2372 5175 tamen
2424 5133 2567 5174 cum
2597 5114 2732 5174 aliis
2762 5115 3168 5192 probabiliter
3206 5116 3377 5176 atfir-

1838 5213 2007 5284 mat,
2040 5207 2188 5287 quia
2215 5208 2362 5268 licet
2391 5208 2630 5267 fabrica
2657 5207 2718 5266 in
2748 5209 2957 5285 rigore
2987 5208 3158 5268 vocis
3186 5209 3376 5287 signi·

1840 5305 1985 5361 licet
2012 5300 2347 5361 {editicium
2378 5299 2688 5370 ecclesiae;
2723 5320 2798 5359 ex
2827 5301 3144 5361 communi
3173 5308 3383 5362 tamen

1842 5412 1955 5453 usu
1991 5411 2106 5453 vox
2138 5393 2245 5453 illa
2273 5398 2613 5471 usurpatur
2640 5393 2720 5452 ad
2744 5392 3190 5471 significandos
3219 5396 3386 5455 redi·

1843 5490 1945 5547 tus
1975 5505 2133 5565 quos
2163 5486 2428 5547 ecclesia
2456 5485 2722 5565 percipit
2757 5486 2838 5546 ad
2887 5505 2987 5547 res
3029 5486 3144 5547 sibi
3176 5506 3387 5549 neces-

1838 5577 2055 5657 sarias,
2083 5578 2530 5640 condistinctos
2547 5578 2629 5639 ab
2653 5578 2958 5642 reditibus
2976 5598 3132 5661 quos
3152 5580 3390 5663 episco-
