4263 6376
815 360 934 417 798

818 533 940 594 eris
966 548 1112 591 vere
1142 528 1301 589 liber
1331 545 1369 586 a
1398 530 1657 606 peccato
1685 523 2025 606 injustitiae,
2061 527 2174 587 sed
2202 545 2347 605 par-

816 626 1013 706 ticeps
1041 620 1364 683 homicidii
1392 619 1615 682 saltem
1661 618 1710 679 si
1741 619 1910 679 nulla
1942 625 2207 698 cogente
2237 639 2349 680 ne-

818 718 1103 779 cessitate
1133 717 1504 793 cooperatus
1534 731 1620 773 ce.
1669 714 1824 773 Item
1861 711 1912 772 si
1943 716 2212 789 tyranno
2244 731 2349 773 oc-

819 810 1064 871 cidente
1111 806 1516 882 ChristianOS,
1576 809 1643 866 tu
1685 803 2048 865 manifestes
2094 807 2345 866 Petrum

820 922 954 965 esse
986 899 1398 963 christianum
1425 896 1781 959 testificaris
1808 915 2050 973 verum,
2100 917 2226 976 quo
2259 904 2351 959 ta-

818 1014 963 1056 men
993 997 1295 1071 tyrannus
1325 991 1600 1051 abutitur
1629 990 1708 1050 ad
1732 989 2142 1050 homicidium
2172 992 2350 1069 cujus

820 1092 887 1150 tu
922 1086 1112 1148 etiam
1140 1084 1456 1164 particeps
1489 1082 1640 1153 eris;
1676 1101 1826 1160 ergo
1858 1082 2146 1144 similiter
2177 1087 2349 1143 nota-

818 1180 948 1242 rius
999 1177 1191 1239 fidem
1245 1176 1482 1237 faciens
1539 1176 1616 1235 de
1662 1178 1986 1236 contractu
2036 1174 2346 1249 usurariO,

822 1291 1009 1355 quem
1038 1271 1154 1331 scit
1183 1288 1219 1329 a
1241 1268 1454 1349 judice
1484 1267 1773 1327 mandari
1801 1267 2172 1345 executioni,
2210 1286 2350 1328 coo-

821 1368 1077 1445 peratur
1114 1362 1204 1423 illi
1231 1360 1482 1440 injustae
1512 1360 1822 1421 exactioni
1852 1360 2100 1436 futurae,
2150 1364 2212 1422 et
2240 1379 2351 1439 per

821 1473 1210 1537 consequens
1239 1458 1488 1517 tenetur
1515 1453 1738 1513 saltem
1768 1453 2069 1529 secund0,
2103 1453 2204 1514 vel
2231 1457 2350 1514 ter-

820 1550 907 1612 tio
937 1549 1075 1610 loco
1119 1547 1199 1608 ad
1225 1546 1714 1617 restitutionem3
1765 1546 1937 1623 prius
1985 1546 2151 1606 enim
2178 1550 2354 1606 tene-

820 1648 924 1705 tur
954 1641 1060 1721 qui
1088 1638 1316 1718 accipit
1351 1657 1595 1714 usuras,
1630 1637 2099 1717 deindejudex3
2134 1643 2354 1718 postea

822 1733 1123 1796 notariuS.

904 1825 1132 1906 Objicit
1157 1824 1407 1888 Medina
1435 1822 1791 1903 exemplum
1827 1823 1905 1883 de
1935 1822 2203 1900 notario,
2245 1823 2349 1902 qui

823 1918 1074 1982 conficit
1102 1918 1585 1980 instrumentum
1604 1916 1959 1994 emptioniS,
1988 1917 2052 1975 in
2073 1935 2199 1995 qua
2228 1934 2353 1976 em—

824 2018 967 2092 ptor
994 2010 1323 2090 decipitur,
1381 2027 1504 2071 non
1551 2013 1763 2071 tamen
1811 2009 1974 2071 ultra
2023 2007 2354 2068 dimidium

818 2102 972 2184 justi
999 2102 1206 2181 pretii,
1241 2101 1410 2182 quod
1440 2101 1695 2181 quidem
1726 2100 2213 2163 instrumentum
2244 2119 2351 2179 po-

825 2200 960 2259 stea
989 2199 1173 2275 coget
1217 2196 1280 2255 in
1310 2193 1551 2275 judicio
1582 2197 1931 2273 emptorem
1977 2194 2059 2255 ad
2101 2212 2227 2254 non
2255 2211 2355 2254 re-

824 2287 1239 2352 scindendum
1267 2290 1690 2360 contractum3
1735 2291 1797 2348 et
1822 2292 2034 2348 tamen
2063 2286 2355 2348 Notarius

825 2401 948 2444 non
978 2385 1200 2461 peccat
1226 2383 1445 2443 contra
1473 2379 1806 2460 justitiam,
1853 2399 1968 2440 nec
1996 2384 2247 2442 tenetur
2275 2379 2354 2439 ad

823 2475 1308 2550 restitutionem,
1361 2472 1748 2535 conficiendo
1795 2473 1949 2533 illud
1979 2473 2355 2534 instrumen-

824 2572 981 2646 tum,
1015 2585 1137 2648 quo
1168 2566 1459 2628 venditor
1487 2571 1708 2645 postea
1752 2565 1947 2627 utitur
1988 2566 2067 2626 ad
2099 2566 2358 2645 exigens

826 2662 978 2722 dum
997 2659 1267 2739 pretium
1288 2658 1586 2740 injustum
1607 2678 1622 2731 ;
1649 2676 1797 2737 ergo
1819 2657 2103 2720 similiter
2122 2658 2184 2718 in
2205 2677 2356 2719 casu

827 2759 1039 2817 nostro
1091 2771 1216 2814 non
1244 2752 1560 2815 tenebitur
1585 2754 1844 2829 propter
1870 2752 2356 2813 instrumentum

827 2867 950 2927 quo
999 2847 1194 2929 judex
1250 2845 1542 2906 abutetur
1588 2843 1670 2905 ad
1724 2844 2064 2923 exigendas
2135 2863 2355 2905 usuras

827 2945 1044 3001 contra
1055 2938 1384 3019 justitiam.
1419 2939 1617 3000 Affert
1642 2937 1791 2998 item
1811 2936 1981 2997 aliud
2001 2938 2356 3016 exemplum

825 3032 1026 3094 simile
1076 3032 1156 3092 de
1185 3030 1468 3106 testibuS‚
1533 3029 1640 3109 qui
1696 3029 2035 3091 adfuerunt
2089 3029 2177 3089 illi
2225 3048 2355 3089 em·

827 3124 1024 3206 ptioni
1050 3123 1321 3204 injustae,
1354 3122 1419 3181 hi
1448 3122 1639 3200 enim,
1672 3122 1818 3183 licet
1845 3141 1971 3183 non
1994 3121 2180 3183 fuerit
2211 3140 2355 3183 con-

828 3220 1058 3280 fectum
1103 3216 1608 3292 instrumentum,
1660 3219 1953 3276 tenentur
2000 3220 2211 3276 tamen
2260 3234 2356 3277 ro-

825 3311 954 3392 gati
986 3329 1022 3370 a
1043 3309 1257 3390 ¹judice
1286 3307 1605 3370 testificari
1635 3307 1712 3368 de
1744 3313 2066 3370 contractu
2096 3309 2355 3388 emptio-

828 3405 923 3466 nis
953 3402 1287 3478 celebratO,
1336 3418 1453 3460 nec
1491 3404 1824 3479 propterea
1858 3404 2148 3463 tenentur
2178 3402 2359 3463 resti—

825 3501 1003 3559 tuere
1033 3494 1296 3573 emptori
1328 3510 1651 3553 excessum
1672 3492 1876 3571 pretii,
1913 3494 2082 3573 quod
2102 3497 2358 3572 propter

826 3589 1075 3651 illorum
1094 3584 1520 3649 testimonium
1542 3588 1802 3664 cogetur
1824 3584 2065 3646 solvere
2090 3584 2352 3665 injuste;

829 3700 981 3761 ergo
1029 3697 1145 3741 nec
1175 3676 1456 3740 notarius
1504 3677 1567 3737 in
1597 3681 1807 3739 nostro
1840 3696 1989 3738 casu
2018 3677 2353 3756 tenebitur,

828 3774 936 3855 qui
965 3773 1117 3834 nihil
1149 3770 1320 3832 aliud
1366 3770 1516 3832 facit
1562 3769 1678 3830 nisi
1718 3769 2039 3831 testificari
2085 3771 2357 3833 auctori-

827 3871 956 3930 tate
1003 3864 1255 3944 publica
1302 3862 1366 3923 id
1396 3862 1566 3944 quod
1598 3862 1792 3939 videt,
1848 3863 2088 3926 scilicet
2114 3870 2358 3925 contra-

829 3965 998 4022 ctum
1028 3955 1379 4019 usurarium
1410 3959 1472 4016 et
1490 3955 1968 4034 promissionem
1996 3975 2352 4019 usurarum.

828 4051 1234 4132 Respondent
1276 4048 1467 4128 aliqui
1497 4048 1786 4127 negando
1818 4050 2355 4129 consequentiam,

829 4146 976 4227 quia
1005 4144 1070 4205 in
1099 4143 1302 4222 primo
1333 4160 1482 4202 casu
1515 4140 1709 4220 judex
1743 4141 1932 4203 etiam
1971 4141 2140 4221 juste
2193 4143 2362 4222 cogit

829 4240 1176 4316 emptorem
1205 4234 1285 4295 ad
1315 4252 1438 4295 non
1459 4233 1942 4294 rescindendum
1966 4238 2359 4297 contractum

826 4329 966 4410 lege
1011 4328 1097 4390 ita
1125 4326 1526 4405 praecipiente
1571 4326 1652 4386 ad
1681 4326 1969 4387 vitandas
1995 4327 2170 4402 lites;
2216 4328 2357 4389 ideo

830 4421 1113 4486 notarius
1159 4423 1365 4497 potest
1411 4419 1600 4479 etiam
1649 4420 1957 4481 conficere
1986 4420 2359 4483 instrumen-

828 4521 962 4580 tum
994 4513 1163 4594 quod
1190 4511 1519 4574 ordinatur
1547 4513 1628 4573 ad
1657 4511 1720 4571 id
1749 4513 1951 4575 solum
1981 4514 2150 4594 quod
2164 4513 2360 4594 judex

828 4608 995 4671 licite
1026 4609 1231 4686 potest
1256 4603 1463 4665 tacere
1497 4623 1510 4665 :
1560 4609 1626 4667 at
1668 4623 1818 4667 vero
1859 4605 1922 4665 in
1968 4610 2180 4669 nostro
2211 4626 2360 4670 casu

824 4701 1018 4783 judex
1048 4717 1172 4761 non
1201 4700 1409 4777 potest
1439 4702 1658 4776 postea
1687 4697 1853 4760 licite
1875 4717 2101 4777 cogere
2134 4701 2215 4762 ad
2243 4701 2361 4763 sol-

829 4790 1067 4856 vendas
1098 4808 1321 4852 usuras
1350 4790 1729 4868 promissas3
1764 4809 1913 4870 ergo
1944 4811 2059 4852 nec
2081 4793 2359 4855 notarius

831 4882 1060 4967 poterit
1089 4881 1142 4943 ei
1176 4881 1504 4960 cooperari
1551 4883 1631 4942 ad
1689 4883 1753 4942 id
1792 4883 1961 4962 quod
2007 4885 2141 4963 ipse
2163 4885 2362 4966 judex

827 4978 995 5041 licite
1049 4994 1175 5036 non
1222 4978 1429 5054 potest
1483 4973 1710 5038 facere.
1771 4977 1862 5037 Ita
1902 4975 2217 5038 Malderus
2255 4978 2363 5038 ubi

832 5089 1040 5150 supra.
1088 5071 1238 5130 Haec
1267 5067 1490 5129 solutio
1523 5067 1791 5129 difficilis
1819 5073 1943 5142 est;
1989 5071 2137 5150 quia
2165 5072 2364 5133 multa

830 5168 976 5225 sunt
1005 5181 1143 5242 quoe
1166 5160 1368 5241 judex
1396 5159 1561 5222 licite
1591 5165 1797 5240 potest
1825 5166 1886 5223 et
1909 5162 2102 5225 debet
2125 5164 2356 5241 facere,

831 5256 1060 5338 quibus
1114 5258 1325 5316 tamen
1371 5270 1488 5331 ego
1556 5243 1681 5314 non
1728 5272 1983 5333 possum
2038 5257 2362 5336 cooperari

830 5351 962 5411 sine
993 5345 1319 5428 injustitia,
1371 5364 1430 5406 v.
1463 5364 1574 5425 gr.
1588 5344 1784 5426 judex
1829 5352 2036 5426 potest
2062 5354 2123 5409 et
2172 5349 2362 5411 debet

831 5443 1253 5506 condemnare
1282 5456 1462 5500 reum
1480 5439 1825 5501 secundum
1855 5442 2124 5521 allegata
2145 5447 2207 5504 et
2225 5460 2364 5520 pro·

829 5537 978 5598 bata
1005 5532 1087 5597 ad
1106 5550 1363 5612 poenam
1381 5531 1832 5613 pecuniariam,
1865 5534 2213 5613 praesertim
2235 5553 2360 5596 non

1957 350 2060 410 DE
2101 349 2455 412 JUSTITIA
2502 350 2602 409 ET
2644 349 2842 410 JURE

2444 542 2765 604 magnam,
2822 523 3066 587 etiamsi
3113 527 3287 586 certo
3318 525 3483 586 sciat
3531 541 3677 585 esse
3708 523 3979 584 innocen-

2447 623 2573 680 tem
2608 639 2620 679 :
2656 618 2805 697 quia
2835 616 3140 697 quidquid
3173 617 3274 693 sit,
3326 636 3409 677 an
3440 617 3651 696 possit
3681 636 3829 676 eum
3853 636 3979 677 con-

2447 711 2746 773 demnare
2773 711 3047 789 graviori
3079 728 3304 789 poena3
3349 711 3430 772 de
3461 711 3587 771 hac
3620 714 3837 771 tamen
3864 711 3978 772 sine

2448 804 2871 865 controversia
2922 802 3192 863 diximus
3242 821 3429 882 posse
3478 804 3726 882 disput.
3759 820 3974 865 xxxva.

2448 900 2600 958 sect.
2637 901 2695 957 4.
2744 897 2822 956 Et
2848 900 3061 956 tamen
3109 913 3227 973 ego
3277 895 3383 974 qui
3414 897 3550 957 scio
3582 896 3768 955 illum
3800 895 3981 956 homi-

2450 1008 2593 1051 nem
2652 1008 2775 1050 non
2812 1007 3106 1067 peccasse
3155 988 3219 1047 in
3266 989 3373 1050 illo
3404 989 3600 1065 facto,
3653 990 3811 1067 quia
3828 988 3977 1068 justo

2450 1083 2627 1143 titulo
2658 1082 2807 1143 fecit
2834 1082 3000 1161 quod
3032 1081 3200 1157 fecit,
3235 1099 3360 1142 non
3392 1100 3657 1160 possum
3691 1082 3859 1142 licite
3884 1082 3979 1140 de·

2451 1177 2739 1237 nuntiare
2770 1194 2925 1253 opus
2957 1178 3288 1234 externum
3326 1174 3490 1234 illius
3522 1174 3724 1235 etiam
3752 1193 3974 1250 verum,

2451 1272 2705 1347 propter
2759 1267 2929 1348 quod
2983 1265 3515 1327 condemnabitur
3584 1268 3653 1326 in
3700 1267 3933 1344 judicio
3962 1288 3975 1327 :

2418 1360 2728 1440 -alioquin
2775 1360 3040 1421 tenebor
3089 1359 3169 1418 ad
3218 1359 3691 1420 restitutionem
3737 1360 3978 1420 damno-

2450 1473 2627 1526 rum;
2661 1471 2811 1532 ergo
2846 1451 3128 1512 similiter
3172 1452 3237 1511 in
3264 1470 3417 1512 casu
3444 1453 3682 1531 posito,
3732 1453 3877 1513 licet
3894 1454 3979 1531 ju·

2451 1548 2570 1607 dex
2601 1546 2832 1606 debeat
2858 1545 3163 1606 sustinere
3204 1550 3607 1606 contractum
3633 1546 3974 1623 emptioni5‚

2452 1639 2704 1718 quando
2736 1638 3009 1717 pretium
3040 1656 3165 1698 non
3196 1637 3446 1698 excedit
3472 1636 3642 1698 ultra
3664 1637 3977 1698 dimidium

2444 1731 2598 1812 justi
2646 1731 2899 1807 valoriS,
2949 1730 3088 1810 lege
3132 1729 3431 1790 nimirum
3478 1729 3546 1790 id
3594 1732 3977 1809 permittente

2452 1825 2532 1886 ob
2563 1824 2860 1887 evitanda
2906 1824 3151 1900 majora
3177 1822 3395 1884 mala:
3448 1841 3569 1901 ego
3622 1827 3840 1883 tamen
3886 1823 3981 1902 qui

2452 1918 2578 1979 scio
2630 1921 2979 1996 emptorem
3026 1933 3162 1976 esse
3206 1915 3480 1976 liberum
3509 1915 3579 1974 in
3610 1915 3978 1976 conscientia

2454 2030 2489 2070 a
2533 2009 2832 2071 solvendo
2883 2008 2987 2068 illo
3019 2007 3242 2086 pretio,
3293 2027 3421 2068 non
3468 2026 3734 2086 possum
3781 2014 3979 2068 contra

2453 2103 2627 2165 illum
2657 2101 2809 2162 dare
2852 2118 3028 2161 arma
3056 2099 3407 2172 venditori3
3465 2100 3519 2159 si
3570 2099 3831 2178 quidem
3874 2100 3974 2160 hoc

2453 2197 2614 2258 facio
2660 2194 2795 2255 sine
2841 2193 2964 2254 ulla
2990 2192 3148 2271 legis
3180 2192 3569 2271 obligatione
3600 2193 3666 2252 in
3698 2193 3975 2254 damnum

2453 2288 2722 2370 proximi
2747 2285 3124 2347 innocentiS.

2535 2384 2666 2460 Ego
2695 2380 2988 2440 libentius
3019 2379 3316 2455 dicerem,
3349 2377 3415 2439 in
3445 2380 3757 2458 exemplis
3782 2379 3975 2459 positis

2454 2492 2718 2556 peccare
2748 2473 2939 2533 etiam
2967 2471 3282 2533 notarium
3311 2475 3373 2533 et
3400 2475 3619 2548 testes,
3655 2473 3776 2532 nisi
3804 2473 3974 2532 aliun·

2457 2568 2534 2630 de
2574 2569 2886 2646 praecepto
2927 2563 3160 2645 judicis
3207 2564 3305 2625 vel
3351 2565 3509 2644 legis
3539 2571 3868 2644 cogantur.
3920 2566 3971 2627 Si

2455 2665 2666 2723 autem
2696 2657 2851 2718 nihil
2899 2676 3006 2719 eos
3036 2661 3243 2737 cogat,
3298 2675 3425 2718 non
3452 2657 3646 2718 video
3679 2658 3971 2736 quomodo

2454 2751 2734 2814 notarius
2788 2768 2913 2812 non
2968 2754 3228 2831 rogatus
3284 2750 3363 2810 ab
3411 2755 3703 2829 emptore
3750 2751 3973 2812 conscio

2455 2845 2642 2926 pretii
2687 2843 2989 2905 excessivi
3031 2843 3228 2922 possit
3274 2844 3592 2905 conficere
3620 2844 3976 2904 instrumen-

2455 2944 2612 3016 tum,
2670 2955 2794 3018 quo
2852 2941 3099 3015 emptor
3153 2940 3373 3015 postea
3424 2942 3697 3015 cogatur
3755 2938 3974 2997 solvere

2455 3023 2725 3112 pretium
2769 3030 3107 3110 injustum;
3167 3029 3290 3090 hoc
3337 3030 3531 3104 enim,
3594 3035 3670 3090 ut
3696 3030 3844 3106 dixi,
3898 3037 3974 3089 est

2457 3142 2829 3188 concurrere
2872 3124 3005 3185 sine
3053 3122 3425 3184 necessitate
3472 3122 3557 3182 ad
3602 3123 3975 3202 spoliandum

2455 3221 2875 3295 innocentem,
2922 3220 2992 3278 ut
3019 3216 3246 3277 fatetur
3275 3216 3455 3278 Salas
3483 3215 3558 3276 de
3587 3217 3974 3289 contractibus,

2456 3314 2520 3374 in
2548 3314 2797 3374 tractat.
2835 3309 2906 3371 de
2932 3309 3148 3386 usum,
3189 3308 3380 3370 dubio
3407 3326 3575 3371 xuv.
3624 3329 3734 3370 nu.
3764 3316 3824 3371 7.
3854 3328 3976 3369 eum

2458 3409 2739 3469 Navarra
2777 3402 2884 3464 ubi
2931 3420 3143 3481 supra.
3187 3403 3266 3463 Et
3306 3402 3481 3463 idem
3533 3409 3979 3483 consequenter

2456 3516 2599 3559 mco
2629 3496 2862 3575 indicio
2896 3495 3234 3556 dicendum
3277 3499 3376 3556 est
3404 3496 3484 3555 de
3509 3495 3785 3556 testibus
3810 3496 3872 3555 in
3898 3513 3980 3554 se·

2457 3591 2661 3652 cundo
2691 3588 2976 3667 exemplo
3009 3586 3280 3648 adducto
3317 3605 3331 3648 :
3368 3587 3473 3666 qui
3502 3587 3559 3647 si
3588 3587 3840 3647 aliunde
3871 3604 3981 3647 non

2457 3684 2835 3763 obligentur,
2870 3700 2996 3741 non
3023 3679 3317 3740 videntur
3332 3698 3515 3758 posse
3548 3680 3730 3740 illum
3758 3685 3981 3741 contra·

2457 3780 2626 3838 ctum
2656 3774 2999 3849 testificari,
3057 3777 3127 3834 ut
3182 3790 3257 3833 ea
3303 3774 3551 3834 ratione
3587 3773 3789 3852 judex
3815 3776 3985 3850 cogat

2458 3873 2805 3948 emptorem
2834 3867 2914 3929 ad
2945 3865 3327 3928 servandum
3354 3865 3555 3927 illum.
3587 3870 3727 3928 Imo
3759 3864 3982 3927 etiamsi

2459 3962 2813 4041 obligentur
2850 3959 3124 4039 ajudice
3173 3958 3254 4018 ad
3300 3959 3801 4034 testificandum,
3862 3976 3985 4038 pos·

2458 4059 2597 4116 sent
2623 4053 2835 4114 verbis
2880 4050 3221 4131 aequivocis
3249 4070 3487 4130 negare
3534 4052 3729 4112 talem
3759 4058 3985 4112 contra·

2457 4153 2624 4210 ctum
2655 4146 3071 4226 praecessisse,
3118 4144 3528 4223 intelligendo
3561 4145 3819 4217 scilicet,
3874 4162 3984 4203 nou

2459 4240 2873 4321 praecessisse,
2920 4238 3006 4298 ita
3036 4241 3105 4299 ut
3135 4240 3382 4314 emptor
3414 4237 3727 4298 manserit
3759 4237 3983 4314 obliga-

2458 4340 2580 4408 tuS‚
2631 4332 2794 4393 sicut
2836 4334 3082 4409 emptor
3126 4334 3340 4408 posset
3380 4348 3526 4390 cum
3543 4330 3905 4410 juramento
3929 4328 3983 4387 id

2459 4444 2692 4505 negare
2720 4424 2897 4505 juxta
2945 4422 3297 4484 doctrinam
3326 4441 3755 4497 communem,
3809 4440 3981 4502 quam

2459 4519 2523 4579 in
2571 4517 2756 4580 simili
2804 4535 2953 4577 casu
3010 4515 3204 4585 tradit
3255 4514 3542 4576 Sanchez
3588 4517 3650 4574 in
3680 4515 3980 4594 Βεοαὶοςο,

2459 4611 2568 4672 lib.
2604 4611 2706 4671 111.
2760 4608 2831 4670 de
2853 4608 3219 4689 juramenta,
3278 4626 3420 4687 cap.
3458 4625 3546 4670 w.
3608 4628 3782 4669 num.
3827 4612 3885 4670 3.
3931 4616 3986 4667 et

2461 4722 2635 4783 seqq.
2672 4702 2852 4765 Unde
2891 4704 3350 4781 consequenter
3398 4701 3472 4762 fit
3516 4702 3725 4762 teneri
3768 4719 3872 4762 eos
3909 4700 3985 4760 uti

2460 4796 2580 4857 hac
2610 4795 3123 4875 aequivocatione,
3159 4794 3272 4853 nisi
3304 4793 3562 4853 aliunde
3597 4795 3856 4855 timeant
3882 4791 3986 4853 sihi

2462 4888 2787 4965 damnum,
2844 4891 2913 4948 ut
2957 4886 3012 4947 si
3055 4885 3307 4951 aliunde
3337 4889 3553 4964 posset
3599 4886 3848 4965 probari
3873 4904 3984 4959 res,

2461 4986 2525 5043 et
2573 4981 2691 5059 ipsi
2721 4980 3243 5041 convincerentur
3289 4978 3366 5038 de
3411 4978 3572 5039 falso
3619 4979 3985 5050 testimonio,

2459 5072 2559 5134 vel
2590 5072 2756 5132 aliud
2784 5072 2986 5133 simile
3017 5070 3490 5132 detrimentum.
3525 5074 3688 5133 Nam
3720 5073 3873 5132 sicut
3894 5070 3991 5149 ju·

2460 5166 2579 5225 dex
2636 5169 2968 5226 excusatur
3023 5167 3283 5244 propter
3338 5163 3551 5243 legem
3622 5165 3990 5244 obligante-m

2461 5258 2670 5332 illum;
2723 5258 2810 5319 ita
2855 5257 3136 5319 notarius
3180 5260 3244 5316 et
3290 5262 3485 5318 testes
3514 5257 3796 5319 excusari
3824 5264 3992 5337 pote-

2461 5356 2609 5412 runt
2637 5369 2673 5411 a
2702 5350 2944 5412 malitia
2978 5347 3296 5428 injustitiae
3327 5349 3393 5408 in
3424 5349 3537 5411 illa
3564 5352 3991 5428 cooperatione

2462 5449 2722 5523 propter
2748 5445 3136 5522 praeceptum
3168 5459 3405 5520 cogens
3434 5442 3520 5503 ad
3548 5441 3989 5505 conficiendum

2462 5537 2969 5613 instrumentum,
2987 5533 3089 5596 vel
3104 5532 3185 5596 ad
3201 5532 3543 5597 ferendum
3557 5534 3986 5599 testimonium.
