4263 6376
71 551 120 609 50

1219 362 1689 424 DISPUTATIO
1735 361 1951 437 XXIV,
1998 361 2272 422 SEC'PIO
2318 363 2419 423 IX.

310 542 653 607 Difficultas
682 547 798 620 est,
827 541 1078 622 quando
1112 559 1339 602 nomen
1370 543 1463 601 est
1492 539 1769 619 1111111110-

72 675 188 718 md„
235 656 391 712 cum,
425 636 575 716 quia
604 635 729 697 duo
760 640 911 696 sunt
939 635 1043 714 qui
1073 638 1377 695 vocantur
1406 633 1628 695 eodem
1660 651 1766 693 no-

72 747 83 772 ¹
110 737 165 770 ‘⁸¹
233 733 412 807 mine,
446 734 508 790 et
536 747 663 789 non
693 729 890 791 scitur
910 729 1031 789 utri
1053 728 1326 806 legatum
1348 727 1633 788 relictum
1663 725 1761 788 sit.

71 796 174 826 1311111.

234 829 304 887 Et
331 822 583 904 quidem
610 869 627 898 ,
669 822 722 881 si
753 821 1165 901 aequivocatio
1196 820 1466 881 nominis
1495 820 1574 881 sit
1602 820 1770 879 circa

231 937 355 978 rem
382 917 661 994 legatam
687 961 703 992 ,
756 914 906 994 quia
936 917 1196 975 testator
1238 912 1473 992 legavit
1500 911 1612 973 tibi
1642 931 1767 972 ser-

234 1029 368 1070 vum
400 1008 713 1084 Stichum,
747 1012 811 1067 et
829 1005 1105 1067 habebat
1132 1005 1289 1067 duos
1310 1005 1579 1081 StichoS,
1606 1024 1768 1066 unus

235 1123 301 1163 ex
328 1103 441 1162 illis
472 1100 832 1176 debebitur,
869 1103 932 1160 et
959 1099 1177 1160 electio
1208 1099 1326 1161 erit
1352 1116 1545 1178 penes
1574 1098 1768 1159 heere-

234 1197 366 1257 dem
385 1242 403 1274 ,
452 1195 604 1276 quia
651 1194 712 1253 in
760 1192 967 1253 dubiis
1014 1192 1076 1252 id
1110 1191 1279 1271 quod
1309 1191 1642 1252 minimum
1672 1194 1768 1252 est

233 1289 582 1367 eligendum
613 1291 733 1364 est,
768 1290 832 1348 et
860 1285 1009 1347 dum
1037 1303 1163 1347 non
1193 1290 1437 1347 constat
1465 1285 1542 1346 de
1570 1284 1771 1364 majo-

234 1383 281 1444 ri
306 1381 723 1460 obligatione;
771 1379 973 1440 haeres
1024 1397 1147 1439 non
1180 1382 1276 1441 est
1298 1377 1672 1457 obligandus
1702 1381 1771 1439 ut

235 1477 364 1557 plus
391 1475 641 1550 solvat,
706 1477 777 1534 ut
822 1475 1069 1534 constat
1115 1490 1190 1532 ex
1217 1472 1259 1532 l.
1316 1471 1394 1532 Si
1418 1491 1548 1553 qms
1576 1491 1612 1531 α
1639 1470 1768 1551 filio

234 1570 465 1631 xxxll.
496 1568 555 1645 ἓ.
593 1583 640 1628 1.
678 1569 741 1627 ff.
775 1564 845 1627 de
873 1565 1077 1645 leqatis
1106 1567 1163 1626 1.
1199 1569 1263 1627 et
1292 1584 1365 1625 ex
1394 1565 1436 1627 l.
1474 1563 1632 1625 Idem
1659 1564 1771 1624 Ju-

236 1664 446 1737 lianus,
492 1677 646 1722 XLII.
682 1661 737 1740 ἓ.
792 1659 932 1721 Scio
976 1678 1051 1719 ez·
1094 1659 1293 1740 sac-tc,
1347 1657 1541 1719 eodem
1571 1658 1765 1720 titulo,

236 1754 485 1828 Quando
506 1772 666 1815 vero
697 1757 842 1814 sunt
872 1752 995 1813 duo
1023 1751 1308 1812 homines
1349 1751 1632 1831 ejusdem
1664 1770 1770 1812 no-

236 1850 409 1911 minis
436 1895 453 1924 ,
500 1848 550 1908 si
584 1846 844 1907 aliunde
892 1864 966 1906 ex
994 1846 1370 1924 conjecturis
1416 1849 1476 1907 et
1505 1845 1772 1907 circum-

235 1940 464 2003 stantiis
492 1943 786 2015 constat,
834 1938 911 1998 de
952 1956 1075 2017 quo
1106 1941 1367 2000 testator
1394 1938 1638 2000 locutus
1668 1938 1767 2016 sit,

237 2035 313 2095 illi
342 2033 558 2112 procul
587 2032 784 2093 dubio
814 2031 1093 2092 dandum
1122 2034 1217 2092 est
1235 2031 1532 2110 legatum.
1568 2033 1772 2104 Quan-

236 2128 308 2188 do
334 2145 478 2188 vero
509 2126 575 2186 id
607 2129 901 2188 constare
929 2143 1054 2186 non
1084 2127 1328 2204 potest,
1356 2125 1767 2204 jureconsulti

239 2223 589 2302 frequenter
608 2220 677 2279 in
709 2237 785 2280 ea
812 2218 1065 2280 fuerunt
1091 2219 1402 2280 sententia
1424 2265 1439 2295 ,
1488 2219 1657 2298 quod
1685 2219 1775 2279 13-

238 2319 440 2394 gatum
470 2331 597 2374 non
632 2312 904 2387 valeret,
941 2315 1004 2372 et
1036 2312 1242 2372 neutri
1271 2311 1552 2372 dandum
1582 2315 1768 2387 esset,

240 2411 304 2469 ut
329 2407 645 2484 colligitur
674 2423 747 2465 ex
778 2405 820 2466 l.
852 2403 986 2465 Duo
1012 2413 1146 2464 sunt
1179 2403 1341 2480 Titii,
1400 2405 1463 2465 ff.
1499 2404 1570 2465 de
1600 2413 1776 2465 testa-

240 2500 512 2560 mentaria
548 2498 762 2574 tutela,
793 2498 836 2560 l.
870 2497 1043 2559 Siita
1069 2497 1287 2578 suerit,
1335 2514 1421 2560 xl.
1451 2499 1493 2560 1.
1546 2498 1777 2579 Siquis

250 2594 313 2655 de
331 2592 625 2674 pluribus,
663 2593 726 2652 ff.
760 2590 829 2652 de
856 2590 1024 2652 rebus
1051 2589 1264 2666 dubiis,
1302 2591 1428 2652 imo
1461 2592 1509 2651 si
1530 2591 1777 2653 duobus

243 2685 513 2765 ejusdem
558 2684 837 2746 nominis
880 2685 1089 2762 legata
1119 2683 1371 2744 fuerunt
1414 2684 1666 2761 relicta,
1718 2689 1781 2746 et

244 2779 341 2841 uni
368 2797 584 2840 eorum
606 2780 963 2854 revocetur,
990 2795 1104 2838 nec
1122 2780 1365 2838 constet
1383 2776 1503 2855 cui,
1529 2778 1779 2858 utrique

245 2872 447 2934 dicunt
473 2874 871 2933 revocatum.
898 2869 1228 2932 Rationem
1248 2873 1461 2930 autem
1480 2870 1774 2947 reddunt,

247 2966 378 3045 quia
406 2965 553 3027 licet
581 2982 808 3025 revera
840 2982 1001 3025 unus
1031 2962 1264 3023 habeat
1283 2963 1417 3042 jus,
1452 2962 1664 3025 deficit
1691 2968 1779 3024 ta·

246 3076 378 3118 men
406 3057 702 3136 probatio
725 3056 886 3135 J'uris
910 3102 925 3132 ,
978 3061 1040 3117 et
1081 3055 1223 3116 ideo
1272 3074 1395 3117 non
1426 3074 1501 3116 ex
1532 3055 1779 3119 defectu

243 3149 423 3231 juriS,
470 3150 583 3212 sed
620 3169 699 3210 cx
728 3149 975 3211 defectu
1005 3147 1391 3230 probationis
1419 3153 1640 3212 neuter
1673 3150 1780 3212 ha-

246 3245 427 3306 bebit.
460 3244 727 3306 Addunt
753 3248 963 3304 tamen
981 3243 1319 3304 canonista}
1340 3243 1776 3320 communiter,

250 3338 306 3398 in
331 3338 550 3415 legatis
578 3337 703 3417 piis
736 3354 860 3397 non
891 3353 1024 3397 3333
1055 3335 1519 3397 observandum
1540 3382 1556 3413 ,
1590 3336 1701 3397 sed
1730 3337 1784 3398 si
1838 3378 1845 3385 ·

253 3431 307 3490 in
334 3432 438 3492 Dei
468 3431 787 3491 honorem
813 3428 1100 3489 relictum
1132 3427 1248 3505 sit,
1296 3447 1500 3509 neque
1531 3448 1784 3509 expres-

255 3523 392 3585 serit
416 3523 630 3584 locum
658 3522 758 3583 cui
788 3521 1068 3582 dan'dum
1088 3521 1189 3597 sit,
1216 3521 1660 3601 applicandum
1692 3541 1787 3584 ec-

255 3616 442 3676 clesiae
472 3617 534 3676 in
553 3635 684 3696 qua
707 3614 981 3675 habebat
998 3614 1403 3691 domicilium,
1428 3614 1492 3674 id
1521 3619 1633 3691 est,
1659 3634 1787 3676 suae

252 3709 575 3788 parochiae.
637 3708 699 3770 Si
731 3725 882 3768 vero
924 3707 1253 3768 ecclesiam
1297 3706 1560 3787 alicujus
1589 3708 1789 3771 sancti

256 3801 625 3877 nominavit,
677 3805 741 3861 et
769 3800 981 3861 multae
1012 3799 1074 3860 in
1106 3818 1180 3861 eo
1218 3800 1357 3861 loco
1387 3801 1790 3862 inveniantur

258 3893 523 3972 eiusdem
551 3893 847 3970 nominiS,
883 3893 1159 3953 dandum
1181 3894 1559 3972 pauperiori,
1595 3897 1663 3955 ut
1678 3893 1791 3954 ha-

260 3987 425 4047 betur
454 3988 513 4047 in
544 3986 928 4049 Anthentico
964 3984 1034 4047 de
1061 3985 1428 4047 ecclesiastic.
1483 3986 1575 4048 tit.
1626 3987 1680 4065 ἓ.
1717 3986 1796 4047 Si

260 4080 375 4161 quis
403 4081 459 4139 in
486 4080 743 4141 nomine.
781 4079 844 4141 Si
872 4084 1084 4140 tamen
1114 4078 1492 4159 conjecturae
1522 4098 1635 4159 pro
1668 4098 1792 4141 una

264 4178 414 4249 sunt,
447 4174 598 4253 quia
629 4173 827 4234 altera
846 4175 981 4233 erat
1009 4172 1173 4232 intra
1203 4173 1565 4250 parochiam
1596 4176 1788 4234 testa-

262 4267 419 4342 ιο113,
452 4267 550 4327 vel
581 4266 734 4346 quia
762 4265 826 4324 in
857 4283 932 4326 ea
960 4266 1347 4344 trequentius
1378 4266 1598 4326 orabat
1619 4311 1634 4341 ‚
1693 4265 1792 4326 vel

265 4359 522 4421 habebat
552 4377 739 4421 suum
769 4357 1191 4437 sepulchrum,
1224 4359 1325 4420 vel
1354 4359 1504 4439 quia
1531 4359 1794 4438 loquens

265 4453 383 4513 sine
411 4453 626 4514 addito
655 4452 828 4512 illam
854 4451 1098 4512 solebat
1141 4451 1522 4530 intelligere,
1578 4452 1795 4513 dicunt

268 4548 541 4607 Panorm.
579 4550 646 4606 et
674 4547 1013 4607 Covarruv.
1065 4545 1234 4623 apud
1278 4545 1508 4606 Molina
1558 4545 1789 4625 disput.

268 4654 478 4700 cxcvu.
511 4638 603 4699 illi
634 4635 916 4698 ecclesiae
944 4635 1250 4713 dandum,
1286 4638 1429 4698 licet
1458 4638 1796 4717 pauperior

271 4750 379 4792 non
407 4732 504 4793 sit.
540 4731 611 4793 Si
638 4749 790 4792 vero
820 4748 945 4791 non
976 4733 1219 4791 constet
1260 4731 1336 4790 (13
1367 4750 1492 4810 qua
1517 4732 1797 4811 loquere-

269 4828 391 4899 tur,
423 4825 793 4903 episcopum
822 4822 1052 4898 eligere
1082 4841 1263 4901 posse
1286 4842 1474 4902 quam
1504 4823 1791 4902 voluerit,

273 4921 630 4995 argumento
656 4916 849 4995 legiS,
896 4915 975 4977 Si
998 4915 1128 4998 quis
1166 4934 1401 4994 servus,
1451 4919 1508 4996 ἓ.
1542 4915 1619 4977 Si
1648 4917 1801 4978 inter

272 5008 419 5082 duos,
451 5012 514 5071 ff.
546 5009 619 5071 de
647 5009 853 5089 leqatis
881 5026 950 5070 11.
976 5009 1144 5089 quod
1168 5028 1388 5071 verum
1406 5029 1564 5087 esse,
1598 5030 1800 5091 quan-

276 5101 347 5163 do
375 5108 635 5182 utraque
665 5106 830 5163 esset
857 5102 1116 5183 aequalis
1139 5148 1155 5179 ,
1198 5106 1262 5164 et
1300 5107 1522 5164 neutra
1570 5121 1799 5183 paupe-

278 5195 412 5268 rior,
443 5196 731 5258 concedit
759 5196 947 5257 etiam
978 5195 1261 5258 Sanchez
1291 5214 1434 5257 cum
1465 5197 1622 5273 aliis,
1658 5216 1796 5276 cap.

277 5289 346 5350 ll.
376 5289 519 5350 dub.
554 5307 694 5351 v111.
729 5308 900 5350 num.
935 5292 993 5350 2.
1027 5289 1209 5351 etalii
1242 5307 1398 5368 quos
1418 5290 1610 5351 refert
1625 5294 1686 5352 et
1706 5309 1804 5351 se-

284 5381 483 5459 quitur
509 5383 709 5443 Diana
735 5400 881 5442 mox
908 5381 1217 5443 citandus.
1271 5382 1334 5443 Si
1376 5385 1587 5443 autem
1634 5383 1804 5444 nulla

3295 366 3408 427 133

1870 557 2075 619 neque
2103 538 2166 599 in
2197 539 2515 602 territorio
2545 538 2662 617 sit,
2696 541 2950 602 dabitur
2978 542 3294 623 parochiae
3322 547 3409 605 te·

1869 632 2142 709 statoris,
2174 635 2245 694 ut
2273 633 2545 695 habetur
2573 633 2635 694 in
2665 634 2832 695 dicto
2862 636 3266 699 Anthentico.

1949 726 2170 787 Merito
2225 730 2436 787 tamen
2490 727 2720 788 Molina
2768 728 2907 790 loco
2965 729 3177 807 citato,
3231 730 3404 809 dicit,

1869 820 2244 880 sententiam
2276 821 2448 880 illam
2483 820 3061 900 jureconsultorum
3109 825 3278 904 quod
3327 826 3410 885 le-

1868 915 2086 989 gatum
2117 914 2322 974 neutri
2349 913 2628 975 dandum
2658 915 2756 992 sit,
2783 916 2893 976 scd
2925 917 3004 978 ab
3035 917 3285 979 haerede
3307 939 3407 979 13-

1869 1006 2220 1083 tinendum,
2276 1025 2401 1068 non
2438 1027 2573 1069 esse
2620 1009 2769 1070 satis
2798 1010 3125 1072 sundatam
3164 1012 3228 1072 in
3267 1014 3411 1092 jure

1870 1103 2137 1177 naturae,
2198 1104 2386 1181 atque
2438 1100 2578 1162 ideo
2626 1121 2751 1164 non
2807 1122 2942 1165 esse
2998 1106 3408 1185 sequendam,

1869 1192 1980 1252 sed
2011 1192 2425 1254 dividendum
2454 1194 2732 1274 legatum
2764 1196 3107 1275 111ι3111103,
3142 1218 3284 1260 cum
3308 1199 3413 1280 ju·-

1871 1286 2210 1347 reconsulti
2232 1287 2439 1366 legem
2469 1288 2741 1349 condere
2771 1308 2896 1351 non
2927 1292 3267 1370 potuerint,
3300 1293 3412 1354 sed

1872 1377 2074 1438 solum
2101 1397 2283 1439 suam
2311 1381 2687 1442 sententiam
2719 1383 3166 1462 explicuerint,
3192 1385 3258 1444 in
3287 1403 3411 1465 quo

1872 1470 2078 1550 decipi
2124 1476 2487 1551 potuerunt,
2541 1478 2603 1536 et
2643 1474 2708 1535 in
2736 1475 2870 1537 foro
2901 1477 3296 1539 conscientiae
3325 1479 3413 1539 ita

1870 1563 2254 1625 servandum
2283 1564 2513 1628 docent
2539 1566 2667 1643 alii,
2703 1585 2861 1646 quos
2900 1569 3093 1632 refert
3120 1573 3182 1632 et
3210 1571 3414 1650 sequi-

1871 1660 1975 1717 tur
2020 1657 2220 1718 Diana
2250 1659 2322 1720 11.
2377 1662 2530 1720 tom.
2564 1663 2747 1722 tract.
2783 1678 2843 1722 v.
2879 1662 3122 1724 miscell.
3152 1682 3276 1726 res.
3309 1668 3413 1727 581

1871 1753 1933 1811 et
1962 1749 2218 1829 quidem
2248 1755 2513 1829 constat,
2569 1752 2724 1813 alios
2763 1753 3231 1832 jureconsultos
3260 1775 3411 1818 con-

1869 1843 2134 1904 trarium
2164 1843 2455 1921 sensisse,
2491 1864 2715 1924 nempe
2746 1847 3011 1907 Paulum
3037 1848 3099 1907 in
3130 1848 3267 1910 LSi
3286 1849 3416 1930 quis

1867 1954 2085 1998 servu-5⁵.
2121 1953 2259 1999 vm.
2311 1938 2369 2017 ς.
2402 1936 2481 1997 Si
2505 1937 2658 1998 inter
2707 1937 2871 2017 duos,
2908 1942 2972 2002 ff.
3007 1939 3078 2002 de
3108 1940 3314 2022 leqatis
3338 1959 3408 2005 11.

1871 2028 1979 2089 ubi
2008 2029 2181 2106 dicit,
2213 2029 2493 2109 legatum
2536 2031 2791 2111 quidem
2837 2033 3074 2110 deberi,
3124 2038 3188 2097 et
3214 2034 3417 2096 113113-

1873 2121 2017 2182 dom
2048 2122 2282 2201 eligere
2312 2142 2494 2203 posse
2539 2143 2725 2203 quem
2753 2126 3066 2204 maluerit,
3102 2127 3157 2187 si
3202 2131 3414 2190 tamen

1871 2215 2054 2276 ambo
2084 2216 2288 2294 parati
2316 2216 2439 2278 sint
2485 2236 2630 2277 eum
2659 2218 2738 2278 ab
2769 2219 2965 2280 altero
2997 2221 3409 2300 descendere,

1871 2309 1932 2370 in
1964 2328 2087 2388 quo
2110 2309 2579 2389 jureconsultus
2619 2311 2776 2374 dixit
2803 2312 2988 2390 hene,
3015 2314 3294 2393 legatum
3314 2315 3419 2377 de-

1869 2403 2027 2479 beri,
2063 2421 2189 2465 non
2217 2407 2428 2465 tamen
2459 2404 2704 2466 locutus
2726 2410 2818 2467 est
2846 2407 2997 2468 satis
3028 2425 3415 2488 consequen-

1872 2500 1969 2558 ter
1998 2496 2155 2556 dans
2187 2496 2554 2557 electionem
2585 2498 2859 2572 haeredi;
2912 2500 3023 2560 sed
3072 2501 3294 2561 melius
3323 2501 3418 2561 di-

1876 2591 2045 2649 ceret
2073 2587 2482 2649 dividendum
2512 2607 2669 2651 esse.
2706 2591 3000 2663 Quamvis
3031 2593 3199 2652 3111111
3219 2612 3418 2672 quan-

1875 2681 1957 2742 do
1988 2680 2281 2760 utrinque
2311 2685 2403 2743 est
2434 2683 2642 2760 opinio
2675 2702 2854 2763 aeque
2883 2684 3249 2764 probabiliS,
3275 2704 3415 2764 pos-

1877 2779 1973 2837 set
2025 2774 2227 2835 haeres
2275 2775 2505 2854 eligere
2550 2794 2739 2855 quam
2782 2777 3000 2851 vellet;
3048 2778 3299 2857 quando
3329 2782 3420 2841 ta-

1878 2886 2021 2929 men
2053 2871 2149 2930 est
2174 2886 2421 2928 merum
2451 2868 2736 2946 dubium,
2772 2871 2920 2950 quia
2949 2874 3170 2932 neuter
3196 2873 3424 2951 probat

1879 2962 1956 3022 de
1986 2980 2075 3038 se,
2109 2966 2172 3023 et
2201 2980 2326 3022 11011
2357 2962 2540 3022 aliter
2567 2966 2931 3025 testatorem
2958 2963 3242 3026 locutum
3272 2966 3419 3026 fuis-

1881 3073 1969 3132 se,
2030 3073 2155 3115 non
2211 3055 2402 3116 hahet
2447 3056 2648 3116 1133133
2695 3056 3176 3120 fundamentum
3233 3060 3421 3120 etiam

1880 3148 2227 3227 probabile,
2271 3152 2341 3210 ut
2368 3148 2475 3211 det
2519 3152 2720 3212 totum
2765 3148 3043 3230 legatum
3087 3151 3231 3214 huic
3281 3152 3417 3232 soli,

1883 3242 1992 3302 sed
2022 3241 2343 3303 debuisset
2372 3242 2677 3304 dividere.

1962 3337 2155 3395 Porro
2184 3334 2322 3395 illos
2352 3335 2507 3396 alios
2537 3335 2834 3416 deceptos
2851 3337 3038 3399 fuisse
3067 3338 3130 3398 in
3159 3338 3263 3400 illo
3294 3357 3422 3399 res-

1886 3446 2105 3507 ponso,
2141 3427 2391 3506 probari
2421 3432 2627 3506 potest
2653 3430 2880 3508 primo,
2914 3430 3064 3511 quia
3092 3432 3153 3492 in
3187 3432 3416 3494 dictal.

1886 3520 1964 3582 Si
1987 3521 2071 3580 ita
2095 3520 2302 3601 fuerit,
2336 3537 2421 3582 xl.
2456 3521 2521 3581 ff.
2554 3520 2624 3581 de
2649 3521 2817 3583 rebus
2845 3521 3033 3583 dubiis
3053 3570 3068 3601 ‚
3122 3524 3425 3605 Ulpianus

1888 3613 2154 3690 addidit,
2186 3613 2237 3674 si
2266 3613 2537 3692 legasset
2564 3614 2788 3695 aliquis
2819 3619 3072 3678 centum
3101 3617 3181 3694 ei,
3217 3618 3423 3697 quiex

1887 3707 2015 3768 suis
2042 3707 2326 3785 cognatis
2346 3706 2622 3786 primum
2636 3708 2998 3787 capitolium
3017 3710 3422 3787 ascendisset,

1889 3800 1938 3861 si
1972 3800 2098 3861 duo
2147 3799 2331 3860 simul
2380 3799 2821 3877 ascenderunt,
2873 3820 2989 3862 nec
3019 3805 3262 3863 constet
3289 3803 3428 3883 quis

1889 3893 2062 3973 prior
2106 3892 2371 3968 venerit,
2423 3893 2625 3953 neutri
2657 3893 2872 3954 deberi
2903 3898 2964 3954 et
3008 3895 3286 3973 legatum
3314 3896 3427 3955 im-

1890 3984 2111 4065 pediri.
2149 3984 2339 4065 Cujus
2385 3987 2593 4045 tamen
2643 3986 3049 4063 contrarium,
3101 3991 3163 4049 et
3202 3989 3428 4049 merito

1888 4078 2131 4139 dixerat
2175 4078 2642 4157 jureconsultus
2698 4078 3078 4159 Triphonius
3124 4080 3188 4141 in
3225 4081 3268 4143 l.
3320 4081 3436 4157 Qui

1891 4171 2053 4249 (11103,
2090 4187 2170 4232 1x.
2210 4173 2273 4232 ff.
2308 4169 2379 4232 de
2405 4169 2575 4231 rebus
2624 4170 2834 4249 dubiis,
2870 4190 3061 4252 quam
3087 4173 3292 4252 legem
3321 4176 3433 4235 mi-

1891 4284 1998 4327 ror
2024 4284 2063 4325 a
2089 4263 2323 4326 Molina
2350 4283 2474 4326 non
2496 4264 2683 4325 fuisse
2706 4265 3069 4343 adductam,
3087 4266 3238 4327 dum
3259 4267 3432 4327 illam

1892 4358 2269 4421 sententiam
2316 4357 2755 4439 impugnavit:
2789 4358 2899 4419 ubi
2945 4378 3235 4439 expresse
3278 4361 3434 4421 dici-

1893 4456 2017 4529 tur,
2074 4450 2325 4531 quando
2357 4451 2481 4513 duo
2523 4451 2708 4512 simul
2745 4452 3116 4529 moriuntur,
3164 4455 3430 4533 quemli-

1892 4546 2000 4606 bet
2026 4544 2297 4623 prImum
2327 4547 2390 4605 et
2417 4544 2709 4606 ultimum
2750 4544 2948 4622 obire,
2983 4547 3130 4625 quia
3175 4545 3435 4626 {primus

1897 4642 1990 4698 est
2016 4637 2119 4697 ille
2149 4640 2293 4698 ante
2323 4655 2512 4721 quem
2541 4655 2725 4698 nemo
2749 4640 2862 4699 est.
2915 4637 2980 4699 Si
3010 4657 3160 4717 ergo
3203 4639 3327 4700 duo
3358 4639 3434 4699 si·

1896 4731 2025 4791 mul
2055 4729 2418 4808 capitolium
2446 4730 2886 4806 ascenderunt,
2915 4730 3176 4809 quilibet
3195 4733 3436 4810 prImus

1896 4822 2199 4899 ascendit,
2234 4840 2377 4884 cum
2405 4827 2550 4884 ante
2579 4822 2783 4902 ipsum
2813 4841 2997 4883 nemo
3031 4824 3427 4897 ascenderit;

1900 4920 2087 4996 atque
2116 4915 2260 4976 ideo
2289 4914 2451 4977 inter
2477 4920 2814 4995 utrumque
2843 4916 3123 4994 legatum
3152 4916 3439 4976 dividen-

1900 5011 2051 5072 dum
2080 5008 2220 5085 erit,
2253 5012 2470 5070 contra
2500 5009 2874 5069 sententiam
2903 5008 3173 5088 Ulpiani.

1983 5102 2273 5165 Secundo
2305 5102 2551 5163 videtur
2596 5102 2749 5162 mihi
2797 5120 3021 5181 parum
3052 5119 3441 5182 consequen-

1901 5201 1999 5259 ter
2025 5195 2364 5274 Ulpianum
2411 5195 2475 5255 in
2530 5194 2754 5255 eadem
2799 5195 2841 5256 l.
2877 5194 2955 5255 Si
2978 5194 3063 5254 ita
3090 5194 3297 5275 suerit,
3349 5194 3438 5255 di-

1903 5291 2060 5351 xiste
2091 5287 2562 5368 ademptionem
2608 5288 2798 5366 legati
2833 5287 3104 5349 validam
3147 5307 3281 5349 esse
3310 5307 3443 5350 res-

1904 5386 2092 5463 pectu
2141 5382 2469 5461 utriusque
2527 5381 2928 5461 Sempronii,
2983 5382 3238 5462 quando
3298 5383 3448 5443 utri-

285 5473 357 5534 sit
387 5475 641 5536 ccclesia
670 5475 814 5537 talis
845 5474 1113 5536 nominis
1142 5474 1205 5535 in
1232 5473 1521 5550 civitate,
1574 5480 1669 5537 est
1717 5479 1805 5537 ta-
1907 5495 2030 5555 que
2060 5475 2270 5555 legata
2315 5475 2567 5536 fuerant
2605 5474 2856 5551 relicta,
2904 5477 2968 5536 et
3011 5478 3231 5554 postea
3275 5476 3452 5537 Sem-

287 5585 417 5627 men
444 5568 503 5628 in
534 5567 890 5645 territorio,
940 5568 1028 5630 illi
1066 5567 1348 5631 dandum
1376 5572 1502 5643 est;
1554 5569 1722 5649 quod
1751 5569 1802 5630 si
1915 5569 2137 5649 pronio
2193 5569 2560 5646 ademptum
2606 5568 2715 5640 sit;
2780 5567 2926 5647 quia
2973 5568 3023 5629 31
3079 5567 3453 5630 incertitudo

3557 739 3669 798 251

3497 862 3601 916 Quid
3621 869 3716 907 tunc

3473 919 3562 962 sieri
3579 918 3745 962 debeat.

3586 5138 3703 5197 252

3505 5264 3770 5319 Explicantur

3508 5319 3632 5360 variae
3654 5318 3666 5360 l

3533 5375 3764 5417 contr-nn.
