4263 6376
1080 367 1552 427 DISPUTATIO
1598 366 1870 440 xxvlll,
1919 365 2194 425 SEG'rlO
2240 365 2339 425 lll.

146 563 449 608 excessum
483 545 648 604 hunc
674 543 904 603 valoris
933 542 1280 620 inaequalis,
1333 560 1519 621 quem
1549 542 1661 602 ha-

104 704 105 713 *
145 642 240 700 bet
264 638 525 718 pecunia
553 638 615 696 in
645 635 905 696 diversis
932 635 1107 710 locis,
1140 653 1262 694 non
1283 635 1483 695 solum
1509 653 1656 714 pro-

146 733 340 792 venire
369 749 445 790 ex
477 730 686 790 valore
716 729 1050 788 intrinseco
1081 746 1269 806 quem
1299 727 1489 787 habet
1516 746 1660 805 pro-

146 834 271 903 pter
298 824 517 883 melius
544 821 888 895 metallum,
922 840 984 881 v.
1018 839 1080 898 g.
1115 820 1215 880 vel
1245 825 1501 897 propter
1530 837 1659 879 ma-

145 918 325 997 jorem
381 916 656 975 valorem
712 913 1009 992 legalem;
1068 912 1179 973 sed
1234 912 1423 973 etiam
1478 931 1659 991 posse

145 1009 456 1089 provenire
487 1026 560 1066 ex
591 1006 803 1066 valore
834 1005 1081 1065 diverso
1113 1005 1481 1080 extrinseco,
1515 1024 1575 1065 v.
1591 1024 1653 1082 g.

146 1102 277 1181 quia
306 1101 365 1160 in
394 1101 531 1160 loco
561 1099 644 1158 ad
688 1117 875 1178 quem
908 1097 1216 1176 trajicitur
1245 1097 1532 1175 pecunia,
1568 1102 1662 1157 est

144 1196 334 1253 minor
356 1193 640 1273 pecuniae
669 1190 871 1269 copia,
923 1195 1070 1252 sunt
1113 1190 1322 1269 plures
1370 1189 1472 1269 qui
1520 1208 1660 1249 eam

147 1291 430 1366 quaerant,
484 1289 630 1346 sunt
656 1284 866 1363 plures
909 1282 1271 1344 occasiones
1300 1282 1662 1361 negotiandi

146 1387 201 1440 et
225 1378 500 1439 lucrandi
556 1398 570 1438 ε
633 1376 798 1437 unde
846 1375 995 1455 quia
1034 1375 1117 1435 ad
1160 1394 1308 1435 usus
1354 1375 1661 1435 humanos

148 1470 390 1551 pecunia
417 1470 505 1530 ibi
535 1474 631 1531 est
657 1469 885 1543 utilior,
932 1468 1144 1547 plures
1173 1486 1413 1527 merces
1443 1486 1662 1527 emun-

147 1571 237 1624 tur
284 1565 366 1624 ihi
411 1562 641 1642 aequali
683 1560 973 1640 pecunia,
1032 1578 1222 1640 quam
1279 1560 1341 1620 in
1386 1560 1491 1621 illo
1540 1560 1660 1621 alio

148 1657 290 1732 loca,
345 1661 405 1717 et
450 1655 594 1716 ideo
626 1653 847 1714 merito
879 1653 1107 1713 dicitur
1153 1654 1292 1731 plus
1323 1653 1406 1712 ibi
1453 1653 1662 1712 valere

148 1748 413 1827 pecunia,
464 1766 611 1807 cum
641 1748 820 1825 plura
864 1745 1105 1824 possint
1148 1745 1371 1805 eadem
1399 1745 1665 1823 pecunia

151 1842 223 1901 ibi
250 1840 622 1919 comparari.
677 1837 1131 1916 Undecumque
1159 1856 1308 1916 ergo
1338 1837 1668 1916 proveniat

150 1936 329 2012 maJ'or
353 1934 531 1993 valor
558 1931 857 2010 pecunias,
893 1931 1022 1990 sive
1053 1929 1135 1989 ab
1164 1931 1503 1991 intrinseco
1534 1930 1664 1989 sive

150 2026 219 2086 ab
243 2026 605 2100 extrinseco,
652 2023 937 2084 doctrina
966 2022 1196 2084 tradita
1226 2022 1448 2083 eodem
1478 2021 1665 2082 modo

152 2118 533 2197 intelligenda
557 2121 674 2178 est.

219 2214 433 2272 Contra
461 2210 585 2271 hoc
606 2213 816 2270 tamen
847 2207 1144 2283 secund0,
1195 2211 1258 2268 et
1285 2206 1535 2268 difficile
1565 2225 1672 2268 ar-

102 2361 113 2371 ,
152 2305 243 2383 gui
260 2304 411 2365 solet
443 2324 457 2363 :
493 2303 645 2381 quia
674 2302 832 2362 solet
868 2321 881 2362 :
916 2300 1067 2379 quia
1093 2301 1146 2360 si
1174 2300 1340 2360 licite
1368 2300 1673 2377 accipitur

103 2460 113 2486 ‚
152 2397 371 2457 lucrum
417 2399 680 2474 propter
725 2412 1050 2455 excessum
1079 2393 1307 2453 valoris
1351 2411 1539 2472 quem
1568 2411 1671 2471 pe-

153 2490 315 2550 cunia
342 2489 533 2549 habet
559 2488 623 2546 in
652 2487 789 2547 loco
820 2485 926 2546 ubi
959 2484 1286 2545 reddenda
1314 2490 1429 2561 est,
1465 2485 1674 2564 sequi-

153 2589 259 2659 tur,
286 2583 448 2644 licite
479 2580 675 2642 etiam
703 2597 885 2658 posse
902 2577 1113 2656 -accipi
1144 2578 1387 2638 lucrum
1417 2582 1675 2656 propter

155 2677 435 2754 majorem
472 2674 755 2733 valorem
800 2671 1239 2747 extrinsecum,
1273 2688 1461 2749 quem
1491 2688 1674 2748 pecu-

155 2769 245 2827 nia
272 2767 523 2828 habehit
538 2770 821 2843 tempore
839 2781 963 2842 quo
984 2762 1308 2823 reddenda
1323 2767 1448 2836 est;
1482 2780 1675 2842 quare

153 2861 363 2939 poteris
391 2877 563 2919 nunc
590 2858 744 2918 dare
775 2858 911 2917 100.
968 2859 1213 2929 mutu0,
1267 2860 1337 2915 ut
1375 2862 1519 2933 post
1568 2873 1678 2914 sex

154 2972 375 3013 menses
402 2953 466 3012 in
509 2950 737 3011 eodem
791 2950 927 3010 loco
976 2947 1326 3008 reddantur
1371 2947 1480 3008 tibi
1537 2949 1674 3007 110.

156 3045 384 3125 quando
412 3043 683 3124 pecunia
730 3042 1040 3102 minorem
1064 3039 1342 3100 valorem
1374 3038 1674 3100 extrinse-

157 3156 280 3198 cum
309 3137 570 3198 habebit
597 3134 677 3197 ob
724 3132 1030 3214 majorem
1068 3132 1336 3213 copiam,
1372 3132 1470 3193 vel
1525 3132 1679 3192 alias

155 3250 355 3291 causas
385 3247 401 3294 :
433 3231 600 3290 sicut
627 3228 795 3287 enim
849 3245 1141 3287 excessus
1170 3226 1399 3286 valoris
1455 3224 1680 3286 extrin-

155 3325 265 3383 seci
292 3324 573 3403 pecuniae
601 3323 666 3381 in
721 3321 881 3396 1000,
942 3337 1065 3398 quo
1121 3318 1334 3378 danda
1363 3322 1477 3394 est,
1529 3317 1683 3378 facit

156 3418 373 3479 licitum
402 3415 576 3496 quod
622 3414 762 3494 plus
809 3412 1157 3493 accipiatur
1194 3431 1306 3489 pro
1352 3430 1427 3471 ea
1456 3411 1517 3470 in
1558 3412 1678 3472 alio

158 3509 298 3584 loco,
329 3528 438 3569 cur
467 3508 661 3569 etIam
705 3505 906 3584 maj0r
935 3505 1111 3565 valor
1139 3504 1421 3582 pecuniae
1452 3504 1684 3566 extrin-

158 3620 318 3662 secus
344 3609 649 3680 tempore,
676 3617 799 3678 quo
829 3597 1036 3672 datur,
1060 3611 1179 3657 non
1212 3597 1398 3657 faciet
1418 3596 1677 3672 licitum,

159 3693 309 3772 quod
337 3694 475 3772 plus
506 3692 797 3770 exigatur
822 3691 944 3751 alio
972 3694 1279 3768 tempore,
1315 3707 1438 3768 quo
1475 3689 1683 3749 minus

158 3787 349 3849 valet?

228 3879 317 3940 Ad
347 3879 466 3940 hoc
514 3881 960 3956 argumentum
987 3875 1177 3936 variae
1208 3873 1547 3936 solutiones
1579 3893 1685 3934 ex-

107 4031 119 4042 ,
159 3973 427 4051 cogitatae
462 3975 630 4031 sunt.

107 4084 118 4095 ·
227 4065 426 4125 Prima
456 4067 556 4123 est
584 4061 719 4124 Soti
747 4062 848 4122 vl.
896 4058 967 4120 de
988 4059 1191 4139 justit.
1226 4078 1288 4139 q.
1321 4075 1432 4121 ΧΗ.
1466 4063 1585 4120 art.
1617 4062 1680 4119 2.

157 4158 253 4235 qui
279 4162 465 4236 negat
485 4154 832 4234 sequelam,
882 4152 1031 4232 quia
1072 4153 1324 4231 quando
1364 4150 1688 4212 reddenda

158 4256 241 4310 est
264 4250 532 4328 pecunia
563 4248 626 4307 in
667 4247 890 4307 eodem
934 4245 1071 4305 loco
1104 4245 1348 4305 diverso
1378 4248 1682 4321 tempore,

157 4345 241 4401 est
264 4360 510 4402 merum
539 4344 850 4414 mutuum,
884 4342 946 4398 et
975 4337 1038 4395 in
1070 4340 1289 4397 mutuo
1331 4336 1569 4396 nullum
1595 4336 1687 4396 lu—

155 4453 316 4495 crum
370 4433 576 4511 accipi
621 4435 847 4510 potest,
881 4428 1133 4509 quando
1175 4447 1323 4489 vero
1366 4428 1691 4488 reddenda

158 4534 242 4587 est
266 4529 384 4589 alio
414 4529 579 4602 loeo,
613 4524 951 4586 intervenit
978 4522 1319 4597 cambium,
1354 4526 1415 4582 et
1442 4540 1689 4601 permu-

156 4621 295 4681 tatio
324 4622 512 4681 unius
533 4619 622 4679 rei
651 4636 764 4698 pro
782 4617 903 4677 alia
937 4615 1222 4694 ejusdem
1250 4615 1501 4692 valoriS,
1523 4614 1690 4693 quod

156 4711 381 4773 licitum
410 4717 527 4774 est.
593 4711 761 4771 Hanc
816 4713 1027 4770 tamen
1058 4707 1530 4785 responsionem
1559 4726 1692 4767 me-

159 4805 265 4865 rito
294 4805 671 4886 impugnant
695 4802 926 4865 Molina
954 4802 1116 4880 disp.
1148 4802 1289 4860 410.
1327 4800 1504 4860 Salas
1534 4800 1685 4861 dub.

158 4912 329 4959 xxxv.
365 4904 429 4959 et
455 4899 584 4970 alii,
621 4897 768 4977 quia
800 4895 861 4954 in
906 4899 1125 4955 mutuo
1176 4892 1363 4954 etiam
1419 4892 1695 4953 cernitur

163 4991 477 5069 aequalitas
506 4996 571 5052 et
603 4988 866 5070 justitia,
899 4987 948 5046 si
978 4986 1043 5045 id
1073 4984 1241 5064 quod
1291 4984 1574 5045 redditur
1601 4987 1697 5046 est

164 5083 410 5160 aequalis
441 5083 673 5143 valoris
715 5098 859 5141 cum
887 5098 957 5139 re
1004 5081 1284 5156 accepta,
1320 5077 1507 5137 etiam
1537 5077 1588 5137 si
1617 5077 1696 5136 sit

167 5174 481 5254 inaequalis
509 5176 573 5235 in
603 5173 950 5254 quantitate
976 5191 989 5232 :
1013 5170 1181 5230 unde
1210 5170 1259 5229 si
1283 5174 1531 5229 mutuas
1543 5167 1698 5229 mihi

167 5270 285 5327 tres
300 5268 547 5329 modios
560 5266 747 5328 tritici
763 5263 1015 5345 quando
1032 5263 1171 5341 plus
1191 5261 1372 5336 valet,
1392 5260 1699 5321 reddendi

170 5361 408 5437 quando
431 5360 641 5420 minus
663 5359 849 5434 valet,
883 5356 1118 5436 poteris
1147 5355 1227 5416 ab
1246 5355 1422 5415 initio
1439 5353 1693 5433 pacisci,

171 5451 323 5527 quod
343 5451 689 5513 reddantur
700 5456 989 5531 quatuor;
1006 5447 1154 5527 quia
1164 5447 1285 5508 hoc
1295 5447 1483 5507 modo
1496 5447 1702 5507 reddi-

174 5547 269 5602 tur
291 5544 531 5624 aequale
551 5542 1068 5618 formaliter,licet
1082 5539 1390 5619 inoequale
1407 5540 1697 5600 materia·

3177 369 3295 426 403

1756 541 1919 613 litem
1938 541 1988 601 si
2006 558 2157 619 ergo
2181 543 2317 601 100.
2340 540 2519 601 aurei
2537 540 2675 618 plus
2689 541 3300 619 nuncvalent‚quam

1757 639 1976 713 postea
2002 632 2305 695 valebunt
2333 633 2394 691 in
2427 632 2651 692 eodem
2681 632 2818 693 loco
2840 679 2854 708 ,
2887 651 3012 692 non
3044 634 3161 694 erit
3186 634 3301 693 illi-

1758 727 1950 787 citum
1979 730 2192 804 petere
2222 724 2390 804 quod
2422 729 2643 804 postea
2673 725 3019 786 reddantur
3063 730 3158 788 10.
3193 726 3302 805 qui

1758 819 1924 879 idem
1939 818 2412 893 valebanttunc,
2439 818 2607 896 quod
2630 837 2793 878 nunc
2814 822 2951 880 100.
2979 819 3295 880 valebant.

1839 912 2128 974 Secunda
2157 912 2478 989 responsio
2524 915 2619 972 est
2653 912 2899 972 Molinae
2939 912 3104 973 dicto
3135 912 3297 989 locu,

1757 1005 1863 1085 qui
1911 1009 2100 1083 negat
2147 1004 2334 1065 etiam
2381 1004 2724 1083 sequelam,
2760 1009 2823 1065 et
2850 1005 3155 1065 rationem
3186 1006 3304 1065 dis·-

1757 1098 2035 1158 ferentia}
2092 1098 2257 1158 inter
2309 1096 2517 1157 locum
2547 1101 2609 1158 et
2662 1100 2907 1175 tempus
2964 1097 3114 1158 dicit
3142 1116 3299 1173 esse,

1758 1190 1926 1269 quod
1957 1189 2226 1269 pecunia
2251 1190 2381 1250 sive
2413 1189 2547 1269 ejus
2577 1190 2905 1251 aestimatio
2924 1194 3185 1265 crescat,
3207 1191 3305 1250 vel

1759 1283 2083 1344 decrescat
2121 1283 2364 1343 ratione
2411 1282 2719 1360 penurias,
2753 1282 2850 1341 vel
2880 1282 3303 1358 abundantiae,

1760 1394 2081 1455 nunquam
2111 1380 2322 1436 tamen
2350 1374 2410 1433 in
2432 1374 2649 1434 ordine
2679 1374 2760 1433 ad
2783 1375 3074 1435 cumdem
3095 1375 3305 1436 locum

1760 1468 1952 1529 habet
2005 1468 2313 1530 rationem
2362 1467 2612 1543 mercis,
2671 1467 2782 1527 sed
2848 1468 3100 1547 quando
3174 1467 3309 1547 ejus

1760 1560 2031 1639 pretium
2081 1561 2222 1639 lege
2278 1560 2531 1619 firmum
2587 1564 2650 1620 et
2688 1560 2880 1619 fixum
2927 1565 3040 1637 est,
3086 1560 3313 1621 retinet

1762 1671 2011 1731 semper
2049 1652 2340 1713 eumdem
2388 1652 2688 1729 valorem,
2723 1652 2924 1731 qualis
2970 1653 3109 1731 lege
3139 1658 3311 1713 taxa·

1762 1750 1885 1808 tur.
1920 1748 2078 1805 Nam
2106 1745 2253 1805 licet
2282 1745 2343 1803 in
2391 1745 2610 1805 ordine
2641 1745 2721 1805 ad
2752 1746 3311 1807 commutationem

1763 1858 1876 1918 pro
1908 1839 2176 1916 pecunia
2203 1838 2264 1897 in
2283 1837 2554 1899 alioloco
2586 1837 2816 1899 habeat
2838 1857 2905 1899 se
2936 1839 3132 1899 instar
3150 1856 3312 1898 mer·

1765 1932 1874 2008 ciS‚
1907 1935 1971 1991 et
1999 1930 2230 1990 habeat
2251 1930 2737 2008 inaequalitatem
2761 1931 3013 2008 valoris,
3048 1932 3195 2012 quia
3214 1932 3315 1991 lex

1765 2043 1889 2085 non
1914 2028 2085 2084 taxat
2105 2024 2242 2101 ejus
2264 2023 2549 2083 valorem
2574 2022 2636 2082 in
2657 2023 2876 2084 ordine
2899 2023 2978 2083 ad
3001 2024 3314 2103 ejusmodi

1767 2116 2312 2190 commutationeS,
2360 2133 2475 2174 nec
2526 2114 2693 2194 juste
2743 2120 2851 2178 aut
2896 2116 3062 2177 licite
3105 2122 3317 2195 posset

1767 2209 1935 2269 idem
1966 2208 2142 2268 valor
2169 2207 2251 2268 ad
2283 2207 2400 2267 hoc
2448 2207 2636 2268 etiam
2667 2208 2887 2283 taxari,
2922 2212 2991 2269 ut
3023 2209 3318 2288 explicuit

1770 2302 1938 2362 idem
1970 2301 2186 2377 Molin,
2246 2301 2406 2377 disp.
2441 2302 2583 2361 406.
2619 2318 2794 2360 num.
2830 2304 2889 2362 3.
2925 2306 3176 2363 taxatur
3220 2306 3318 2362 ta-

1770 2414 1915 2454 men
1943 2394 2081 2471 lege
2106 2393 2283 2453 valor
2312 2393 2373 2452 in
2403 2393 2622 2454 ordine
2653 2394 2733 2453 ad
2752 2393 3044 2453 eumdem
3062 2394 3310 2468 locum;

1772 2505 1965 2567 quare
1997 2486 2076 2546 ob
2107 2485 2514 2546 advenientes
2543 2486 3046 2547 circumstantias
3076 2488 3317 2547 extrin-

1771 2598 1945 2642 secas
1974 2597 2095 2639 non
2125 2578 2406 2639 variatur
2421 2579 2704 2656 pecuniae
2734 2579 2930 2654 valor,
2967 2598 3083 2640 nec
3112 2582 3319 2658 potest

1773 2692 1850 2734 ea
1877 2672 2078 2732 solum
2107 2670 2185 2730 de
2215 2689 2405 2732 causa
2442 2671 2604 2749 pluS‚
2632 2676 2741 2731 aut
2768 2672 2974 2732 minus
3018 2673 3182 2751 exigi
3222 2673 3319 2732 di-

1772 2783 1954 2826 verso
1987 2769 2290 2842 tempore.
2343 2765 2599 2824 Fatetur
2643 2769 2858 2825 tamen
2887 2765 3057 2825 idem
3085 2765 3319 2826 Molina

1775 2859 1864 2934 id,
1896 2856 2064 2938 quod
2112 2856 2509 2917 verissimum
2568 2861 2685 2930 est,
2717 2862 2781 2919 et
2803 2858 2908 2918 alii
2959 2858 3148 2919 etiam
3170 2877 3320 2919 con-

1776 2951 2028 3026 cedunt,
2063 2969 2245 3028 posse
2284 2949 2523 3028 aliquid
2577 2949 2716 3028 plus
2765 2950 2927 3030 exigi
2962 2953 3200 3012 ratione
3231 2952 3320 3012 lu-

1778 3043 1864 3105 cri
1912 3042 2236 3117 cessantiS,
2296 3043 2394 3101 vel
2448 3041 2660 3101 damni
2714 3044 3113 3121 emergentiS,
3172 3048 3243 3105 ut
3268 3044 3322 3104 si

1778 3136 2029 3217 quando
2061 3135 2265 3196 minor
2295 3134 2582 3213 estcopia
2602 3136 2908 3214 pecunioe,
2931 3136 3115 3198 vilius
3136 3137 3323 3199 emis-

1778 3249 1877 3290 ses
1906 3248 2150 3289 merces
2206 3229 2612 3305 necessariaS,
2647 3249 2804 3308 quas
2849 3235 3088 3308 postea,
3122 3233 3319 3292 adve-

1779 3323 1988 3384 niente
2045 3322 2332 3400 pecuniae
2378 3321 2786 3395 abundantia,
2821 3324 3024 3384 carius
3053 3342 3316 3400 emere5‚

1779 3421 1889 3476 aut
1915 3415 1963 3475 si
2006 3414 2269 3476 daturus
2306 3433 2449 3475 eras
2499 3415 2831 3493 pecuniam
2879 3416 2959 3476 ad
3006 3417 3323 3477 cambium

1780 3525 1891 3586 pro
1922 3507 2042 3568 alio
2073 3507 2211 3568 loco
2244 3553 2260 3582 ,
2321 3525 2444 3586 quo
2473 3507 2650 3567 lucro
2682 3508 2924 3568 carebis
2952 3509 3016 3568 in
3057 3511 3324 3589 gratiam

1780 3600 1966 3675 illius,
1993 3599 2097 3679 qui
2121 3599 2280 3677 petit
2306 3599 2624 3660 cambium
2645 3618 2757 3678 pro
2780 3601 3002 3660 eodem
3019 3601 3176 3678 loco,
3199 3607 3319 3664 etc.

1861 3695 2009 3753 Hoec
2037 3691 2227 3752 etiam
2258 3692 2584 3770 responsio
2616 3692 2887 3753 difficilis
2917 3697 3031 3770 est,
3057 3713 3322 3774 eamque

1780 3785 2110 3863 impugnat
2139 3785 2317 3846 Salas
2347 3785 2408 3844 d.
2444 3784 2723 3846 dub.xn.
2746 3786 2894 3864 quia
2913 3786 3163 3846 difficile
3179 3805 3324 3847 con-

1783 3877 2008 3955 cipitur
2062 3877 2382 3955 quomodo
2438 3877 2694 3938 variatis
2723 3879 2937 3956 pretiis
2995 3897 3204 3938 rerum
3243 3879 3323 3940 ob

1783 3969 2064 4048 pecuniae
2107 3969 2376 4047 copiam,
2429 3987 2553 4028 non
2594 3969 2872 4031 varietur
2918 3971 3106 4032 etiam
3156 3972 3327 4032 valor

1785 4068 1847 4124 et
1874 4062 2204 4122 {estimatio
2240 4061 2524 4140 ejusdem
2555 4062 2859 4139 pecunias,
2894 4081 3033 4142 quae
3055 4063 3187 4145 jam
3218 4064 3329 4124 mi-

1787 4174 1902 4215 nus
1959 4154 2125 4215 utilis
2219 4158 2313 4215 est
2362 4154 2441 4213 ad
2489 4172 2589 4214 res
2645 4155 2798 4216 alias
2846 4159 3323 4235 comparandas·

1786 4247 2024 4310 Clarius
2045 4251 2258 4308 tamen
2317 4266 2649 4326 possumus
2684 4248 2801 4309 hoc
2828 4250 3031 4327 ipsum
3061 4251 3328 4329 probare

1786 4341 1867 4401 ad
1923 4340 2241 4400 hominem
2275 4360 2290 4401 ε
2326 4340 2473 4420 quia
2502 4340 2753 4419 quando
2808 4342 3123 4403 cambium
3150 4343 3222 4403 fit
3249 4344 3330 4404 ad

1789 4433 1978 4493 alium
2007 4433 2237 4508 locum,
2272 4432 2489 4492 haberi
2521 4437 2727 4510 potest
2754 4433 2819 4493 in
2858 4434 3031 4496 lucro
3063 4437 3221 4497 ratio
3254 4436 3329 4496 il-

1787 4525 1906 4585 lius
1949 4525 2209 4603 majoris
2236 4525 2334 4585 vel
2366 4525 2628 4586 minoris
2658 4526 2958 4604 utilitatis,
2993 4547 3184 4608 quam
3222 4548 3334 4608 pe-

1791 4617 1977 4678 cunia
2007 4617 2200 4678 habet
2226 4618 2289 4676 in
2320 4617 2394 4678 iis
2421 4618 2572 4678 locis
2624 4638 2637 4677 :
2686 4622 2748 4679 et
2789 4619 2909 4680 hoc
2940 4666 2955 4689 ,
3004 4621 3152 4683 licet
3191 4642 3334 4700 pre-

1789 4710 1948 4770 tium
2002 4710 2201 4788 legale
2253 4711 2534 4788 pecuniae
2591 4710 2758 4770 idem
2814 4712 2893 4774 sit
2946 4712 3010 4772 in
3064 4719 3331 4794 utroque

1789 4803 1928 4863 loco
1992 4822 2005 4863 :
2063 4803 2224 4863 sicut
2277 4821 2497 4863 revera
2550 4802 2719 4863 idem
2775 4808 2870 4865 est
2925 4806 3198 4883 pretium
3251 4807 3335 4866 le-

1792 4895 1933 4974 gale
1962 4895 2243 4972 pecuniae
2275 4899 2589 4973 argenteae
2626 4895 2915 4972 inludia,
2975 4902 3039 4959 et
3088 4900 3151 4958 in
3194 4899 3334 4959 His·

1793 4987 2018 5067 pania3
2080 4993 2144 5047 et
2169 4991 2382 5047 tamen
2437 4993 2696 5066 propter
2722 4990 3027 5067 majorem
3055 4991 3337 5051 valorem

1796 5080 2270 5155 exstrinsecum,
2306 5099 2495 5159 quem
2526 5081 2795 5158 pecunia
2823 5081 3093 5141 habetin
3123 5083 3339 5161 Hispa-

1796 5172 1902 5232 nia
1931 5190 2121 5251 quam
2151 5172 2441 5249 inludia,
2493 5178 2748 5251 propter
2794 5173 3107 5234 minorem
3153 5194 3344 5253 pecu-

1796 5264 1915 5324 nioe
1947 5265 2218 5342 copiam,
2251 5264 2481 5343 poterit
2501 5264 2605 5344 qui
2636 5264 2968 5341 pecuniam
2989 5265 3098 5328 dat
3124 5266 3183 5326 in
3208 5268 3342 5330 His·

1797 5356 1985 5436 pania
2030 5357 2454 5436 recipiendam
2512 5357 2575 5416 in
2632 5356 2839 5433 India,
2887 5363 3100 5436 petere
3155 5361 3342 5439 longe

1799 5450 1939 5528 plus
1995 5450 2278 5528 pecuniae
2336 5468 2526 5528 quam
2582 5449 2831 5510 dederit
2868 5470 2881 5511 :
2923 5457 2990 5512 ut
3052 5471 3342 5532 expresse

1798 5543 2085 5604 concedit
2118 5544 2364 5603 Bannes
2404 5542 2547 5603 intr.
2600 5541 2670 5602 de
2708 5541 2944 5602 cambiis
2990 5544 3140 5608 dub.
3179 5549 3336 5610 vm.
