4263 6376
1199 343 1670 405 DISPUTATIO
1712 345 1984 420 XXVIII,
2034 345 2308 407 SECTIO
2351 345 2480 407 vll.

257 523 622 598 procurator
650 518 873 578 eadem
902 517 1156 597 negotia
1184 535 1376 597 agens
1405 521 1616 597 posset
1641 537 1782 597 pro-

255 611 552 671 visionem
584 612 894 690 accipere.

116 721 158 780 εγ
332 704 584 776 Ουεπῑα
612 703 945 764 difficultas
974 707 1087 779 est,
1121 721 1292 778 casu,
1345 721 1469 782 quo
1501 723 1616 765 nec
1674 707 1780 764 Pe-

82 844 185 898 ffl‘fi
256 800 402 870 trus,
437 814 556 856 nec
584 798 860 858 Joannes
907 795 1288 856 Placentiam
1337 796 1616 866 veniunt,
1666 815 1780 856 nec

74 903 201 958 vemt&
259 890 468 949 Petrus
490 888 824 948 Placentiae
856 887 1044 948 babet
1073 886 1370 966 pecunias
1410 906 1520 947 nec
1550 888 1779 949 Titium

74 962 202 1064 m
255 985 743 1059 procuratorem,
769 978 1040 1059 qui'ejus
1071 980 1323 1040 nomine
1352 980 1431 1040 ad
1463 980 1780 1039 cambium

74 1069 202 1113 ’φη
257 1072 336 1132 ibi
365 1073 655 1150 accipiat,
691 1092 770 1132 an
816 1072 1013 1151 possit
1059 1076 1272 1151 petere
1319 1091 1359 1133 a
1412 1074 1656 1133 Joanne
1715 1076 1782 1132 ut

256 1165 483 1225 scribat
512 1165 783 1226 Antonio
813 1164 1206 1243 procuratori
1250 1163 1532 1242 ejusdem
1587 1165 1619 1224 J
1630 1181 1780 1223 oan-

256 1257 363 1332 niS,
397 1263 466 1316 ut
495 1256 646 1318 velit
674 1257 928 1318 nomine
959 1257 1125 1317 Petri
1156 1256 1438 1335 ejusdem
1482 1255 1645 1315 Petri
1675 1255 1776 1316 lit-

257 1353 782 1427 terasacceptare,
818 1353 880 1409 et
907 1348 1148 1409 solvere
1177 1348 1382 1408 eidem
1410 1349 1443 1409 J
1451 1346 1659 1423 oanni,
1680 1347 1778 1407 cui

256 1442 517 1503 Antonio
547 1441 719 1501 idem
769 1443 989 1501 Petrus
1034 1440 1251 1500 scribit
1304 1444 1366 1500 et
1421 1440 1774 1516 committit,

258 1535 414 1614 quod
443 1534 582 1612 ejus
624 1534 876 1594 nomine
909 1534 988 1593 ad
1020 1533 1337 1594 cambium
1384 1532 1467 1592 ibi
1516 1531 1782 1611 accipiat

256 1628 412 1688 mille
443 1630 663 1688 Romae
721 1626 1045 1692 solvenda.
1106 1625 1333 1705 quibus
1387 1623 1558 1702 prius
1612 1642 1780 1684 cam-

255 1721 418 1782 bium
447 1720 806 1798 extinguat:
842 1719 947 1798 qui
978 1718 1229 1778 videtur
1258 1735 1392 1776 essc
1438 1735 1621 1777 casus
1669 1734 1782 1794 po-

258 1814 556 1875 tissimum
587 1811 887 1891 quaesitus
924 1811 986 1870 in
1009 1809 1311 1890 praedicta
1342 1808 1780 1887 congregatio-

259 1924 347 1966 ne.
383 1904 844 1982 Respondetur,
881 1902 1217 1982 dupliciter
1245 1902 1364 1962 hoc
1413 1901 1778 1978 contingere

260 2016 449 2077 posse.
503 1997 737 2073 Primo,
794 1995 962 2076 quod
1043 1994 1351 2055 Antonius
1406 1995 1778 2071 procurator

261 2091 572 2168 utriusque
614 2089 847 2150 habeat
874 2087 1172 2167 pecunias
1228 2105 1372 2146 suns
1412 2084 1776 2160 formaliter,

260 2183 345 2243 vel
390 2183 622 2263 quibus
650 2200 764 2261 pro
795 2183 978 2243 Petro
1009 2180 1210 2240 solvat
1237 2177 1483 2254 Joanni,
1518 2181 1580 2239 et
1626 2195 1780 2256 quas

262 2282 320 2338 ut
347 2279 727 2355 procurator
781 2273 946 2337 Petri
977 2272 1247 2351 accipiat
1302 2290 1338 2331 a
1393 2289 1460 2330 se
1515 2269 1649 2349 ipso
1702 2270 1781 2329 ad

263 2369 564 2429 cambium
589 2370 801 2428 Romoe
822 2365 1223 2427 solvendum:
1260 2368 1322 2424 et
1362 2363 1481 2423 hoc
1535 2363 1777 2423 licitum

263 2462 505 2522 omnino
536 2460 809 2535 videtur,
843 2459 990 2538 quia
1017 2458 1178 2518 sicut
1203 2462 1414 2535 posset
1442 2460 1511 2517 ut
1552 2473 1780 2534 procu-

262 2560 416 2616 rator
433 2553 602 2614 Petri
638 2573 672 2612 a
703 2571 769 2612 se
801 2554 934 2632 ipso
965 2568 1173 2611 emere
1201 2567 1465 2625 merce8‚
1502 2566 1657 2627 quas
1693 2547 1776 2608 illi

262 2648 541 2724 mitteret,
603 2647 689 2705 ita
719 2644 945 2724 poterit
973 2662 1008 2704 a
1036 2661 1103 2704 se
1132 2642 1267 2721 ipso
1299 2642 1613 2704 cambium
1674 2659 1780 2701 ac-

264 2740 457 2817 cipere
489 2738 741 2798 nomine
769 2736 1051 2817 ejusdem
1079 2735 1267 2811 Petri,
1300 2735 1461 2796 sicut
1504 2738 1715 2812 posset
1745 2751 1781 2792 a

265 2831 532 2911 quolibet
560 2829 709 2890 alio·

107 2937 159 2995 83
334 2922 595 2996 Quando
625 2940 776 2982 vero
809 2921 938 3001 ipse
968 2919 1274 2982 Antonius
1304 2938 1427 2980 non
1459 2919 1650 2981 habet
1677 2937 1781 2997 pc-

74 3059 110 3070 „
178 3065 186 3074 .
267 3016 470 3077 eunias
497 3034 666 3091 suas,
701 3014 811 3075 sed
843 3014 1032 3074 solius
1060 3013 1338 3089 Joannis,
1374 3031 1448 3073 cu
1480 3031 1551 3073 us
1582 3012 1781 3074 famu·-

74 3065 204 3209 {war
263 3110 350 3169 lus
378 3114 440 3169 et
467 3109 668 3168 factor
686 3111 801 3182 est,
834 3125 1050 3167 rursus
1077 3033 1620 3183 d1st1nguencium
1602 3109 1775 3183 puto

74 3170 208 3265 m
266 3222 398 3263 nam
426 3202 476 3263 si
509 3202 701 3262 habet
727 3202 810 3261 ibi
842 3200 1138 3279 pecunias
1171 3198 1452 3276 JoanniS,
1488 3218 1645 3278 quas
1674 3217 1782 3258 ve-

74 3280 196 3382 ζξξ,
266 3316 326 3355 re
354 3295 543 3375 possit
580 3297 787 3370 Petro,
820 3292 918 3353 vel
948 3293 1068 3353 sibi
1099 3297 1168 3354 ut
1197 3291 1362 3353 Petri
1393 3290 1783 3371 procuratori

265 3389 622 3466 consignare
667 3386 746 3445 ad
778 3385 1127 3459 cambium,
1160 3390 1308 3445 tunc
1337 3384 1582 3444 videtur
1612 3384 1674 3444 id
1713 3383 1780 3443 li-

265 3483 374 3542 cite
400 3481 533 3540 fieri
561 3498 767 3559 posse.
803 3481 959 3539 Nam
989 3478 1150 3539 sicut
1176 3481 1384 3556 posset
1429 3477 1560 3555 ipse
1589 3478 1622 3537 J
1630 3494 1782 3537 oan-

264 3593 365 3634 nes
392 3573 471 3633 ibi
501 3590 779 3652 praesens
809 3571 959 3631 dare
978 3573 1183 3646 Petro,
1203 3570 1302 3630 vel
1325 3569 1459 3648 ejus
1488 3587 1784 3648 procura-

267 3667 374 3727 tori
405 3666 701 3745 pecunias
721 3664 804 3725 ad
834 3681 1064 3723 novum
1095 3661 1432 3737 cambium,
1465 3662 1551 3723 ita
1581 3664 1783 3741 potest

267 3759 558 3821 Antonius
601 3757 863 3820 Joannis
917 3760 1286 3837 procurator
1338 3755 1488 3815 dare
1530 3753 1782 3815 nomine

266 3854 296 3913 J
304 3851 510 3913 oannis
532 3850 785 3911 easdem
804 3850 1101 3929 pecunias
1121 3849 1198 3909 ad
1229 3847 1544 3909 cambium
1572 3846 1686 3907 sibi
1716 3849 1784 3906 ut

268 3943 640 4024 procuratori
675 3943 876 4016 Pctri;
911 3943 1080 4022 quod
1123 3941 1288 4001 enim
1334 3960 1446 4019 per
1474 3959 1540 4001 se
1578 3940 1783 4018 ipsum

269 4042 461 4116 potest
486 4036 712 4115 aliquis
739 4035 969 4111 facere,
1000 4039 1204 4113 potest
1221 4035 1409 4095 etiam
1427 4052 1540 4111 per
1559 4050 1785 4111 procu-

272 4135 531 4190 ratorem
574 4147 778 4189 suum.
841 4129 967 4188 Nec
1022 4130 1351 4206 repugnat,
1419 4124 1587 4205 quod
1616 4124 1781 4184 idem

272 4222 567 4283 Antonius
595 4221 675 4282 sit
702 4225 1075 4300 procurator
1131 4219 1488 4297 utriusque:
1521 4217 1682 4278 sicut
1735 4216 1788 4276 si

272 4313 523 4376 haberet
566 4333 808 4374 merces
863 4313 1123 4374 Joannis
1164 4311 1548 4385 vendendaS,
1609 4309 1786 4387 cujus

271 4412 625 4485 procurator
653 4412 769 4482 est,
806 4410 1018 4484 posset
1046 4423 1149 4465 eas
1180 4403 1431 4464 nomine
1461 4402 1650 4478 Petri,
1684 4420 1787 4461 cu-

265 4498 367 4577 jus
394 4500 572 4561 etiam
604 4503 973 4578 procurator
1001 4501 1115 4573 est,
1158 4514 1368 4555 emere
1416 4495 1698 4574 accipere
1729 4497 1791 4555 et

272 4592 538 4666 solvere;
574 4592 721 4672 quia
759 4595 963 4669 potest
1008 4590 1167 4650 bene
1223 4588 1433 4668 plures
1491 4605 1790 4665 personas

273 4690 733 4762 repraesentare,
771 4701 1040 4763 quarum
1069 4681 1237 4742 vices
1256 4682 1440 4760 gerit,
1474 4684 1541 4740 ut
1569 4684 1793 4758 procu-

273 4783 439 4838 rator
464 4778 539 4837 ab
568 4778 686 4838 illis
715 4776 1108 4838 constitutuS.

78 4871 135 4930 89
357 4870 422 4931 Si
447 4874 648 4933 autem
679 4868 985 4931 Antonius
1001 4886 1124 4928 non
1156 4867 1346 4928 habet
1377 4863 1674 4944 pecunias
1691 4864 1794 4925 Jo-

74 4998 130 5048 ἐξ
158 5015 189 5041 ss
279 4961 474 5037 annis,
504 4981 619 5023 nec
635 4962 910 5037 realiter,
945 4979 1058 5020 nec
1085 4960 1454 5035 virtualiter,
1490 4976 1645 5037 quas
1674 4959 1793 5017 Pe—

74 5060 215 5148 31²0*
278 5057 377 5115 tro
418 5056 776 5133 consignare
832 5053 1029 5132 possit
1064 5052 1418 5128 Placentiae,
1482 5049 1797 5110 cambium

74 5169 191 5201 mas
281 5147 611 5208 secundum
668 5146 917 5207 videtur
967 5146 1182 5207 fictum
1231 5148 1294 5206 et
1340 5145 1595 5219 siccum,
1654 5161 1799 5203 cum

74 5215 212 5362 ἓ·
285 5238 475 5298 nullas
501 5242 717 5300 Petrus
748 5238 834 5298 ibi
866 5238 1163 5317 pecunias
1184 5236 1453 5315 accipiat
1479 5234 1800 5296 cambien-

284 5330 400 5391 das
418 5350 515 5410 pro
559 5332 842 5411 pecuniis
871 5350 909 5391 a
943 5350 1010 5392 se
1051 5334 1264 5392 Romae
1294 5327 1654 5403 reddendiS,
1688 5327 1799 5387 sed

283 5424 542 5501 fingatur
573 5424 826 5485 omnino
858 5423 939 5483 ibi
973 5424 1281 5503 accipere,
1319 5421 1424 5482 ubi
1458 5419 1611 5480 nihil
1643 5419 1801 5480 acci-

285 5514 401 5595 pit,
433 5535 532 5578 nec
583 5519 857 5580 Joannes
913 5516 998 5578 ibi
1053 5515 1244 5576 habet
1301 5513 1600 5595 pecunias
1648 5530 1802 5595 quas

3294 352 3405 410 421

1882 518 2076 598 possit
2105 519 2163 578 ei
2191 520 2362 582 dare.
2400 521 2464 582 Si
2493 540 2642 583 vero
2692 524 2998 585 Antonius
3053 543 3176 586 non
3225 526 3417 590 habet

1883 610 2137 690 quidem
2165 611 2252 671 ibi
2287 614 2585 690 pecunias
2642 615 2843 676 reales
2890 618 3170 693 Joannis,
3225 618 3417 681 habet

1881 708 2092 763 tamen
2121 704 2439 780 virtualeS,
2475 709 2782 784 quatenus
2814 708 3005 770 habet
3034 711 3277 772 credita
3306 712 3415 772 Jo-

1882 795 2083 868 anniS,
2117 795 2194 854 de
2251 797 2478 875 quibus
2536 799 2787 859 nomine
2842 800 3041 879 ipsius
3078 802 3413 881 disponere

1879 889 2108 966 possit;
2145 888 2656 966 distinguendum
2710 892 2997 953 similiter
3042 894 3314 955 videtur.
3348 895 3412 957 Si

1881 979 2048 1038 enim
2078 980 2317 1040 credita
2345 981 2450 1040 illa
2478 981 2600 1042 sint
2631 982 2862 1043 ibidem
2895 984 3231 1062 exigibilia,
3267 988 3415 1065 quia

1878 1071 2100 1132 Joanni
2150 1071 2458 1134 debentur
2497 1075 2780 1152 pecuniae
2843 1076 2921 1135 ab
2970 1077 3107 1138 aliis
3177 1079 3413 1139 ibidem

1881 1163 2218 1240 solvendae,
2254 1164 2389 1226 haec
2419 1167 2636 1243 procul
2673 1166 2863 1228 dubio
2895 1169 3189 1231 videntur
3218 1189 3412 1249 pecu-

1878 1256 1996 1317 niae
2029 1257 2377 1317 virtualiter
2431 1258 2514 1317 ibi
2547 1259 2920 1324 existentes:
2976 1281 3167 1341 quare
3224 1265 3410 1325 Petro

1879 1348 2111 1427 petenti
2148 1350 2480 1412 Placentiae
2511 1352 2679 1411 mille
2711 1353 2791 1412 ad
2847 1354 3162 1415 cambium
3193 1359 3407 1416 Romae

1877 1442 2266 1516 solvendum,
2302 1443 2822 1520 poteritJoannes
2852 1446 3062 1507 dicere
3090 1449 3255 1526 :Ego
3289 1466 3413 1508 non

1877 1533 2079 1594 habeo
2111 1534 2364 1613 quidem
2403 1534 2505 1594 hic
2559 1537 2856 1615 pecunias
2888 1558 2902 1610 ;
2939 1538 3139 1598 habeo
3199 1544 3414 1600 tamen

1880 1626 2116 1687 credita
2144 1627 2221 1686 ab
2253 1627 2388 1686 aliis
2418 1628 2570 1687 mihi
2611 1628 2711 1687 hic
2738 1630 3073 1690 solvenda:
3109 1632 3159 1691 si
3189 1631 3283 1691 vis
3313 1633 3413 1692 lo-

1881 1736 1952 1779 co
2011 1718 2291 1796 pecuniae
2323 1720 2694 1780 transferam
2724 1721 2784 1779 in
2816 1726 2875 1782 te
2932 1740 3128 1781 unum
3186 1743 3263 1783 ex
3311 1723 3410 1783 his

1880 1810 2155 1885 creditiS,
2187 1830 2309 1889 quo
2340 1812 2537 1889 possis
2583 1812 2674 1873 uti
2730 1813 2890 1874 sicut
2945 1815 3214 1892 pecunia
3270 1833 3413 1896 pro-

1880 1902 2036 1981 pria,
2058 1907 2119 1963 ct
2148 1902 2265 1964 hoc
2294 1903 2496 1982 ipsum
2527 1905 2755 1981 poterit
2774 1905 2977 1966 facere
3000 1908 3310 1968 Antonius
3339 1913 3411 1969 ut

1879 1999 2250 2073 procurator
2277 1995 2623 2075 utriusque,
2674 1999 3108 2059 transferendo
3150 2000 3413 2062 Joannis

1880 2089 2130 2148 nomine
2163 2088 2415 2167 aliquod
2446 2108 2521 2148 ex
2578 2088 2697 2149 illis
2737 2090 2990 2151 creditis
3032 2091 3095 2151 in
3125 2094 3405 2169 Petrum,

1881 2184 1944 2242 et
1972 2180 2356 2258 acceptando
2389 2181 2539 2240 illud
2582 2182 2834 2242 nominc
2870 2184 3055 2260 Petri,
3090 2187 3153 2245 et
3192 2190 3414 2265 postea

1878 2273 2263 2334 restituendo
2295 2274 2460 2333 idem
2490 2274 2799 2335 creditum
2827 2277 2860 2337 J
2869 2277 3056 2337 oanni
3086 2277 3165 2338 ad
3212 2279 3413 2340 extin-

1880 2366 2199 2446 guendum
2243 2367 2512 2444 primum
2544 2368 2857 2428 cambium
2889 2372 3102 2431 Romae
3160 2371 3406 2446 initum,

1877 2465 2317 2537 perseverante
2344 2460 2618 2519 secundo
2650 2461 2894 2522 cambio
2929 2462 3261 2524 Placentia}
3292 2464 3411 2523 iui-

1879 2557 1943 2614 to
1967 2572 2076 2630 per
2128 2552 2462 2630 pecuniam
2518 2552 2870 2630 virtualem,
2923 2572 3111 2633 quam
3188 2558 3411 2617 Petrus

1880 2645 1964 2705 ibi
1988 2665 2025 2704 a
2054 2646 2297 2705 Joanne
2329 2644 2579 2722 accipit.

1962 2737 2027 2798 Si
2055 2755 2202 2796 vero
2231 2738 2507 2797 ,loannes
2538 2755 2660 2796 non
2688 2737 2878 2799 habet
2910 2739 3243 2800 Placentiae
3274 2759 3411 2800 cre-

1881 2830 2011 2890 dita
2039 2829 2247 2908 aliqua
2274 2829 2359 2889 ibi
2390 2828 2728 2906 exigibilia,
2765 2830 2874 2889 sed
2932 2830 2994 2890 in
3051 2831 3188 2891 aliis
3228 2832 3403 2909 lociS,

3554 2765 3634 2825 90

3510 2890 3629 2943 Quid,
3662 2890 3697 2932 ti

1879 2920 2081 3000 major
2109 2925 2319 3000 posset
2358 2939 2494 2980 esse
2525 2921 2895 2994 difficultas;
2944 2923 3089 3001 quia
3134 2925 3409 2985 Joannes
3475 2945 3627 2986 emuna
3648 2945 3737 2986 haec

1880 3032 1994 3092 per
2020 3031 2085 3072 se
2114 3012 2211 3072 vel
2233 3030 2344 3091 per
2363 3031 2545 3072 suum
2567 3020 3038 3090 procuratorem
3068 3017 3409 3076 Antonium

1877 3104 2308 3167 transferendo
2341 3123 2532 3164 unum
2565 3124 2640 3165 ex
2695 3105 2812 3165 illis
2860 3107 3112 3168 creditis
3168 3108 3232 3168 in
3290 3112 3404 3170 Pe-

1879 3202 2069 3274 trum,
2118 3216 2244 3257 non
2301 3198 2547 3258 videtur
2600 3199 2654 3257 ei
2704 3198 2854 3258 dare
2896 3200 3052 3260 ullas
3100 3203 3399 3279 pecunias

1879 3291 2080 3351 reales
2109 3289 2208 3350 vel
2238 3290 2532 3351 virtuales
2550 3291 2900 3367 Placentiae,
2919 3293 3068 3371 quia
3097 3295 3408 3355 creditum

1877 3383 2045 3465 quod
2072 3402 2194 3443 non
2235 3387 2329 3443 est
2366 3382 2653 3460 cxigibile
2683 3384 3037 3460 Placentiae,
3075 3405 3198 3447 non
3239 3387 3409 3447 vide-

1878 3482 1982 3539 tur
1997 3495 2128 3536 esse
2143 3475 2405 3554 pecunia
2418 3476 2696 3537 virtualis
2715 3477 3267 3559 Placentiae,quare
3289 3499 3414 3541 non

1883 3568 2531 3629 videturintercedcre
2553 3570 2901 3630 secundum
2930 3572 3247 3632 cambium
3279 3591 3412 3633 rea-

1880 3662 1960 3739 le,
1994 3662 2102 3722 sed
2134 3662 2369 3723 fictum.
2405 3661 2642 3722 Deinde
2674 3681 2877 3742 neque
2910 3665 3099 3725 etiam
3143 3666 3411 3743 primum

1880 3754 2130 3816 videtur
2155 3752 2344 3813 fuisse
2400 3755 2717 3815 cambium
2762 3756 2952 3833 reale,
3015 3775 3159 3817 cum
3192 3760 3414 3819 Petrus

1881 3848 2086 3927 reipsa
2118 3863 2241 3906 non
2260 3845 2899 3909 habueritPlacentiae
2916 3849 3238 3928 pecuniae,
3276 3850 3415 3928 qui-

1881 3940 1998 4001 bus
2029 3938 2308 4017 pecuniis
2338 3941 2550 3999 Roma}
2581 3941 2854 4019 acceptis
2885 3942 3173 4017 solveret,
3212 3961 3410 4021 quare

1885 4032 2167 4110 arguitur
2208 4031 2355 4091 ficta
2411 4031 2787 4109 permutatio
2843 4033 3009 4093 facta
3057 4036 3270 4095 Romae
3300 4054 3411 4114 pro

1882 4124 2150 4205 pecunia
2178 4141 2366 4202 quam
2402 4126 2617 4184 Petrus
2647 4143 2763 4184 nec
2791 4125 3065 4201 realiter,
3117 4146 3233 4188 nec
3291 4127 3417 4188 vir-

1884 4216 2136 4279 tualiter
2156 4215 2487 4275 Placentia}
2504 4215 2828 4277 habiturus
2848 4221 3002 4279 erat.

1965 4308 2188 4371 Adhuc
2201 4312 2412 4368 tamen
2444 4327 2567 4368 non
2597 4308 2848 4369 videtur
2877 4310 3156 4373 absolute
3185 4312 3418 4391 impos-

1886 4402 2064 4464 sibile
2091 4400 2244 4461 illud
2275 4400 2613 4477 cambium,
2635 4400 2783 4480 quia
2812 4401 2959 4463 licet
2986 4405 3019 4464 J
3027 4421 3261 4465 oannes
3294 4424 3415 4465 non

1889 4495 2120 4555 habeat
2160 4494 2400 4555 credita
2447 4494 2756 4573 exigenda
2817 4496 3165 4575 Placentiae,
3228 4498 3420 4559 habet

1889 4591 2100 4649 tamen
2129 4586 2368 4647 credita
2398 4586 2547 4647 alibi
2602 4587 2932 4664 exigenda,
2967 4607 3026 4649 v.
3060 4608 3132 4668 g.
3162 4590 3419 4651 Floren-

1889 4680 1993 4741 tiae
2023 4679 2383 4756 Medionali,
2437 4683 2556 4740 etc.
2591 4697 2787 4757 quare
2817 4681 3043 4758 poterit
3094 4682 3423 4744 Placentia}

1891 4771 2233 4834 transferre
2267 4772 2419 4850 ipse,
2455 4772 2552 4830 vel
2582 4771 2889 4832 Antonius
2931 4774 3066 4851 ejus
3123 4793 3422 4852 procura-

1893 4863 2074 4926 torin
2106 4867 2360 4925 Petrum
2392 4863 2644 4943 aliquod
2669 4863 2976 4925 creditum
2999 4866 3381 4944 exigendum
3407 4889 3422 4941 ;

1896 4976 1957 5019 v,
1990 4975 2052 5035 g.
2088 4957 2441 5033 Florentiae,
2484 4956 2651 5035 quod
2682 4957 2991 5019 creditum
3020 4958 3168 5020 licet
3196 4978 3321 5020 non
3351 4962 3431 5023 sit

1899 5049 2230 5110 Placentiae
2261 5050 2677 5127 exigendum;
2713 5053 2918 5127 potest
2934 5054 3146 5110 tamen
3167 5051 3250 5111 ibi
3282 5073 3428 5113 ven-

1899 5142 1961 5201 di
1992 5160 2104 5221 pro
2134 5141 2303 5202 mille
2326 5148 2387 5203 et
2416 5141 2569 5203 tanti
2603 5140 2919 5217 aestimari,
2947 5145 3009 5203 ct
3038 5143 3178 5204 ideo
3214 5147 3431 5207 Petrus

1900 5233 2266 5313 accipiendo
2315 5233 2467 5294 illud
2497 5234 2828 5309 credItum,
2863 5234 3217 5297 censebitur
3274 5239 3433 5299 acci·

1900 5346 2048 5409 pere
2084 5327 2173 5388 ibi
2204 5346 2241 5387 a
2268 5329 2511 5388 Joanne
2543 5327 2710 5386 mille
2760 5325 2841 5387 ad
2870 5328 3217 5390 secundum
3264 5349 3435 5391 cam-

1899 5419 2074 5481 bium
2106 5422 2319 5481 Romae
2349 5420 2753 5495 solvendum,
2790 5424 2852 5481 ct
2893 5420 3214 5483 reddendo
3243 5424 3436 5485 Joan-

1906 5512 1972 5573 ni
2001 5512 2089 5575 ibi
2118 5513 2287 5575 idem
2317 5512 2648 5589 creditum,
2707 5516 2998 5575 censetur
3055 5515 3436 5580 sufficienter

3477 3010 3557 3040 non
3578 2997 3657 3038 sint
3676 2997 3735 3039 ibi

3499 3050 3724 3102 exiaeibilia,

3509 3104 3581 3147 scd
3599 3103 3714 3147 alibi.

3563 4329 3630 4389 91
