4263 6376
1180 403 1651 464 DISPUTATIO
1696 403 1884 479 XXX,
1934 402 2207 464 SEGTIO
2248 405 2296 465 Ι.

184 580 279 654 rei,
327 596 479 658 quos
522 577 636 639 tibi
684 578 980 639 deberem
1011 579 1194 652 dare,
1245 579 1369 641 sint
1397 578 1682 657 capitale,

180 672 329 752 quod
357 672 716 733 contribuas
745 676 815 731 ut
842 671 1046 732 socius
1078 672 1140 731 in
1172 672 1291 732 hac
1320 672 1687 750 negotiatio·

179 758 246 825 ne
269 811 284 840 ,
326 763 411 824 ita
437 768 505 824 ut
532 782 647 842 ego
677 763 1073 824 contribuam
1103 764 1311 825 dando
1342 782 1554 824 meum
1584 764 1687 825 tri-

177 858 348 918 ticum
374 902 390 932 ,
446 855 621 936 cujus
679 855 1089 916 aestimatione
1137 856 1237 917 hic
1285 857 1539 934 Neapoli
1598 861 1691 917 est

177 952 335 1011 2800.
368 966 700 1010 aureorum
725 995 741 1024 ,
773 953 839 1010 tu
867 968 1015 1010 vero
1046 949 1286 1010 tribuas
1315 949 1688 1029 quadringe-

177 1062 277 1102 nos
303 1042 521 1121 quibus
548 1042 892 1102 {estimatur
917 1061 1109 1120 opera
1127 1047 1256 1114 tua;
1274 1061 1398 1121 quo
1419 1061 1565 1102 casu
1593 1043 1691 1102 lu-

178 1154 334 1195 crum
361 1134 613 1194 deberet
642 1134 835 1194 dividi
868 1135 930 1194 in
975 1138 1114 1195 octo
1148 1139 1358 1214 partes
1387 1181 1402 1201 ,
1454 1139 1516 1195 et
1560 1152 1686 1194 una

177 1247 240 1287 ex
279 1227 392 1286 illis
438 1226 775 1287 deberetur
803 1227 1098 1289 nauclero
1143 1228 1308 1288 ultra
1354 1245 1501 1287 suos
1532 1246 1686 1306 qua·

177 1319 295 1379 drin
302 1337 487 1398 genos
504 1337 729 1397 nempe
746 1319 1257 1398 quadringenijex
1274 1319 1541 1398 capitali,
1553 1319 1682 1399 qui—

175 1412 278 1471 bus
304 1412 645 1489 appretiata
674 1411 879 1472 fuerat
906 1430 1096 1490 opera
1117 1458 1132 1489 ,
1181 1416 1243 1472 et
1271 1411 1683 1491 quadringeni

174 1523 238 1563 ex
263 1504 447 1564 lucro.
484 1506 560 1564 Et
588 1507 804 1565 tamen
833 1504 885 1563 si
917 1509 1278 1566 eontractus
1307 1505 1506 1565 factus
1536 1504 1684 1564 fuis-

176 1602 255 1656 set
296 1615 402 1674 per
443 1596 705 1655 modum
733 1596 1098 1672 locationiS,
1159 1597 1478 1674 assignata
1507 1600 1682 1673 parte

175 1689 425 1768 aliquota
450 1689 603 1748 lucri
626 1735 642 1765 ,
704 1689 968 1749 fuissent
1022 1689 1136 1750 soli
1196 1690 1494 1767 quingeni
1531 1692 1593 1748 et
1619 1688 1683 1747 in

176 1788 414 1861 utroque
442 1799 593 1841 casu
625 1785 985 1842 contractus
1013 1785 1178 1843 esset
1214 1780 1441 1860 justus.
1503 1781 1681 1841 Ratio

174 1879 360 1935 autem
389 1878 501 1949 est,
536 1874 686 1953 quia
712 1874 953 1934 locator
980 1893 1104 1934 non
1153 1877 1401 1935 tenetur
1429 1874 1684 1933 naucle-

174 1988 234 2028 ro
258 1968 397 2027 dare
425 1967 821 2028 occasionem
851 1967 1109 2046 majoris
1137 1967 1313 2039 lucri,
1352 1966 1685 2027 admitten-

175 2060 241 2119 do
265 2079 396 2120 eum
427 2061 507 2119 ad
535 2061 923 2137 societatem,
958 2061 1019 2119 in
1043 2079 1168 2140 qua
1188 2061 1409 2119 eadem
1438 2077 1683 2119 summa

174 2159 227 2212 et
248 2154 413 2213 valor
436 2171 644 2231 operae
673 2153 813 2230 plus
843 2154 1071 2214 lucrari
1100 2156 1343 2231 posset,
1397 2171 1588 2233 quam
1619 2153 1682 2212 in

172 2250 465 2305 contractu
494 2245 821 2306 locationis
864 2246 1161 2323 simplicis
1186 2291 1201 2320 ,
1257 2245 1369 2305 sed
1417 2246 1536 2305 sibi
1567 2246 1681 2306 soli

174 2339 287 2398 vult
311 2356 630 2397 reservare
679 2339 1072 2399 occasionem
1110 2338 1282 2397 illam
1311 2337 1566 2418 majoris
1594 2340 1682 2398 lu-

174 2432 277 2500 cri;
307 2436 363 2491 et
391 2429 509 2490 hoc
537 2431 747 2491 facere
780 2432 980 2491 solent
1007 2436 1412 2507 mercatoreS,
1434 2432 1683 2511 quisuis

173 2524 486 2583 factoribus
515 2523 768 2583 solvunt
794 2523 1174 2600 stipendium
1195 2541 1402 2601 operae
1419 2523 1677 2603 justum,

174 2633 271 2674 nec
297 2615 509 2675 volunt
537 2633 679 2675 cum
711 2616 788 2675 iis
816 2616 973 2675 inire
1003 2620 1391 2677 contractum
1420 2617 1684 2677 societa-

175 2708 240 2767 tis
264 2707 338 2767 ad
364 2708 630 2767 lucrum.
692 2707 870 2769 Circa
916 2709 1215 2786 praedicta
1242 2710 1435 2770 verba
1465 2710 1684 2769 defini-

180 2800 346 2859 tionis
371 2800 630 2860 adverte

247 2893 439 2952 Primo
464 2938 479 2967 ,
544 2892 629 2953 ita
661 2892 1081 2953 necessarium
1113 2911 1248 2954 esse
1280 2895 1683 2956 contributio-

177 3003 301 3042 nem
329 3004 399 3043 ex
428 2989 608 3063 parte
638 2984 969 3064 cujuslibet
997 2985 1149 3045 socii
1174 3031 1188 3059 ‚
1222 2989 1291 3046 ut
1318 2989 1527 3047 tamen
1558 3006 1683 3047 non

111 3094 121 3121 ε
174 3077 267 3137 fiat
294 3096 399 3155 per
426 3078 690 3138 modum
719 3078 955 3155 mutui,
1013 3082 1161 3139 tunc
1194 3079 1357 3138 enim
1392 3098 1512 3141 non
1545 3100 1684 3159 pos-

174 3174 255 3230 set
278 3170 403 3230 sine
434 3188 628 3231 usura
655 3170 854 3249 accipi
881 3170 1125 3232 lucrum
1150 3218 1165 3247 ,
1216 3171 1326 3232 sed
1355 3173 1681 3235 retinendo

171 3263 333 3324 simul
360 3264 709 3324 dominium
726 3265 920 3342 partis
950 3265 1342 3341 contributae,
1360 3268 1680 3327 utlucrum

172 3362 573 3435 consequatur
602 3376 678 3416 ex
707 3358 1129 3436 negotiatione
1161 3363 1272 3420 suo
1305 3359 1587 3436 nomine,
1620 3364 1682 3421 et

171 3448 237 3507 de
265 3449 383 3509 suis
409 3450 596 3510 bonis
625 3449 810 3510 facta.

233 3542 492 3602 Adverte
521 3542 822 3619 secundo,
848 3542 1187 3623 aliquando
1201 3546 1680 3607 conventionem

171 3634 238 3694 ad
262 3637 494 3696 lucrum
536 3654 868 3696 commune
912 3637 1001 3697 ita
1056 3638 1191 3697 fieri
1215 3684 1230 3714 ,
1293 3641 1360 3699 ut
1414 3640 1678 3718 capitale

170 3729 335 3787 etiam
363 3747 698 3790 commune
727 3729 839 3790 fiat
867 3730 1158 3790 omnibus
1186 3732 1371 3791 sociis
1399 3751 1511 3810 pro
1542 3738 1681 3794 rata

171 3821 619 3883 contributionis
654 3839 667 3879 ε
721 3826 783 3883 et
808 3826 957 3882 tunc
988 3824 1215 3900 singuli
1244 3829 1387 3884 sunt
1415 3824 1673 3903 domini,

170 3919 221 3974 et
247 3916 557 3992 possident
587 3915 853 3993 capitale
878 3962 893 3992 ,
954 3916 1174 3977 saltem
1205 3917 1506 3994 civiliter,
1568 3939 1681 3997 per

170 4009 382 4068 socium
411 4009 514 4087 qui
548 4027 767 4068 eorum
791 4008 1040 4069 nomine
1083 4009 1358 4087 possidet
1389 4014 1449 4071 et
1479 4011 1679 4071 admi-

170 4101 384 4162 nistrat.
435 4100 791 4180 Aliquando
824 4119 970 4161 vero
1010 4102 1214 4162 socius
1242 4103 1468 4162 retinet
1511 4105 1678 4164 solus

169 4192 282 4268 ipse
305 4193 651 4253 dominium
697 4192 978 4270 pecuniae
1008 4194 1106 4253 vel
1150 4193 1511 4254 animalium
1537 4241 1552 4271 ,
1610 4217 1670 4257 v.

168 4304 220 4360 g.
250 4289 305 4346 et
333 4287 485 4345 alius
516 4285 779 4346 adhibet
809 4286 1185 4346 industriam
1216 4290 1277 4346 et
1304 4305 1582 4364 operam,
1616 4292 1678 4348 et

171 4378 283 4438 haec
309 4380 460 4440 solet
489 4378 793 4458 appellari
839 4379 1104 4439 societas
1159 4378 1239 4438 ad
1283 4379 1478 4439 solam
1510 4399 1676 4441 com-

169 4471 501 4532 munionem
532 4471 595 4530 in
627 4471 1021 4546 interusorio,
1056 4470 1175 4532 hoc
1196 4475 1307 4546 est,
1343 4472 1406 4530 in
1433 4475 1676 4534 usufru—

166 4570 271 4640 ctu,
302 4584 406 4624 seu
432 4566 608 4625 lucro
652 4582 727 4622 ex
756 4563 1008 4641 capitali
1039 4565 1488 4642 proveniente3
1551 4585 1675 4627 non

168 4661 247 4715 est
272 4675 412 4717 vero
441 4655 801 4717 communio
832 4655 893 4714 in
928 4657 1059 4733 ipso
1093 4657 1342 4734 capitali
1369 4704 1384 4733 ,
1419 4658 1527 4718 sed
1558 4658 1677 4719 hoc

168 4747 319 4808 finita
347 4750 648 4810 societate
678 4746 868 4808 debet
901 4748 1208 4825 imprimis
1265 4750 1511 4810 extrahi
1538 4797 1553 4826 ,
1616 4754 1679 4811 et

166 4840 318 4900 reddi
348 4842 601 4903 cuilibet
629 4859 744 4901 sua
786 4859 931 4919 pars
980 4840 1160 4919 cujus
1207 4843 1551 4903 dominium
1583 4862 1676 4902 re-

166 4931 328 4994 tinuit
357 4949 372 4996 :
400 4934 648 4994 lucrum
680 4937 914 5009 autem,
949 4952 1059 4994 seu
1087 4934 1326 4995 fructus
1353 4935 1416 4994 in
1449 4937 1676 5015 quibus

167 5033 248 5084 est
270 5027 621 5086 communio
651 5026 1069 5105 acquiruntur
1086 5026 1374 5087 omnibus
1405 5029 1511 5107 qui
1543 5047 1679 5089 om-

167 5135 262 5177 nes
288 5120 602 5197 possident
619 5119 883 5179 civiliter
895 5139 1005 5197 per
1032 5120 1270 5180 socium
1293 5120 1458 5198 apud
1489 5141 1677 5200 quem

166 5216 311 5287 sunt,
342 5216 403 5273 et
430 5213 538 5293 qui
572 5212 853 5274 omnium
883 5213 1134 5272 nomine
1164 5214 1554 5292 negotiatur,
1600 5216 1678 5275 de

169 5320 274 5380 quo
300 5306 527 5366 Molina
557 5306 662 5366 ubi
694 5325 883 5384 supra
915 5324 1087 5367 num.
1120 5309 1177 5366 6.
1215 5312 1275 5367 et
1303 5312 1361 5367 7.
1410 5306 1681 5367 Additur

168 5395 412 5476 denique
441 5399 503 5458 in
537 5398 936 5475 definitione,
986 5399 1511 5459 contributionem
1541 5400 1680 5460 fieri

169 5487 375 5550 debere
402 5490 481 5551 ad
505 5509 805 5552 commune
831 5490 1059 5551 lucrum
1084 5537 1099 5567 ,
1157 5491 1251 5551 vel
1276 5508 1474 5563 usum3
1535 5491 1681 5571 quia

170 5585 352 5657 potest
376 5583 508 5645 fieri
542 5584 809 5646 societas
840 5583 918 5644 ad
952 5584 1153 5645 solum
1184 5602 1366 5645 usum
1396 5601 1679 5645 commu-

3204 403 3321 463 469

1788 597 1954 654 nem,
1987 583 2058 640 ut
2085 580 2337 659 quando
2369 580 2578 659 plures
2600 580 3023 657 contribuunt,
3058 584 3127 641 ut
3155 598 3227 639 ex
3256 579 3324 639 il-

1786 671 1848 731 la
1874 690 2081 733 massa
2121 672 2277 733 fiant
2321 692 2607 752 expensae
2639 692 3002 733 communes
3049 692 3160 751 pro
3192 691 3327 733 om-

1788 764 1991 841 nibus,
2025 764 2077 824 si
2093 765 2493 826 contribuant
2505 766 2692 826 etiam
2709 765 2936 843 singuli
2949 765 3140 826 libros
3153 782 3320 839 suoS‚

1786 858 1884 918 vel
1914 858 2399 935 supellectilem,
2435 863 2502 919 ut
2531 859 2810 919 omnium
2839 858 2976 918 usui
3009 857 3324 917 deservire

1786 950 2046 1028 possint.

1869 1043 2186 1121 Multiplex
2218 1047 2311 1105 est
2339 1044 2605 1104 societas
2625 1065 2639 1117 ;
2660 1043 2868 1123 aliqua
2886 1043 3052 1103 enim
3068 1046 3162 1102 est
3189 1059 3324 1102 om·
3509 1047 3546 1105 5

1786 1136 1960 1195 nium
1988 1136 2320 1212 bonorum,
2355 1141 2417 1196 et
2446 1136 2565 1197 nisi
2595 1136 2764 1197 aliud
2792 1136 3172 1215 explicetur,
3231 1134 3321 1193 in·
3374 1171 3434 1213 D„
3471 1170 3668 1214 societate

1785 1228 2088 1307 telligitur
2114 1229 2522 1306 praesentium
2552 1233 2614 1290 et
2641 1230 3014 1304 futurorum,
3049 1245 3188 1306 quae
3207 1226 3322 1286 du·
3405 1224 3623 1321 133ξὲ

1784 1323 1964 1381 rante
1992 1321 2313 1393 societate,
2348 1321 2756 1400 acquirentur
2783 1320 2970 1381 etiam
2999 1320 3103 1380 via
3132 1319 3321 1379 dona-

1784 1413 1969 1474 tionis
1997 1416 2060 1473 et
2080 1413 2468 1473 haereditatis
2505 1416 2614 1473 aut
2642 1414 2871 1491 legati,
2913 1416 3100 1491 atque
3134 1410 3322 1471 etiam

1786 1505 1836 1563 si
1865 1505 2174 1581 pertineat
2201 1503 2281 1565 ad
2311 1504 2624 1582 peculium
2654 1507 2970 1564 castrense
2995 1550 3010 1579 ‚
3044 1502 3143 1562 vel
3173 1519 3321 1581 qua-

1784 1596 1835 1656 si
1867 1600 2218 1668 castrense;
2254 1615 2394 1675 quae
2425 1597 2639 1656 omnia
2670 1596 2970 1657 dissoluta
3001 1595 3318 1669 societate,

1784 1688 2121 1748 dividenda
2152 1693 2296 1749 sunt
2326 1689 2491 1749 inter
2518 1689 2719 1749 socios
2736 1707 2847 1767 per
2875 1692 3084 1766 partes
3114 1704 3319 1766 aequa-

1781 1781 1893 1857 leS,
1928 1781 2043 1841 nisi
2074 1800 2436 1859 expressum
2468 1782 2654 1841 fuerit
2674 1780 2910 1860 aliquid
2939 1781 3017 1840 de
3046 1781 3320 1858 inaequa-

1781 1875 1955 1935 litate
1986 1874 2361 1952 portionum.
2413 1877 2539 1934 Nec
2568 1875 2686 1934 erit
2732 1878 3087 1936 contractus
3142 1873 3321 1933 dam-

1784 1967 2029 2027 nandus
2052 2013 2068 2042 ‚
2128 1985 2201 2027 eo
2259 1967 2426 2045 quod
2483 1967 2816 2045 ina-‚qualia
2852 1966 3127 2026 habeant
3153 1966 3319 2027 bona

1781 2063 2064 2137 tempore
2095 2059 2411 2120 societatis
2458 2064 2829 2134 contractae3
2885 2059 3031 2138 quia
3077 2059 3319 2119 contin-

1782 2170 1931 2229 gere
1989 2152 2191 2229 potuit
2245 2150 2618 2212 industriam
2675 2152 2857 2212 unius
2913 2169 3318 2229 compensare

1783 2263 2104 2305 excessum
2135 2245 2445 2306 bonorum
2474 2245 2753 2320 alterius,
2789 2247 2851 2305 et
2881 2244 3027 2322 quia
3054 2243 3223 2319 fieri,
3258 2247 3320 2305 et

1782 2337 2017 2415 sperari
2050 2341 2295 2415 poterat
2325 2338 2491 2416 quod
2523 2338 2630 2416 qui
2673 2356 2839 2397 nunc
2878 2337 3177 2416 pauciora
3206 2337 3320 2397 ho-

1783 2449 1863 2490 na
1894 2430 2168 2490 habehat
2196 2476 2211 2506 ,
2273 2431 2540 2490 decursu
2569 2431 2870 2509 temporis
2899 2431 3080 2508 plura
3110 2429 3318 2508 acqui-

1782 2527 1978 2597 reret,
2037 2523 2138 2581 vel
2169 2522 2356 2581 aliam
2388 2522 2466 2582 ob
2499 2540 2752 2583 causam
2775 2569 2790 2598 ,
2851 2522 2928 2582 de
2959 2522 3078 2581 hac
3105 2525 3319 2582 autem

1783 2614 2077 2674 societate
2104 2614 2443 2674 universali
2474 2615 2679 2693 agitur
2721 2615 2783 2674 in
2830 2615 2871 2675 l.
2909 2632 3002 2675 111.
3053 2615 3110 2693 ἓ.
3167 2612 3318 2675 Cum

1781 2707 2125 2788 specialiter,
2161 2706 2202 2767 1.
2238 2724 2296 2767 v.
2331 2707 2372 2767 l.
2409 2706 2486 2767 Si
2511 2707 2752 2786 fratre-3,
2785 2710 2841 2788 ἓ.
2872 2706 3032 2768 Idem
3060 2707 3320 2788 Pompo-

1782 2799 1930 2875 nius,
1964 2800 2005 2859 l.
2041 2798 2387 2859 Societatem
2416 2800 2812 2860 universorum
2839 2847 2853 2877 ‚
2903 2802 2965 2861 ff.
2991 2819 3104 2881 pro
3136 2801 3311 2877 socio,

1784 2896 1845 2953 et
1871 2892 2072 2953 Instit.
2107 2890 2179 2952 de
2204 2892 2398 2952 societ.
2433 2892 2494 2951 in
2525 2893 2856 2972 principio.

1856 2985 2209 3065 Aliquando
2265 2986 2528 3045 societas
2585 3004 2708 3046 non
2766 2990 2859 3047 est
2888 2980 3174 3063 ‘omnium
3202 2987 3317 3047 bo·
3503 2991 3542 3048 6

1783 3097 2028 3154 norum,
2063 3078 2172 3138 sed
2203 3078 2658 3159 circaaliquam
2689 3080 3316 3157 negotiationem,vel
3363 3115 3424 3159 »ο
3460 3114 3661 3158 mmm

1780 3172 1992 3251 aliqua
2019 3170 2187 3232 bona
2215 3171 2640 3250 particularia.
2703 3173 2778 3234 Et
2808 3172 3061 3252 quidem
3087 3220 3102 3251 ,
3137 3173 3186 3234 si
3216 3193 3317 3235 so-
3390 3169 3646 3225 P⁸f¹¹c¹¹¹¹¹⁴·

1780 3265 1911 3324 lum
1968 3265 2180 3325 dicant
2220 3283 2285 3324 se
2325 3265 2695 3325 contrahere
2740 3266 3130 3341 societatem,
3190 3286 3315 3328 non

1782 3357 2071 3418 addendo
2103 3357 2382 3417 omnium
2410 3357 2744 3435 bonorum,
2804 3377 2919 3420 nec
2949 3359 3314 3438 explicando

1780 3452 2110 3512 materiam
2141 3450 2622 3528 particularem;
2669 3451 3042 3530 intelligitur
3072 3456 3313 3513 contra-

1780 3548 1882 3604 cta
1910 3543 1988 3602 ad
2019 3561 2236 3603 omnes
2266 3547 2623 3604 contractus
2653 3562 2972 3620 oneroSOS,
3035 3563 3316 3624 compre-

1781 3635 2114 3697 hendendo
2145 3636 2334 3696 etiam
2363 3636 2708 3697 locationes
2756 3656 2962 3717 operae
2991 3638 3261 3716 propriae
3294 3655 3309 3701 ε

1779 3747 1903 3789 non
1934 3732 2144 3789 tamen
2173 3729 2731 3807 comprehenditur
2757 3729 3058 3807 legatum,
3090 3729 3317 3790 veldo-

1779 3821 1969 3896 nati0,
2004 3820 2248 3880 etiamsi
2279 3821 2604 3880 occasione
2634 3820 2949 3881 societatis
2978 3825 3315 3883 contractae

1777 3914 2001 3993 aliquis
2031 3932 2107 3973 ex
2137 3914 2319 3974 sociis
2346 3913 2846 3973 benevolentiam
2876 3913 3140 3993 alicujus
3169 3933 3312 3974 con-

1779 4007 2083 4068 ciliaverit
2104 4052 2119 4081 ,
2180 4024 2219 4065 a
2260 4024 2383 4084 quo
2424 4006 2625 4066 haeres
2654 4006 3036 4068 instituatur.
3098 4010 3312 4087 Neque

1779 4099 1968 4160 etiam
1998 4098 2550 4176 comprehenditur
2589 4099 2653 4158 id
2711 4099 2878 4178 quod
2923 4098 3105 4159 alicui
3144 4101 3313 4161 socio

1778 4193 1962 4253 etiam
2015 4211 2089 4251 ex
2138 4196 2461 4252 contractu
2502 4209 2765 4253 oneroso
2796 4191 3165 4255 debebatur.
3225 4196 3314 4255 De

1778 4284 1873 4344 his
1902 4283 2303 4345 societatibus
2348 4284 2554 4362 agitur
2580 4284 2642 4343 in
2696 4285 2737 4346 l.
2776 4283 2974 4361 Coae'ri,
3034 4304 3179 4345 cum
3207 4305 3316 4346 sex

1778 4378 2204 4457 sequentibuS,
2225 4381 2288 4438 et
2313 4377 2353 4438 l.
2390 4376 2648 4453 Socz'um,
2669 4377 2774 4458 qui
2799 4378 2858 4437 in
2887 4396 2972 4455 eo,
2992 4379 3049 4457 ἓ.
3082 4378 3311 4455 Soeius,

1778 4473 1840 4531 ff.
1865 4490 1983 4552 pro
2008 4471 2183 4531 socie.
2218 4471 2280 4532 Si
2314 4474 2525 4531 autem
2554 4470 2919 4549 explicetur,
2937 4476 3006 4533 ut
3037 4472 3086 4532 si
3119 4472 3313 4534 heere-

1776 4563 1938 4625 ditas
1968 4564 2177 4643 aliqua
2200 4563 2372 4640 justa
2399 4563 2567 4623 socio
2599 4562 2927 4624 advenerit
2953 4611 2967 4641 ,
3036 4583 3313 4625 commu-

1777 4657 1873 4716 nis
1900 4658 2031 4731 fiat,
2067 4656 2320 4716 nomine
2335 4655 2523 4735 justoe
2549 4654 2926 4731 haereditatis,
2949 4656 3317 4735 intelligitur

1776 4767 1916 4828 quae
1946 4750 2025 4809 ab
2057 4750 2350 4809 intestato
2378 4795 2393 4823 ‚
2457 4767 2577 4808 non
2625 4767 2765 4827 quae
2821 4767 2895 4808 ex
2937 4753 3312 4809 testamento

1776 4841 2124 4916 advenerit,
2160 4842 2201 4901 l.
2239 4857 2330 4900 111.
2364 4841 2420 4919 ἓ.
2456 4840 2544 4900 De
2561 4840 2684 4917 illo,
2709 4842 2897 4921 ff.pro
2925 4842 3099 4902 socio.
3134 4843 3314 4913 Quod

1775 4939 1985 4996 autem
2016 4934 2219 5009 furt0,
2272 4934 2369 4993 vel
2418 4934 2723 4995 maleficio
2769 4934 3038 5013 acquirit
3081 4923 3309 5007 sociuS,

1775 5045 1899 5087 non
1929 5027 1999 5087 fit
2026 5043 2379 5101 commune,
2402 5026 2590 5086 etiam
2619 5025 2683 5086 in
2711 5026 3007 5087 societate
3034 5026 3314 5087 omnium

1777 5121 2105 5194 bonorum,
2142 5119 2182 5179 l.
2221 5117 2389 5194 Quod
2413 5128 2626 5195 autem,
2688 5123 2750 5180 et
2779 5119 3208 5199 sequentibuS,
3241 5118 3307 5179 ff.

1768 5231 1882 5293 pro
1910 5211 2082 5272 socie.

1855 5304 2211 5383 Aliquando
2258 5305 2526 5366 societas
2578 5303 2971 5366 contrahitur
3013 5304 3313 5365 intotam
3501 5327 3537 5382 7

1781 5398 1975 5459 vitam
2009 5418 2021 5458 :
2058 5385 2397 5476 aliquando
2427 5397 2509 5458 ad
2538 5400 2785 5474 tempus
2806 5396 3310 5474 determinatum,
3367 5400 3663 5496 Dffidssscggte

1779 5491 1879 5551 vel
1913 5510 2112 5570 usque
2161 5491 2240 5551 ad
2289 5491 2480 5550 finem
2510 5489 2649 5551 talis
2679 5490 3142 5569 negotiationis,
3191 5491 3316 5552 Ali·
3368 5506 3510 5556 vinam,
3531 5509 3594 5549 vol
3614 5506 3665 5549 aa

1780 5584 2031 5665 quando
2089 5588 2352 5664 uterque
2396 5583 2603 5645 socius
2660 5583 2903 5645 confert
2944 5583 3312 5666 pecuniam;
3433 5565 3612 5669 ffl‘ffl,
