4263 6376
912 249 1026 308 192
2038 245 2142 304 DE
2181 244 2534 306 JUSTITIA
2579 245 2678 304 ΕΤ
2725 245 2757 305 J
2768 244 2922 306 URE

623 441 743 495 Quid.
774 444 809 486 ιῑ
910 423 1249 500 mercibus,
1284 422 1510 501 quibus
1542 439 1666 483 non
1696 421 1976 499 indiget;
2012 420 2129 480 hoc
2161 419 2328 479 enim
2346 422 2441 479 est
2539 423 2683 480 sunt
2710 419 2825 479 sub
2857 437 3002 496 uno,
3039 418 3255 480 damni
3279 421 3658 500 emergentis
3693 443 3706 483 ε
3738 441 3869 484 nam
3888 428 4007 504 peri-

571 495 863 612 Ῐξζῗξξζξξῶἓ
917 517 1195 595 obligare
1253 516 1426 575 illum
1482 515 1562 574 ad
1620 514 1957 573 emendum
2016 518 2274 592 propter
2302 531 2441 571 mu-
2541 512 2750 571 culum
2780 516 2842 572 et
2869 512 3130 574 cessatio
3161 513 3318 573 lucri
3369 514 3584 592 aliqua
3629 514 3848 575 damna
3880 527 4004 595 sunt,

597 609 865 646 arlemmutm

915 615 1112 671 tuum.
1150 611 1340 671 Secus
1372 611 1556 684 esset,
1591 608 1641 667 si
1688 607 2105 667 mutuatarius
2138 606 2226 665 eis
2280 623 2439 664 mer·
2541 605 2684 683 quia
2717 611 2921 666 tamen
2956 606 3255 666 claritatis
3281 607 3488 684 gratia
3516 607 3809 686 distingui
3833 610 4004 687 solent,

587 668 614 699 u
641 658 861 700 mercibus.

914 702 1088 763 cibus
1118 701 1447 779 indigeret,
1484 718 1718 778 easque
1768 699 1988 759 eodem
2020 699 2221 777 pretio
2278 701 2442 757 esset

915 799 1254 872 empturuS,
1292 810 1407 851 nec
1436 811 1508 852 eo
1539 796 1722 871 pacto
1753 791 1878 851 ullo
1910 793 2097 852 modo
2114 795 2433 869 gravatur.

914 887 1215 946 Videatur
1241 885 1475 946 Molina
1503 885 1744 963 d.disp.
1779 886 1916 944 310.
1954 902 2102 944 casu
2135 882 2434 958 secundo,

915 984 978 1040 et
1007 978 1187 1040 Salas
1219 978 1369 1038 dub.
1404 994 1535 1039 xvl.
1570 978 1678 1056 qui
1737 977 1890 1037 alios
1947 977 2246 1036 referunt.
2310 975 2442 1049 Qua

910 1071 1238 1131 occasione
1266 1074 1537 1132 tractant
1574 1071 1651 1130 de
1682 1075 2049 1145 mercatore,
2085 1088 2120 1127 a
2151 1087 2274 1148 quo
2332 1086 2442 1147 pe-

908 1165 1061 1225 titur
1089 1168 1400 1240 mutuum,
1438 1168 1500 1224 et
1529 1164 1662 1241 ipse
1692 1182 1815 1223 non
1847 1167 2113 1239 mutuat,
2150 1161 2261 1221 sed
2292 1179 2438 1221 ven-

910 1256 1002 1317 dit
1029 1255 1265 1316 credito
1296 1274 1535 1316 merces
1577 1256 1775 1335 pretio
1800 1254 1992 1334 just0,
2027 1254 2138 1314 sed
2165 1271 2434 1328 summe,

910 1353 974 1410 et
1002 1353 1246 1427 emptor
1273 1348 1487 1408 vendit
1529 1348 1583 1408 ei
1626 1348 1835 1408 statim
1890 1348 2145 1408 easdem
2199 1364 2439 1406 meroes

912 1441 1177 1520 pecunia
1233 1446 1561 1501 numerata
1606 1440 1807 1518 pretio
1856 1441 2026 1519 justo
2087 1438 2323 1513 infimo,
2357 1456 2438 1497 an

910 1533 1012 1593 hic
1041 1537 1394 1594 contractus
1420 1533 1625 1593 licitus
1645 1533 1744 1594 sit.
1778 1535 1910 1594 Hoc
1937 1537 2148 1593 tamen
2171 1531 2440 1609 pertinet

909 1627 990 1687 ad
1020 1626 1504 1705 disputationem
1533 1630 1898 1705 sequentem
1954 1626 2031 1685 de
2077 1624 2361 1704 emptione
2383 1630 2438 1683 et

2540 697 2828 757 distincte
2858 699 3048 759 etiam
3079 698 3155 757 de
3185 698 3304 759 illis
3333 719 3594 778 agemus
3643 701 3701 759 in
3761 701 3864 761 hac
3911 723 4009 763 sec-

2541 791 2728 851 tione.
2767 791 2939 851 Solet
2961 809 3108 869 ergo
3162 791 3461 868 distingui
3508 793 3804 851 damnum
3855 814 4009 856 omer·

2538 903 2692 961 gens
2720 884 2930 943 stricte
2962 887 3280 962 sumptum
3319 903 3354 942 a
3380 885 3556 944 lucro
3588 893 3859 945 cessante
3885 889 4009 966 quod

2541 977 2836 1035 damnum
2892 995 3219 1055 emergens
3248 978 3472 1037 afferat
3505 979 3814 1056 jacturam
3842 999 4009 1040 eorum

2541 1087 2680 1147 quae
2712 1068 2987 1129 habebas
3020 1089 3034 1128 :
3068 1075 3131 1130 at
3157 1069 3399 1130 lucrum
3457 1089 3707 1130 cessans
3755 1072 4011 1151 jacturam

2541 1179 2754 1220 eorum
2809 1161 3010 1222 solum
3041 1181 3179 1241 quae
3210 1162 3439 1223 habere
3473 1164 3771 1241 sperabas
3823 1172 3878 1225 et
3920 1186 4008 1226 non

2541 1253 2839 1313 habebas,

2620 1346 2751 1419 Quo
2777 1346 3120 1424 supposit0,
3154 1346 3405 1407 tractari
3437 1348 3594 1408 solet
3648 1347 3769 1409 hoc
3817 1350 3933 1411 loco
3955 1350 4012 1411 de
4095 1369 4112 1419 ῑ

2541 1438 2916 1515 obligatione
2946 1438 3227 1498 solvendi
3256 1438 3556 1499 damnum
3607 1460 3933 1519 emergenS,
3970 1451 4014 1503 et
4080 1490 4094 1520 ,.

2537 1531 2705 1590 idem
2735 1535 2828 1590 est
2853 1531 2932 1590 de
2960 1530 3134 1590 lucro
3164 1536 3468 1607 cessante,
3505 1534 3759 1611 quando
3814 1543 4012 1596 mutua·
4042 1597 4122 1636 Q

2538 1624 2730 1684 tarius
2779 1623 2897 1684 fuit
2948 1624 3011 1683 in
3042 1642 3239 1698 mora,
3274 1643 3347 1684 eo
3408 1625 3576 1704 quod
3633 1645 3756 1687 non
3810 1629 4014 1691 solverit
4058 1662 4083 1689 a

2535 1720 2817 1793 tempore
2851 1717 3129 1795 praefixo,
3161 1717 3400 1777 etiamsi
3433 1736 3556 1778 non
3585 1718 3773 1779 fuerit
3800 1721 3920 1780 talis
3942 1741 4015 1782 so-
4056 1765 4095 1794 a

2537 1808 2687 1868 lutio
2720 1807 2931 1868 damni
2963 1809 3360 1887 emergentiS,
3396 1811 3456 1869 in
3485 1817 3739 1889 pactum
3757 1813 4011 1876 deducta:

910 1718 1228 1780 venditione
1280 1719 1428 1797 quia
1447 1738 1571 1779 non
1603 1723 1696 1780 est
1721 1723 2030 1791 mutuum,
2065 1717 2175 1778 sed
2205 1717 2435 1796 emptio

909 1817 972 1874 et
999 1813 1298 1872 venditio,

667 1910 745 1969 69
987 1905 1254 1966 Infertur
1282 1904 1678 1980 duodecimo,
1714 1903 2061 1964 usararium
2093 1903 2280 1963 etiam
2302 1920 2436 1962 esse

909 2001 1184 2077 pactum,
1245 2016 1367 2077 quo
1423 1997 1837 2058 mutuatarius
1905 1997 2289 2074 obligaretur
2355 1996 2433 2055 ad

2538 1901 2615 1960 de
2647 1900 2765 1961 hoc
2797 1906 3005 1961 tamen
3045 1902 3281 1962 dietum
3329 1907 3425 1964 est
3452 1905 3603 1964 satis
3659 1925 3846 1984 supra
3888 1907 4011 1986 disp.

2536 2011 2715 2055 xvm.
2748 1992 2817 2054 de
2843 2002 3027 2055 restit.
3088 2013 3162 2054 ex
3220 1995 3438 2074 injusta
3486 1996 3721 2058 loesione
3772 2005 3910 2060 sect.
3960 2016 4010 2060 11.

567 2033 859 2183 gfiijgffigiff
910 2109 1035 2152 non
1064 2090 1456 2150 reddendum
1512 2095 1800 2150 mutuum
1830 2094 1972 2149 ante
2028 2089 2219 2148 finem
2249 2088 2433 2160 anni;
2537 2105 2651 2146 nec
2681 2090 2928 2164 oportet
2956 2106 3030 2146 ea
3051 2092 3332 2165 repetere
3357 2106 3371 2151 ε
3404 2089 3512 2148 sed
3534 2091 3866 2151 dicendum
3891 2111 4018 2152 nunc

565 2193 661 2236 dum
679 2199 860 2237 munuum
911 2187 1115 2261 potest
1137 2183 1302 2241 enim
1333 2182 1451 2242 hoc
1481 2201 1637 2242 onus
1685 2201 1877 2260 grave
1932 2200 2067 2241 esse
2120 2184 2438 2242 mutuata-
2535 2185 2628 2241 est
2653 2181 2854 2240 solum
2886 2178 3157 2258 depacto
3171 2180 3492 2252 addit0‚an
3509 2187 3570 2242 et
3597 2185 3902 2261 quomodo
3917 2185 4018 2244 lici·

567 2247 676 2290 ἴω·
693 2261 858 2292 mum·
2535 2278 2669 2333 tum
2699 2273 2795 2332 sit.
2833 2272 3169 2333 Sciendum
3203 2277 3294 2332 est
3348 2279 3582 2351 autem,
3644 2276 3764 2336 hoc
3815 2285 4016 2355 pactum

2533 2365 2759 2443 duplex
2788 2365 2924 2424 fieri
2952 2383 3155 2443 posse.
3191 2365 3422 2440 PrimO,
3457 2372 3527 2426 ut
3547 2370 3945 2430 mutuatarius
3969 2387 4017 2427 se

2536 2458 2768 2535 obliget
2796 2458 2876 2517 ad
2905 2457 3277 2516 solvendum
3307 2458 3609 2519 damnum
3628 2478 3956 2539 emergenS,
3981 2461 4018 2520 si

2534 2549 2884 2628 contigerit,
2920 2548 3361 2629 quodcumque
3414 2551 3561 2610 illud
3592 2552 3695 2612 sit.
3748 2554 4016 2628 Secundo,

2535 2644 2586 2703 si
2615 2647 2922 2704 statuetur
2948 2647 3118 2702 certa
3149 2643 3463 2722 quantitas
3486 2643 3680 2723 justa,
3710 2665 3846 2724 quae
3861 2653 4018 2708 atten-

2531 2735 2611 2797 tis
2642 2735 3120 2795 circumstantiis
3150 2741 3210 2795 et
3230 2735 3451 2796 timore
3482 2737 3624 2797 talis
3652 2738 3882 2815 damni,
3910 2758 4018 2816 pru·

908 2275 1024 2352 rio,
1058 2294 1118 2335 v.
1152 2294 1214 2352 g.
1250 2275 1301 2334 si
1330 2275 1633 2335 mutuasti
1662 2274 1960 2350 triticum,
1996 2276 2059 2334 et
2088 2272 2435 2349 periculum

907 2368 988 2427 sit
1015 2386 1090 2426 ne
1123 2367 1185 2425 in
1219 2367 1343 2427 fine
1367 2368 1513 2426 anni
1544 2367 1819 2427 triticum
1840 2371 2018 2427 vetus
2051 2365 2133 2425 sit
2171 2383 2431 2442 corrup-

905 2464 1062 2536 tum,
1095 2460 1193 2520 vel
1213 2460 1349 2519 aliis
1379 2459 1457 2519 de
1487 2459 1712 2535 causis,
1745 2459 1934 2539 idque
1962 2476 2315 2538 supponere
2344 2456 2436 2517 vi-

907 2553 1089 2615 detur
1119 2554 1295 2614 Salas
1323 2552 1473 2613 dub.
1518 2569 1619 2614 xv.
1652 2552 1715 2611 in
1741 2553 1887 2613 fine.

660 2649 741 2710 70
985 2647 1253 2708 Infertur
1279 2645 1389 2706 ult.
1424 2664 1678 2706 usuram
1708 2663 1865 2722 esse,
1917 2645 2167 2724 quando
2223 2645 2436 2706 minis—

904 2739 985 2801 tri
1013 2738 1172 2817 regii
1201 2737 1434 2816 aliquid
1490 2756 1529 2797 a
1583 2737 1970 2798 debitoribus
2026 2738 2217 2815 regiis
2277 2739 2434 2799 acci-

562 2776 855 2926 Ψέἓῑῖιῑέξὲξζ
905 2833 1104 2911 piunt,
1140 2835 1208 2891 ut
1237 2850 1342 2891 eos
1371 2834 1722 2909 expectent,
1774 2831 1874 2890 vel
1929 2850 1968 2891 a
2019 2831 2435 2892 creditoribus
2535 2826 2754 2888 denter
2781 2833 3045 2904 taxetur,
3079 2832 3141 2888 et
3168 2828 3449 2889 absolute
3481 2829 3794 2908 obligetur
3820 2837 4018 2891 mutua·

560 2895 730 2991 ffipprss
747 2937 857 2979 dna-
906 2925 1114 3003 regiiS,
1149 2929 1216 2985 ut
1258 2923 1597 3002 anticipata
1650 2923 1958 2984 solutione
2005 2924 2093 2983 eis
2150 2925 2428 2998 solvant;
2531 2921 2724 2982 tarius
2751 2920 2831 2980 ad
2861 2920 3029 2979 illam
3060 2921 3222 2981 ultra
3247 2927 3478 2982 sortem
3508 2924 3890 2998 solvendam,
3918 2924 4017 2983 sive

594 2991 814 3138 ω’ῗῖξῑζῖἷ.
905 3018 1052 3097 quia
1076 3017 1139 3075 in
1167 3021 1433 3095 utroque
1472 3035 1619 3077 casu
1648 3016 1963 3076 invenitur
1991 3022 2277 3077 mutuum
2308 3017 2434 3078 vir-
2532 3014 2833 3074 damnum
2858 3014 3084 3091 majuS,
3119 3014 3214 3073 vel
3269 3015 3498 3091 minue,
3533 3016 3667 3075 sive
3701 3018 3882 3078 etiam
3910 3015 4016 3075 nul·

599 3108 647 3138 so
665 3098 821 3140 utione.

902 3109 1091 3170 tuale.
1126 3109 1432 3170 Videatur
1477 3109 1707 3169 Melina
1738 3109 1899 3188 disp.
1935 3112 2072 3170 313.
2136 3115 2199 3171 et
2255 3111 2431 3171 Salas

904 3203 1051 3263 dub.
1085 3219 1255 3264 xxvl.
1290 3202 1397 3281 qui
1446 3203 1566 3262 alia
1596 3209 1780 3282 pacta
1809 3204 2021 3283 iniqua
2068 3204 2149 3264 ab
2197 3204 2432 3264 eisdem

899 3295 1201 3356 ministris
1278 3296 1466 3373 regiis
1512 3296 1648 3355 fieri
1711 3296 1891 3357 solita
1946 3298 2215 3356 afferunt
2266 3298 2432 3358 circa

900 3387 1279 3466 emptionem
1310 3388 1529 3449 crediti
1554 3388 1756 3449 viliori
1788 3388 2009 3467 pretio,
2043 3408 2185 3468 quas
2218 3395 2426 3451 tamen

899 3481 1099 3559 magis
1126 3481 1436 3559 pertinent
1464 3482 1542 3540 ad
1573 3481 1732 3560 disp.
1783 3501 1915 3561 seq.
1952 3482 2029 3542 de
2086 3484 2423 3561 emptione,

896 3576 960 3634 et
985 3574 1374 3635 vendit.Haec
1389 3575 1673 3652 exempla
1703 3575 1972 3636 sufficiat
1999 3577 2419 3655 proposuisse,

896 3670 966 3727 ut
1019 3684 1092 3726 ex
1124 3667 1196 3726 iis
1239 3683 1311 3726 ex
1343 3670 1405 3726 et
1435 3667 1669 3744 regulis
1697 3666 1914 3745 positis
1963 3667 2239 3746 judicari
2283 3688 2424 3747 pos·

896 3759 976 3820 sit
1001 3758 1093 3818 de
1109 3759 1244 3818 aliis
1274 3759 1471 3837 pactis
1499 3765 1716 3820 mutuo
1746 3760 1997 3836 additis,
2051 3760 2255 3821 sintne
2275 3781 2421 3823 usu—

894 3851 1079 3927 raria,
1115 3853 1213 3912 vel
1243 3870 1389 3914 non.

1356 4261 1774 4345 SEGTlo
1843 4263 1956 4347 Vl.

888 4572 985 4627 An
1017 4564 1271 4627 ratione
1301 4563 1522 4627 damni
1549 4565 1940 4647 emerqentis,
1995 4567 2294 4650 periculi,
2324 4566 2420 4633 rel

972 4668 1140 4732 lucri
1187 4669 1498 4745 cessantis,
1526 4669 1692 4754 eriqi
1714 4670 1911 4751 possit
1941 4691 2007 4736 ιη
2038 4680 2261 4737 mutuo
2295 4673 2418 4739 ali-

969 4774 1129 4859 quid
1154 4795 1353 4860 supra
1375 4785 1631 4839 sortem.

964 5040 1280 5121 Sequitur,
1303 5043 1371 5100 ut
1399 5039 1722 5100 videamus
1741 5040 1971 5119 titulos,
2007 5042 2113 5122 qui
2144 5062 2415 5124 purgare

885 5139 1146 5214 possunt
1200 5137 1487 5193 mutuum
1546 5151 1582 5192 a
1653 5132 1792 5193 labe
1850 5154 2077 5212 usurae,
2162 5138 2414 5215 quando

885 5226 1121 5307 aliquid
1151 5245 1342 5304 supra
1369 5232 1603 5287 sortem
1634 5225 1922 5304 exigitur.
1985 5230 2137 5288 Tres
2194 5230 2417 5309 praeci-

883 5321 994 5400 pui
1018 5324 1197 5391 sunt;
1232 5318 1532 5378 damnum
1565 5337 1914 5397 emergenS,
1941 5320 2313 5399 periculum,
2354 5326 2416 5384 et

882 5414 1126 5474 lucrum
1156 5429 1427 5487 cessanS,
1464 5412 1572 5490 qui
1611 5416 1739 5472 tres
1795 5413 2248 5492 comprehendi
2276 5435 2413 5495 pos-

2528 3107 2660 3166 lum
2688 3106 2893 3184 reipsa
2912 3106 3351 3185 subsequatur.
3401 3109 3534 3179 Quo
3581 3110 3905 3187 supposito
3948 3108 4018 3167 di·

2530 3200 2797 3260 cendum
2828 3205 2941 3274 est,
2976 3199 3025 3258 si
3056 3200 3471 3260 mutuatarius
3519 3221 3659 3262 sese
3705 3206 3916 3264 offerat
3957 3199 4018 3261 ad

2529 3291 2895 3352 solvendum
2944 3290 3244 3351 damnum
3291 3298 3492 3353 totum
3559 3314 3880 3373 emergens
3927 3294 4019 3372 pri·

2528 3403 2631 3445 mo
2678 3384 2887 3457 modo,
2921 3403 3045 3444 non
3076 3404 3257 3463 posse
3289 3404 3432 3445 eum
3462 3387 3603 3465 cogi
3635 3394 3703 3448 ut
3733 3408 3797 3448 se
3828 3388 4020 3466 obliget

2524 3476 2602 3536 ad
2633 3477 3001 3537 solvendum
3031 3477 3305 3537 secundo
3339 3479 3549 3556 mode,
3588 3481 3740 3558 quia
3771 3501 3846 3541 ex
3875 3488 4019 3540 natu-

2525 3588 2595 3630 ra
2623 3569 2710 3629 rei
2742 3570 2818 3629 ad
2851 3569 3001 3629 illud
3029 3570 3302 3649 primum
3332 3572 3535 3632 solum
3581 3579 3833 3635 tenetur
3861 3595 3874 3635 z
3905 3591 4021 3653 qua·

2524 3680 2591 3722 re
2620 3662 2672 3721 si
2727 3668 2988 3740 cogatur
3029 3664 3270 3723 ratione
3320 3666 3519 3725 mutui
3562 3667 3644 3724 ad
3704 3667 4019 3727 faciendum

2522 3773 2754 3816 novum
2796 3759 3209 3831 contractum,
3262 3775 3384 3835 quo
3434 3758 3739 3819 damnum
3791 3760 3931 3820 illud
3954 3758 4021 3817 in·

2517 3851 2754 3907 ccrtum
2794 3846 3054 3921 reducat
3081 3847 3160 3906 ad
3191 3849 3610 3926 quantitatem
3641 3858 3705 3913 et
3728 3851 4019 3930 obligatio-

2521 3958 2666 3999 nem
2696 3943 2932 4000 certam
2978 3944 3039 4000 et
3076 3941 3337 4018 justam,
3363 3941 3498 4019 jam
3529 3944 3845 4022 obligatur
3871 3944 4018 4004 ratio·

2518 4051 2595 4091 ne
2617 4031 2817 4092 mutui
2847 4029 3166 4093 celebrare
3202 4051 3436 4093 novum
3490 4042 3907 4112 contractum,
3958 4034 4019 4093 ad

2519 4144 2706 4203 quem
2739 4143 2813 4183 ex
2840 4128 3059 4184 mutuo
3092 4143 3218 4184 non
3259 4127 3613 4205 tenebatur,
3666 4135 3735 4191 ut
3790 4129 4019 4190 advertit

2517 4217 2766 4278 Lcssius
2797 4235 2850 4277 c.
2885 4218 3016 4279 XX.
3053 4217 3202 4278 dub.
3237 4236 3296 4280 x.
3325 4239 3386 4280 n.
3420 4223 3519 4281 76.
3573 4258 3578 4263 ·

2601 4310 2869 4383 Quaestio
2928 4328 3076 4387 ergo
3135 4311 3341 4388 prima
3371 4317 3482 4389 est,
3544 4334 3626 4374 an
3681 4316 3814 4375 sine
3861 4331 4017 4375 usura

2519 4403 2714 4481 possit
2742 4403 2864 4480 peti
2888 4403 3123 4482 aliquid
3153 4410 3336 4483 pacto
3359 4406 3647 4484 explic-ito
3673 4409 3754 4468 ab
3785 4410 3908 4487 ipso
3928 4426 4014 4485 pro

2520 4495 2751 4555 damno
2784 4501 3166 4573 emergente,
3220 4497 3348 4557 sive
3380 4499 3882 4575 indeterminate,
3911 4500 4013 4559 sive
4075 4480 4096 4558 Ξ

2519 4587 2994 4649 determinando
3026 4594 3258 4649 certam
3310 4594 3746 4670 quantitatem,
3808 4591 4017 4654 etiamsi

2516 4680 2580 4739 in
2611 4699 2788 4741 mora
2836 4681 3119 4741 solvendi
3147 4701 3270 4742 non
3302 4685 3422 4744 sit?
3448 4681 3745 4764 'Negavit
3784 4689 3939 4749 Scot.
3967 4685 4015 4742 in

2517 4775 2619 4833 lv.
2656 4773 2799 4834 dist.
2833 4790 2936 4834 xv.
2972 4793 3076 4852 qu.
3114 4792 3180 4835 11.
3215 4776 3270 4854 ἓ.
3317 4775 3406 4836 De
3438 4779 3631 4840 tereto.
3691 4779 4016 4841 Communis

2516 4870 2725 4926 tamen
2749 4866 3056 4927 sententia
3075 4867 3509 4948 theologorum
3526 4873 3815 4934 concedit
3838 4873 3893 4932 id
3909 4873 4016 4930 sine

2517 4976 2706 5018 usura
2734 4959 2868 5018 fieri
2895 4977 3077 5036 posse
3112 4977 3124 5022 ε
3163 4980 3352 5038 quam
3372 4962 3558 5024 docet
3578 4967 3640 5025 S.
3667 4966 3782 5025 Th.
3805 4967 3864 5025 in
3884 4982 4017 5044 prae-

2515 5050 2675 5111 senti
2706 5056 2823 5112 art.
2858 5069 2929 5113 11.
2959 5052 3039 5111 ad
3074 5057 3128 5112 1.
3180 5053 3326 5114 Mol.
3363 5074 3506 5115 cum
3537 5057 3673 5118 aliis
3715 5059 3868 5136 disp.
3898 5060 4011 5117 31⁴.

2516 5146 2647 5205 Sot.
2685 5144 2896 5205 Salon.
2932 5143 3126 5224 Cajet.
3177 5147 3444 5225 BanneS,
3494 5154 3684 5229 Arag.
3738 5156 3877 5211 Ant.
3921 5151 4016 5210 Na·

2513 5254 2645 5297 var.
2681 5242 2743 5297 et
2772 5238 2872 5297 alii
2906 5256 3142 5315 omnes,
3179 5259 3335 5318 quos
3365 5244 3652 5320 congerit
3677 5250 3741 5305 et
3767 5244 4014 5321 sequitur

2514 5329 2767 5391 Salasd.
2791 5346 2966 5392 xvm.
2988 5350 3050 5395 n.
3066 5336 3124 5393 2.
3149 5333 3252 5412 qui
3268 5333 3478 5412 plures
3493 5337 3766 5397 rationes
3778 5337 4014 5396 afferunt

2513 5420 2594 5481 ad
2622 5420 2742 5482 hoc
2770 5423 3166 5502 probandum
3199 5446 3213 5487 :
3247 5426 3565 5507 praecipua
3594 5429 3869 5509 estquod
3893 5429 4012 5488 licet
