4263 6376
604 3064 681 3123 54

530 3187 595 3230 An
616 3191 785 3243 proptor

549 3241 750 3283 nundinas

573 3296 735 3347 longius

830 284 947 343 408

830 457 1340 537 suntjustificare
1366 459 1611 520 lucrum
1641 478 1715 518 ex
1757 459 2055 520 dilatione
2104 478 2361 537 recupe-

830 550 1089 611 rationis
1112 596 1127 623 ,
1176 550 1493 629 loquendo
1538 551 1616 610 de
1647 549 1790 630 jure
1820 555 2062 611 naturoe
2092 556 2155 612 et
2200 570 2365 630 prae-

830 643 1173 705 scindendo
1204 662 1368 704 nunc
1397 662 1430 704 a
1460 644 1631 703 bulla
1665 644 1753 704 Pii
1773 646 1847 704 V.
1875 663 2015 722 quae
2045 644 2141 703 his
2170 644 2365 705 titulis

831 735 1327 796 moderationem
1358 736 1632 815 aliquam
1662 736 1987 811 adhibuit,
2039 743 2108 797 ut
2149 741 2366 813 postea

831 827 1204 888 videbimus
1238 827 1526 888 Advertit
1571 829 1801 888 Molina
1830 828 1998 889 dicta
2026 829 2186 907 disp.
2219 832 2359 889 404.

832 938 1005 980 num.
1038 923 1098 980 5.
1133 923 1195 979 et
1221 922 1280 980 6.
1315 920 1473 980 adeo
1503 939 1640 980 esse
1670 921 1908 981 licitum
1955 920 2075 981 hoc
2121 921 2364 981 lucrum

833 1030 910 1072 ex
936 1011 1157 1090 majori
1186 1013 1486 1090 temporis
1509 1013 1809 1074 dilatione
1830 1014 1892 1073 in
1924 1014 2194 1091 cambio,
2220 1013 2367 1076 util-

830 1105 938 1164 lud
969 1105 1048 1165 sit
1073 1104 1559 1165 existimandum
1572 1107 1840 1185 pretium
1852 1106 2093 1185 justum
2112 1107 2177 1165 in
2196 1124 2367 1166 cam-

832 1196 935 1257 bio
965 1196 1147 1256 locali
1173 1243 1187 1272 ‚
1223 1198 1391 1275 quod
1421 1199 1839 1259 communiter
1866 1199 1929 1258 in
1961 1199 2092 1259 foro
2124 1216 2368 1258 merca-

832 1294 1039 1352 torum
1066 1290 1392 1368 accipitur.
1430 1291 1601 1353 Solet
1630 1293 1862 1371 quippe
1892 1291 1908 1350 i
1918 1310 1957 1350 n
1987 1309 2059 1351 eo
2081 1291 2216 1351 foro
2234 1309 2369 1349 ma-

824 1382 930 1461 jus
958 1382 1227 1460 pretium
1258 1382 1451 1461 exigi,
1487 1384 1738 1462 quando
1783 1384 1922 1462 plus
1950 1384 2249 1461 temporis
2278 1383 2367 1442 di-

832 1478 956 1535 stat
984 1473 1064 1533 ad
1086 1474 1403 1553 proximas
1433 1476 1744 1536 nundinas
1765 1523 1780 1552 ‚
1828 1476 1907 1536 ad
1936 1495 2092 1554 quas
2121 1475 2367 1535 cambia

835 1566 1244 1645 accipiuntur,
1275 1567 1421 1628 licet
1449 1568 1743 1629 distantia
1768 1569 1983 1629 localis
2003 1587 2253 1646 semper
2271 1586 2370 1627 ea-

836 1659 980 1720 dem
1010 1659 1089 1720 sit
1122 1679 1135 1719 ε
1171 1659 1319 1737 quia
1347 1660 1644 1721 nimirum
1674 1662 1878 1739 maj0r
1917 1660 2023 1720 illa
2070 1661 2370 1738 temporis

835 1751 1128 1812 distantia
1154 1756 1346 1830 auget
1373 1754 1616 1814 lucrum
1647 1771 1918 1828 cessanS,
1954 1753 2122 1832 quod
2154 1772 2228 1813 ex
2259 1772 2370 1813 sua

833 1845 1104 1923 pecunia
1159 1863 1518 1924 campsores
1572 1845 1806 1906 habere
1862 1845 2213 1924 potuissent
2236 1892 2250 1921 ,
2310 1850 2372 1906 et

835 1936 975 1997 ideo
1006 1936 1145 2015 plus
1173 1938 1334 2016 exigi
1364 1938 1541 2013 solet,
1577 1943 1726 1999 tunc
1755 1950 1866 2017 p'ro
1889 1938 2157 2013 cambio,
2181 1957 2370 2017 quam

836 2030 1088 2108 quando
1120 2030 1545 2090 nundinarum
1574 2034 1821 2109 tempus
1868 2031 2221 2109 proximum
2253 2035 2366 2092 est.

836 2124 926 2183 Ex
955 2140 1078 2200 quo
1099 2124 1188 2197 fit,
1223 2127 1293 2184 ut
1322 2141 1538 2182 omnes
1567 2141 1637 2183 eo
1682 2125 1881 2201 pretio
1910 2129 2060 2185 tunc
2093 2124 2172 2183 ad
2203 2142 2374 2184 cam-

835 2214 1011 2275 bium
1042 2214 1191 2276 dare
1220 2216 1459 2293 possint
1490 2235 1503 2275 :
1535 2216 1681 2294 quia
1698 2216 1968 2293 pretium
1994 2215 2230 2295 justum
2252 2221 2372 2277 tra-

833 2307 1125 2387 jectionis
1153 2308 1432 2369 virtualis
1460 2308 1684 2368 crescit
1699 2308 1797 2367 vel
1818 2308 2143 2384 decrescit,
2179 2328 2254 2368 ex
2274 2327 2375 2368 ra-

838 2400 1020 2460 ritate
1049 2400 1148 2459 vel
1177 2400 1359 2477 copia
1386 2400 1728 2461 volentium
1758 2400 1838 2460 ad
1859 2401 2175 2461 cambium
2196 2400 2368 2462 dare.

841 2493 1101 2565 Quando
1131 2497 1341 2554 autem
1380 2494 1674 2554 nundinae
1719 2495 1908 2572 longo
1954 2499 2237 2573 tempore
2281 2494 2376 2553 di-

839 2590 1043 2661 stant,
1096 2605 1221 2646 non
1269 2586 1587 2647 invenitur
1616 2587 1720 2665 qui
1752 2588 1903 2648 velit
1931 2587 2011 2647 ad
2057 2587 2376 2648 cambium

842 2680 993 2739 dare
1014 2724 1030 2754 ,
1083 2678 1201 2739 nisi
1242 2679 1465 2758 majori
1514 2680 1715 2757 pretio
1770 2700 1783 2739 :
1831 2680 1983 2739 illud
2033 2698 2181 2758 ergo
2227 2685 2377 2740 tunc

844 2777 938 2833 est
963 2773 1232 2851 pretium
1251 2790 1605 2848 commune,
1641 2777 1703 2833 et
1723 2772 1966 2850 justum
1989 2773 2377 2851 trajectionis

843 2866 1125 2926 virtualis
1150 2912 1165 2941 ,
1212 2883 1335 2945 quo
1383 2870 1445 2926 et
1495 2884 1619 2926 non
1659 2866 1778 2925 alio
1826 2865 2229 2926 inveniuntur
2270 2865 2379 2944 qui

849 2959 1123 3020 cambire
1155 2958 1347 3019 velint
1373 2958 1455 3018 ad
1483 2959 1800 3038 proximas
1829 2959 2163 3020 nundinas·

932 3054 1063 3111 Hoc
1090 3055 1300 3111 tamen
1328 3050 1689 3112 difficultate
1719 3070 1840 3111 non
1857 3056 2049 3127 caret,
2071 3051 2220 3130 quia
2239 3051 2385 3111 licet

852 3143 1143 3206 sustineri
1172 3147 1383 3223 posset
1436 3144 1516 3203 ad
1572 3163 1909 3219 summum,
1945 3144 2197 3224 quando
2244 3162 2382 3223 pre-

851 3238 1007 3300 tium
1062 3237 1212 3297 illud
1261 3237 1489 3297 cambii
1534 3255 1658 3297 non
1708 3238 2041 3298 excederet
2112 3238 2382 3315 pretium

522 3352 705 3401 temporo
725 3349 789 3390 di·
844 3331 1083 3410 justum
1104 3329 1486 3407 trajectionis
1516 3330 1721 3406 realiS,
1753 3349 1877 3409 qua
1914 3329 2162 3409 bajulus
2210 3329 2387 3390 reali·

520 3407 676 3443 stanles
696 3403 788 3453 plus

504 3455 636 3508 possit
651 3456 801 3499 lucrari

850 3429 948 3486 ter
974 3422 1293 3501 trajiceret
1317 3423 1616 3500 pecunias
1645 3424 1923 3501 praestita
1980 3423 2169 3484 etiam
2218 3440 2380 3482 asse-

850 3516 1192 3590 curatione,
1224 3514 1357 3592 jam
1387 3515 1552 3574 enim
1571 3519 1718 3575 tunc
1761 3514 2044 3594 trajectio
2102 3514 2382 3575 virtualis

849 3627 992 3670 cum
1022 3608 1482 3668 assecuratione
1513 3607 1775 3668 haberet
1802 3608 1865 3666 in
1892 3606 2213 3667 foroidcm
2238 3625 2382 3684 pre-

846 3703 1026 3778 tium,
1054 3719 1125 3760 ac
1155 3699 1441 3778 trajectio
1472 3701 1658 3760 realis
1714 3719 1857 3760 cum
1909 3699 2381 3760 assecuratione

847 3800 1102 3873 propter
1129 3794 1462 3869 defectum,
1498 3797 1559 3854 et
1611 3793 1990 3870 paucitatem
2037 3792 2382 3853 volentium

848 3887 1133 3967 trajicere
1200 3905 1277 3947 ex
1332 3886 1469 3946 loco
1518 3885 1942 3946 nundinarum
1985 3886 2376 3958 futurarum;

848 4000 973 4041 non
1004 3985 1212 4041 tamen
1243 3979 1633 4057 procederet,
1668 3977 1922 4058 quando
1964 3977 2191 4038 minori
2238 3997 2381 4057 pre-

846 4074 933 4134 tio
965 4074 1145 4133 fieret
1168 4072 1455 4150 trajectio
1488 4071 1672 4132 realis
1719 4090 1861 4131 cum
1891 4071 2376 4148 assecuratione,

850 4166 960 4227 sed
985 4164 1309 4226 fatendum
1337 4169 1502 4225 esset
1532 4182 1853 4224 excessum
1885 4164 2061 4224 illum
2091 4183 2216 4224 non
2246 4164 2382 4224 dari

847 4277 962 4339 pro
1016 4259 1384 4336 trajectione
1438 4257 1710 4332 virtuali,
1772 4258 1881 4317 sed
1930 4276 2041 4335 pro
2083 4257 2382 4317 dilatione

848 4351 1372 4430 temporis;quod
1402 4368 1524 4408 non
1555 4349 1804 4410 videtur
1858 4350 2098 4410 licitum
2146 4349 2234 4409 illi
2283 4349 2384 4409 cui

849 4464 924 4505 ex
959 4444 1070 4506 tali
1100 4443 1395 4504 dilatione
1426 4443 1667 4502 nullum
1694 4443 1938 4502 lucrum
1955 4446 2249 4518 cessaret,
2283 4443 2381 4502 vel

848 4538 1150 4599 damnum
1197 4540 1568 4613 emergeret.
1627 4538 1782 4596 Nam
1845 4536 1991 4598 licet
2042 4535 2382 4615 aliquando

848 4650 974 4692 non
1002 4630 1359 4690 inveniatur
1387 4629 1492 4708 qui
1534 4634 1824 4690 mutuare
1861 4628 2013 4691 velit
2066 4630 2184 4690 nisi
2239 4647 2383 4689 cum

849 4727 1046 4800 luem,
1082 4743 1155 4784 eo
1179 4724 1345 4802 quod
1375 4724 1450 4783 iis
1481 4723 1586 4802 qui
1618 4727 1905 4784 mutuare
1935 4726 2215 4802 possunt,
2254 4741 2382 4783 ces-

850 4823 947 4880 sat
967 4818 1237 4892 lucrum,
1272 4816 1368 4876 vel
1394 4816 1695 4875 damnum
1734 4816 1997 4893 emergit
2025 4834 2102 4875 ex
2141 4815 2383 4875 dilatio-

850 4930 927 4972 ne
957 4908 1321 4981 solutionis;
1357 4928 1480 4969 non
1525 4909 1666 4968 ideo
1688 4909 1919 4987 poterit
1946 4909 2115 4968 idem
2138 4909 2384 4968 lucrum

847 5010 1000 5066 tunc
1046 5022 1121 5063 ex
1154 5007 1372 5063 mutuo
1405 5001 1653 5079 exigere
1697 5001 1820 5078 ille,
1854 5001 1951 5061 cui
1984 5020 2204 5061 revera
2231 5001 2384 5078 ,nul-

848 5099 979 5160 lum
1021 5096 1266 5156 lucrum
1296 5099 1568 5154 cessaret
1619 5094 1718 5154 vel
1752 5094 2053 5153 damnum
2100 5112 2384 5171 emerge-

842 5195 959 5253 ret.
994 5191 1126 5249 Imo
1146 5188 1293 5248 licet
1318 5187 1587 5266 pretium
1617 5187 1845 5248 cambii
1874 5204 1999 5246 non
2022 5186 2376 5263 excederet,

843 5284 954 5346 sed
986 5286 1150 5343 esset
1189 5282 1395 5342 minus
1426 5298 1614 5360 quam
1669 5281 1936 5359 pretium
1991 5279 2379 5358 trajectionis

846 5376 1031 5437 realis
1060 5393 1202 5435 cum
1234 5372 1852 5448 assecuratione,non
1882 5372 2130 5432 videtur
2151 5375 2373 5448 tutum,

848 5469 1018 5549 quod
1047 5468 1218 5528 idem
1243 5467 1513 5547 pretium
1555 5465 1759 5545 majus
1808 5484 2065 5525 currens
2127 5465 2188 5524 in
2246 5465 2381 5526 foro

1976 283 2078 343 DE
2120 282 2475 343 JUSTITIA
2521 282 2623 342 ET
2664 283 2864 343 mate:

2464 460 2543 519 ob
2570 459 2871 537 temporis
2900 460 3260 521 distantiam
3291 460 3370 519 ad
3415 460 3745 535 nundinas,
3776 466 3983 539 posset

2463 551 2624 630 exigi
2652 553 2730 611 ab
2761 570 2834 611 eo
2864 553 2965 612 cui
2995 552 3296 632 temporis
3317 552 3531 613 dilatio
3559 570 3683 612 non
3711 553 3982 613 auferret

2460 645 2727 720 lucrum,
2790 663 2903 704 nec
2958 644 3260 704 damnum
3313 646 3581 707 afferret.
3631 645 3785 718 Quia
3836 649 3983 704 tunc

2465 738 2652 799 etiam
2680 738 2902 797 minori
2948 738 3149 815 pretio
3205 738 3520 798 cambium
3574 739 3881 797 inveniret
3907 738 3980 796 ad

2462 830 2668 890 locum
2700 830 3123 891 nundinarum
3157 828 3509 890 futurarum
3552 830 3651 889 ille
3680 832 3788 909 qui
3815 830 3980 890 solu-

2462 924 2697 986 tionem
2728 942 2852 983 non
2882 924 3160 984 differret
3177 923 3257 982 ad
3287 923 3617 998 nundinas,
3641 923 3752 982 sed
3779 924 3984 984 statim

2466 1034 2604 1076 eam
2636 1018 2887 1077 offerret
2915 1016 2976 1075 in
3005 1016 3143 1076 loco
3173 1016 3597 1076 nundinarum
3615 1017 3977 1087 futurarum,

2464 1109 2563 1169 vel
2591 1110 2699 1188 qui
2728 1127 2853 1169 non
2876 1113 3114 1186 peteret
3126 1108 3458 1186 pecuniam
3489 1108 3695 1169 statim
3723 1128 3760 1167 a
3780 1126 3984 1186 camp-

2465 1220 2627 1277 sore,
2660 1201 2770 1261 sed
2800 1201 3052 1279 quando
3101 1220 3215 1261 sua
3241 1201 3509 1279 pecunia
3538 1200 3682 1260 alibi
3707 1201 3764 1259 ei
3791 1200 3984 1260 solve-

2464 1300 2734 1356 veretur.
2768 1294 2946 1356 Unde
2968 1298 3211 1354 constat
3237 1293 3412 1353 illum
3448 1311 3774 1353 excessum
3801 1294 3977 1369 pretii

2466 1405 2592 1446 non
2621 1386 2754 1446 dari
2782 1390 2932 1448 tunc
2969 1405 3082 1465 pro
3111 1387 3244 1447 sola
3287 1386 3676 1465 trajectione,
3709 1385 3820 1445 sed
3873 1404 3978 1464 pto

2466 1478 2761 1540 dilatione
2789 1479 3010 1558 majori
3040 1482 3379 1558 temporis:
3416 1496 3610 1558 quare
3637 1496 3761 1537 non
3804 1496 3982 1557 appa·

2465 1577 2563 1633 ret
2583 1571 2789 1650 justus
2817 1570 3033 1632 titulus
3063 1571 3141 1630 ad
3162 1571 3338 1631 illum
3367 1589 3714 1646 excessum,
3738 1570 3848 1630 nisi
3876 1570 3980 1630 ad—

2468 1666 2548 1725 sit
2573 1666 2638 1724 in
2667 1681 2993 1742 campsore
3020 1663 3235 1725 titulus
3263 1682 3448 1725 verus
3478 1664 3634 1724 lucri
3669 1664 3974 1734 cessantis

2467 1758 2566 1819 vel
2594 1757 2803 1818 damni
2842 1757 3239 1833 emergentiS,
3293 1757 3399 1835 qui
3450 1756 3665 1817 titulus
3718 1774 3980 1816 commu·

2468 1851 2629 1912 niter
2656 1849 2835 1910 adest
2862 1849 2923 1908 in
2953 1848 3026 1908 iis
3059 1849 3531 1923 mercatoribuS,
3566 1853 3631 1910 et
3675 1848 3813 1908 ideo
3842 1867 3975 1926 pre-

2465 1944 2624 2005 tium
2644 1942 2869 2003 cambii
2899 1941 3314 2002 communiter
3333 1941 3557 2002 crescit
3576 1940 3656 2002 ob
3685 1940 3974 2019 maj0rem

2465 2035 2765 2115 temporis
2796 2033 3155 2095 distantiam
3182 2034 3264 2094 ad
3296 2034 3628 2108 nundinaS,
3661 2052 3775 2093 nec
3803 2051 3970 2112 opor·

2469 2135 2560 2191 tet
2605 2128 2756 2188 alios
2784 2127 2997 2189 titulos
3025 2145 3308 2205 quaerere
3363 2127 3444 2187 ad
3481 2145 3627 2186 eum
3680 2144 3974 2185 excessum

2463 2220 2960 2301 justificandum,
2995 2219 3100 2278 sed
3133 2219 3350 2279 sistere
3379 2219 3444 2278 in
3474 2219 3579 2279 illo
3614 2219 3788 2280 titulo
3838 2219 3977 2278 lucri

2471 2313 2791 2386 cessantis,
2823 2313 2922 2372 vel
2980 2311 3194 2371 damni
3249 2311 3649 2391 emergentis,
3698 2312 3801 2392 qui
3844 2312 3978 2373 satis

2472 2406 2823 2468 communis
2854 2407 2948 2464 est
2974 2404 3428 2465 mercatoribus
3457 2422 3723 2483 quorum
3776 2405 3971 2482 praeci·

2471 2517 2666 2579 puum
2693 2497 3053 2576 negotiandi
3080 2498 3566 2557 instrumentum
3578 2499 3836 2576 pecunia
3861 2504 3965 2557 est.

2475 2594 2633 2655 Sunt
2658 2597 2864 2652 tamen
2896 2589 3000 2650 alii
3033 2590 3298 2651 tituli-ad
3322 2590 3790 2668 justificandum
3840 2590 3975 2650 illud

2471 2687 2715 2746 lucrum
2765 2702 2923 2762 quos
2951 2683 3236 2761 congerit
3260 2686 3433 2743 LeSS.
3472 2683 3622 2744 dub.
3658 2700 3723 2743 11.
3758 2702 3856 2743 nu.
3887 2686 3972 2743 56.

2475 2777 2772 2837 nimirum
2801 2775 3007 2854 majus
3036 2776 3405 2853 periculum,
3441 2775 3538 2835 cui
3595 2776 3852 2853 pecunia
3892 2794 3976 2834 su·

2479 2871 2618 2931 best
2644 2867 2909 2945 longiori
2950 2873 3267 2945 tempore;
3301 2873 3364 2929 et
3403 2868 3554 2946 quia
3604 2873 3751 2928 tunc
3799 2869 3978 2944 major

2481 2962 2639 3022 solet
2666 2979 2800 3020 esse
2839 2977 3137 3019 numerus
3182 2960 3529 3039 petentium
3559 2960 3881 3031 cambium,
3913 2978 3977 3018 ex

2482 3072 2604 3134 quo
2637 3053 2860 3115 crescit
2892 3053 3079 3112 etiam
3109 3053 3285 3112 valor
3328 3053 3579 3129 cambii,
3612 3059 3674 3114 et
3699 3052 3968 3130 denique,

2481 3147 2629 3227 quia
2658 3146 2972 3208 cambium
3001 3144 3152 3206 illud
3182 3145 3262 3205 ad
3290 3145 3538 3224 longius
3559 3151 3797 3225 tempus
3824 3145 3977 3204 vide-

2479 3246 2581 3302 tur
2620 3240 2682 3299 in
2713 3241 2940 3300 virtute
2983 3239 3302 3299 continere
3331 3240 3512 3318 plura
3556 3239 3815 3314 cambia,
3848 3258 3974 3316 quae

2482 3334 2557 3394 ad
2591 3333 2842 3393 brevius
2871 3337 3118 3411 tempus
3149 3333 3424 3410 exigeret
3476 3333 3847 3411 campsarius
3895 3333 3982 3390 in-

2479 3431 2577 3487 tra
2613 3425 2782 3485 idem
2837 3428 3103 3503 tempuS‚
3139 3428 3202 3484 et
3228 3443 3340 3503 pro
3371 3424 3602 3502 quibus
3656 3425 3786 3504 plus
3835 3423 3973 3483 lucri

2480 3519 2769 3594 solveret,
2805 3536 2993 3596 quam
3022 3518 3224 3578 solvat
3252 3536 3362 3596 pro
3394 3517 3522 3593 illo,
3582 3537 3716 3596 quae
3761 3535 3966 3590 causae,

2481 3611 2732 3689 quando
2764 3615 2826 3670 et
2855 3609 3170 3689 quomodo
3190 3610 3432 3687 possint
3448 3609 3602 3669 illud
3630 3611 3856 3670 lucrum
3882 3628 3972 3667 ex-

2481 3722 2722 3778 cusare,
2757 3706 3001 3763 constat
3031 3721 3105 3761 ex
3136 3702 3421 3762 doctrina
3452 3703 3620 3778 data,
3680 3706 3739 3763 et
3802 3721 3867 3761 ex
3894 3701 3974 3760 di-

2482 3795 2696 3858 cendis
2726 3796 2788 3854 in
2819 3795 3245 3873 sequentibus
3280 3794 3461 3856 Hinc.

2562 3887 2765 3948 infero
2808 3888 3031 3964 primo,
3079 3886 3196 3946 hoc
3249 3905 3449 3965 genus
3518 3886 3762 3957 cambii,
3813 3884 3969 3947 etiam

2483 3980 2733 4060 quando
2762 3997 3054 4057 campsor
3081 3979 3253 4057 prior
3279 3979 3466 4041 solvit
3496 3999 3510 4039 :
3545 3980 3704 4039 sicut
3728 3983 3788 4039 et
3811 3996 3970 4057 quan·

2483 4075 2562 4134 do
2592 4073 2762 4151 prior
2790 4072 3050 4151 accepit,
3094 4073 3279 4132 licere
3310 4090 3436 4131 non
3459 4073 3663 4132 solum
3693 4070 3968 4150 campsori
4032 4039 4087 4134 ἓ

2481 4165 2756 4245 publice,
2790 4165 2901 4225 sed
2930 4164 3119 4225 etiam
3148 4164 3404 4226 cuilibet
3433 4165 3700 4242 privam,
3731 4166 3782 4224 si
3807 4164 3972 4223 aliun·

2484 4259 2561 4319 de
2589 4259 2727 4336 lege
2750 4257 3049 4335 peculiari
3081 4275 3201 4316 non
3253 4257 3682 4335 prohibeatur,
3715 4263 3783 4318 ut
3813 4258 3973 4316 faten-

2481 4355 2584 4412 tur
2601 4350 2833 4411 Melina
2862 4350 3023 4427 disp.
3056 4353 3194 4410 405.
3228 4349 3290 4408 in
3320 4350 3654 4428 principio,
3703 4356 3763 4410 et
3792 4347 3974 4409 Rebel-

2482 4444 2599 4518 luS,
2633 4460 2819 4521 quem
2852 4444 3030 4502 affert
3057 4445 3119 4502 et
3145 4441 3428 4520 sequitur
3458 4443 3636 4503 Salas
3665 4442 3826 4503 dicto
3850 4439 3968 4499 dub.

2483 4554 2567 4598 lx.
2604 4537 2666 4595 in
2711 4536 2834 4596 fine
2871 4556 2884 4596 τ
2919 4535 3066 4614 quia
3095 4535 3247 4595 nihil
3278 4535 3559 4597 continet
3587 4535 3687 4596 hic
3730 4541 3974 4595 conmo-

2482 4633 2604 4706 tuS,
2651 4629 2730 4689 ob
2779 4629 2947 4708 quod
3002 4629 3267 4708 quilibet
3310 4629 3491 4688 illum
3545 4646 3829 4689 exercere
3874 4643 3968 4685 non

2482 4723 2701 4803 possit.

2566 4815 2768 4876 Infero
2789 4814 3087 4890 secundo,
3122 4813 3441 4893 loquendo
3473 4813 3553 4872 de
3576 4812 3720 4892 jure
3749 4816 3966 4880 naturae,

2484 4909 2721 4968 licitum
2748 4927 2882 4967 esse
2904 4908 3024 4968 hoc
3042 4906 3362 4967 cambium
3384 4924 3529 4966 cum
3558 4906 3753 4980 lucro,
3784 4905 3967 4965 etiam-

4055 4157 4087 4198 F

4037 4956 4087 5006 (fi

2484 5001 2536 5061 si
2566 5005 2825 5080 uterque
2853 5000 3027 5060 locus
3057 4999 3318 5060 sitintra
3335 4998 3502 5059 idem
3516 5017 3798 5077 regnum,
3828 5001 3970 5057 utte-
4001 5011 4086 5072 ρει*

2485 5099 2634 5155 nent
2660 5092 2889 5155 Molina
2905 5093 3011 5152 ubi
3040 5110 3251 5171 supra,
3285 5090 3533 5152 Lessius
3564 5110 3628 5151 n.
3651 5093 3750 5151 33.
3782 5092 3969 5149 Navar-

2482 5206 2609 5260 ruS‚
2646 5186 2956 5262 Rebellus,
2991 5188 3186 5266 vega,
3222 5189 3286 5245 et
3310 5184 3418 5244 alii
3454 5184 3668 5263 plures
3710 5200 3862 5262 quos
3891 5198 3968 5239 re·

2483 5282 2603 5342 fert
2627 5285 2690 5341 et
2739 5279 3021 5357 sequitur
3067 5278 3246 5339 Salas
3303 5277 3454 5338 duh.
3495 5292 3556 5337 x.
3613 5296 3721 5337 nu.
3761 5280 3814 5336 2.
3854 5274 3970 5353 quia

2484 5374 2673 5434 etiam
2719 5373 2882 5433 intra
2955 5372 3120 5432 idem
3175 5389 3444 5449 regnum
3499 5370 3783 5448 trajectio
3825 5366 3970 5427 reali÷

2483 5466 2682 5546 pretio
2704 5466 2861 5527 solet
2876 5465 3269 5543 compensari
3300 5462 3705 5541 agasonibu5‚
3727 5465 3787 5523 et
3811 5459 3971 5540 pretio
