4263 6376
1134 237 1604 299 DISPUTA'PIO
1648 237 1950 313 xxxva,
2001 237 2275 299 SEC'PIO
2320 238 2420 297 lv.
3243 241 3360 300 689

284 413 554 479 Secundo
574 412 1002 493 principaliter
1018 412 1321 493 probatur
1346 413 1568 475 eadem
1581 432 1722 473 sen-

222 510 407 586 tentia,
434 508 583 588 quia
605 507 803 587 judex
827 507 968 568 ideo
1005 507 1198 569 debet
1225 507 1401 586 sequi
1434 508 1723 569 notitiam

221 603 500 683 publicam
545 599 918 681 acquisitam
970 618 1085 679 per
1138 599 1541 679 probationes
1568 647 1584 676 ‚
1646 618 1723 660 ne

1822 431 2260 488 communem;
2292 413 2475 475 tertia
2505 416 2715 475 tamen
2744 413 3221 476 habeti-ationes
3240 414 3361 476 for·
3451 435 3661 480 smmum

1821 509 1986 568 tasse
2015 506 2219 585 magis
2253 506 2540 568 efficaces
2566 553 2581 584 ,
2642 525 2789 567 nam
2817 507 2966 569 licet
2994 526 3119 568 non
3150 509 3363 569 omnia
3429 490 3698 598 ffip‘ssffigffl

1793 599 1956 680 ejus
1983 604 2359 678 argumenta
2387 600 2696 678 probent,
2748 600 2874 661 imo
2906 600 3118 680 aliqua
3146 620 3364 662 eorum
3425 598 3693 651 ww·-

219 697 433 757 aberret
459 712 496 753 a
523 694 786 755 veritate
836 693 900 754 in
950 693 1265 755 sententia
1291 684 1672 773 proferenda
1706 713 1719 754 ε

221 806 346 866 ergo
388 786 637 865 quando
680 785 801 847 illae
846 785 1251 864 probationes
1306 786 1513 865 potius
1568 803 1722 848 con-

220 881 426 942 ducunt
453 878 534 939 ad
562 877 933 957 salsitatem,
984 883 1047 940 et
1083 878 1204 939 hoc
1254 883 1424 941 certo
1455 881 1721 954 constat,

216 972 419 1053 judici,
492 990 618 1033 non
671 975 878 1050 potest
922 969 1105 1051 juxta
1158 971 1296 1033 illas
1347 972 1511 1033 ferre
1554 971 1727 1050 judi-

221 1084 381 1127 mum.

282 1157 496 1234 Terti0,
519 1157 574 1218 si
588 1156 786 1237 judex
814 1160 982 1219 certo
998 1155 1187 1219 sciret
1229 1173 1410 1218 reum
1448 1175 1573 1219 non
1590 1175 1726 1218 esse

220 1251 316 1313 sub
342 1250 469 1330 ejus
488 1250 927 1330 jurisdictione
950 1295 966 1326 ,
1002 1267 1127 1309 non
1155 1253 1368 1328 posset
1394 1268 1540 1311 eum
1561 1248 1728 1329 judi-

220 1363 359 1419 care,
388 1342 532 1404 licet
557 1361 673 1421 per
692 1346 879 1405 testes
899 1342 1274 1422 probaretur
1295 1362 1431 1403 esse
1455 1342 1572 1403 sub
1594 1340 1647 1422 ej
1658 1360 1729 1402 us

214 1435 618 1517 jurisdictione
643 1454 659 1509 ;
712 1453 1009 1515 ergonec
1036 1434 1100 1495 in
1129 1452 1278 1496 casu
1308 1440 1521 1497 nostro
1551 1438 1729 1514 pote-

220 1530 314 1601 rit;
336 1547 452 1589 non
479 1528 649 1589 enim
668 1528 875 1591 minus
891 1527 1230 1608 requiritur
1251 1528 1488 1589 crimen
1509 1529 1572 1588 in
1592 1546 1723 1603 ree,

221 1640 384 1702 quam
404 1621 757 1701 jurisdictio
787 1621 848 1681 in
872 1620 1089 1701 judice
1119 1621 1201 1682 ad
1227 1622 1394 1683 licite
1425 1621 1725 1684 condem-

222 1714 497 1776 nandum.

285 1809 526 1885 Quarto,
561 1825 634 1868 ex
666 1805 954 1887 opposita
973 1807 1285 1869 sententia
1313 1806 1598 1885 sequitur
1627 1825 1729 1868 ex-

219 1900 398 1964 cusari
424 1918 607 1980 posse
628 1898 967 1961 sententias
996 1918 1154 1979 quas
1175 1898 1424 1979 judices
1451 1897 1729 1961 haeretici

218 1995 401 2055 ferunt
425 1998 648 2055 contra
677 1992 1028 2054 catholicos
1052 2038 1068 2068 ‚
1120 1992 1226 2071 qui
1266 1994 1641 2053 accusantur
1669 1993 1734 2053 et

217 2085 990 2167 probanturfalsistestibus
1002 2103 1138 2145 esse
1150 2084 1416 2145 rebelles
1433 2090 1496 2146 et
1514 2084 1602 2145 rei
1624 2085 1733 2146 lae—

218 2200 292 2241 sae
315 2179 676 2259 majestatiS,
711 2197 857 2239 nam
885 2178 1030 2240 licet
1050 2177 1298 2257 judices
1326 2178 1528 2240 sciant
1554 2177 1734 2238 inno-

221 2274 465 2336 centiam
493 2272 610 2349 rei,
645 2270 934 2351 judicant
963 2276 1175 2332 tamen
1205 2271 1553 2331 secundum
1580 2271 1736 2331 alle-

218 2369 348 2445 gata
372 2370 430 2428 et
456 2366 747 2446 probata,
799 2382 914 2425 nec
959 2363 1230 2426 aderunt
1277 2363 1383 2443 qui
1413 2362 1608 2425 velint
1634 2367 1734 2424 te—

217 2458 444 2519 stificari
475 2476 592 2539 pro
635 2462 813 2537 parte
843 2457 1178 2519 contraria.
1232 2456 1530 2536 Sequitur
1558 2456 1731 2533 item,

216 2552 261 2612 si
285 2552 464 2632 aliqui
498 2552 963 2631 conspirassent
991 2555 1210 2612 contra
1225 2549 1394 2610 viros
1419 2548 1733 2613 sanctissi-

216 2663 356 2720 m08,
390 2647 452 2706 et
479 2662 589 2706 eos
617 2662 730 2723 per
767 2642 1147 2703 calumniam
1176 2645 1507 2717 accusent;
1552 2651 1736 2722 posse

216 2737 402 2799 adhuc
423 2735 709 2817 judicem
761 2737 861 2798 cui
902 2735 1218 2797 calumnia
1258 2738 1540 2812 constat,
1599 2735 1738 2796 illos

216 2834 500 2910 tanquam
529 2830 865 2891 sceleratos
914 2828 1134 2908 punire
1158 2873 1175 2906 ,
1234 2846 1375 2907 quae
1407 2827 1620 2889 omnia
1645 2827 1738 2888 vi-

217 2923 423 2986 dentur
451 2923 605 2986 satis
628 2922 923 2985 absurda.

287 3017 506 3089 Quinto
539 3015 846 3096 probatur
887 3033 959 3076 ex
991 3014 1096 3075 illo
1120 3012 1327 3077 Exod.
1362 3017 1607 3091 xxn1,7.
1640 3013 1741 3074 In·

213 3117 433 3186 sontem,
465 3117 524 3171 et
536 3108 770 3191 justum
798 3128 912 3168 non
941 3106 1181 3184 occides,
1214 3107 1356 3188 quia
1382 3126 1618 3169 aversor
1637 3106 1742 3166 im·

207 3203 382 3284 pium.
442 3205 576 3264 Nec
618 3202 831 3278 dicas,
882 3202 944 3260 in
992 3219 1142 3262 casu
1171 3205 1386 3262 nostro
1411 3201 1586 3261 illum
1616 3219 1742 3262 non

216 3315 337 3357 csse
368 3296 681 3358 insontem
710 3294 772 3355 in
803 3293 1055 3374 publica
1076 3294 1370 3373 opinione
1405 3314 1418 3355 :
1454 3311 1603 3354 nam
1623 3293 1744 3355 hac

218 3389 388 3450 etiam
434 3388 680 3450 ratione
709 3388 997 3449 Susanna
1043 3390 1107 3447 et
1134 3386 1380 3448 Naboth
1406 3390 1747 3465 potuerunt

216 3482 327 3544 dici
353 3487 567 3544 sontes
596 3484 659 3542 et
702 3480 942 3560 iniqui,
1001 3498 1146 3541 cum
1195 3483 1408 3541 tamen
1454 3479 1745 3541 dicantur

219 3576 391 3654 pleno
422 3593 535 3637 ore
563 3573 951 3635 innocenteS.

287 3668 580 3730 Secunda
623 3686 769 3747 pars
821 3665 1008 3747 hujus
1053 3665 1411 3742 sententiae,
1471 3665 1639 3745 quod
1680 3665 1746 3727 in

211 3761 402 3821 causis
430 3760 721 3822 civilibus
750 3763 813 3820 et
841 3759 905 3819 in
935 3758 1138 3837 poenis
1167 3757 1572 3838 pecuniariis,
1610 3759 1743 3820 cxi-

212 3854 292 3930 lii,
333 3852 705 3932 privationis
737 3851 1087 3914 officiorum
1108 3899 1128 3926 ,
1182 3856 1245 3913 et
1272 3851 1579 3913 similibus
1608 3871 1747 3932 pos-

216 3947 501 4027 sitjudex
551 3946 971 4008 condemnare
1014 3943 1363 4006 secundum
1392 3944 1661 4024 allegata
1689 3948 1753 4007 et
1803 3953 1808 3958 “

214 4041 470 4119 probata
518 4039 697 4100 illum
743 4057 932 4118 quem
975 4042 1147 4099 certo
1180 4036 1296 4098 scit
1325 4036 1745 4115 innocentem,

214 4133 548 4210 probatur,
596 4131 744 4211 quia
786 4132 932 4192 licet
977 4130 1336 4211 respublica
1366 4148 1491 4191 nen
1521 4129 1752 4192 habeat

215 4225 559 4287 dominium
607 4243 794 4303 supra
822 4225 1018 4287 vitam
1063 4228 1126 4286 et
1153 4223 1440 4285 membra
1471 4223 1753 4286 subdito-

213 4339 381 4395 rum;
433 4319 634 4381 habet
678 4323 890 4381 tamen
920 4318 1074 4379 illud
1106 4337 1298 4397 supra
1326 4318 1463 4379 haec
1492 4317 1617 4378 alia
1646 4318 1752 4379 bo-

215 4432 289 4472 na
311 4458 327 4490 ,
375 4413 468 4475 ita
511 4416 582 4473 ut
610 4411 983 4472 adveniente
1005 4410 1177 4490 justa
1208 4428 1399 4471 causa
1421 4455 1437 4486 ,
1496 4412 1755 4489 propter

213 4506 443 4567 bonum
493 4523 825 4567 commune
870 4504 1068 4584 possit
1113 4504 1190 4564 de
1232 4504 1351 4564 illis
1394 4503 1749 4583 disponere,

213 4603 272 4661 et
296 4601 550 4660 auterre
578 4599 767 4676 bona,
798 4598 1045 4678 privare
1064 4597 1308 4672 officiis,
1330 4597 1639 4676 expellere
1668 4596 1757 4657 ci-

213 4711 315 4753 ves
342 4711 380 4753 a
410 4691 690 4769 civitate,
725 4695 844 4754 etc.
881 4708 1030 4769 ergo
1061 4689 1358 4751 credibile
1389 4694 1484 4752 est
1510 4689 1756 4751 dedisse

216 4783 375 4846 hanc
409 4788 790 4865 potestatem
813 4782 1015 4864 judici
1042 4782 1124 4844 ad
1156 4802 1299 4843 eum
1326 4784 1540 4861 finem,
1576 4786 1643 4844 ut
1665 4801 1757 4843 se·

214 4879 496 4939 cundum
545 4877 718 4956 leges
764 4882 829 4938 et
871 4875 1276 4956 probationes
1300 4874 1645 4956 judicetur,
1681 4893 1759 4936 ne

214 4974 655 5034 contemnatur
678 4969 832 5030 ordo
855 4968 1192 5047 judicialiS,
1218 4967 1395 5047 cujus
1407 4968 1760 5030 observatio

212 5080 616 5143 summopere
660 5061 957 5124 conducit
1001 5061 1083 5122 ad
1112 5079 1334 5141 pacem
1381 5064 1445 5122 et
1486 5062 1766 5141 quietem

217 5156 611 5236 reipublicae.

294 5252 471 5312 Inter
502 5249 617 5309 has
644 5248 984 5310 sententias
1012 5246 1292 5309 secunda
1312 5250 1407 5308 est
1420 5245 1603 5309 valde
1623 5262 1771 5325 pro-

231 5342 455 5404 babilis
504 5345 763 5421 propter
810 5341 1249 5405 auctoritatem
1296 5341 1362 5402 S.
1407 5339 1665 5402 Thomae
1713 5343 1778 5403 et

558 5437 715 5498 Tou.
754 5436 884 5497 Vll.

1822 691 2037 754 instari
2066 692 2309 771 possint
2338 696 2557 754 contra
2575 694 2921 754 secundam
2942 697 3182 771 partem
3205 693 3364 773 ejus-

1824 785 1970 846 dem
1999 784 2326 846 sententioe
2377 805 2390 847 :
2452 785 2663 865 aliqua
2711 788 2926 847 tamen
2976 786 3210 848 habent
3236 806 3365 846 ma-

1825 896 2015 957 gnam
2035 878 2187 956 vim,
2237 879 2589 958 praesertim
2619 878 2771 939 illud
2805 879 2973 958 quod
3001 880 3071 941 fit
3099 899 3174 940 ex
3204 898 3369 941 com·

1826 970 2152 1050 paratione
2182 971 2264 1030 ad
2292 969 2628 1051 conjugem
2650 1016 2667 1049 ,
2714 972 2816 1032 cui
2853 990 3196 1051 numquam
3222 973 3370 1033 licet

1827 1082 2207 1142 cognoscere
2236 1082 2365 1125 non
2392 1082 2594 1141 suam,
2629 1065 3037 1144 quantumvis
3068 1065 3368 1144 probetur

1828 1160 1891 1218 et
1918 1176 1955 1217 a
1995 1156 2211 1236 judice
2246 1156 2615 1219 'declaretur
2654 1177 2768 1218 sua
2827 1178 2840 1218 :
2903 1157 3153 1217 difficile
3200 1158 3367 1217 enim

1826 1249 2115 1311 redditur
2143 1249 2302 1312 ratio
2330 1250 2735 1329 disparitatis,
2768 1254 2838 1313 ut
2866 1250 3159 1312 vidimuS.
3193 1253 3371 1311 Nunc

1827 1343 2157 1404 videamus
2225 1361 2366 1422 quae
2421 1344 2794 1421 argumenta
2849 1341 3084 1405 habeat
3136 1362 3248 1422 pro
3306 1362 3371 1404 se

1826 1436 2105 1497 secunda
2158 1435 2500 1514 sententia,
2560 1440 2623 1497 et
2680 1436 2996 1515 quomodo
3051 1436 3208 1497 solvi
3264 1436 3373 1496 de-

1824 1529 2038 1590 beant.

1906 1621 2138 1698 Prim0,
2171 1640 2319 1701 ergo
2349 1621 2633 1700 arguitur
2662 1641 2776 1702 pro
2803 1622 2912 1681 illa
2932 1640 3007 1682 ex
3036 1621 3191 1682 Dent
3217 1638 3370 1696 xvn,

1826 1718 1884 1775 6.
1917 1713 1990 1774 In
2019 1733 2119 1774 ore
2147 1713 2417 1788 duorum,
2456 1714 2545 1775 vel
2570 1715 2755 1775 trium
2771 1715 2998 1775 testium
3015 1713 3257 1795 peribit,
3277 1713 3382 1794 qui

1827 1806 2233 1888 interficietur.
2268 1808 2732 1887 Respondetur‚
2770 1809 2857 1868 ibi
2885 1808 3161 1886 praecipi,
3198 1826 3274 1867 ne
3295 1806 3373 1867 si-

1829 1918 1908 1960 ne
1937 1899 2206 1960 duorum
2234 1899 2591 1961 testimonio
2620 1899 2845 1980 aliquis
2861 1900 3214 1977 damnetur,
3236 1899 3377 1960 ideo

1831 1993 1998 2054 enim
2026 1992 2430 2072 subjungitur
2475 1993 2562 2053 ibi
2622 2013 2635 2054 :
2702 2012 2867 2054 nemo
2919 1992 3219 2053 occidatur
3266 2010 3380 2051 mio

1832 2096 2039 2148 contra
2093 2104 2155 2146 se
2209 2085 2429 2147 dicente
2483 2087 2873 2146 testimonium
2902 2107 2916 2158 ς
2986 2105 3111 2147 non
3167 2089 3380 2146 tamen

1833 2178 2006 2259 quod
2036 2197 2286 2257 semper
2314 2179 2648 2240 damnetur
2676 2179 3200 2241 concurrentibus
3231 2179 3382 2238 duo-

1831 2273 1951 2333 bus
1978 2272 2279 2333 testibus:
2314 2275 2577 2351 possunt
2605 2273 2774 2332 enim
2797 2291 3132 2333 occurrere
3160 2272 3379 2347 multa,

1833 2364 2093 2445 propter
2122 2383 2265 2444 quae
2291 2364 2376 2425 illi
2408 2383 2534 2426 non
2559 2365 2894 2427 sufficiant.

1915 2457 2206 2519 Secundo
2238 2456 2532 2537 objicitur
2560 2476 2637 2517 ex
2666 2458 2856 2537 capit.
2891 2457 3264 2531 PastoraIiS,
3322 2458 3378 2536 ἓ.

1839 2550 1989 2626 Quia
2018 2569 2174 2623 vere,
2226 2548 2296 2609 de
2322 2548 2523 2630 officio
2537 2596 2558 2625 ,
2610 2558 2667 2611 et
2693 2558 2972 2631 potestate
2985 2550 3209 2631 judicis
3239 2548 3386 2610 dele·

1836 2643 1981 2724 qati,
2032 2643 2140 2704 ubi
2172 2642 2459 2704 Pontifex
2489 2643 2613 2719 ait,
2667 2642 2951 2722 judicem
2994 2642 3384 2703 ordinarium

1838 2736 2066 2797 debere
2097 2735 2324 2815 exequi
2351 2735 2728 2797 sententiam
2775 2735 3081 2814 delegati,
3143 2734 3385 2796 etiamsi

1838 2828 1995 2891 sciat
2019 2828 2197 2888 illam
2227 2846 2364 2889 esse
2392 2828 2711 2908 injustam.
2776 2827 3252 2907 Respondetur,
3302 2828 3390 2888 ibi

1839 2939 2194 2984 sermonem
2245 2939 2381 2982 esse
2411 2922 2490 2982 de
2529 2920 2842 2984 sententia
2872 2940 2997 2981 non
3030 2921 3388 2983 continente

1841 3032 2095 3094 poenam
2123 3013 2367 3091 mortis,
2400 3015 2501 3075 vel
2528 3012 2940 3075 mutilationis
2963 3059 2980 3089 ‚
3035 3013 3146 3074 sed
3203 3013 3390 3073 aliam

1841 3126 2097 3187 poenam
2127 3106 2659 3169 ecclesiasticam:
2694 3125 2885 3186 quam
2902 3105 3164 3186 quidem
3184 3106 3391 3168 Ponti-

1840 3202 1942 3263 fex
1973 3205 2232 3281 propter
2265 3200 2680 3281 justissimam
2737 3218 2992 3262 causam
3022 3201 3393 3262 subordina-

1842 3295 2030 3357 tionis
2059 3294 2288 3355 debitae
2332 3294 2660 3355 servandoe
2713 3298 2921 3373 potest
2976 3294 3135 3354 velle
3155 3340 3170 3371 ‚
3223 3293 3391 3374 quod

1842 3387 2184 3448 mandetur
2211 3386 2565 3447 executioni
2590 3385 2669 3448 ab
2702 3385 3022 3460 ordinario
3051 3406 3063 3448 ε
3098 3405 3278 3447 secus
3306 3404 3398 3446 cs-

1844 3485 1941 3543 set
1967 3480 2019 3541 si
2063 3479 2374 3542 sententia
2421 3479 2770 3542 contineret
2817 3480 3196 3542 ablationem
3226 3479 3393 3556 vitae,

1845 3579 1955 3636 aut
1986 3573 2439 3634 membrorum.

1925 3668 2135 3730 Tertio
2166 3665 2461 3745 objicitur
2498 3665 2874 3728 Ambrosius
2921 3685 3111 3728 serm.
3167 3667 3301 3728 XX.
3334 3666 3398 3726 in

1847 3760 2009 3842 psal.
2044 3776 2266 3822 cxvm.
2314 3762 2575 3821 «Bonus
2615 3759 2814 3839 judex
2844 3760 2997 3820 nihil
3044 3779 3115 3820 cx
3147 3759 3401 3820 arbitrio

1847 3873 1962 3916 suo
1991 3852 2163 3930 facit,
2197 3852 2307 3913 sed
2335 3853 2507 3932 leges
2538 3857 2601 3914 et
2613 3853 2762 3931 jura
2792 3852 3174 3933 pronuntiat,
3209 3856 3401 3914 statu-

1849 3946 1928 4008 tis
1958 3944 2155 4007 sacris
2184 3944 2619 4024 obtemperat,
2654 3964 2782 4006 non
2815 3946 3104 4024 indulget
3130 3945 3402 4025 propriae

1849 4038 2178 4115 voluntati,
2213 4036 2369 4098 nihil
2396 4042 2690 4117 paratum
2713 4083 2730 4116 ,
2792 4042 2856 4100 et
2882 4039 3261 4099 meditatum
3291 4039 3403 4099 do-

1849 4151 1953 4194 mo
1984 4132 2208 4210 defert,
2242 4130 2353 4192 sed
2381 4131 2542 4193 sicut
2569 4131 2768 4209 audit,
2804 4130 2894 4192 ita
2918 4131 3186 4212 Judicat.
3220 4155 3248 4190 υ
3289 4134 3405 4193 Re-

1853 4225 2225 4306 spondetur,
2260 4223 2362 4286 hic
2392 4225 2596 4287 solum
2628 4225 2913 4286 damnari
2932 4226 2996 4285 in
3012 4224 3227 4305 judice
3248 4243 3405 4304 pra:-

1847 4318 2090 4399 judicia
2118 4320 2256 4379 orta
2289 4335 2366 4378 ex
2405 4319 2635 4380 affectu
2685 4337 2826 4398 quae
2860 4317 3167 4397 impedire
3205 4318 3408 4380 solent

1855 4431 1933 4473 ne
1965 4412 2044 4472 ab
2074 4411 2149 4472 iis
2179 4430 2320 4490 quae
2352 4411 2566 4485 audit,
2611 4411 2809 4491 possit
2835 4412 3225 4491 persuaderi.
3284 4414 3407 4472 De-

1853 4505 1963 4566 bet
1988 4504 2202 4584 itaque
2235 4504 2350 4565 hos
2382 4503 2671 4583 proprios
2701 4522 2921 4566 sensus
2951 4504 3265 4584 deponere
3290 4549 3306 4580 ‚
3337 4508 3409 4565 ut

1854 4616 2033 4658 mens
2061 4596 2425 4658 indifferens
2450 4595 2696 4658 facilior
2724 4597 2806 4658 sit
2834 4597 2915 4657 ad
2943 4597 3273 4658 veritatem
3302 4615 3408 4657 ca-

1858 4690 2158 4770 piendam
2206 4708 2220 4754 :
2277 4709 2402 4751 non
2451 4693 2663 4752 tamen
2708 4689 2898 4751 debet
2931 4690 3253 4753 veritatem
3283 4690 3413 4752 cvi-

1861 4783 2083 4844 denter
2112 4788 2329 4845 notam
2359 4782 2713 4863 relinquere
2744 4829 2761 4862 ,
2814 4786 2876 4846 et
2912 4783 3252 4846 falsitatem
3281 4803 3410 4845 cer-

1860 4881 1994 4939 tam
2020 4895 2135 4955 pro
2163 4877 2430 4939 veritate
2460 4876 2782 4956 amplecti.

1935 4971 2170 5042 Quarto
2203 4968 2530 5049 objicitur,
2592 4989 2730 5032 esse
2762 4974 2984 5032 contra
3008 4970 3319 5032 rationem
3348 4974 3417 5031 ut
3484 4953 3485 4956 ¹

1865 5062 2013 5141 plus
2043 5062 2367 5123 deferatur
2392 5063 2502 5123 uni
2528 5109 2545 5140 ,
2606 5081 2798 5144 quam
2827 5062 3076 5125 duobus
3106 5063 3379 5125 testibus
3413 5084 3427 5127 ε

1870 5155 1993 5215 hoc
2026 5158 2240 5215 autem
2286 5155 2523 5216 faceret
2567 5155 2765 5236 judex
2817 5156 2922 5236 qui
2968 5162 3225 5236 propter
3252 5177 3434 5219 suam

1875 5246 2212 5308 scientiam
2238 5248 2539 5327 relinquit
2566 5250 2817 5312 testimo
2827 5250 2999 5311 nium
3021 5251 3311 5329 duorum,
3334 5251 3436 5313 vel

1879 5339 2079 5401 trium
2106 5341 2386 5405 testium.
2437 5343 2880 5422 Respondetur
2912 5343 3195 5424 judicem
3222 5344 3285 5406 in
3314 5344 3438 5425 pri·

3077 5442 3155 5499 44

3566 4983 3646 5042 46
