4263 6376
571 577 650 638 99

513 701 736 746 Solvuntur

493 761 753 812 argumenta.

835 389 951 450 294
1971 384 2074 449 DE
2116 385 2151 447 J
2158 382 2473 449 Us'rl'rlA
2515 383 2617 446 ET
2658 382 2858 447 JURE

900 564 1125 646 Arguit
1151 564 1316 626 idem
1345 564 1596 642 Molina,
1631 564 1779 645 quia
1806 564 1887 626 ad
1915 567 2204 627 mutuum
2232 563 2354 625 vir-

818 659 987 722 tuale
1017 659 1244 721 sufficit
1272 659 1438 738 quod
1465 659 1882 721 mutuatarius
1909 678 1977 720 se
2007 658 2244 737 obliget
2271 657 2352 717 ad

819 752 1056 832 aliquid
1110 752 1172 812 in
1217 751 1495 813 futurum
1549 770 1664 831 per
1707 771 1796 829 se,
1854 754 1954 813 vel
2000 771 2111 832 per
2159 751 2351 812 alium

820 863 1008 927 quem
1034 845 1172 906 loco
1202 845 1299 905 sui
1326 845 1667 907 constituit.
1727 845 2009 907 Creditor
2045 850 2257 907 autem
2286 845 2349 904 in

820 939 939 1000 hoc
966 957 1113 999 casu
1142 939 1421 999 vendens
1450 938 1751 1015 debitum,
1802 939 2122 1001 constituit
2167 955 2350 999 suum

819 1030 1168 1093 debitorem
1195 1033 1333 1093 loco
1364 1031 1482 1108 sui,
1518 1032 1622 1111 qui
1653 1032 1735 1093 ad
1764 1031 2000 1111 aliquid
2031 1033 2194 1093 ultra
2224 1048 2351 1092 sor-

816 1126 945 1186 tem
972 1127 1261 1186 teneatur
1300 1125 1566 1203 emptori
1612 1125 1676 1185 in
1721 1125 2020 1187 futurum.
2081 1127 2353 1204 Respon-

819 1216 1022 1296 detur,
1070 1216 1136 1278 id
1175 1236 1394 1279 verum
1438 1218 1692 1299 quidem
1739 1236 1894 1295 esse,
1950 1218 2201 1299 quando
2248 1218 2350 1279 ille

819 1309 975 1371 alius
1028 1310 1280 1371 nomine
1340 1312 1705 1373 mutuatarii
1764 1314 1983 1390 postea
2035 1312 2351 1374 soluturus

820 1406 932 1480 est,
967 1404 1067 1465 vel
1096 1405 1233 1466 loco
1263 1403 1459 1478 illius;
1493 1423 1671 1465 secus
1701 1404 1752 1465 si
1772 1405 2022 1465 nomine
2050 1404 2305 1485 proprio
2332 1423 2346 1465 t

818 1514 966 1557 nam
992 1497 1067 1574 si,
1116 1515 1177 1557 v.
1213 1517 1276 1576 g.
1327 1515 1440 1576 pro
1488 1498 1686 1576 pretio
1731 1498 2025 1577 praesenti
2070 1501 2206 1559 100.
2239 1516 2351 1560 au-

817 1607 1069 1651 reorum
1097 1590 1300 1651 vendo
1322 1589 1436 1652 tibi
1457 1593 1697 1669 segetes
1718 1591 2000 1668 acerbas„
2034 1609 2175 1670 quae
2195 1596 2350 1653 tem-

818 1699 970 1763 pore
997 1681 1236 1759 messiS,
1271 1681 1555 1744 deductis
1572 1683 1877 1762 expensis,
1911 1683 2212 1745 valebunt
2237 1683 2349 1745 tibi

816 1776 955 1838 300.
991 1774 1070 1838 do
1101 1774 1217 1837 tibi
1245 1775 1480 1855 aliquid
1511 1776 1680 1857 quod
1709 1782 1928 1855 postea
1956 1776 2182 1838 reddet
2208 1794 2351 1856 pre-

816 1868 975 1929 tium
1004 1886 1148 1929 cum
1175 1886 1407 1947 magno
1435 1869 1630 1945 lucro,
1681 1887 1805 1930 non
1834 1874 2046 1930 tamen
2089 1873 2184 1931 est
2209 1889 2351 1931 usu·

817 1978 910 2039 ra,
958 1961 1071 2022 sed
1111 1961 1229 2022 erit
1275 1962 1507 2040 emptio
1536 1962 1798 2022 fortasse
1837 1961 2068 2043 injusta
2094 1965 2354 2043 propter

817 2054 1306 2134 inaequalitatem
1335 2053 1518 2132 pretii
1552 2072 1566 2115 ε
1609 2054 1756 2133 quia
1785 2054 2079 2116 nimirum
2106 2061 2351 2135 segetes

819 2165 945 2208 non
974 2148 1223 2209 solvunt
1248 2150 1537 2209 mutuum
1588 2166 1729 2209 meo
1760 2148 2011 2209 nomine
2051 2153 2162 2212 aut
2187 2151 2346 2228 loco,

818 2239 928 2300 sed
955 2239 1069 2301 tibi
1100 2239 1276 2319 cujus
1305 2243 1469 2316 sunt,
1517 2245 1900 2303 accrescunt.
1959 2244 2050 2305 Ita
2079 2243 2345 2320 debitor,

820 2332 998 2411 cujus
1028 2332 1308 2395 debitum
1349 2333 1457 2395 tibi
1501 2334 1777 2411 vendidi,
1837 2353 1963 2396 non
2009 2335 2195 2399 solvit
2236 2336 2350 2398 tibi

816 2443 959 2486 meo
991 2425 1241 2487 nomine
1270 2429 1379 2487 aut
1402 2426 1562 2503 loco,
1598 2427 1707 2487 sed
1737 2427 1881 2509 quia
1905 2430 2038 2507 jam
2068 2446 2183 2506 per
2209 2448 2347 2489 ces-

818 2517 1059 2578 sionem
1081 2518 1240 2598 juris
1269 2537 1305 2579 a
1349 2537 1450 2579 me
1480 2520 1711 2581 factam
1758 2519 2006 2581 debitor
2037 2521 2130 2583 tui
2160 2522 2349 2583 solius

819 2616 931 2687 est,
990 2610 1101 2673 tibi
1130 2631 1240 2673 suo
1273 2612 1403 2673 solo
1447 2613 1696 2673 nomine
1738 2614 1937 2691 solvit,
1997 2633 2200 2695 neque
2231 2635 2346 2695 ego

818 2704 942 2765 ullo
971 2704 1159 2766 modo
1207 2724 1321 2786 per
1365 2706 1542 2766 illum
1594 2706 1705 2767 tibi
1753 2708 1950 2786 solvo,
2003 2708 2139 2788 jam
2182 2710 2349 2770 enim

813 2796 928 2857 tihi
956 2798 1110 2858 solvi
1142 2798 1445 2879 quidquid
1472 2798 1803 2878 debebam,
1826 2802 2229 2864 tranferendo
2244 2802 2348 2883 jus

819 2894 880 2952 et
908 2891 1217 2951 actionem
1247 2892 1308 2951 in
1335 2898 1420 2953 te.

896 2984 1094 3062 Argui
1120 2988 1326 3063 potest
1356 2986 1535 3047 tertio
1567 2986 1715 3048 dub.
1747 3003 1942 3050 xxvn.
1989 3008 2051 3051 n.
2086 2994 2146 3051 6.
2203 2990 2349 3071 quia

816 3076 865 3137 si
896 3077 1312 3138 mutuatarius
1341 3078 1653 3159 accipiens
1697 3081 1795 3141 90.
1847 3081 2039 3143 nollet
2085 3101 2151 3143 se
2196 3082 2352 3143 obli-

815 3188 988 3248 gare,
1021 3169 1132 3231 sed
1151 3169 1526 3233 substituere
1552 3171 1745 3233 alium
1765 3172 1952 3236 veluti
1977 3194 2346 3255 sponsorem

815 3267 877 3325 et
903 3260 1356 3343 fidejussorem,
1391 3266 1586 3345 quise
1607 3265 1914 3344 obligaret
1938 3286 2051 3348 pro
2084 3272 2219 3330 100.
2252 3269 2347 3329 in-

812 3357 1164 3419 tercederet
1208 3376 1400 3418 usura
1457 3375 1471 3417 :
1531 3358 1652 3419 hoc
1697 3362 1909 3420 autem
1955 3361 2260 3440 contingit
2284 3362 2346 3421 in

814 3453 1026 3511 nostro
1054 3468 1224 3511 casu.
1279 3454 1462 3530 Resp.
1497 3469 1620 3530 neg
1663 3453 1887 3515 minor.
1933 3455 2170 3514 namin
2198 3474 2347 3516 casu

812 3541 917 3601 illo
964 3541 1294 3620 fidejussor
1346 3543 1618 3606 solveret
1671 3544 1774 3605 illa
1806 3549 1942 3607 100.
2004 3549 2136 3608 sine
2166 3548 2344 3609 titulo

811 3635 1165 3715 sufficienti,
1225 3655 1370 3697 cum
1423 3656 1488 3698 se
1536 3637 1876 3716 obligasset
1917 3639 1999 3699 ad
2044 3641 2345 3703 solvenda

810 3726 915 3788 illa
974 3746 1090 3808 pro
1175 3731 1273 3791 90.
1351 3735 1566 3791 mutuo
1634 3731 1795 3793 datis
1827 3778 1842 3808 ,
1928 3752 2042 3812 pro
2116 3734 2346 3814 quibus

808 3821 1011 3881 solum
1068 3822 1301 3884 debent
1342 3822 1519 3884 reddi
1571 3823 1694 3884 alia
1745 3828 1844 3887 90.
1906 3831 1968 3889 et
2007 3827 2163 3888 ,ideo
2217 3847 2343 3889 non

806 3912 1009 3993 magis
1062 3914 1144 3975 ab
1199 3915 1304 3977 illo
1358 3921 1614 3995 possent
1655 3918 1851 3997 recipi
1899 3921 2035 3981 100.
2087 3939 2275 4001 quam
2306 3940 2344 3982 a

806 4008 1208 4070 mutuatario.
1250 4010 1331 4069 At
1357 4027 1507 4070 vero
1554 4009 1615 4069 in
1658 4028 1806 4072 casu
1845 4016 2057 4074 nostro
2096 4012 2344 4075 debitor

807 4117 932 4160 non
961 4099 1146 4161 solvit
1175 4100 1438 4178 emptori
1467 4107 1723 4182 propter
1751 4110 2061 4183 mutuum,
2095 4108 2205 4167 sed
2236 4106 2339 4168 illo

805 4191 1007 4268 titulo,
1052 4210 1176 4272 quo
1206 4192 1338 4271 ipse
1367 4200 1551 4255 antea
1581 4196 1853 4258 debebat
1878 4216 1990 4259 suo
2022 4199 2333 4274 creditori,

806 4284 914 4363 qui
939 4284 1155 4346 titulus
1179 4286 1385 4365 justus
1409 4289 1633 4365 fuerat,
1688 4293 1750 4351 et
1771 4288 1906 4368 jam
1934 4291 2051 4352 fuit
2076 4293 2338 4353 transla-

802 4380 902 4438 tus
929 4376 994 4437 in
1024 4382 1390 4457 emptorem,
1424 4399 1618 4460 quare
1646 4382 1884 4462 absque
1914 4403 2106 4444 usura
2134 4389 2338 4464 potest

804 4468 883 4529 ab
913 4488 984 4530 eo
1013 4473 1216 4533 totum
1246 4471 1529 4534 debitum
1559 4473 1743 4553 exigi,
1779 4494 1922 4536 cum
1953 4476 2334 4556 obligatione

800 4565 1014 4624 tamen
1044 4565 1412 4627 restituendi
1442 4566 1748 4628 venditori
1786 4569 2100 4631 defectum
2153 4571 2334 4651 pretii

792 4654 968 4734 justi,
1013 4675 1135 4737 quo
1163 4658 1445 4719 debitum
1473 4659 1626 4720 illud
1656 4662 1780 4721 emi
1810 4661 2147 4725 debuisset.
2196 4664 2335 4726 Dixi

798 4752 1032 4827 tamen,
1067 4749 1185 4810 hoc
1213 4752 1575 4829 procedere,
1627 4755 1879 4833 quando
1928 4775 2052 4816 non
2081 4755 2199 4818 fuit
2237 4755 2334 4818 in-

795 4842 989 4904 tentio
1031 4843 1331 4922 implicita
1371 4846 1640 4907 faciendi
1687 4851 1977 4909 mutuum
2024 4848 2327 4925 virtuale3

795 4933 916 4995 hac
946 4936 1111 4996 enim
1141 4938 1362 5016 posita,
1391 4938 1524 5018 jam
1553 4939 1805 5002 dabitur
1831 4960 2023 5003 usura
2049 4943 2327 5022 palliata,

796 5029 1045 5108 quando
1103 5031 1400 5092 nimirum
1444 5032 1509 5093 in
1558 5033 1969 5097 diminutione
2017 5036 2201 5115 pretii
2228 5038 2332 5098 in-

792 5122 1072 5183 tenditur
1098 5124 1344 5184 lucrum
1389 5126 1686 5205 emptoris
1730 5133 1987 5208 propter
2027 5130 2329 5209 temporis

795 5214 1326 5295 anticipationem.
1389 5218 1455 5278 Si
1500 5237 1648 5280 vero
1706 5221 1907 5282 solum
1963 5222 2331 5286 intendatur

788 5306 1033 5367 lucrum
1063 5327 1138 5367 ex
1169 5308 1484 5388 emptione
1511 5311 1716 5373 viliori
1743 5314 1965 5392 preti0,
2001 5334 2123 5377 non
2156 5316 2328 5378 dabi-

789 5403 894 5460 tur
919 5404 1209 5461 mutuum
1239 5402 1525 5481 formale,
1577 5424 1693 5466 nec
1719 5407 2006 5486 virtuale,
2059 5410 2170 5470 sed
2202 5429 2327 5470 em-

789 5492 917 5571 ptio
934 5491 1166 5571 injusta
1187 5494 1473 5574 obligans
1493 5499 1572 5560 ad
1590 5500 2047 5563 restitutionem
2066 5508 2325 5583 propter

787 5584 1279 5668 inaequalitatem
1308 5589 1515 5668 pretii.

2532 561 2690 623 Hinc
2710 561 2845 642 jam
2873 561 3113 624 facilior
3157 562 3277 625 erit
3320 561 3551 624 decisio
3591 562 3848 625 alterius
3875 563 3988 624 du·

2448 654 2574 731 bii,
2626 654 2794 734 quod
2823 655 2927 717 hic
2954 656 3113 718 solet
3139 656 3393 718 tractari
3419 702 3435 733 ,
3488 675 3568 717 an
3613 675 3736 719 non
3784 657 3988 718 solum

2449 748 2669 810 tertius
2699 749 2925 827 aliquis
2947 796 2962 826 ,
2996 749 3108 809 sed
3137 750 3324 811 etiam
3355 750 3488 829 ipse
3517 749 3765 812 debitor
3792 750 3988 828 possit

2451 859 2658 902 emere
2685 860 2725 902 a
2753 842 3062 903 creditore
3108 842 3391 909 debitum
3418 844 3641 920 suum‘,
3693 860 3816 922 quo
3847 845 3982 905 100.

2451 935 2507 996 ei
2537 933 2744 1011 debet,
2776 935 2981 997 viliori
3009 935 3231 1013 pretio,
3264 954 3491 1014 nempe
3518 938 3619 998 90.
3651 935 3853 996 videri
3874 954 3987 996 au-

2448 1031 2575 1090 tem
2602 1032 2815 1107 posset
2840 1030 3158 1108 superflua
3187 1029 3323 1091 haec
3345 1029 3630 1109 quaestiO,
3656 1046 3801 1089 cum
3821 1030 3990 1091 dixe·

2448 1121 2644 1182 rimus
2666 1166 2683 1199 ,
2753 1140 2869 1183 nec
2932 1121 3187 1183 tertium
3241 1122 3517 1200 aliquem
3568 1140 3754 1201 posse
3804 1122 3993 1184 vilius

2450 1232 2679 1277 emere.
2714 1214 2837 1276 Sed
2867 1232 3087 1275 revera
3115 1233 3240 1277 non
3271 1218 3366 1277 est
3389 1214 3654 1276 inutilis:
3678 1219 3814 1278 tum
3844 1215 3994 1295 quia

2451 1309 2639 1371 etiam
2667 1307 2989 1387 supposita
3017 1308 3326 1370 sententia
3374 1307 3757 1370 concedente
3782 1308 3846 1368 in
3876 1313 3997 1370 ter·

2447 1402 2533 1466 tio
2565 1405 2846 1481 emptore
2865 1447 2881 1478 ,
2935 1404 3028 1462 est
3055 1402 3341 1479 specialis
3368 1401 3702 1463 difficultas
3744 1401 3822 1462 de
3852 1401 3991 1480 ipso

2450 1495 2755 1571 debitore,
2781 1499 2844 1555 et
2868 1494 3151 1574 plerique
3178 1495 3332 1555 illud
3352 1494 3625 1573 primum
3640 1495 3997 1558 conceden-

2449 1592 2571 1665 teS,
2626 1587 2748 1649 hoc
2778 1588 3126 1648 secundum
3155 1591 3428 1666 negant,
3486 1592 3556 1650 ut
3581 1587 3939 1649 videbimus
3973 1607 3990 1650 ε

2451 1686 2584 1744 tum
2613 1681 2824 1757 etiam,
2858 1680 3005 1760 quia
3028 1680 3095 1740 in
3124 1680 3196 1741 iis
3225 1680 3472 1742 casibus
3494 1727 3510 1759 ,
3545 1680 3771 1761 quibus
3797 1698 3998 1759 prop-

2449 1781 2546 1838 ter
2562 1775 2908 1855 periculum
2925 1773 3025 1835 vel
3044 1774 3362 1835 molestias
3388 1778 3594 1854 potest
3620 1774 3781 1836 alius
3798 1774 3995 1836 etiam

2449 1868 2513 1929 in
2542 1874 2756 1930 nostra
2785 1868 3093 1929 sententia
3120 1866 3304 1928 vilius
3332 1885 3572 1944 emere,
3607 1871 3703 1930 est
3729 1866 3999 1929 difficul-

2450 1965 2547 2025 tas
2576 1962 2654 2022 de
2686 1961 2968 2023 debitore
2994 1960 3152 2039 ipso,
3187 1978 3267 2020 an
3295 1960 3360 2019 id
3388 1960 3602 2039 possit.

2528 2056 2740 2134 Aliqui
2767 2073 2917 2133 ergo
2946 2053 3183 2130 dicunt,
3215 2054 3405 2115 etiam
3432 2054 3496 2114 in
3518 2054 3728 2116 debito
3748 2054 3995 2135 liquido

2451 2155 2513 2211 et
2540 2148 2743 2225 facili,
2792 2165 2974 2227 posse
3003 2147 3352 2209 debitorem
3399 2148 3691 2226 praesenti
3719 2149 3997 2228 pecunia

2448 2241 2649 2302 viliori
2695 2240 2894 2319 pretio
2922 2239 3231 2300 redimere
3278 2257 3462 2301 suum
3510 2239 3794 2303 debitum
3840 2246 3998 2321 post

2451 2351 2683 2393 annum
2715 2332 3082 2393 solvendum
3102 2379 3117 2409 ,
3164 2332 3326 2394 sicut
3351 2336 3558 2412 potest
3584 2332 3741 2393 alius
3768 2334 3997 2396 tertius

2449 2426 2602 2488 illud
2630 2444 2862 2503 emere,
2887 2444 3027 2506 quae
3055 2424 3362 2488 sententia
3388 2425 3684 2487 tribuitur
3708 2444 4001 2489 commu-

2450 2520 2614 2581 niter
2641 2521 2690 2579 N
2698 2537 2918 2579 avarro
2948 2519 3085 2580 loco
3116 2537 3305 2597 supra
3335 2518 3441 2581 cit.
3494 2519 3640 2582 licet
3668 2519 3844 2581 Salas
3879 2520 3998 2582 ubi

2450 2631 2641 2691 supra
2669 2616 2857 2690 neget
2884 2612 2947 2672 id
2976 2615 3323 2673 Navarrum
3372 2612 3659 2673 sensisse.
3720 2614 3799 2674 Et
3847 2631 3999 2675 eam

2449 2707 2650 2770 tenuit
2674 2705 2937 2767 Armilla
2961 2724 3106 2766 cum
3130 2704 3507 2785 quibusdam
3537 2706 3696 2783 aliis,
3717 2724 3876 2786 quos
3893 2724 3997 2767 re-

2449 2799 2570 2861 fert
2599 2799 2773 2859 Salas
2803 2799 2866 2860 d.
2900 2798 3049 2860 dub.
3081 2814 3279 2861 xxvn.
3315 2816 3377 2860 n.
3401 2802 3460 2859 2.
3497 2801 3614 2861 Pro
3645 2818 3772 2879 qua
3797 2799 4000 2862 etiam

2452 2891 2681 2953 Sanch.
2716 2892 2778 2952 d.
2813 2909 2867 2952 c.
2902 2894 3032 2953 VII.
3069 2892 3438 2953 dub.xxv11.
3472 2910 3535 2952 n.
3559 2895 3615 2952 1.
3653 2892 3806 2955 citat
3833 2896 4001 2955 Ber-

2449 2986 2785 3045 nardinum
2811 2987 3104 3061 Buotum,
3137 2984 3409 3046 Conrad.
3444 2988 3508 3046 et
3536 2986 3852 3046 Rosellam
3876 3032 3892 3063 ,
3930 2989 4000 3049 et

2448 3077 2616 3139 favet
2652 3080 2735 3139 Sa
2762 3095 2952 3157 supra
2978 3077 3308 3139 adductus.
3361 3075 3866 3140 Fundamentum
3895 3084 4001 3143 est

2448 3171 2595 3252 quia
2622 3170 2709 3232 ibi
2737 3190 2864 3231 non
2895 3170 3231 3232 intervenit
3256 3174 3578 3248 mutuum,
3611 3172 3721 3232 sed
3752 3172 3996 3251 emptio

2448 3269 2510 3326 et
2536 3264 2834 3339 venditiO,
2861 3267 2923 3324 et
2949 3263 3097 3343 quia
3124 3263 3285 3325 sicut
3313 3264 3469 3325 alius
3496 3263 3756 3344 quilibet
3780 3270 4000 3344 potest

2445 3358 2599 3419 illud
2628 3357 2887 3419 minoris
2916 3375 3155 3434 emere,
3187 3357 3274 3418 ita
3304 3360 3367 3418 et
3394 3356 3526 3435 ipse
3558 3357 3804 3419 debitor
3828 3405 3844 3435 ,
3879 3358 3994 3438 qui

2445 3470 2571 3511 non
2600 3450 2788 3512 debet
2815 3449 3046 3530 pejoris
3076 3468 3211 3514 esse
3240 3450 3614 3512 conditionis
3644 3470 3835 3533 quam
3862 3470 3998 3514 cae-

2443 3544 2584 3607 teri.

2524 3636 2644 3699 Alii
2672 3640 2881 3697 tamen
2921 3655 3137 3698 omnes
3184 3640 3418 3716 negant
3461 3637 3527 3697 id
3576 3637 3805 3716 licere,
3857 3658 3995 3700 non

2444 3731 2643 3791 solum
2671 3731 2714 3790 ii
2752 3730 2858 3810 qui
2887 3735 3123 3809 negant
3148 3730 3285 3791 aliis
3312 3730 3700 3810 emptoribus
3723 3778 3739 3809 ,
3793 3736 3866 3794 ut
3891 3734 3999 3794 vi·

2443 3823 2682 3900 dimuS,
2715 3822 2825 3884 sed
2854 3824 3043 3883 etiam
3071 3823 3250 3885 multi
3281 3842 3357 3882 ex
3384 3823 3459 3883 iis
3478 3870 3494 3899 ,
3529 3824 3727 3902 quiid
3757 3842 3998 3887 conce-

2443 3917 2620 3979 dunt.
2679 3915 2858 3978 Unde
2886 3917 3119 3978 Molina
3148 3916 3210 3977 d.
3245 3916 3407 3996 disp.
3439 3918 3578 3978 361.
3613 3916 3800 3994 dixit,
3837 3937 3995 3979 sen-

2440 4010 2699 4072 tentiam
2730 4009 2899 4070 illam
2915 4009 3175 4070 Navarri
3207 4009 3589 4088 singularem
3610 4028 3744 4071 esse
3773 4015 3840 4073 et
3868 4012 3999 4074 im·

2440 4102 2853 4182 probabilem.
2914 4105 3090 4164 Hanc
3130 4103 3322 4164 etiam
3357 4106 3575 4165 tenent
3602 4102 3886 4182 Cajetan.
3926 4110 4000 4167 et

2439 4196 2724 4272 Armilla,
2760 4201 2821 4257 et
2848 4195 2953 4256 alii
2982 4196 3257 4275 plurimi,
3292 4214 3449 4278 quos
3477 4196 3761 4276 congerit
3788 4202 3857 4259 et
3883 4217 3998 4260 se-

2439 4290 2648 4369 quitur
2682 4290 2859 4351 Salas
2889 4307 2951 4352 n.
2984 4292 3044 4351 3.
3079 4294 3141 4351 et
3167 4290 3309 4366 alii,
3362 4308 3519 4370 quos
3548 4291 3730 4354 affert
3757 4291 3991 4372 etiam,

2437 4385 2500 4442 et
2526 4383 2808 4461 sequitur
2836 4382 3068 4444 Sanch.
3104 4383 3165 4443 d.
3202 4382 3354 4445 dub.
3386 4399 3566 4445 xvm.

2514 4477 2646 4554 Ego
2668 4475 2850 4556 juxta
2880 4476 3238 4555 supradicta
3266 4476 3777 4555 distinguendum
3792 4482 3989 4559 puto;

2435 4568 2486 4626 si
2531 4569 2699 4628 enim
2744 4568 3025 4631 debitum
3067 4587 3193 4631 non
3238 4570 3318 4631 sit
3360 4570 3671 4650 liquidum
3702 4573 3817 4632 sed
3852 4573 3999 4634 du·-

2431 4660 2626 4737 bium,
2649 4680 2851 4741 neque
2878 4662 2943 4721 id
2971 4663 3299 4741 proveniat
3325 4680 3399 4723 ex
3428 4665 3613 4744 culpa
3643 4665 3992 4744 debitor-18,

2433 4755 2541 4835 qui
2565 4758 2734 4816 certo
2765 4759 2827 4815 et
2852 4755 3033 4816 facile
3063 4755 3324 4817 deberet
3348 4756 3502 4818 illud
3533 4758 3776 4818 solvere
3809 4804 3825 4835 ,
3862 4761 3996 4821 sed

2432 4867 2508 4908 ex
2535 4847 2671 4908 aliis
2697 4848 3025 4927 capitibuS,
3060 4852 3209 4910 tunc
3238 4849 3400 4911 sicut
3427 4850 3584 4911 alius
3612 4896 3628 4928 ,
3662 4851 3752 4912 sic
3780 4852 3999 4914 etiam

2428 4941 2564 5020 ipse
2590 4941 2837 5003 debitor
2865 4946 3075 5021 posset
3117 4942 3379 5004 minoris
3406 4942 3563 5004 illud
3591 4962 3630 5004 a
3657 4945 3998 5009 creditore

2431 5052 2673 5108 emere;
2710 5034 2857 5114 quia
2885 5053 3028 5096 cum
3058 5054 3184 5098 non
3211 5036 3352 5115 plus
3379 5036 3588 5098 valeat
3614 5037 3676 5097 in
3708 5038 3812 5098 illo
3845 5045 4003 5102 sta-—

2428 5131 2531 5208 tu,
2584 5146 2707 5187 non
2756 5132 2851 5189 est
2896 5146 3010 5190 cur
3035 5129 3117 5191 ab
3144 5128 3281 5207 ipso
3312 5128 3595 5191 debitore
3640 5132 3802 5192 tanti
3848 5135 4001 5196 emi

2429 5240 2553 5282 non
2598 5220 2796 5301 possit
2854 5240 2868 5283 ε
2931 5221 3102 5301 quod
3157 5240 3197 5282 a
3249 5221 3492 5283 fortiori
3546 5241 3767 5283 verum
3823 5228 3995 5306 erit,

2428 5315 2681 5396 quando
2717 5314 3076 5393 anticipatio
3099 5315 3425 5377 solutionis
3445 5316 3544 5376 vel
3573 5317 3754 5394 pretii
3784 5321 4011 5384 affert

2425 5427 2638 5470 secum
2668 5408 2915 5469 lucrum
2943 5426 3229 5485 cessans,
3279 5409 3378 5469 vel
3425 5409 3727 5470 damnum
3765 5429 4002 5475 emer-—

2423 5520 2579 5583 gens
2619 5502 2922 5579 debitori,
2975 5520 3097 5582 quo
3141 5503 3320 5564 titulo
3361 5506 3570 5584 potest
3597 5504 3727 5583 ipse
3758 5503 4002 5569 detra-

2424 5594 2577 5658 here
2624 5593 2703 5658 de
2750 5592 2995 5673 debito,
3064 5595 3284 5680 quanti
3326 5594 3465 5659 haec
3492 5596 3789 5659 testimari
3822 5616 4000 5679 pos·

4128 570 4215 632 100

4089 762 4132 791 ιιι
4147 764 4226 804 possi

4038 913 4226 975 tumst-lior

4066 972 4226 1011 mlum:

4157 4504 4220 4563 1⁴]

4094 4629 4217 4673 smil!

4110 4691 4218 4727 mest
