4263 6376
531 2879 608 2938 94

433 3003 579 3046 Potest
609 3001 728 3066 prin-

434 3068 531 3112 ceps
567 3057 728 3111 aliquos

485 3121 536 3153 ex
554 3122 673 3152 causa

486 3164 682 3212 eximere.

771 274 890 335 638

776 451 1098 514 subditum
1126 451 1518 530 compulsum
1547 468 1584 510 a
1613 466 1763 527 rege
1810 451 1873 510 et
1913 446 2308 508 dubitantem

777 546 855 607 de
875 544 1120 624 justitia
1148 545 1367 606 tributi
1409 563 1532 605 non
1562 560 1824 622 peccare
1865 541 2018 601 illud
2046 539 2306 617 exigen-

777 640 858 700 do
883 684 898 720 ,
932 639 984 698 si
1010 642 1220 699 tamen
1250 638 1424 716 prius
1468 635 1850 698 consuluerit
1879 634 2043 694 viros
2061 634 2304 707 doctos,

776 736 840 793 et
864 729 984 791 illis
1012 730 1308 791 consultis
1349 730 1555 791 adhuc
1605 727 1867 790 dubium
1912 730 2302 806 perseveret3

777 824 925 905 quia
980 823 1340 884 obedientia
1391 823 1603 884 debita
1643 820 1964 882 subditum
2000 823 2302 880 excusat:

777 935 958 979 secus
988 922 1198 978 autem
1246 917 1295 976 si
1344 935 1469 977 non
1513 918 1679 977 esset
1707 912 2020 988 subditus,
2054 912 2152 973 vel
2181 929 2307 971 non

775 1010 1162 1089 obligaretur
1188 1009 1271 1069 ad
1300 1009 1364 1069 id
1391 1008 1829 1089 exequendum
1855 1054 1870 1083 ,
1922 1006 2030 1066 sed
2080 1006 2213 1083 ipse
2241 1022 2307 1064 se

775 1104 1117 1183 ingereret,
1165 1108 1456 1180 peccaret
1483 1100 1649 1162 enirn
1694 1100 1746 1161 si
1788 1118 1931 1160 cum
1973 1098 2082 1160 tali
2114 1096 2307 1158 dubio

779 1198 1179 1275 operaretur;
1212 1195 1320 1255 sed
1353 1196 1457 1255 alii
1478 1193 1701 1254 melius
1722 1192 1940 1253 dicunt
1962 1192 2152 1253 etiam
2181 1208 2306 1249 non

776 1289 1119 1365 subditum,
1149 1288 1250 1348 vel
1268 1287 1588 1348 subditum
1615 1304 1737 1347 non
1759 1284 2151 1364 compulsum
2181 1301 2307 1343 non

775 1400 1039 1463 peccare
1067 1380 1376 1459 exigendo
1405 1379 1707 1441 tributum
1728 1425 1744 1455 ,
1792 1377 2041 1458 quando
2064 1376 2310 1457 judicat

775 1493 992 1555 regem
1014 1493 1150 1535 esse
1170 1473 1564 1553 prudentem,
1598 1491 1715 1532 nec
1731 1472 2052 1551 imponere
2074 1469 2308 1531 tributa

776 1569 1015 1648 absque
1038 1568 1366 1628 doctorum
1385 1566 1711 1626 hominum
1740 1564 2018 1639 consilio,
2052 1564 2139 1625 ita
2158 1565 2307 1624 Vas-

778 1680 971 1742 quez‚
1029 1678 1218 1740 quem
1258 1659 1477 1734 affert,
1538 1661 1600 1720 ct
1643 1658 1925 1738 sequitur
1965 1657 2308 1718 Turrianus

778 1754 944 1816 dicto
973 1753 1124 1816 dub.
1160 1770 1246 1815 νι.
1281 1769 1455 1814 num.
1486 1756 1548 1813 4.

1221 2189 1649 2275 sssc'rlo
1742 2189 1880 2276 vu.

782 2489 924 2564 θνα.»
945 2505 1212 2570 personoe
1238 2493 1520 2567 armptoe
1544 2484 1659 2545 sint
1686 2503 1723 2545 a
1752 2481 2006 2559 tributa,
2037 2489 2092 2543 et
2116 2479 2312 2562 gabel-

1019 2594 1089 2656 lis
1115 2602 1170 2655 et
1186 2592 1519 2675 praesertzin
1545 2589 1618 2652 de
1641 2589 2054 2652 ecclesiastica.

858 2865 1109 2926 Certum
1151 2863 1248 2921 est
1295 2857 1467 2938 apud
1521 2874 1759 2932 omnes,
1792 2873 1974 2935 posse
2028 2874 2104 2915 ex
2142 2856 2312 2933 justa

779 2974 971 3019 causa
997 2955 1241 3033 aliquos
1269 2950 1456 3011 eximi
1486 2949 1566 3010 ab
1608 2949 1988 3028 obligatione
2031 2946 2314 3009 solvendi

776 3050 1034 3125 tributa,
1080 3046 1399 3127 quomodo
1442 3044 1520 3105 de
1575 3044 1741 3104 facto
1787 3042 2027 3103 nobiles
2069 3042 2133 3102 in
2182 3042 2315 3102 His-

774 3141 967 3225 pania
1018 3139 1287 3219 exempti
1333 3140 1501 3214 sunt,
1560 3154 1686 3198 non
1733 3135 1813 3197 ab
1859 3135 2170 3213 omnibus,
2203 3135 2313 3196 sed

774 3237 857 3299 ab
904 3234 1217 3314 aliquibus
1261 3232 1512 3294 tributis
1567 3231 1903 3292 solvendis.
1963 3230 2143 3290 Ratio
2193 3232 2309 3304 est,

775 3330 927 3410 quia
977 3329 1061 3389 ad
1114 3330 1351 3388 rectam
1391 3324 1752 3403 reipublicae
1794 3322 2315 3402 gubernationem

773 3426 1036 3503 spectat,
1067 3424 1139 3482 ut
1164 3420 1272 3500 qui
1312 3419 1392 3479 de
1420 3418 1555 3498 ipsa
1582 3416 1805 3478 eximie
1838 3414 2037 3477 meriti
2062 3420 2230 3492 sunt,
2255 3421 2318 3478 et

774 3516 884 3596 qui
937 3533 1078 3575 eam
1134 3532 1248 3574 suo
1303 3510 1583 3591 periculo
1641 3510 1740 3570 vel
1796 3510 2103 3588 sanguine
2133 3508 2315 3571 tutati

773 3612 939 3686 sunt,
970 3607 1372 3688 peculiariter
1400 3605 1564 3667 ultra
1612 3603 1769 3664 alios
1806 3608 2310 3679 remunerentur,

774 3701 861 3766 ita
889 3703 1076 3765 Sotus
1102 3700 1211 3761 lib.
1247 3716 1341 3760 111.
1374 3696 1443 3759 de
1444 3696 1711 3778 justitia,
1744 3701 1965 3775 quaest.
2003 3712 2086 3757 ιιι.
2123 3700 2311 3758 artll.

772 3794 972 3859 conci.
1015 3799 1076 3857 ⁴.
1127 3795 1192 3854 Ρ.
1234 3791 1467 3856 Molina
1507 3789 1669 3868 disp.
1721 3792 1860 3850 673.
1911 3805 2084 3851 num.
2137 3793 2197 3850 2.
2254 3792 2318 3850 et

775 3886 1005 3950 Sanoh.
1040 3886 1206 3948 dicto
1236 3902 1374 3964 cap.
1408 3885 1512 3945 1v.
1548 3883 1697 3945 dub.
1731 3898 1826 3944 Lx.
1862 3883 1971 3962 qui
1999 3883 2149 3944 dub.
2189 3898 2311 3944 un.

773 3979 1062 4051 advertit,
1096 3978 1215 4040 hoc
1240 3977 1641 4057 privilegium
1668 3975 2079 4054 exemptionis
2104 3976 2316 4037 valere

773 4074 914 4153 plus
967 4072 1066 4136 vel
1121 4073 1349 4148 minus,
1373 4068 1555 4150 juxta
1613 4068 1747 4148 ejus
1799 4069 2040 4130 verba:
2091 4088 2310 4149 quare,

774 4167 893 4229 nisi
930 4165 1101 4228 aliud
1146 4164 1512 4243 explicetur,
1569 4162 1737 4225 valet
1776 4162 1977 4223 solum
2018 4181 2130 4241 pro
2179 4163 2314 4238 ipso

772 4259 875 4321 cui
902 4257 1286 4333 conceditur,
1320 4260 1382 4320 et
1409 4255 1675 4320 durante
1726 4252 1861 4335 ejus
1909 4255 2058 4317 vita.
2091 4256 2157 4318 Si
2209 4276 2315 4318 au-

772 4358 901 4416 tem
932 4350 1312 4415 concedatur
1335 4367 1448 4428 pro
1476 4347 1619 4408 filiis
1647 4347 1836 4410 etiam
1866 4353 1929 4410 et
1955 4349 2312 4428 nepotibus,

774 4465 899 4509 non
928 4445 1093 4508 valet
1108 4462 1221 4523 pro
1243 4441 1533 4504 omnibus
1553 4442 1818 4520 posteris
1847 4442 1908 4501 in
1940 4450 2315 4523 perpetuum

774 4540 894 4602 nisi
919 4538 981 4598 id
1004 4536 1366 4614 explicetur.
1400 4534 1594 4598 Addit
1622 4553 1768 4595 vero
1799 4553 1861 4595 n.
1899 4539 1954 4596 1.
1989 4534 2040 4595 si
2061 4553 2317 4597 conces-

774 4633 865 4696 sio
894 4633 1006 4692 ssat
1050 4627 1433 4707 simpliciter,
1486 4626 1714 4688 durare
1742 4628 1944 4689 solum
1991 4628 2073 4687 ad
2120 4628 2315 4690 vitam

774 4723 1196 4800 concedentiS,
1231 4721 1379 4801 quia
1407 4721 1468 4786 in
1497 4721 1686 4782 dubio
1717 4739 1842 4782 non
1873 4726 2162 4781 censetur
2206 4740 2317 4783 rex

773 4816 1190 4901 praejudicare
1217 4815 1377 4878 velle
1424 4815 1551 4880 suis
1595 4813 2081 4875 successoribus.
2138 4812 2316 4888 Quod

775 4930 892 4992 ego
920 4911 1104 4974 facile
1145 4908 1511 4986 concedam,
1561 4907 1812 4987 quando
1861 4906 2173 4986 ejusmodi
2216 4926 2317 4969 re-

773 5024 926 5086 gum
954 5004 1244 5065 voluntas
1268 5002 1587 5063 declarata
1602 5005 1696 5062 est
1722 5000 1861 5079 lege
1880 5001 2110 5080 aliqua,
2131 5005 2318 5080 prout

776 5099 928 5161 dicit
953 5097 1018 5160 in
1068 5096 1372 5174 Hispania
1399 5095 1783 5155 declaratam
1827 5113 1985 5155 esse.
2019 5095 2314 5174 Alioquin

775 5193 941 5256 enim
995 5189 1216 5269 regula
1257 5189 1569 5268 generalis
1626 5193 1740 5264 est,
1793 5187 1960 5267 quod
2014 5188 2315 5266 principis

775 5283 1175 5359 beneficium,
1206 5280 1431 5360 gratia,
1470 5281 1753 5355 facultas,
1803 5285 1922 5344 etc.
1974 5299 2098 5343 non
2148 5281 2316 5361 expi-

773 5383 878 5446 rat
899 5381 1102 5440 morte
1147 5373 1567 5450 concedentiS,
1601 5373 1852 5453 quando
1900 5373 2138 5452 absque
2189 5373 2313 5435 ullo

775 5471 967 5534 verbo
997 5469 1305 5534 limitante
1338 5467 1723 5529 conceditur.

1935 266 2036 327 DE
2080 266 2436 328 JUSTl‘rlA
2481 265 2582 325 ET
2623 264 2823 326 mar:

2489 442 2780 505 Procedit
2806 446 3016 504 autem
3059 442 3194 503 haec
3223 442 3530 518 doctrina,
3574 441 3818 503 etiamsi
3871 456 3951 500 ex

2408 537 2730 598 nobilitate
2758 539 2823 596 et
2862 536 3257 614 exemptione
3287 536 3471 595 alicui
3502 553 3804 596 concessa
3849 552 3952 593 se-

2407 635 2637 709 quatur
2662 628 2988 705 indirecte,
3024 627 3191 708 quod
3223 628 3328 688 alii
3359 629 3497 707 plus
3532 628 3799 699 solvant,
3835 626 3951 686 de-

2406 727 2724 784 crescente
2752 740 3014 783 numero
3047 741 3267 784 eorum
3297 723 3406 802 qui
3434 723 3706 784 solvunt.
3736 721 3952 781 Potest

2406 817 2572 877 enim
2601 815 2995 902 intercedere
3024 834 3216 877 causa
3248 836 3390 896 quae
3417 816 3481 877 id
3522 820 3723 876 totum
3760 812 3954 894 justi-

2407 914 2506 970 cet
2532 912 2793 988 propter
2811 914 3070 984 rectam,
3104 912 3173 969 ut
3218 908 3370 985 dixi,
3421 908 3784 987 reipublicae
3832 926 3953 985 gu-

2404 1003 2867 1079 bernationem,
2901 1019 3041 1082 quae
3069 1001 3156 1062 illi
3188 1001 3455 1063 modicae
3506 1001 3749 1061 laesioni
3790 1017 3955 1078 prae-

2406 1095 2734 1174 ponderat,
2754 1098 2823 1156 ut
2850 1112 2996 1154 cum
3022 1093 3317 1156 Silvestre
3341 1098 3403 1155 et
3417 1093 3553 1154 aliis
3578 1094 3955 1155 docetidem

2408 1188 2637 1250 Sancll.
2671 1187 2863 1247 dubio
2893 1203 2986 1248 Lx.
3031 1207 3094 1247 n.
3128 1191 3185 1248 3.
3221 1187 3401 1249 Unde
3455 1188 3644 1249 etiam
3690 1185 3949 1261 medici,

2407 1281 2717 1356 doctores,
2767 1279 3023 1357 milites,
3076 1284 3138 1341 et
3171 1280 3275 1340 alii
3303 1280 3557 1357 simileS,
3592 1280 3700 1360 qui
3744 1280 3954 1358 reipu-

2404 1373 2585 1434 blicae
2615 1373 2797 1434 utiles
2851 1377 3017 1449 sunt,
3069 1373 3523 1435 rationabiliter
3563 1373 3753 1433 eximi
3798 1391 3955 1452 pos-

2405 1470 2570 1541 sunt,
2605 1471 2666 1526 et
2692 1464 2812 1525 hac
2858 1466 3251 1544 exemptione
3289 1465 3536 1527 invitari
3579 1471 3650 1528 ut
3693 1466 3957 1527 veniant

2408 1560 2482 1619 ad
2516 1559 2791 1638 aliquam
2821 1558 3163 1634 civitatem,
3196 1558 3294 1619 cui
3325 1559 3641 1619 deservire
3661 1564 3951 1637 possunt.

2405 1654 2535 1714 Imo
2570 1669 2751 1730 posse
2780 1650 2869 1711 eis
2899 1651 3061 1712 hanc
3092 1651 3553 1712 immunitatem
3598 1652 3954 1713 concedere

2406 1744 2720 1824 principes
2748 1743 3090 1821 inferioreS,
3125 1748 3189 1805 et
3227 1745 3712 1806 communitates
3751 1745 3951 1824 ipsas,

2405 1840 2634 1899 fatetur
2658 1837 2825 1898 idem
2858 1837 3090 1899 Sanch.
3128 1857 3188 1898 n.
3221 1840 3280 1900 8.
3314 1856 3458 1899 cum
3488 1837 3649 1914 aliis,
3671 1840 3823 1917 quia
3840 1856 3959 1917 per

2405 1932 2525 1992 hoc
2554 1949 2680 1992 non
2724 1934 3072 2010 gravantur
3117 1931 3349 2007 caeteri,
3404 1931 3470 1991 in
3528 1949 3797 2011 quorum
3837 1931 3957 1993 bo·-

2405 2043 2555 2085 num
2585 2023 2720 2084 haec
2749 2023 3060 2102 exemptio
3105 2024 3455 2086 ordinatur.
3508 2024 3687 2097 Quod
3740 2030 3961 2085 tamen

2404 2136 2521 2197 ego
2553 2116 2853 2195 intelligo,
2887 2115 3231 2177 dummodo
3259 2116 3323 2177 id
3366 2135 3492 2178 non
3530 2118 3716 2178 cedat
3760 2118 3828 2178 in
3858 2117 3961 2178 di-

2403 2210 2821 2272 minutionem
2849 2209 3063 2271 tributi
3092 2209 3228 2288 regi
3258 2211 3623 2289 praestandi,
3656 2211 3722 2271 in
3770 2211 3962 2291 cujus

2405 2302 2844 2383 praejudicium
2874 2303 3006 2363 sine
3036 2302 3172 2382 ejus
3203 2321 3514 2364 consensu
3558 2305 3696 2366 talis
3740 2322 3964 2366 exem-

2405 2397 2490 2459 tio
2521 2414 2560 2456 a
2587 2395 2838 2456 nemine
2869 2395 3007 2456 dari
3060 2400 3286 2475 potest.
3321 2397 3540 2458 Differt
3581 2401 3794 2459 tamen
3849 2417 3965 2458 su·

2408 2507 2662 2569 premus
2686 2488 2977 2568 princeps
3004 2488 3086 2548 ab
3115 2488 3251 2549 aliis
3278 2488 3700 2567 inferiorihm,
3732 2498 3966 2571 quate-

2409 2602 2526 2644 nus
2555 2600 2760 2661 neque
2797 2581 3277 2643 communitates
3308 2588 3566 2661 possunt
3606 2584 3963 2645 concedere

2408 2676 2599 2738 talem
2628 2675 3091 2754 exemptionem
3121 2674 3323 2736 solum
3368 2675 3451 2737 ad
3491 2676 3965 2738 remuneranda

2410 2768 2634 2829 merita
2662 2766 2926 2846 alicujus
2955 2767 3018 2827 in
3047 2768 3487 2847 praejudicium
3517 2769 3808 2847 aliorum,
3845 2769 3961 2849 qui

2410 2862 2551 2942 plus
2577 2861 2842 2936 solvent,
2875 2879 3019 2921 cum
3046 2864 3258 2921 tamen
3285 2861 3577 2941 princeps
3622 2881 3966 2941 supremus

2412 2956 2473 3017 id
2504 2954 2721 3034 possit,
2756 2960 2823 3016 ut
2852 2972 2995 3014 cum
3026 2954 3341 3032 Corduba,
3373 2956 3698 3032 Silvestre,
3730 2961 3795 3018 et
3821 2956 3966 3018 aliis

2414 3051 2589 3110 notat
2619 3046 2903 3109 Sanchez
2933 3064 3105 3108 num.
3139 3051 3200 3108 7.

2492 3144 2744 3204 Certum
2774 3139 2959 3203 etiam
2986 3143 3105 3217 est,
3139 3158 3353 3219 regem
3385 3159 3514 3203 non
3554 3161 3739 3222 posse
3785 3142 3964 3206 licite

2414 3236 2651 3313 absque
2688 3251 2877 3295 causa
2925 3233 3303 3310 rationabili,
3364 3237 3429 3295 et
3480 3237 3966 3315 proportionata

2414 3328 2578 3390 hanc
2648 3326 3110 3405 exemptionem
3165 3327 3481 3406 aliquibus
3545 3330 3901 3390 concedere
3942 3349 3962 3392 ε

2415 3420 2564 3500 quia
2615 3420 2736 3481 hoc
2787 3419 3129 3480 cederetin
3178 3419 3614 3499 praejudicium
3660 3423 3962 3498 aliorum,

2415 3513 2520 3593 qui
2554 3513 2693 3591 plus
2721 3510 2962 3573 solvere
3001 3518 3395 3590 cogerentur.
3432 3515 3563 3574 lmo
3597 3514 3777 3577 addit
3826 3516 3968 3577 Mo-

2412 3606 2538 3666 lina
2568 3604 2673 3667 ubi
2704 3623 2916 3684 supra,
2952 3623 3066 3665 nec
3094 3605 3158 3665 id
3189 3605 3400 3682 licere,
3426 3607 3679 3685 quando
3711 3608 3793 3668 ab
3825 3609 3969 3669 aliis

2415 3718 2540 3760 non
2568 3697 2837 3777 exigitur
2864 3698 2931 3758 id
2959 3697 3127 3778 quod
3157 3699 3430 3778 exempti
3458 3700 3723 3762 soluturi
3752 3708 3965 3766 erant.

2413 3795 2573 3853 Tum
2595 3790 2744 3870 quia
2773 3794 2937 3852 esset
2965 3792 3243 3869 acceptio
3269 3810 3705 3871 personarum,
3723 3798 3785 3856 et
3812 3797 3964 3856 ine-

2415 3883 2687 3964 qualitas
2739 3883 3186 3946 irrationabilis
3240 3885 3305 3945 in
3363 3888 3824 3949 communitate
3884 3888 3973 3950 ad

2415 3996 2608 4040 onera
2663 3976 3023 4038 communia
3074 3979 3440 4041 sustinenda
3491 4001 3505 4042 z
3556 3985 3693 4043 tum
3743 3981 3971 4058 etiam,

2416 4070 2563 4151 quia
2592 4075 2810 4150 postea
2837 4070 3101 4132 fortasse
3145 4071 3382 4133 tributa
3433 4072 3571 4134 haec
3619 4092 3747 4135 non
3789 4074 3979 4135 suffi-

2414 4165 2602 4241 cient,
2639 4167 2702 4226 et
2749 4163 3063 4243 oportebit
3107 4168 3256 4226 tunc
3282 4167 3486 4245 magis
3539 4185 3810 4246 gravare
3853 4185 3979 4229 eos

2414 4258 2522 4337 qui
2544 4257 2816 4336 exempti
2847 4276 2971 4320 non
3002 4261 3168 4319 sunt.
3211 4259 3495 4339 Denique
3526 4259 3675 4339 quia
3714 4260 3817 4322 lex
3858 4261 3980 4323 tri·

2414 4350 2546 4412 buti
2573 4369 2610 4412 a
2640 4349 2946 4429 principio
2994 4350 3123 4412 lata
3172 4349 3429 4430 exigens
3475 4354 3680 4415 solum
3728 4354 3810 4415 ab
3854 4355 3984 4414 ali-

2416 4442 2641 4523 quibus
2696 4447 2758 4505 et
2810 4462 2935 4503 non
2992 4443 3071 4503 ab
3115 4443 3252 4506 aliis
3308 4444 3545 4525 absque
3601 4445 3981 4508 rationabili

2415 4554 2606 4598 causa
2634 4535 2796 4597 illius
2826 4535 3219 4614 differentiae,
3251 4537 3483 4617 injusta
3512 4540 3735 4618 procul
3768 4539 3982 4604 dubio

2415 4634 2580 4690 esset
2617 4632 2876 4708 propter
2930 4627 3243 4690 defectum
3289 4632 3712 4710 proportionis
3758 4650 3986 4694 mem-

2413 4722 2674 4784 brorum
2701 4722 2865 4783 inter
2892 4740 2982 4782 se.
3023 4722 3198 4784 Idem
3228 4741 3378 4785 vero
3417 4729 3512 4786 est
3557 4725 3806 4786 etiamsi
3849 4743 3989 4804 po-

2415 4819 2550 4876 stea
2591 4815 2697 4875 illa
2745 4815 3139 4895 inaequalitas
3181 4816 3537 4881 inducatur.
3588 4819 3773 4880 Addo
3812 4836 3985 4899 ege,

2413 4909 2517 4969 vix
2560 4927 2697 4969 esse
2754 4908 3073 4987 possibile,
3110 4909 3279 4990 quod
3311 4910 3416 4970 alii
3470 4928 3598 4973 non
3645 4912 3784 4991 plus
3815 4930 3993 4989 gm-

2412 5007 2641 5064 ventur
2668 5001 2900 5064 talibus
2933 5002 3458 5080 exemptionibus,
3513 5004 3662 5084 quia
3704 5004 3799 5065 vel
3858 5006 3995 5067 tri·

2412 5094 2564 5156 buta
2590 5095 2793 5156 soluta
2823 5112 2860 5154 a
2888 5095 3288 5173 paucioribus
3315 5097 3655 5173 sufficiunt,
3689 5098 3784 5158 vel
3828 5117 3991 5161 non

2412 5187 2752 5251 sufficiunt.
2787 5189 2852 5249 Si
2881 5189 3223 5264 sufficiunt,
3256 5207 3408 5268 ergo
3446 5194 3635 5251 antea
3675 5190 3895 5252 soluta
3947 5211 3995 5254 a

2412 5281 2696 5361 p³urihus
2720 5287 2901 5344 erant
2926 5284 3264 5361 superflua,
3297 5287 3486 5362 atque
3533 5282 3674 5344 ideo
3726 5281 3806 5361 inj
3819 5290 3996 5347 usta

2413 5373 2624 5453 quoad
2676 5373 2854 5438 illum
2924 5392 3269 5450 excessum,
3332 5393 3521 5455 quem
3576 5394 3715 5437 cum
3766 5383 3995 5442 antea

2413 5467 2646 5530 subditi
2676 5487 2800 5530 non
2832 5467 3135 5531 deberent
3160 5475 3418 5550 propter
3436 5468 3993 5549 superfluitatem,

4052 3283 4224 3432 li!
4122 3154 4203 3214 a
