4263 6376
1329 340 1799 402 DISPUTATIO
1843 342 2057 420 xxm,
2107 341 2381 405 SECTIO
2424 343 2528 404 lx.

325 511 553 588 semel,
583 513 697 575 sed
717 514 1060 595 aliquando
1079 516 1278 578 teneri
1307 517 1387 578 ad
1408 517 1658 595 iterum,
1693 521 1882 598 atque
1971 518 2077 599 jus
2103 519 2422 599 religionis
2448 520 2684 581 malum
2712 520 2865 582 illud
2894 520 3276 600 permittere.
3325 521 3506 585 Unde

325 601 567 664 iterum
594 607 973 685 petendam,
1020 615 1090 671 ut
1118 613 1336 671 notant
1373 610 1608 672 Suarez
1649 611 1756 671 lib.
1790 628 1875 671 νι.

327 693 564 758 devoto
605 716 743 777 cap,
779 717 894 761 vn.
928 720 1100 763 num.
1144 705 1240 763 15.
1297 705 1361 763 et
1409 703 1690 764 Sanchez
1738 721 1882 763 cum

331 789 501 865 aliie,
534 808 694 870 quos
722 793 907 855 affert
933 794 1100 855 dicto
1130 795 1238 856 lib.
1272 812 1358 856 1v.
1393 794 1464 856 de
1484 804 1614 856 voto
1645 814 1699 867 c.
1732 812 1878 858 xxv.

334 899 517 942 num.
563 885 663 943 31.
696 889 780 945 et.
828 885 937 947 lib.
971 903 1056 947 1x.
1100 885 1172 947 de
1196 888 1455 947 matrim.
1510 888 1672 968 disp.
1704 906 1878 952 nm.

341 991 522 1034 num.
554 978 617 1036 8.
650 977 802 1054 quia
830 995 974 1038 cum
1003 979 1229 1058 aliquis
1257 980 1546 1059 promisit
1585 982 1737 1042 dare
1767 984 1883 1042 Pe-

335 1068 438 1126 tro
458 1066 584 1129 hoc
609 1086 775 1130 anno
804 1077 1054 1132 centurn
1074 1117 1090 1147 ,
1124 1072 1189 1132 in
1217 1076 1460 1134 tantum
1487 1073 1883 1152 deobligatur

335 1175 378 1218 a
405 1160 850 1238 promissione,
897 1162 963 1223 in
1009 1168 1314 1243 quantum
1361 1166 1626 1226 materia
1671 1170 1883 1227 manet

339 1250 661 1329 prohibita
682 1299 699 1328 ,
746 1273 823 1314 ex
850 1273 925 1316 eo
955 1262 1165 1317 autem
1195 1257 1362 1337 quod
1384 1257 1571 1318 hodie
1598 1259 1884 1337 superior

337 1342 661 1405 licentiam
691 1347 1036 1424 negaverit,
1072 1365 1197 1408 non
1225 1349 1296 1409 fit
1324 1349 1489 1429 quod
1513 1350 1777 1411 materia
1804 1350 1884 1411 sit

337 1453 460 1515 per
475 1440 679 1497 totum
698 1455 937 1498 annum
955 1439 1292 1518 prohibita,
1347 1458 1491 1501 cum
1510 1442 1707 1520 possit
1726 1442 1883 1503 alius

339 1526 668 1606 superior,
727 1530 824 1591 vel
851 1530 1115 1593 fortasse
1143 1532 1312 1595 idem
1337 1579 1352 1608 ,
1398 1540 1609 1596 mente
1635 1538 1882 1596 mutata

341 1624 569 1698 postea
596 1639 737 1681 eam
757 1622 1076 1685 licentiam
1095 1627 1461 1688 concedere.
1498 1629 1630 1688 Imo
1658 1628 1713 1687 si
1731 1627 1882 1688 obli·
1904 1615 1918 1627 ’

339 1712 516 1790 gatio
558 1730 684 1774 non
728 1713 817 1775 ita
861 1715 1067 1778 fuerat
1096 1717 1241 1779 huic
1282 1736 1446 1780 anno
1476 1719 1765 1798 alligata,
1818 1723 1885 1780 ut

338 1807 662 1867 transacto
735 1824 898 1869 anno
944 1815 1256 1887 cessaret,
1331 1811 1650 1873 tenebitur
1695 1812 1883 1872 etiam

338 1901 661 1959 mnsacto
713 1916 881 1960 anno
938 1901 1256 1964 licentiam
1308 1909 1559 1983 petere,
1628 1903 1881 1983 quando

340 1989 683 2069 prudentia
710 1991 1045 2056 dictaverit
1084 2013 1220 2057 esse
1267 1998 1691 2075 opportunum
1730 2001 1884 2057 tem-

340 2101 464 2162 pus
489 2081 808 2144 licentiam
826 2086 1105 2164 petendi,
1140 2091 1202 2149 et
1226 2106 1360 2149 esse
1382 2107 1557 2168 spem
1575 2089 1747 2150 illam
1773 2089 1882 2150 im·

340 2174 634 2255 peti-andi
659 2222 677 2253 ,
727 2181 798 2237 ut
824 2179 1067 2241 notavit
1111 2179 1175 2240 in
1213 2179 1400 2241 simili
1438 2182 1517 2243 de
1542 2187 1688 2243 voto
1717 2181 1886 2242 idem

345 2268 586 2329 Suarez
615 2268 679 2329 d.
713 2287 887 2341 num.
924 2274 1022 2333 ¹5.

427 2360 767 2422 Dubitatur
784 2363 1002 2442 quinto
1024 2363 1472 2445 principaliter,
1505 2367 1732 2447 quibus
1749 2386 1886 2447 per-

344 2453 519 2514 sonis
562 2455 896 2531 promissio
937 2456 1073 2516 fieri
1101 2458 1340 2536 possit?
1383 2461 1473 2520 De
1521 2459 1641 2521 hoc
1676 2465 1888 2522 tamen

278 2544 291 2554 '
349 2546 596 2607 dictum
637 2551 733 2608 est
769 2547 960 2607 etiam
1002 2547 1161 2626 disp.
1213 2550 1483 2627 praece'd.
1536 2552 1780 2630 agendo
1809 2552 1887 2612 de

346 2638 779 2700 contractibus
820 2640 884 2699 in
912 2641 1266 2718 communi,
1318 2646 1381 2704 et
1426 2643 1490 2703 in
1535 2644 1652 2705 hac
1700 2645 1888 2706 etiam

349 2730 782 2810 disputatione
829 2733 1077 2813 agendo
1131 2735 1211 2794 de
1254 2735 1328 2795 iis
1348 2780 1364 2811 ,
1413 2737 1519 2815 qui
1561 2742 1891 2816 acceptare

349 2828 621 2902 possunt
647 2825 1127 2903 promissionem
1146 2873 1161 2903 ,
1196 2827 1366 2888 etde
1396 2828 1471 2889 iis
1501 2829 1729 2909 quibus
1758 2829 1891 2891 sine

348 2917 788 2996 acceptatione
834 2918 1089 2997 propria
1117 2920 1399 2999 promitti
1427 2922 1634 2982 valide
1661 2927 1885 3001 potest.

350 3009 538 3071 Unde
563 3027 686 3071 non
718 3016 967 3089 oportet
994 3011 1221 3072 iterum
1253 3011 1354 3072 hic
1379 3031 1680 3092 quaerere,
1701 3033 1782 3074 an
1804 3014 1891 3074 in-

350 3102 513 3163 tanti
532 3148 549 3179 ,
594 3101 830 3165 furioso
853 3149 870 3179 ,
922 3107 985 3164 et
1010 3103 1317 3165 similibus
1344 3104 1623 3184 promitti
1653 3106 1895 3186 possit?

350 3195 506 3273 Agit
533 3195 723 3257 etiam
750 3196 814 3255 in
843 3198 1135 3275 praesenti
1158 3198 1500 3260 Turrianus
1519 3199 1677 3278 disp.
1703 3216 1888 3261 Lxxn.

349 3287 509 3349 dub.
543 3291 603 3348 2.
653 3306 734 3349 an
764 3289 1076 3352 haereticis
1121 3291 1399 3369 promitti
1434 3292 1635 3352 valide
1665 3294 1888 3372 possit;

353 3380 422 3441 in
450 3398 576 3459 qno
605 3399 731 3441 non
755 3385 852 3443 est
868 3382 1239 3444 difficultas:
1274 3401 1422 3444 nam
1451 3385 1614 3447 sicut
1641 3386 1777 3445 aliis
1805 3386 1894 3446 in-

353 3472 651 3535 fidelibus
680 3493 805 3536 non
834 3475 1198 3555 baptizatis,
1244 3475 1399 3537 sica
1430 3476 1671 3539 fortiori
1695 3478 1896 3539 haere-

359 3564 502 3626 ticis
545 3565 880 3645 baptizatis
919 3571 1127 3646 potest
1177 3586 1245 3629 se
1303 3568 1646 3630 catholicus
1690 3570 1896 3632 valide

357 3657 670 3737 obligare.
706 3662 801 3720 An
832 3677 983 3720 vero
1012 3659 1178 3721 licite
1200 3708 1216 3737 ,
1250 3661 1485 3739 pendet
1512 3679 1586 3722 ex
1615 3681 1689 3723 eo
1718 3681 1798 3724 an
1829 3663 1895 3724 in

358 3750 572 3831 aliquo
617 3767 769 3812 casu
818 3753 1129 3829 possimus
1171 3753 1338 3814 licite
1367 3772 1510 3814 cum
1540 3772 1897 3816 excommu-

361 3843 587 3905 nicatis
629 3843 899 3905 civiliter
936 3847 1454 3908 communicare?
1498 3848 1577 3908 Et
1618 3847 1894 3928 quidem,

361 3937 414 3997 si
441 3935 724 3997 haeretici
758 3955 881 3998 non
906 3942 1053 3998 sunt
1072 3939 1440 4001 nominatim
1470 3941 1901 4001 excommuni-

359 4030 582 4092 cati-et
607 4027 991 4105 denuntiati,
1024 4031 1124 4091 vel
1153 4032 1383 4093 notorii
1412 4032 1620 4092 clerici
1648 4051 1900 4112 percus-

362 4139 575 4198 sores,
620 4139 748 4182 non
789 4125 885 4184 est
925 4140 1001 4182 ex
1030 4121 1152 4183 hoc
1179 4123 1383 4202 capite
1412 4124 1627 4187 illicita
1652 4143 1796 4186 cum
1825 4125 1899 4186 iis

361 4214 849 4278 communicatio
868 4260 885 4291 ,
944 4215 1062 4276 nisi
1114 4215 1366 4277 aliunde
1419 4217 1502 4278 sit
1552 4218 1899 4295 periculum

362 4306 813 4383 subversionis,
844 4307 945 4368 vel
973 4307 1097 4369 alia
1122 4307 1409 4387 specialis
1436 4310 1813 4389 prohibitio;
1848 4312 1896 4373 si

361 4418 512 4462 vero
543 4399 671 4462 sint
703 4399 896 4473 tales;
942 4400 1110 4461 idem
1154 4401 1491 4463 dicendum
1540 4403 1659 4465 erit
1689 4403 1766 4464 de
1797 4405 1893 4481 iis,
1917 4442 1930 4454 -

361 4513 435 4555 ac
482 4493 564 4556 de
621 4492 759 4554 aliis
804 4494 1359 4556 excommunicatis
1404 4495 1695 4558 vitandis.
1742 4497 1898 4558 Illud

359 4590 577 4667 posset
629 4585 938 4665 maJ‘orem
992 4586 1227 4648 habere
1285 4587 1758 4662 difficultatem3
1817 4609 1897 4650 an

359 4677 678 4742 haereticis
722 4679 921 4758 possit
971 4678 1309 4759 aliquando
1359 4679 1567 4741 valide
1621 4682 1901 4759 promitti

357 4773 621 4834 libertas
648 4770 1084 4849 conscientiae,
1129 4771 1208 4832 de
1234 4790 1358 4853 quo
1388 4772 1523 4851 agit
1544 4772 1713 4833 idem
1743 4775 1900 4835 Tur-

360 4866 579 4927 rianns
608 4863 759 4925 dub.
792 4880 888 4925 111.
935 4868 999 4925 et
1025 4863 1225 4925 videri
1267 4870 1528 4944 possunt
1554 4866 1718 4927 ultra
1745 4866 1901 4927 alios

360 4958 651 5020 Nolanus
666 4956 774 5017 lib.
799 4955 1000 5037 defide
1017 4956 1302 5018 lzoereticis
1326 4957 1635 5020 servanda.
1667 4958 1899 5020 Molina

360 5055 515 5113 tom.
549 5065 622 5110 11.
654 5049 821 5128 disp.
845 5052 986 5112 335.
1020 5055 1085 5112 et
1108 5052 1429 5112 Beccanus
1455 5068 1524 5112 11.
1557 5056 1711 5112 tom.
1745 5069 1900 5130 opu-

361 5143 685 5205 sculorum
712 5160 928 5220 opusc.
963 5159 1007 5203 1.
1040 5141 1111 5203 de
1134 5142 1253 5224 fide
1277 5143 1564 5206 hereticis
1588 5142 1894 5205 servanda.

360 5235 650 5300 Breviter
675 5240 887 5297 autem
917 5236 1254 5297 dicendum
1282 5242 1396 5314 est,
1427 5238 1575 5299 Iioet
1601 5255 1723 5298 non
1756 5256 1900 5316 pos-

362 5328 563 5390 simus
608 5327 935 5406 cooperari
966 5328 1228 5407 positive
1251 5377 1267 5406 ,
1304 5348 1419 5391 nec
1439 5329 1664 5410 juvare
1695 5330 1896 5392 haere·

363 5419 520 5482 ticos
549 5425 620 5482 ut
645 5419 711 5480 in
741 5420 963 5481 haeresi
992 5427 1311 5500 maneant,
1344 5423 1531 5483 licere
1550 5426 1760 5485 tamen
1791 5422 1898 5483 ali-

365 5512 622 5592 qnando
651 5530 726 5573 ex
754 5512 934 5592 gravi
958 5531 1182 5592 causa,
1214 5519 1278 5576 et
1304 5516 1385 5575 ad
1412 5516 1736 5577 vitandum
1766 5534 1901 5575 ma-

1980 613 2043 673 in
2072 613 2147 673 iis
2177 613 2421 674 casibus
2444 661 2459 682 ‚
2509 614 2734 694 quibus
2776 619 2983 694 potest
3008 615 3173 676 licite
3204 613 3502 694 permitti,

1979 708 2187 783 potest
2212 705 2400 766 etiam
2426 705 2593 767 licite
2639 711 2702 768 et
2742 706 2948 766 valide
2994 706 3319 786 permissio
3367 724 3507 786 pro-

1978 796 2142 859 mitti
2203 818 2216 858 :
2284 798 2432 878 quia
2473 799 2641 879 quod
2681 798 2847 860 licite
2903 815 3232 878 possumus
3273 800 3502 874 facere,

1978 889 2145 950 licite
2187 894 2250 951 et
2283 890 2488 951 valide
2528 909 2861 969 possumus
2899 891 3074 952 alteri
3117 891 3502 970 promittere,

1980 986 2168 1062 atque
2197 982 2337 1044 ideo
2366 983 2522 1044 fides
2552 983 2698 1044 data
2727 984 3035 1044 servanda
3064 984 3211 1060 erit,
3258 985 3418 1045 sicut
3445 985 3509 1043 et

3429 303 3689 415 27,'

1979 1074 2042 1134 in
2071 1075 2243 1136 salvo
2272 1077 2579 1138 conducto
2621 1076 2776 1137 fides
2817 1076 3004 1137 etiam
3034 1076 3343 1137 haeretiois
3377 1093 3507 1136 ser-
3560 1088 3569 1091 ·

1978 1168 2189 1229 vanda
2217 1173 2312 1230 est
2337 1188 2373 1228 a
2403 1169 2780 1247 promissore
2799 1214 2814 1244 ,
2850 1174 2917 1230 ut
2943 1168 3127 1230 docet
3154 1169 3319 1229 idem
3346 1170 3503 1229 Tur-

1980 1260 2193 1322 rianus
2222 1260 2387 1323 dicto
2417 1261 2568 1323 dub.
2602 1278 2698 1323 111.
2733 1279 2906 1321 num.
2930 1265 2988 1322 2.
3036 1265 3099 1322 et
3125 1261 3274 1322 dub.
3310 1278 3370 1321 v.
3398 1278 3508 1341 per

1979 1362 2183 1415 totum.
2233 1356 2411 1415 Nunc
2445 1353 2580 1433 jam
2610 1353 2687 1414 de
2718 1354 3055 1415 donatione
3101 1372 3241 1433 quae
3270 1351 3505 1432 aliquid

1978 1465 2171 1527 supra
2198 1447 2675 1525 promissionem
2705 1446 2902 1524 addit,
2935 1446 3251 1525 agendum
3282 1446 3446 1508 eritt.

2455 1884 2502 1966 S
2531 1880 2575 1965 Ε
2605 1882 2649 1965 G
2676 1883 2727 1964 T
2756 1883 2785 1963 Ι
2815 1882 2870 1966 0
2950 1883 3063 1968 IX.

2147 2187 2302 2263 Quid
2321 2186 2398 2248 sit
2423 2184 2680 2263 donatio,
2711 2144 2768 2247 ee
2793 2182 2863 2247 de
2889 2185 3013 2265 ejus
3037 2183 3345 2266 speciebus.

2051 2452 2316 2514 Donatio
2345 2451 2747 2528 distinguitur
2773 2468 2811 2511 a
2837 2450 3246 2532 promissione
3274 2452 3514 2530 potissi-

1986 2564 2161 2607 mum
2187 2547 2252 2606 in
2282 2546 2433 2621 hoc,
2479 2544 2647 2624 quod
2675 2545 3004 2624 promissio
3041 2545 3243 2605 solum
3279 2544 3518 2606 inducit

1988 2638 2434 2718 obligationem
2462 2637 2542 2697 ad
2573 2637 2850 2698 dandum
2870 2684 2885 2713 ,
2918 2641 2981 2699 et
3004 2637 3150 2721 licet
3176 2637 3282 2699 det
3301 2637 3405 2717 jus
3434 2637 3515 2698 ad

1988 2750 2122 2794 rem
2151 2731 2551 2811 promissam,
2585 2749 2709 2791 non
2738 2736 2948 2793 tamen
2978 2730 3090 2791 dat
3112 2730 3312 2809 ipsam
3341 2747 3511 2803 rem;

1988 2824 2244 2887 donatio
2273 2841 2426 2884 vero
2452 2824 2750 2885 transfert
2777 2823 3121 2884 dominium
3148 2823 3238 2884 rei
3268 2823 3516 2884 donatae

1989 2918 2051 2981 in
2082 2916 2480 2979 donatarium
2515 2936 2528 2978 ε
2561 2933 2764 2997 neque
2793 2916 2959 2976 enim
2980 2917 3299 2996 perficitur
3325 2915 3519 2976 dona-

1989 3012 2075 3073 tio
2133 3010 2197 3070 in
2251 3009 2490 3070 ratione
2545 3008 2899 3070 donationis
2922 3055 2938 3085 ,
2999 3008 3119 3069 nisi
3183 3007 3520 3075 traditione

1991 3104 2142 3165 reali
2172 3101 2271 3164 vel
2319 3101 2749 3181 aequivalenti,
2796 3101 3130 3163 sufficienti
3174 3101 3255 3162 ad
3322 3106 3520 3163 trans-

1991 3196 2319 3259 ferendum
2356 3195 2735 3272 dominium,
2770 3201 2840 3258 ut
2867 3195 3136 3256 diximus
3165 3195 3323 3276 disp.
3359 3214 3521 3274 proe-

1993 3290 2128 3352 ced.
2180 3293 2333 3351 sect.
2383 3305 2478 3349 111.
2527 3292 2784 3367 agentes
2834 3288 2913 3348 de
2963 3288 3152 3349 modo
3207 3306 3332 3368 quo
3388 3306 3524 3368 per-

1991 3384 2199 3445 ficitur
2249 3385 2628 3443 contractuS.
2689 3381 2868 3444 Unde
2911 3380 3019 3460 qui
3063 3386 3297 3444 vestem
3338 3383 3522 3445 Petro

1993 3475 2301 3557 promisit,
2335 3479 2397 3535 et
2423 3479 2643 3554 postea
2669 3492 2809 3535 eam
2839 3473 3031 3536 Paulo
3061 3473 3271 3550 donat,
3305 3478 3525 3554 peccat

1994 3569 2248 3649 quidem
2278 3572 2496 3629 contra
2516 3557 3013 3645 promissionem,
3047 3570 3111 3628 et
3134 3567 3322 3628 debet
3339 3569 3521 3629 Petro

1992 3661 2350 3724 satisfacere
2395 3678 2507 3740 pro
2554 3660 2885 3735 interesse,
2944 3659 3260 3721 transtulit
3311 3663 3521 3721 tamen

1994 3753 2344 3816 dominium
2373 3752 2577 3812 valide
2619 3750 2682 3811 in
2718 3752 3003 3813 Paulum.
3047 3754 3355 3814 Caeterum
3398 3769 3523 3812 non

1996 3847 2233 3927 quaevis
2274 3845 2597 3907 translatio
2628 3844 2885 3905 dominii
2935 3844 3286 3923 appellatur
3323 3843 3524 3904 dona-

1996 3942 2081 4002 tio
2107 3985 2122 4015 ,
2172 3939 2283 4000 sed
2323 3938 2443 3998 hoc
2469 3955 2697 3998 nomen
2739 3937 3102 4015 impositum
3151 3941 3245 3998 est
3291 3936 3519 3998 actioni

1995 4031 2276 4108 liberali,
2326 4048 2451 4110 qua
2496 4030 2732 4109 absque
2773 4029 3154 4109 obligatione
3182 4029 3281 4090 vel
3311 4028 3522 4090 debito

1989 4125 2277 4205 justitiae,
2319 4123 2514 4202 gratis
2550 4121 2787 4202 aliquid
2814 4122 3020 4183 datur.
3066 4123 3134 4182 In
3175 4139 3297 4201 quo
3336 4138 3524 4182 sensu

1997 4219 2117 4279 defi
2125 4217 2247 4277 niri
2260 4216 2420 4277 solet
2435 4215 2714 4290 donatio,
2739 4219 2810 4276 ut
2827 4215 2907 4275 sit
2923 4213 3083 4275 datio
3104 4213 3381 4289 liberalis,
3413 4231 3525 4274 seu

1997 4315 2067 4372 ut
2093 4309 2198 4370 alii
2227 4310 2601 4389 loquuntur,
2644 4305 2984 4383 irredibilis,
3031 4306 3092 4366 id
3123 4311 3250 4382 est,
3296 4323 3420 4366 non
3454 4305 3527 4365 in

1996 4401 2551 4463 commutationem
2579 4418 2690 4478 pro
2719 4418 2787 4460 re
2816 4400 2939 4461 alia
2963 4417 3100 4480 quae
3122 4398 3524 4474 retribuatur,

1996 4500 2065 4556 ut
2112 4494 2428 4573 colligitur
2472 4511 2549 4552 ex
2590 4494 2659 4554 S.
2693 4493 2933 4553 Thoma
2975 4493 3040 4551 in
3069 4494 3115 4553 Ι.
3168 4490 3309 4552 dist.
3342 4505 3522 4551 xvm.

1995 4593 2218 4668 quaest.
2252 4604 2295 4649 1.
2342 4589 2459 4647 art.
2493 4589 2552 4646 2.
2602 4590 2663 4647 et
2691 4605 2764 4646 ex
2795 4585 3124 4647 Aristotele
3153 4601 3241 4646 xv.
3271 4582 3527 4644 Eme-o-

1995 4701 2149 4754 rum,
2197 4697 2335 4757 cap.
2369 4695 2436 4738 11.
2472 4677 2794 4740 derivatur
2828 4678 3059 4757 quippe
3089 4676 3208 4738 hoc
3235 4674 3524 4737 donatio-

1998 4774 2092 4834 nis
2121 4790 2350 4834 nomen
2379 4789 2417 4831 a
2446 4770 2634 4847 dono,
2669 4770 2837 4850 quod
2868 4770 3304 4831 liberalitatem
3332 4766 3527 4845 signi·

1995 4867 2164 4942 ficat,
2200 4864 2365 4945 quod
2399 4864 2565 4924 enim
2595 4863 2888 4924 venditur
2915 4881 3040 4924 non
3068 4862 3360 4923 donatur.

2080 4957 2344 5021 Donatio
2385 4958 2451 5018 in
2492 4956 2612 5017 hac
2654 4956 3017 5034 acceptione
3071 4955 3278 5016 adhuc
3328 4951 3523 5014 dividi

1996 5055 2202 5131 potest
2226 5050 2290 5110 in
2320 5049 2722 5111 donationem
2751 5067 2923 5110 mere
2950 5047 3288 5128 gratuitam
3306 5093 3323 5124 ,
3344 5121 3349 5128 ³
3370 5051 3433 5108 et
3459 5046 3522 5106 in

1995 5143 2399 5205 donationem
2427 5142 2983 5205 remuneratoriam
3017 5162 3031 5203 ε
3064 5147 3329 5220 utraque
3357 5139 3524 5200 enim

1994 5255 2143 5298 vere
2171 5242 2266 5297 est
2291 5236 2545 5297 donatio
2572 5237 2865 5315 gratuita,
2898 5235 3018 5296 hoc
3045 5238 3141 5296 est
3166 5251 3291 5295 non
3314 5230 3521 5294 debita

1996 5347 2072 5389 ex
2083 5329 2324 5409 justitia
2351 5349 2365 5390 ε
2399 5332 2494 5389 est
2511 5333 2720 5390 tamen
2743 5327 3111 5402 differentia,
3137 5326 3306 5406 quod
3328 5325 3524 5386 altera

1999 5428 2093 5485 est
2137 5440 2308 5483 mere
2337 5421 2650 5500 gratuita,
2701 5421 2833 5482 sine
2879 5419 3116 5482 meritis
3161 5418 3519 5481 donatarii:

1998 5516 2198 5579 altera
2225 5532 2396 5591 vero,
2428 5514 2574 5575 licet
2601 5531 2726 5575 non
2755 5519 3066 5595 supponat
3092 5511 3372 5574 debitum
3394 5508 3523 5590 jus·

3663 2468 3779 2529 128

3563 2595 3739 2659 Uenutio
3765 2594 3860 2651 quid

3565 2654 3860 2765 tassia-2

3606 2769 3631 2798 a
3648 2767 3825 2820 promu-

3647 2821 3781 2853 none.

3555 3210 3563 3218 n

3674 4964 3786 5023 129

3574 5090 3667 5132 Alia
3695 5095 3758 5132 cst
3794 5102 3866 5132 re·

3574 5143 3863 5194 muneratoria.

3572 5197 3651 5239 alia
3671 5197 3863 5251 gratuita.
