4263 6376
1180 303 1646 363 DISPUTATIO
1692 302 1963 376 XXXIV,
2013 302 2286 363 SECTIO
2332 303 2379 362 Ι.

222 483 381 541 Bona
414 483 622 540 autem
651 479 1004 539 communia
1035 479 1156 540 alia
1182 481 1328 540 sunt
1354 478 1722 558 temporalia

227 575 296 634 de
341 573 565 652 quibus
602 571 721 632 hac
776 572 1195 652 disputatione
1244 571 1544 647 dicemus,
1601 570 1724 632 alia

224 669 355 726 sunt
407 663 769 742 spiritualia,
821 664 897 725 de
954 665 1179 745 quibus
1230 664 1388 745 disp.
1438 662 1722 743 sequenti

227 757 543 818 dicendum
574 757 709 833 erit,
745 761 807 819 et
845 762 1062 836 postea
1090 758 1168 818 de
1198 758 1557 837 acceptione
1586 775 1723 835 per-

229 869 509 911 sonarum
542 868 679 929 quae
696 850 1001 929 contingit
1028 850 1090 910 in
1111 851 1372 930 judici0.

709 1275 1130 1358 sEcho
1186 1278 1240 1362 Ι.

220 1578 296 1640 De
313 1578 635 1660 acceptione
655 1597 1051 1660 personarum
1078 1580 1138 1639 in
1161 1598 1391 1660 qenere,
1424 1588 1481 1641 et
1505 1581 1566 1641 in
1593 1581 1725 1662 qui-

581 1685 685 1745 bus
705 1685 866 1745 bonis
895 1686 1080 1746 locum
1113 1686 1341 1748 habeat.

288 1953 771 2031 Supponendum
800 1952 1001 2031 primo
1033 1957 1127 2015 est
1154 1954 1238 2031 id,
1264 1954 1434 2034 quod
1455 1954 1723 2015 diximus

141 2104 159 2132 n
219 2047 339 2107 loco
379 2046 587 2121 citato,
625 2045 1070 2125 obligationem
1097 2046 1350 2127 justitiae
1379 2047 1726 2110 distributi-

151 2157 170 2206 ς
220 2158 320 2215 vm,
350 2139 490 2200 licet
519 2156 646 2199 non
675 2145 988 2218 supponat
1003 2140 1325 2219 proprium
1353 2143 1416 2201 et
1441 2141 1724 2202 strictum

218 2231 322 2311 juS,
368 2235 475 2292 aut
518 2231 801 2292 debitum
838 2233 1167 2294 fundatum
1196 2234 1261 2292 in
1298 2234 1550 2312 proprio
1580 2234 1722 2314 jure

141 2316 183 2397 ἐξ
220 2325 289 2384 ad
332 2324 471 2385 talia
515 2323 717 2397 bona;
768 2343 1121 2404 supponere
1176 2329 1388 2386 tamen
1442 2326 1723 2387 debitum

141 2423 172 2451 ⁰·
217 2416 448 2497 aliquod
485 2417 549 2475 in
599 2415 1058 2478 distribuente:
1109 2417 1218 2497 qui
1271 2418 1438 2478 enim
1484 2419 1723 2480 nullum

219 2510 477 2571 debitum
508 2508 720 2585 babet,
755 2527 879 2570 non
908 2514 1130 2588 peccat
1172 2515 1390 2571 contra
1415 2510 1723 2592 justitiam

218 2602 681 2678 distributivam,
736 2602 785 2661 si
816 2602 1240 2681 aequalitatem
1288 2608 1349 2664 et
1375 2604 1723 2683 proportio·

222 2714 348 2754 nem
372 2693 820 2774 geometricam
848 2694 911 2753 in
958 2694 1394 2756 distributione
1439 2714 1564 2756 non
1593 2715 1724 2756 ser-

219 2793 310 2848 vet
338 2808 350 2849 :
382 2790 586 2866 potest
614 2786 845 2866 quippe
883 2787 1050 2866 quod
1077 2806 1262 2848 suum
1311 2792 1406 2849 est
1442 2789 1591 2849 dare
1622 2789 1721 2849 cui

218 2880 351 2957 vult,
381 2881 510 2939 sine
536 2879 708 2958 justa
734 2879 1002 2941 aliorum
1032 2880 1308 2959 querela,
1344 2881 1503 2943 sicut
1530 2886 1591 2943 et
1619 2882 1720 2941 ille

217 2972 647 3051 paterfamilias
701 2973 764 3032 in
795 2973 1118 3051 evangelio
1150 2974 1387 3054 absque
1417 2974 1541 3035 ullo
1570 2973 1720 3035 vitio

218 3065 370 3126 dedit
394 3067 701 3146 aequalem
745 3066 1103 3127 mercedem
1133 3066 1375 3127 denarii
1404 3067 1608 3127 diurni
1649 3067 1723 3126 iis

216 3159 385 3219 etiam
430 3159 536 3239 qui
571 3158 912 3221 novissima
950 3158 1108 3221 hora
1152 3165 1475 3237 venerant,
1509 3164 1572 3222 et
1610 3159 1722 3220 mi-

217 3272 318 3313 nus
360 3253 820 3329 laboraverant,
856 3272 972 3314 nec
1018 3253 1096 3313 de
1137 3253 1256 3314 hac
1287 3254 1421 3334 ejus
1449 3254 1723 3316 liberali-

215 3350 326 3405 tate
367 3349 655 3423 poterant
693 3345 861 3425 juste
907 3346 1210 3426 conqueri
1251 3346 1435 3425 primi
1474 3347 1721 3414 labora-

216 3442 384 3499 tores,

281 3530 762 3610 Supponendum
807 3531 1084 3593 secundo
1126 3532 1190 3592 id
1221 3535 1389 3612 quod
1420 3537 1719 3614 praedicto

146 3652 153 3661 ·
216 3622 385 3683 etiam
412 3624 472 3684 in
514 3625 653 3685 loco
701 3625 992 3701 diximuS,
1028 3623 1335 3704 justitiam
1378 3628 1722 3691 distributi-

217 3733 343 3774 vam
369 3717 617 3797 proprie
644 3717 919 3777 residere
940 3718 1143 3778 solum
1161 3718 1225 3778 in
1248 3722 1588 3799 superiore,
1622 3724 1722 3785 vel

218 3805 267 3865 in
296 3826 362 3869 eo
393 3810 495 3888 qui
523 3810 864 3889 superioris
892 3809 1061 3871 vices
1088 3812 1252 3889 gerit
1279 3812 1342 3871 in
1371 3813 1504 3892 ipso
1537 3835 1719 3876 exer-

216 3902 343 3963 ‹itio
371 3901 843 3965 distributionis,
879 3905 1033 3964 Cum
1063 3903 1227 3963 enim
1258 3906 1337 3965 ad
1368 3908 1720 3986 superiores

215 4014 409 4056 socam
438 3997 752 4075 pertineat
779 3996 1130 4057 distributio
1160 3998 1471 4059 bonorum
1501 4005 1563 4062 ct
1586 4021 1720 4063 mu-

216 4108 415 4150 nerum
455 4090 908 4166 communium,
954 4089 1034 4150 ad
1078 4109 1220 4151 eum
1251 4092 1452 4153 solum
1481 4100 1723 4173 spectat

214 4200 531 4260 procurare
560 4182 728 4242 illam
760 4183 1184 4261 aequalitatem
1212 4204 1285 4244 ex
1313 4189 1490 4264 parte
1511 4188 1720 4248 subdi-

216 4278 401 4335 torum
454 4276 515 4335 in
591 4293 809 4336 eorum
865 4275 1375 4355 participatione;
1434 4278 1722 4341 subditus

216 4384 347 4428 vero
374 4368 618 4447 passive
650 4387 714 4429 se
745 4368 958 4444 habet,
992 4374 1181 4449 atque
1210 4370 1352 4432 ideo
1383 4372 1585 4433 solum
1613 4394 1721 4453 po·

215 4462 321 4520 test
345 4459 571 4521 habere
602 4466 812 4523 actum
853 4462 1321 4541 approbationis
1350 4469 1414 4526 et
1453 4468 1724 4544 compla-

214 4553 414 4614 centia}
468 4554 637 4614 circa
691 4555 882 4614 talem
938 4554 1461 4620 distributionem.
1511 4560 1725 4620 Potest

215 4645 385 4705 etiam
412 4647 710 4708 indirecte
743 4647 1005 4726 obligari
1037 4647 1115 4707 ab
1146 4648 1367 4709 eadem
1387 4649 1614 4712 virtute
1641 4652 1723 4712 ad

217 4755 326 4797 non
354 4740 840 4818 procurandum,
875 4741 1039 4820 quod
1084 4742 1371 4820 superior
1413 4743 1585 4822 leges
1614 4745 1723 4804 de-

215 4828 344 4892 bitae
361 4832 809 4894 distributionis
833 4852 956 4894 non
980 4834 1288 4912 observet,
1314 4855 1390 4896 ne
1411 4838 1723 4917 particeps

216 4922 313 4984 fiat
336 4925 539 5005 aliquo
569 4927 758 4988 modo
787 4927 921 5006 ejus
950 4928 1172 5006 culpae,
1205 4929 1517 4991 sicutaliae
1535 4930 1723 4991 etiam

218 5016 456 5079 virtutes
505 5019 787 5099 obligant
827 5020 1129 5081 indirecte
1179 5039 1395 5082 omnes
1448 5022 1624 5100 alios,
1656 5027 1727 5084 ut

220 5126 329 5169 non
369 5112 713 5192 impediant
759 5113 1124 5174 exercitium
1168 5133 1424 5175 suorum
1472 5121 1725 5177 actuum

224 5201 277 5260 in
306 5203 374 5264 iis
402 5224 555 5284 quos
585 5207 820 5267 directe
850 5207 1154 5285 obligant.

290 5298 390 5357 His
417 5299 770 5378 suppositiS,
805 5299 1142 5361 dicendum
1169 5300 1445 5362 breviter
1473 5304 1588 5378 est,
1628 5318 1726 5362 ac·

223 5390 549 5466 ceptionem
604 5410 1015 5471 personarum
1067 5392 1154 5453 ita
1201 5393 1524 5473 appellari,
1577 5393 1723 5472 quia

219 5482 443 5544 omissis
471 5484 720 5547 motivis
748 5484 1035 5564 propriis,
1071 5504 1210 5564 quae
1240 5485 1725 5548 attendidebent

3237 301 3354 361 549

1820 478 1901 538 ad
1924 479 2160 557 justam
2191 479 2715 554 distributionem,
2763 495 2902 556 quae
2933 480 3079 538 sunt
3103 475 3348 552 merita,

1823 571 2077 650 respicit
2124 571 2280 631 duas
2324 570 2823 632 circumstantias
2852 569 3214 648 personales
3241 568 3352 627 im-

1822 664 2227 741 pertinenteS,
2261 683 2321 725 v.
2371 683 2434 742 g.
2470 663 2974 742 conjunctionem
3005 661 3347 741 sanguiniS,

1821 756 2136 832 amicitiae,
2169 756 2642 832 benevolentiae,
2683 754 2932 815 divitias
2962 757 3025 814 et
3040 754 3161 815 alia
3188 752 3354 832 ejus-

1820 848 2014 924 modi,
2077 867 2217 927 quae
2259 849 2511 909 attendi
2565 866 2691 908 non
2739 846 3059 922 deberent,
3102 848 3165 906 et
3208 846 3350 906 ideo

1823 940 2256 1019 accipidicunt
2283 960 2407 1002 non
2439 941 2683 1017 merita,
2714 939 2823 999 sed
2844 957 3150 1019 personae.
3175 937 3352 1002 Unde

1821 1033 1883 1094 in
1903 1032 2461 1114 rigoreloquendO,
2482 1033 2760 1111 acceptio
2789 1049 3198 1111 personarum
3226 1049 3351 1092 non

1821 1125 2116 1204 alligatur
2165 1126 2245 1186 ad
2293 1125 2434 1202 hoc,
2496 1129 2565 1187 ut
2619 1128 2972 1204 opponatur
3024 1124 3351 1202 adaequate

1826 1237 1967 1279 cum
2007 1218 2252 1297 justitia
2293 1218 2729 1280 distributiva:
2781 1221 2986 1297 potest
3014 1216 3179 1276 enim
3217 1234 3351 1276 esse

1821 1312 2074 1391 proprie
2107 1312 2386 1390 acceptio
2417 1328 2827 1391 personarum
2853 1309 3078 1371 vitiosa
3105 1308 3356 1387 opposi-

1823 1409 1888 1465 ta
1910 1423 2033 1465 non
2063 1404 2314 1483 proprie
2338 1402 2600 1484 justitiae
2630 1401 3063 1477 distributivae,
3099 1401 3208 1461 sed
3236 1419 3351 1480 po-

1823 1497 1945 1558 tius
2010 1497 2498 1558 commutativae.
2576 1499 2735 1556 Nam
2789 1495 2853 1554 in
2903 1493 3115 1574 judice
3172 1493 3356 1554 datur

1824 1589 2073 1667 proprie
2117 1589 2397 1667 acceptio
2439 1591 2875 1668 personarum,
2913 1589 2982 1647 ut
3009 1588 3253 1647 constat
3280 1605 3355 1646 ex

1823 1682 1941 1741 illis
1966 1681 2176 1742 verbis
2199 1681 2385 1743 Levit.
2421 1685 2517 1742 19.
2551 1681 2686 1742 Non
2702 1679 3021 1741 consideres
3040 1698 3356 1759 personam

1811 1775 2115 1856 pauperis,
2146 1794 2250 1836 nee
2276 1774 2519 1835 honores
2542 1774 2760 1834 vultum
2779 1772 3035 1854 potentis
3048 1791 3076 1848 ;
3077 1772 3241 1853 juste
3255 1771 3355 1852 ju-

1820 1867 1951 1928 dica
1978 1868 2260 1949 proximo
2286 1875 2402 1942 tua,
2444 1871 2507 1928 et
2563 1865 2851 1928 Proverb.
2904 1882 3076 1942 xxlv,
3108 1867 3208 1926 23.
3242 1865 3354 1925 Ae-

1822 1961 2011 2042 cipere
2026 1953 2346 2042 personam
2389 1960 2448 2019 in
2468 1958 2691 2040 judicio
2726 1978 2842 2019 non
2886 1966 2970 2018 est
3015 1957 3242 2017 bonum.
3278 1958 3357 2019 Et

1820 2057 2029 2116 tamen
2096 2053 2291 2133 judex
2373 2053 2639 2113 dicendo
2705 2051 2809 2131 jus
2911 2070 3033 2112 non
3111 2054 3357 2111 exercet

1821 2147 2074 2226 proprie
2126 2151 2337 2207 actum
2400 2145 2658 2225 justitiae
2729 2143 3139 2204 distributivae
3158 2190 3171 2217 ,
3241 2142 3354 2201 sed

1822 2239 2321 2311 commutativoe3
2367 2257 2489 2299 non
2545 2237 2712 2298 enim
2743 2236 3058 2298 distribuit
3087 2235 3354 2296 subditis

1822 2330 1987 2390 bona
2043 2331 2422 2407 communia,
2482 2331 2593 2391 sed
2648 2329 2856 2390 reddit
2891 2328 3196 2408 singulm,
3257 2327 3356 2388 vel

1823 2422 2073 2485 *reddit
2100 2423 2209 2500 eiS‚
2231 2429 2338 2484 aut
2363 2423 2615 2485 retineri
2646 2423 2727 2484 ab
2757 2423 2905 2501 ipsis
2933 2422 3082 2482 facit
3101 2421 3355 2501 propria

1822 2517 2212 2594 singulorum
2254 2515 2441 2577 bona.
2493 2518 2641 2576 Haec
2697 2519 2908 2576 tamen
2964 2513 3154 2574 dictio
3196 2513 3356 2590 juris

1822 2608 2014 2668 habet
2041 2608 2313 2687 speciem
2344 2607 2685 2686 quamdam
2721 2605 2980 2685 justitiae
3009 2605 3354 2666 distributi-

1822 2720 1937 2777 vae,
1986 2705 2294 2780 quatenus
2340 2700 2730 2779 singulorum
2769 2698 3015 2774 merita,
3064 2716 3172 2758 seu
3209 2697 3354 2776 jura

1821 2794 2059 2855 sincere
2107 2792 2567 2854 consideranda
2608 2795 2669 2853 et
2697 2791 3123 2870 comparanda
3148 2791 3229 2851 ad
3259 2791 3356 2850 in·-

1821 2887 2023 2946 vicem
2052 2891 2218 2962 sunt,
2252 2891 2322 2946 ut
2350 2889 2654 2965 appareat
2682 2884 2822 2963 quis
2851 2883 3176 2950 meliorem
3205 2902 3355 2944 cau-

1822 2998 1956 3039 sam
1985 2979 2238 3055 habeat,
2270 2982 2335 3040 et
2361 2997 2508 3039 vero
2532 2978 2786 3039 domino
2811 2995 2910 3036 res
2934 2975 3350 3056 adjudicetur3

1821 3078 1884 3133 et
1914 3072 2055 3133 idco
2085 3076 2291 3150 potest
2320 3071 2405 3131 ibi
2435 3089 2569 3131 esse
2600 3070 2883 3148 acceptio
2915 3087 3350 3147 personarum,

1823 3182 1963 3245 quae
1993 3164 2326 3226 deflectere
2369 3163 2560 3225 faciat
2598 3162 2909 3244 judicium
2937 3180 2976 3223 a
3004 3166 3197 3239 recta,
3230 3179 3356 3222 non

1819 3263 1950 3321 tam
1979 3257 2434 3319 considerando
2448 3257 2608 3346 juris
2639 3256 3139 3329 fundamentum,
3165 3273 3356 3335 quam

1822 3352 2154 3432 qualitates
2183 3352 2338 3412 alias
2367 3350 2867 3430 impertinentes.

1902 3444 2081 3507 Unde
2111 3463 2326 3504 rursus
2354 3443 2572 3517 infero,
2603 3460 2804 3522 neque
2837 3442 3026 3503 etiam
3047 3460 3183 3502 esse
3212 3459 3355 3521 pro-

1820 3538 1953 3618 prie
2000 3542 2217 3598 contra
2257 3536 2564 3616 justitiam
2606 3554 2854 3614 semper
2895 3534 3357 3595 distributivam

1822 3630 2250 3710 acceptionem
2278 3647 2685 3708 personarum
2705 3627 3016 3703 vitiosam,
3050 3645 3190 3706 quae
3219 3645 3355 3686 esse

1820 3726 2025 3802 potest
2045 3722 2106 3781 in
2138 3721 2375 3782 honore
2406 3720 2990 3798 exhibend0,quam
3020 3718 3355 3798 reprehen-

1821 3816 1913 3877 dit
1938 3817 1971 3877 J
1979 3815 2212 3875 acobus
2240 3814 2574 3893 Apostolus
2602 3812 2663 3872 in
2693 3831 2807 3873 sua
2836 3812 3096 3890 epistola
3117 3814 3350 3889 cap.II.

1823 3913 1878 3970 1.
1935 3907 2141 3969 verbis
2183 3906 2302 3966 illis
2336 3924 2349 3965 ε
2411 3905 2654 3965 Fratres
2681 3904 2812 3980 mei,
2865 3903 3042 3962 nolite
3070 3903 3129 3962 in
3157 3922 3357 3984 perso-

1817 4021 2030 4062 narum
2057 3998 2384 4079 acceptione
2427 3996 2636 4057 habere
2675 3995 2851 4076 fidem
2897 3995 3137 4056 Domini
3173 3997 3366 4056 nostri

1817 4096 1957 4155 Jesu
2015 4091 2243 4154 Clzristi
2282 4090 2506 4172 qlorioe.
2567 4089 2805 4150 Etenim
2859 4088 2914 4148 si
2963 4088 3253 4149 introierit
3299 4090 3360 4148 in

1818 4194 2156 4248 conventum
2186 4193 2435 4244 vestrum
2463 4183 2557 4244 vir
2575 4181 2851 4243 annulum
2880 4200 3121 4242 aureum
3148 4181 3360 4243 habens

1819 4281 1880 4340 in
1908 4287 2058 4340 veste
2088 4275 2373 4353 candida,
2420 4275 2714 4338 introierit
2742 4282 2933 4334 autem
2963 4282 3018 4334 et
3035 4294 3272 4355 pauper
3299 4274 3360 4335 in

1817 4370 2054 4433 sordido
2084 4370 2307 4445 habita,
2352 4377 2406 4430 et
2435 4368 2746 4429 intendatis
2774 4367 2834 4427 in
2864 4387 3012 4443 eum,
3066 4368 3172 4448 qui
3194 4367 3359 4428 indu·

1821 4474 1912 4527 tus
1938 4473 2021 4525 est
2050 4472 2202 4525 veste
2223 4462 2520 4544 praeclara
2538 4510 2553 4540 ,
2599 4472 2655 4523 et
2684 4460 2952 4522 dae'aeeritis
2979 4460 3034 4521 ei
3063 4481 3076 4521 :
3117 4461 3204 4521 Tu
3231 4460 3362 4521 sede

1821 4560 1913 4620 lzic
1943 4558 2078 4618 bene
2097 4577 2121 4632 ,·
2144 4556 2399 4637 pauperi
2422 4565 2614 4617 autem
2660 4554 2865 4615 dicatis
2893 4573 2917 4614 .·
2952 4554 3039 4614 Tu
3065 4563 3158 4613 sta
3193 4553 3356 4615 illic:

1821 4660 1923 4713 aut
1948 4650 2079 4712 sede
2102 4650 2208 4710 sub
2234 4648 2476 4710 scabello
2497 4648 2713 4729 pedum
2736 4667 2991 4707 meorum
3015 4665 3039 4707 .·
3067 4647 3359 4726 nonneju-

1820 4744 2026 4804 dicatis
2055 4741 2219 4824 apud
2243 4742 2650 4822 vosmetipr,
2703 4749 2758 4801 et
2784 4740 2937 4821 faeti
2981 4740 3113 4800 estis
3127 4739 3361 4820 judices

1820 4837 2236 4918 eoqitationum
2266 4835 2644 4916 iniquarum?
2671 4833 2829 4910 Dixi,
2847 4853 2958 4893 non
2971 4850 3196 4913 semper
3224 4852 3360 4893 esse

1822 4931 1942 4991 hoc
1985 4934 2202 4991 contra
2234 4929 2544 5008 justitiam
2575 4926 3036 4987 distributivam
3063 4926 3354 5005 proprie;

1821 5027 2026 5103 potest
2044 5023 2211 5083 enim
2242 5021 2579 5100 aliquando
2601 5039 2760 5095 esse,
2794 5024 2864 5080 ut
2891 5018 2941 5078 si
2972 5019 3033 5078 in
3065 5036 3360 5079 consessu

1823 5115 2141 5176 communi
2170 5118 2233 5175 et
2261 5114 2531 5194 publicO,
2553 5113 2603 5172 is
2633 5112 2740 5191 qui
2769 5130 2845 5171 ex
2874 5111 3121 5190 publico
3153 5110 3358 5171 officio

1823 5209 1961 5269 loca
1992 5207 2252 5288 singulis
2294 5206 2445 5266 dare
2489 5205 2721 5277 debet,
2783 5221 2906 5264 non
2955 5203 3243 5265 attendat
3278 5203 3360 5264 ad

1824 5301 2293 5381 proportionem
2312 5298 2703 5373 meritorum,
2730 5296 2794 5358 in
2826 5296 2946 5357 hoc
2966 5296 3355 5375 exequend0‚

1823 5413 2083 5474 peccare
2139 5398 2346 5472 potest
2398 5395 2613 5452 contra
2663 5389 2972 5468 justitiam
3019 5388 3359 5449 distributi-

1821 5505 1987 5564 vam,
2019 5486 2292 5547 debebat
2321 5483 2487 5545 enim
2516 5483 2868 5561 digniorem
2898 5482 3194 5561 praeferre
3220 5482 3358 5544 loco

3455 491 3652 548 Acceptio

3417 558 3684 662 afflare

3443 659 3662 716 opperit-tur

3465 710 3635 761 justum

3402 760 3698 804 comminativa

3403 2438 3422 2458 ·
3441 2436 3540 2492 teg.
3570 2436 3704 2480 reddi.

3544 3457 3583 3515 4

3452 3580 3650 3635 Acoeptio

3418 3646 3681 3688 personatum

3451 3686 3490 3729 in
3511 3687 3666 3729 honore

3431 3740 3674 3791 exhibendo,

3405 3805 3456 3835 an
3474 3794 3529 3835 sit
3558 3800 3702 3837 contra

3403 3846 3601 3900 justiliam
3634 3848 3704 3889 di-

3425 3900 3701 3943 atributivam.
