4263 6376
1348 360 1820 421 DISPU'PATIO
1866 361 2082 438 XXVI,
2134 363 2408 426 SECTIO
2454 366 2500 425 I.
3435 374 3514 432 53

341 526 573 608 incipit
599 530 743 592 filiis
770 531 992 593 deberi
1020 532 1328 613 legitima,
1379 540 1448 597 ut
1475 535 1713 597 notavit
1738 538 1888 597 Les-

343 620 480 681 sius
509 640 571 681 n.
609 626 744 684 113.
798 625 863 685 Si
893 644 1045 686 vero
1075 626 1326 688 donatio
1356 628 1473 689 fuit
1500 647 1566 689 re
1595 633 1659 689 et
1686 627 1888 689 consi·

342 712 431 774 lio
461 713 834 792 inofficiosa,
893 724 956 779 et
981 719 1062 779 ad
1107 719 1272 780 bunc
1315 720 1507 780 finem
1549 719 1887 781 fraudandi

343 804 684 884 legitimas,
707 810 876 871 facta
895 816 1211 889 extraneo,
1234 813 1415 875 multi
1431 814 1657 875 docent
1676 812 1885 892 quoad

344 902 553 959 totum
576 918 758 979 posse
778 905 1080 965 revocari.
1106 905 1223 965 Alii
1244 905 1305 965 id
1326 907 1678 967 concedunt
1698 923 1882 984 quan·

348 990 433 1052 do
463 993 619 1053 nihil
649 1012 909 1073 prorsus
936 996 1079 1057 filiis
1106 997 1393 1059 relictum
1422 998 1558 1060 fuit.
1621 1001 1713 1059 lta
1741 1015 1883 1058 cum

343 1084 585 1146 Bartol.
629 1090 691 1147 et
721 1090 948 1149 Pauor.
1002 1090 1167 1169 apud
1197 1091 1495 1151 Molinam
1543 1090 1704 1170 disp.
1738 1093 1878 1152 283.

344 1194 569 1238 versus
597 1178 787 1239 finem
817 1184 988 1243 tenet
1012 1183 1258 1243 Lessius
1286 1203 1349 1245 n.
1386 1186 1521 1245 111.
1557 1183 1675 1244 Alii
1706 1182 1883 1242 deni-

345 1287 474 1348 que
503 1270 742 1347 dicunt,
794 1274 1076 1334 revocari
1105 1276 1309 1335 solum
1339 1294 1537 1355 usque
1567 1275 1648 1337 ad
1677 1275 1882 1353 legiti-

341 1377 485 1421 mas
513 1361 811 1424 filiorum.
872 1365 1020 1427 Mol.
1070 1384 1303 1445 anceps
1345 1372 1561 1429 manet
1606 1368 1668 1426 in
1709 1371 1883 1428 tanta

342 1454 680 1515 doctorum
708 1456 1032 1534 varietate,
1082 1463 1145 1521 et
1177 1460 1446 1522 consulit
1485 1460 1694 1520 favere
1745 1478 1880 1538 pos·

343 1548 578 1608 sessori
623 1549 975 1627 donatario,
1036 1553 1145 1612 sed
1193 1571 1417 1614 revera
1462 1571 1582 1613 non
1625 1554 1881 1615 affertur

342 1640 543 1700 ullum
570 1642 822 1702 firmum
849 1643 1327 1706 fundamentum
1356 1647 1435 1705 ad
1456 1645 1874 1725 probandum,

343 1733 515 1812 quod
548 1735 777 1795 debeat
822 1736 885 1795 in
927 1739 1128 1797 totum
1168 1739 1474 1814 revocari,
1527 1756 1642 1798 nec
1688 1740 1876 1800 etiam

342 1827 602 1904 quando
644 1828 798 1887 nihil
842 1828 985 1888 filiis
1012 1830 1297 1890 relictum
1344 1831 1479 1892 fuit.
1539 1832 1697 1893 Illud
1726 1850 1876 1892 sanc

340 1918 620 1981 fatentur
644 1921 876 1981 Molina
904 1927 967 1984 et
995 1922 1285 1983 Rebellus
1314 1941 1375 2002 q.
1409 1940 1495 1985 xl.
1547 1943 1652 1986 nu.
1689 1928 1744 1985 1.
1779 1943 1876 1984 re-

340 2012 740 2073 vocationem
768 2014 831 2072 in
854 2017 1078 2089 totum,
1111 2032 1254 2075 cum
1285 2015 1364 2077 sit
1389 2034 1599 2094 poena,
1634 2035 1758 2078 non
1788 2017 1876 2076 in-

340 2106 510 2165 curri
534 2110 679 2166 ante
709 2105 900 2166 latam
920 2106 1149 2186 judicis
1179 2109 1577 2170 sententiam.

425 2198 690 2259 Donatio
720 2202 926 2277 potest
954 2217 1086 2260 esse
1116 2201 1304 2262 etiam
1362 2201 1707 2263 inofficiosa
1737 2221 1869 2262 res-

336 2296 530 2370 pectu
576 2291 1054 2353 ascendentium
1116 2294 1366 2372 quando
1433 2294 1722 2372 impedit,
1795 2315 1872 2356 ne

331 2384 554 2444 debita
608 2384 700 2443 eis
738 2385 1016 2463 legitima
1056 2404 1096 2446 a
1139 2387 1661 2448 descendentibus
1689 2387 1873 2447 relin-

338 2481 593 2556 quatur,
628 2494 823 2554 quare
865 2479 1096 2556 poterit
1122 2478 1310 2540 etiam
1342 2498 1539 2559 usque
1569 2481 1649 2540 ad
1695 2480 1871 2540 illum

331 2569 678 2630 terminum
724 2571 1028 2647 revocari,
1076 2590 1150 2631 ex
1193 2573 1316 2651 leg.
1368 2571 1446 2633 Si
1480 2572 1660 2653 filius,
1689 2575 1753 2635 C.
1805 2572 1875 2633 de

334 2660 681 2742 inofficiosis
705 2661 902 2723 donat.
938 2668 1001 2724 et
1026 2664 1528 2725 fatenturomnes
1557 2665 1866 2726 doctoreS.

333 2754 498 2814 Illud
529 2773 678 2814 vero
700 2754 959 2815 dubium
982 2757 1146 2817 circa
1168 2762 1457 2834 parentes
1486 2776 1620 2817 esse
1640 2762 1865 2835 potest,

333 2865 424 2907 au
452 2847 611 2907 sicut
638 2847 892 2908 donatio
935 2849 1101 2909 facta
1141 2849 1420 2910 ecclesiae
1450 2850 1530 2910 ab
1560 2868 1633 2910 eo
1665 2851 1772 2929 qui
1798 2852 1870 2911 fi-

332 2940 458 3000 lios
486 2958 609 2999 non
639 2940 851 3017 habet,
897 2945 1228 3002 revocatur
1256 2947 1473 3020 postea
1516 2943 1676 3003 natis
1706 2942 1866 3019 filiis,

333 3032 559 3092 nonin
607 3036 806 3093 totum
853 3034 964 3093 sed
1018 3034 1220 3094 solum
1268 3034 1478 3113 quoad
1535 3034 1865 3113 legitima8‚

333 3124 510 3185 idem
540 3125 875 3185 dicendum
895 3127 974 3187 sit
1002 3126 1079 3186 de
1109 3127 1442 3188 donatione
1475 3128 1635 3190 sacta
1659 3146 1871 3190 ascen-

334 3217 635 3278 dentibus
679 3217 760 3278 ab
791 3237 864 3279 eo
912 3220 1016 3298 qui
1057 3219 1202 3280 filiis
1244 3220 1500 3282 carebat
1544 3225 1614 3282 ut
1653 3226 1872 3300 postea

333 3310 505 3370 natis
550 3310 694 3371 filiis
723 3328 846 3370 non
878 3313 959 3372 sit
997 3313 1354 3373 revocanda
1400 3313 1461 3373 in
1490 3316 1713 3388 totum,
1762 3314 1872 3373 sed

331 3404 544 3464 solum
574 3403 781 3482 quoad
808 3404 1079 3465 filiorum
1126 3405 1457 3484 legitimas.
1492 3409 1617 3466 Ant
1645 3409 1873 3467 Gomez

333 3496 512 3574 apud
539 3497 834 3557 Molinam
864 3496 1022 3576 disp.
1056 3502 1193 3560 282.
1239 3500 1297 3577 ἓ.
1336 3498 1595 3560 Dubium
1633 3499 1874 3559 ulterius

332 3598 446 3664 est,
501 3587 563 3648 in
606 3590 752 3665 fine,
804 3587 992 3665 dixit,
1039 3592 1449 3652 ascendentes
1489 3593 1698 3670 quoad
1753 3592 1873 3653 hoc

334 3681 716 3759 aequiparari
766 3682 1042 3743 ecclesiae
1094 3683 1204 3744 sed
1233 3684 1463 3745 Molina
1511 3703 1636 3745 non
1683 3684 1874 3745 audet

331 3774 407 3834 id
434 3775 803 3850 concedere,
835 3779 898 3835 et
923 3776 1146 3836 merito
1177 3777 1325 3854 quia
1354 3777 1499 3838 licet
1545 3778 1872 3838 ecclesiam

330 3872 670 3927 censeatur
699 3867 966 3928 donator
994 3885 1196 3948 aeque,
1231 3869 1329 3929 vel
1359 3869 1562 3947 magis
1612 3869 1874 3948 diligere

334 3977 533 4037 quam
576 3958 757 4035 filios,
811 3960 961 4038 quia
1010 3961 1265 4022 donatio
1296 3962 1402 4022 illa
1431 3963 1503 4022 fit
1547 3962 1609 4022 in
1638 3962 1874 4022 bonum

331 4052 569 4112 animae
599 4051 889 4129 propriae,
911 4071 1098 4131 quam
1126 4053 1268 4114 filiis
1299 4054 1600 4114 debemus
1620 4054 1875 4132 praefer-

243 4125 268 4144 ⁰
327 4163 435 4219 re,
486 4143 604 4204 hoc
650 4148 861 4204 tamen
891 4163 1013 4205 nou
1060 4147 1347 4224 procedit
1377 4147 1455 4206 de
1488 4147 1875 4208 ascendenti-

333 4239 482 4300 bus.
532 4238 688 4297 Nam
717 4242 786 4298 ut
820 4237 921 4298 ille
971 4238 1154 4314 dixit,
1209 4255 1388 4300 amor
1426 4257 1549 4299 non
1596 4241 1878 4300 ascendit

333 4330 453 4391 sed
484 4330 827 4406 descendit,
879 4331 1205 4410 magisque
1256 4331 1442 4394 homo
1491 4336 1663 4393 amat
1689 4331 1872 4409 filios,

333 4440 533 4503 quam
562 4426 884 4501 parentes:
929 4428 993 4484 et
1020 4424 1272 4485 donatio
1302 4442 1377 4485 ac
1404 4424 1743 4486 liberalitas
1772 4425 1878 4485 illa

333 4520 571 4596 praeter
597 4516 949 4577 naturalem
981 4517 1318 4595 quemdam
1348 4518 1631 4578 ordinem
1661 4517 1873 4593 habet,

334 4626 486 4669 cum
516 4607 747 4668 divitiae
772 4608 977 4685 potius
1006 4609 1085 4670 ab
1105 4609 1592 4670 ascendentibus
1609 4610 1878 4671 derivari

332 4700 615 4761 debeant
640 4700 720 4760 ad
752 4705 1056 4779 posteros,
1092 4720 1282 4780 quam
1312 4720 1345 4762 e
1376 4707 1595 4763 contra
1632 4722 1646 4764 :
1682 4721 1877 4781 quare

335 4793 544 4871 magis
573 4794 974 4871 praesumitur
1001 4795 1269 4855 voluisse
1299 4795 1529 4856 liberos
1550 4815 1696 4857 suos
1726 4796 1881 4857 dita-

335 4905 431 4958 re,
478 4905 671 4966 quam
718 4887 1151 4963 ascendentes,
1198 4907 1237 4948 a
1265 4888 1491 4967 quibus
1543 4889 1747 4967 potius
1800 4890 1881 4950 ad

337 4979 571 5040 liberos
602 4978 838 5039 divitiae
865 4980 1069 5041 redire
1099 4981 1434 5053 deberent;
1486 4987 1549 5043 et
1576 4981 1710 5042 haec
1738 4988 1884 5045 sunt

337 5073 490 5133 satis
519 5072 598 5132 de
644 5071 1059 5150 promissione
1090 5078 1152 5135 et
1194 5074 1558 5151 donatione,
1607 5094 1772 5136 nunc
1799 5075 1883 5136 ad

343 5165 466 5226 alia
493 5164 1004 5244 progrediamur.

2218 1044 2909 1141 DISPUTATIO
2975 1047 3281 1143 XXIV.

2038 1407 2114 1449 m:
2144 1406 2560 1453 TESTAMENTIS
2590 1409 2668 1453 ΕΤ
2693 1410 2934 1454 ULTmlS
2969 1411 3437 1458 VOLUNTATIBUS.

1980 1693 2223 1754 SEcrlo.
2258 1694 2303 1754 Ι.
2350 1692 2506 1768 Quid
2525 1693 2601 1753 sit
2650 1702 3069 1773 testamentum,
3103 1695 3249 1777 quid
3271 1696 3508 1758 codicil-

2056 1784 2177 1862 lus,
2224 1794 2279 1847 et
2316 1785 2385 1846 de
2429 1786 2789 1847 solemnitate
2831 1787 2911 1848 ad
2963 1797 3273 1870 utrumque
3316 1808 3507 1851 neces-

2051 1898 2234 1941 sarta.

1975 2046 2198 2107 sncmo
2227 2048 2302 2107 ΙΙ.
2341 2046 2579 2121 Quando
2610 2047 2820 2130 possit,
2854 2047 2948 2108 vel
2971 2068 3085 2108 non
3127 2048 3312 2130 possit
3340 2068 3502 2110 revo-

2052 2138 2186 2201 cari
2213 2147 2631 2200 testamentum.

1972 2294 2194 2354 Sucrlo
2222 2295 2325 2355 111.
2392 2293 2637 2369 Quidam
2665 2295 2776 2355 alii
2802 2315 2987 2373 casus,
3020 2296 3080 2356 in
3112 2297 3316 2378 quibus
3344 2318 3499 2379 quoe-

2049 2386 2226 2462 ritur,
2256 2386 2515 2467 udprius
2533 2396 2930 2449 testamentum
2950 2400 3247 2450 censeatur
3273 2410 3503 2453 revoca-

2050 2488 2194 2540 tum.

1972 2640 2193 2700 SECTIO
2221 2641 2321 2700 lv.
2359 2638 2448 2700 De
2475 2639 2545 2699 iis
2574 2639 2679 2721 qui
2707 2648 3106 2702 testamentum
3131 2642 3329 2722 facere
3359 2642 3503 2724 leqi-

2049 2732 2188 2791 time
2208 2741 2467 2806 possunt.

1972 2884 2194 2945 SEc'rlo
2223 2887 2295 2945 V.
2339 2884 2453 2959 Qui
2479 2902 2553 2945 ea·
2582 2892 2918 2945 testamento
2949 2886 3212 2967 accipere
3245 2888 3496 2968 possint.

1972 2979 2195 3038 SECTm
2224 2981 2329 3040 VI.
2363 2980 2484 3054 An,
2519 2986 2574 3038 et
2601 2977 2881 3059 quomodo
2922 2979 3036 3059 filit
3065 2982 3257 3061 spurii
3296 3000 3371 3042 ex
3397 2992 3504 3043 tes-

2048 3080 2299 3131 tamento
2324 3071 2514 3153 patris
2543 3071 2805 3153 accipere
2820 3072 3071 3153 possint.

1972 3230 2193 3290 Suc'rlo
2224 3231 2354 3290 vll.
2404 3230 2543 3304 An,
2590 3237 2646 3288 et
2690 3227 2973 3309 quomodo
3008 3229 3254 3310 possint,
3304 3240 3361 3292 et
3403 3232 3503 3293 de-

2051 3321 2220 3382 beant
2259 3321 2402 3402 filiis
2429 3320 2646 3402 spuriis
2687 3321 2961 3381 alimenta
2983 3342 3019 3381 a
3036 3323 3378 3402 parentibus
3405 3344 3499 3386 re-

2052 3414 2260 3494 linqui.

1973 3573 2195 3633 Sssc'rlo
2224 3571 2383 3632 VIII.
2438 3568 2527 3629 De
2569 3566 2638 3629 iis
2667 3587 2799 3650 quce
2843 3570 2999 3632 circa
3025 3570 3280 3633 lzoercdes
3308 3592 3503 3633 occur-

2050 3673 2209 3724 runt.

2049 3786 2109 3863 ἓ.
2145 3788 2200 3846 1.
2235 3784 2323 3846 De
2348 3786 2860 3850 substitutionibus.

2051 3905 2106 3982 ἓ.
2139 3908 2198 3966 2.
2232 3904 2321 3966 De
2342 3905 2660 3967 licei-edibus
2688 3907 2760 3967 ab
2792 3907 3082 3982 intestato,
3105 3904 3208 3964 ubi
3229 3904 3299 3965 de
3325 3904 3503 3965 haere-

2131 3996 2296 4056 dibus
2321 3999 2652 4059 necessariis
2680 4009 2736 4060 et
2762 3996 3243 4060 eoelzoeredatione.

2051 4117 2108 4194 ἓ.
2142 4119 2201 4177 3.
2239 4117 2361 4191 Quo
2406 4116 2607 4179 ordine
2662 4117 2967 4179 succedant
3009 4117 3261 4180 lioeredes
3301 4116 3374 4177 ab
3420 4116 3504 4177 in·

2135 4217 2363 4270 testato.

2052 4329 2110 4406 ἓ.
2144 4333 2205 4390 4.
2236 4328 2328 4390 De
2356 4329 2663 4391 collatione
2691 4330 2997 4393 bonorum.

2052 4449 2108 4528 §.
2142 4452 2202 4509 5.
2228 4448 2316 4510 De
2339 4448 2664 4510 inventario
2691 4448 2979 4530 facienda.

1980 4602 2203 4663 Suc'rlo
2232 4603 2335 4662 IX.
2372 4600 2458 4662 Dc
2486 4602 2576 4676 iis,
2611 4621 2741 4683 quoe
2768 4601 2849 4662 ad
2873 4601 3187 4682 leqatarios
3215 4610 3270 4663 et
3317 4600 3509 4682 quata

2051 4695 2369 4775 pertinent.

2057 4817 2114 4892 ἓ.
2139 4819 2201 4967 ἑ.
2236 4815 2328 4876 De
2372 4815 2577 4896 leqatis
2625 4815 2729 4876 sub
2758 4814 3079 4876 conditione
3119 4813 3308 4891 modo,
3333 4814 3425 4875 vel
3447 4814 3508 4874 in

2181 4926 2310 4970 tem.

2066 5028 2122 5107 §.
2150 5031 2209 5088 2.
2246 5026 2335 5087 De
2367 5027 2555 5107 leqato
2585 5046 2658 5088 ea·
2698 5047 2914 5102 errore,
2948 5027 3042 5089 vel
3084 5024 3504 5100 incertitudine,

2143 5120 2236 5181 vel
2253 5140 2379 5181 cum
2406 5121 2566 5202 falsa
2597 5121 3102 5182 demonstratione.

1985 5281 2211 5341 Sssc'rlo
2249 5282 2323 5341 X.
2357 5280 2447 5341 De
2467 5280 2671 5361 leqatis
2691 5280 2887 5361 quoad
2908 5299 3019 5358 res,
3053 5300 3184 5362 quae
3216 5281 3505 5361 leqantur.

1985 5441 2211 5502 Ssscno
2240 5441 2344 5501 xl.
2377 5438 2571 5500 Dubia
2607 5439 2728 5501 alia
2750 5440 3066 5522 pradictua
3089 5460 3205 5523 pro
3218 5442 3353 5522 soro
3381 5461 3514 5503 con·

2062 5532 2319 5596 scientiae
2347 5531 2415 5593 de
2444 5532 2670 5614 leqatis.
