4263 6376
890 270 1008 328 690

892 443 1011 503 mis
1039 459 1166 504 non
1196 441 1312 503 nisi
1331 440 1647 503 rarissime
1667 455 1848 520 posse
1862 438 2027 500 ferre
2052 440 2429 502 sententiam

886 536 1066 616 juxta
1094 535 1157 595 id
1187 535 1355 614 quod
1382 535 1514 613 ipse
1544 534 1895 596 scitcontra
1910 533 2175 614 probata
2203 539 2266 595 et
2284 533 2428 593 alle-

892 635 1063 709 gata,
1098 631 1166 690 ut
1194 634 1409 707 postea
1437 627 1813 703 videbimuS,
1848 645 2030 706 posse
2060 632 2272 688 tamen
2303 643 2427 686 non

886 721 1173 802 judicare
1203 726 1420 782 contra
1447 721 1512 781 id
1559 720 1727 801 quod
1755 720 1909 796 scit,
1960 725 2217 799 propter
2260 718 2427 780 testi-

892 815 1104 875 monia
1135 815 1402 875 duorum
1429 815 1705 876 testium.
1759 814 2057 886 Quamvis
2086 813 2253 873 enim
2283 830 2425 873 eon-

889 912 987 970 tra
1014 908 1325 968 rationem
1353 907 1433 969 sit
1461 907 1716 969 credere
1736 907 1937 986 magis
1958 906 2425 985 unitestiquam

891 1001 1135 1062 duobus
1193 1020 1206 1062 ε
1265 1018 1392 1061 non
1446 1004 1540 1062 est
1585 1004 1796 1062 tamen
1839 1004 2059 1062 contra
2112 998 2423 1060 rationem

888 1095 1144 1157 credere
1172 1094 1373 1173 magis
1390 1093 1531 1172 sibi,
1556 1112 1747 1174 quam
1773 1094 1944 1154 mille
1964 1092 2249 1169 testibuS,
2274 1092 2422 1173 quia

885 1188 1315 1269 unusquisque
1344 1188 1460 1248 sibi
1515 1187 1668 1248 facit
1709 1186 2136 1267 plenissimam
2174 1186 2367 1245 fidem
2398 1202 2413 1248 z

886 1284 940 1343 si
966 1282 1219 1363 quidem
1249 1300 1376 1342 non
1403 1281 1553 1342 facit
1587 1281 1777 1341 fidem
1801 1326 1817 1358 ,
1882 1279 1996 1340 sed
2035 1279 2419 1340 evidentiam

882 1377 998 1453 rei,
1030 1379 1248 1437 contra
1278 1392 1467 1454 quam
1497 1392 1623 1436 non
1650 1374 1861 1435 valent
1886 1373 2056 1432 mille
2082 1375 2294 1434 testeS.

966 1469 1192 1542 Quinto
1223 1468 1534 1546 objicitur,
1564 1467 1710 1547 quia
1731 1466 1849 1527 hac
1877 1466 2117 1527 ratione
2149 1465 2418 1544 aperire-

881 1567 983 1625 tur
1009 1563 1110 1623 via
1130 1561 1447 1642 judicibus
1473 1560 1774 1641 palliandi
1798 1578 1944 1621 suos
1973 1562 2252 1637 affectus,
2267 1559 2417 1619 dum

881 1654 1160 1735 corrupti
1191 1653 1459 1733 pecunia
1487 1654 1687 1714 nolint
1716 1654 2018 1714 damnare
2060 1672 2241 1713 reum
2266 1653 2417 1731 legi-

879 1749 1030 1811 time
1060 1748 1436 1809 convictum.
1498 1748 1718 1810 Dicent
1759 1747 1924 1808 enim
1964 1766 2030 1807 se
2077 1765 2204 1808 non
2232 1764 2415 1825 posse

877 1843 1041 1903 ferre
1070 1841 1445 1903 sententiam
1473 1846 1692 1903 contra
1718 1840 1783 1900 id
1804 1839 1972 1920 quod
1993 1843 2163 1902 certo
2185 1840 2408 1900 sciunt.

879 1935 1354 2015 Respondetur,
1402 1953 1526 1995 non
1557 1954 1692 1995 esse
1723 1934 2073 2014 periculum
2103 1933 2290 2012 hujus
2318 1933 2412 1993 in·-

878 2027 1229 2100 commodi;
1287 2045 1428 2088 eum
1458 2028 1623 2088 enim
1669 2027 1731 2087 in
1773 2029 1907 2088 foro
1935 2030 2192 2088 externo
2215 2026 2412 2106 judici

875 2140 1002 2182 non
1032 2121 1112 2182 sit
1132 2120 1536 2197 credendum,
1563 2120 1682 2180 nisi
1710 2120 1772 2181 id
1803 2121 2044 2200 probet,
2066 2121 2177 2181 sed
2207 2121 2411 2200 potius

875 2213 1108 2275 debeat
1134 2214 1340 2294 puniri
1371 2218 1630 2293 propter
1669 2214 1928 2293 justitiae
1972 2213 2257 2275 ordinem
2286 2232 2409 2275 non

875 2311 1194 2369 servatum
1230 2326 1244 2369 ι
1277 2326 1402 2368 non
1430 2307 1666 2369 subibit
1693 2308 1959 2369 libenter
1989 2307 2143 2368 illud
2173 2308 2411 2387 pericu-

871 2400 1026 2477 lum,
1059 2400 1174 2461 nisi
1207 2400 1565 2461 stimulante
1597 2400 1999 2463 conscientia.
2045 2401 2247 2477 Adde,
2280 2420 2407 2461 ma-

863 2493 970 2572 jus
1000 2512 1135 2553 esse
1181 2492 1245 2552 in
1293 2492 1617 2572 republica
1664 2493 2015 2571 periculum
2057 2512 2133 2554 ex
2177 2494 2409 2555 calum-

869 2585 987 2645 niis
1014 2586 1314 2646 falsorum
1345 2586 1621 2662 testium,
1671 2586 1778 2664 qui
1798 2592 2095 2649 accusent
2113 2587 2406 2649 innocen·

867 2681 1019 2756 tem,
1053 2697 1243 2758 quam
1274 2698 1348 2739 ex
1388 2678 1602 2757 judice
1632 2678 1738 2757 qui
1787 2679 1942 2742 nolit
1982 2680 2404 2741 condemnare

868 2777 1224 2833 nocentem.
1279 2774 1483 2844 Quare
1521 2770 1742 2833 debuit
1781 2772 1970 2834 etiam
2017 2778 2258 2835 naturae
2306 2773 2405 2833 lex

865 2863 1017 2925 dare
1045 2864 1301 2945 aliquod
1328 2864 1677 2926 remedium
1709 2865 2021 2927 innocenti
2050 2869 2271 2927 contra
2299 2883 2403 2926 ca-

863 2956 1274 3019 lumniatores
1299 2957 1524 3019 saltem
1553 2958 1617 3018 in
1647 2959 2023 3021 conscientia
2053 2958 2203 3020 boni
2227 2958 2399 3038 judi-

865 3050 977 3127 ciS,
1011 3049 1120 3130 qui
1148 3069 1292 3110 eum
1319 3051 1716 3112 innocentem
1743 3052 1937 3114 novit.

946 3144 1134 3206 Sexto
1183 3143 1475 3224 objicitur
1497 3191 1513 3223 ,
1574 3144 1721 3225 quia
1766 3144 2100 3225 aliquando
2145 3150 2401 3227 propter

865 3238 1102 3299 bonum
1131 3255 1464 3299 commune
1487 3239 1635 3299 licet
1659 3238 1945 3299 occidere
1971 3238 2392 3318 innocentem,

861 3335 932 3392 ut
959 3332 1021 3391 in
1070 3331 1536 3410 oppugnatione
1583 3331 1853 3393 civitatis
1872 3379 1886 3406 ‚
1937 3349 2082 3392 cum
2129 3332 2398 3395 diruitur

865 3423 1081 3500 turriS,
1115 3425 1212 3484 vel
1242 3441 1376 3501 arx,
1400 3423 1464 3484 in
1485 3441 1611 3504 qua
1635 3429 1780 3485 sunt
1799 3424 1976 3485 multi
2004 3424 2389 3488 innocentes

859 3516 1316 3595 Respondetur,
1336 3517 1423 3577 ibi
1452 3535 1575 3577 non
1607 3517 1844 3578 intendi
1873 3516 2107 3578 directe
2140 3519 2395 3581 occisio·

860 3628 1005 3670 nem
1035 3609 1400 3685 innocentie,
1433 3610 1544 3669 sed
1565 3609 1994 3671 reductionem
2014 3612 2174 3671 arcis
2204 3611 2396 3675 hosti-

855 3701 953 3778 lis,
986 3721 1127 3782 quae
1156 3721 1280 3763 non
1312 3703 1500 3763 debet
1525 3703 1793 3782 relinqui
1821 3704 1968 3765 lieet
1987 3722 2060 3764 ex
2079 3723 2154 3765 ea
2173 3723 2394 3785 sequa-

854 3798 959 3857 tur
994 3814 1162 3856 mors
1209 3794 1560 3855 innocentis
1605 3801 1822 3858 contra
1851 3796 2150 3875 principis
2178 3799 2392 3859 volun-

855 3892 1048 3949 tatem
1098 3908 1112 3950 :
1164 3888 1228 3948 in
1257 3888 1552 3967 praesenti
1596 3893 1805 3949 autem
1835 3908 1984 3950 casu
2013 3888 2204 3970 judex
2233 3891 2393 3952 dire-

856 3985 951 4043 cte
983 3987 1045 4044 et
1072 3981 1435 4043 immediate
1455 3981 1728 4043 intendit
1746 3983 2033 4044 occidere
2070 3984 2391 4045 hominem

855 4074 1255 4138 innocentem
1281 4120 1296 4151 ,
1359 4075 1526 4154 quod
1562 4075 1818 4155 quidem
1848 4076 2082 4138 directe
2110 4075 2391 4138 intende-

853 4186 923 4229 re
979 4186 1324 4247 numquam
1378 4172 1473 4230 est
1525 4167 1764 4231 licitum
1811 4173 2069 4248 propter
2113 4169 2287 4230 illum
2317 4172 2391 4231 fi·-

852 4279 1021 4323 nem.

934 4355 1115 4415 Dices
1150 4375 1163 4415 :
1198 4354 1450 4434 quando
1480 4354 1704 4434 aliquis
1741 4354 1806 4415 in
1835 4354 1929 4415 sui
1962 4355 2388 4419 defensionem

852 4448 1083 4510 occidit
1110 4448 1414 4509 furiosum
1448 4450 1542 4510 vel
1571 4449 1854 4525 ebrium,
1901 4467 2046 4510 eum
2076 4450 2387 4512 volentem

849 4541 1203 4603 interficere
1219 4543 1400 4620 ;tunc
1412 4541 1646 4603 directe
1661 4541 1950 4603 interficit
1962 4543 2384 4619 innocentem,

852 4653 1000 4713 ergo
1028 4639 1285 4714 propter
1311 4652 1641 4696 commune
1669 4634 2030 4714 reipublicae
2053 4636 2290 4698 bonum
2321 4638 2386 4697 li-

850 4727 1019 4789 cebit
1045 4729 1233 4789 etiam
1250 4728 1449 4808 judici
1470 4727 1756 4791 occidere
1789 4727 2045 4806 directe,
2072 4748 2260 4809 quem
2283 4748 2388 4792 no·

850 4821 942 4883 vit
971 4822 1392 4883 innocentem.

927 4915 1133 4995 Aliqui
1165 4916 1404 4990 volunt,
1437 4917 1590 4975 tunc
1618 4914 1809 4978 etiam
1839 4914 2044 4978 occidi
2072 4917 2384 4978 indirecte

847 5008 1154 5068 furiosum
1183 5054 1199 5085 ,
1242 5025 1389 5068 nam
1419 5007 1713 5069 occidens
1739 5010 1943 5071 solum
1971 5011 2246 5073 intendit
2271 5009 2383 5070 im-

845 5101 1062 5181 pedire
1112 5107 1175 5163 et
1213 5103 1499 5162 avertere
1544 5101 1926 5178 invasorem;
1990 5104 2153 5165 sicut
2193 5103 2381 5165 etiam

844 5196 1129 5256 medicus
1156 5195 1389 5256 directe
1418 5194 1686 5258 intendit
1713 5215 1934 5258 sanare
1958 5202 2287 5276 aegrotum,
2321 5201 2384 5259 et

841 5289 925 5349 ad
957 5289 1076 5350 hoc
1107 5288 1394 5350 debilitat
1420 5289 1615 5366 illum,
1647 5310 1772 5352 non
1805 5296 1873 5352 ut
1898 5292 1979 5351 sit
1998 5289 2245 5367 debilis,
2267 5290 2379 5351 sed

839 5385 912 5442 ut
939 5385 1243 5460 purgetur
1270 5382 1350 5443 ab
1384 5382 1645 5443 humore
1678 5384 1925 5444 nocive.
1986 5383 2254 5443 Facilius
2282 5401 2375 5444 re-

839 5474 1205 5555 spondetur,
1239 5475 1539 5537 directam
1571 5476 1946 5536 occis-Ionem
1976 5476 2246 5537 hominis
2263 5478 2371 5555 ju-

2048 263 2150 322 DE
2199 262 2552 324 JUSTITIA
2597 264 2697 324 ET
2738 265 2771 325 J
2782 265 2937 326 ΗΒΕ

2524 457 2592 500 re
2620 439 2755 518 ipso
2778 443 3020 502 naturae
3046 440 3259 518 licere,
3294 442 3550 522 quando
3576 447 3678 506 est
3704 442 4062 505 necessaria

2522 533 2606 593 ad
2635 534 3064 595 defensionem
3093 536 3363 614 propria}
3391 537 3538 597 vitae
3589 556 3602 597 :
3652 534 3781 597 vim
3813 536 3982 597 enim
4001 535 4061 595 vi

2522 627 2826 706 repellere
2857 632 2950 688 est
2977 627 3366 704 hominibu3‚
3409 633 3473 691 et
3499 627 3700 692 brutis
3729 630 3922 692 etiam
3951 646 4063 689 na-

2523 721 2745 782 turale.
2795 722 2939 783 Sive
2980 739 3134 800 ergo
3165 722 3420 784 invasor
3447 726 3698 802 peccet,
3754 723 3888 783 sive
3937 740 4062 783 non

2524 817 2768 892 peccet;
2814 815 2865 874 si
2913 819 3126 877 tamen
3164 814 3301 893 ipsa
3328 814 3569 877 invasio
3599 816 3945 878 materialis
3971 820 4066 876 est

2519 907 2774 986 injusta,
2807 925 2924 987 ego
2952 907 3258 970 interficio
3290 914 3619 971 nocentem
3648 909 3805 971 mihi
3826 955 3844 986 ,
3876 908 4066 969 inno-

2520 1005 2768 1062 centem
2795 1007 3006 1063 autem
3034 1002 3321 1064 occidere
3340 1020 3591 1081 semper
3605 1015 3699 1065 est
3724 1002 4065 1063 intrinsece

2521 1094 2779 1172 malum,
2811 1095 2974 1157 sicut
3000 1113 3381 1175 cognoscere
3426 1113 3551 1156 non
3601 1114 3803 1156 suam.
3863 1098 4067 1157 Caete-

2517 1205 2698 1262 rum,
2750 1189 3003 1267 quando
3034 1206 3269 1250 nocens
3296 1193 3413 1265 est,
3446 1190 3548 1250 vel
3576 1193 3747 1252 certo
3777 1190 4059 1266 nocebit,

2516 1280 2756 1342 licitum
2775 1282 3025 1344 videtur
3041 1282 3277 1345 directe
3291 1282 3617 1344 intendere
3635 1283 3771 1364 ejus
3789 1288 4064 1346 mortem

2515 1392 2641 1434 non
2672 1381 2742 1436 ut
2765 1375 2977 1451 finem,
3001 1377 3112 1437 sed
3127 1381 3199 1438 ut
3220 1375 3501 1438 medium
3517 1378 3600 1439 ad
3628 1376 4061 1439 defensionem

2515 1485 2723 1528 meam
2751 1468 2801 1528 si
2820 1467 2957 1548 jam
2983 1469 3370 1548 aggreditur.

2595 1560 2873 1638 Septimo
2904 1560 3207 1640 objiciunt
3234 1562 3337 1621 alii
3364 1606 3379 1638 ,
3415 1561 3566 1642 quia
3600 1562 3655 1623 si
3676 1561 3874 1641 judex
3905 1567 4057 1624 tunc

2514 1670 2638 1714 non
2667 1659 2878 1731 posset
2904 1652 3069 1714 ferre
3097 1653 3475 1716 sententiam
3484 1655 3669 1733 juxta
3690 1656 3970 1734 allegata
3998 1661 4056 1717 et

2512 1746 2799 1825 probata,
2834 1751 3205 1827 sequeretur
3223 1748 3599 1827 perplexitas
3626 1748 4049 1810 conscientioe.

2511 1842 2826 1901 Ponamus
2868 1839 3037 1899 enim
3074 1839 3356 1919 judicem
3399 1840 3897 1903 ecclesiasticum
3954 1859 4054 1903 co-

2510 1949 2815 2011 gnoscere
2844 1932 2922 1993 de
2965 1932 3173 2012 aliquo
3222 1932 3481 1994 erimine
3505 1978 3522 2012 ,
3579 1937 3749 2014 quod
3805 1941 4054 1998 constat

2510 2025 2915 2086 commissum
2962 2044 3099 2088 esse
3136 2027 3216 2087 ab
3247 2045 3371 2088 uno
3402 2047 3478 2087 ex
3504 2028 3752 2090 duobus
3781 2029 4052 2091 homini-

2510 2118 2648 2195 buS,
2682 2122 2888 2195 Petr0,
2922 2138 2980 2179 v.
3014 2138 3078 2199 g.
3111 2125 3175 2182 et
3196 2121 3423 2182 Paulo:
3456 2122 3588 2201 ipse
3618 2126 3833 2183 autem
3852 2122 4050 2203 Jndex

2509 2231 2583 2272 ex
2612 2213 3002 2274 confessione
3031 2216 3473 2277 sacramentali
3501 2216 3670 2277 Petri
3715 2217 3839 2279 scit
3883 2234 4049 2277 com-

2508 2305 2767 2367 missum
2799 2324 2934 2367 esse
2965 2307 3044 2367 ab
3064 2308 3223 2387 ipso,
3256 2314 3320 2370 et
3347 2327 3472 2370 non
3502 2328 3541 2369 a
3566 2311 3787 2372 Paulo.
3823 2312 4048 2371 Postea

2512 2400 2739 2460 Paulus
2767 2404 3118 2477 accusatur,
3152 2405 3218 2462 et
3242 2420 3356 2480 per
3380 2406 3570 2463 testes
3594 2402 3877 2481 legitime
3907 2421 4048 2464 con-

2504 2493 2776 2554 vincitur
2802 2494 2882 2553 do
2912 2492 3016 2553 ille
3045 2492 3296 2570 delicte,
3315 2495 3369 2555 si
3389 2494 3585 2574 judex
3604 2497 3769 2558 ferat
3797 2502 4051 2558 senten-

2504 2585 2659 2647 tiam
2718 2589 2939 2647 contra
2997 2585 3237 2664 ipsum,
3299 2587 3677 2651 condemnat
3705 2607 3901 2668 quem
3943 2588 4052 2650 seit

2502 2677 2924 2745 innocentem.
2959 2682 3022 2739 et
3047 2683 3300 2756 peccat;
3355 2680 3404 2741 si
3435 2700 3561 2742 non
3597 2682 3760 2743 ferat
3788 2688 4047 2743 senten-

2502 2771 2656 2832 tiam
2682 2770 2922 2832 revelat
2940 2770 3396 2834 confessionem
3418 2775 3612 2847 Petri;
3643 2792 3867 2836 omnes
3879 2776 4046 2835 enim

2503 2867 2772 2942 arguent
2799 2882 2873 2923 ex
2923 2863 3313 2927 confessione
3342 2868 3506 2928 Petri
3533 2872 3825 2929 constare
3847 2867 4044 2947 judici

2500 2956 2926 3018 innocentiam
2953 2957 3165 3032 Pauli;
3199 2977 3348 3038 ergo
3378 2964 3645 3041 utroque
3680 2962 3877 3023 modo
3907 2981 4043 3042 pec·

2501 3049 2669 3112 eabit
2696 3050 2906 3129 iudex.

2583 3143 3021 3223 Respondetur
3041 3190 3057 3221 ,
3091 3143 3213 3207 hoc
3239 3150 3681 3225 argumentum
3711 3166 3899 3230 aeque
3928 3149 4044 3211 mi-

2496 3236 2674 3298 litare
2704 3242 2924 3298 contra
2952 3237 3285 3300 adversam
3310 3241 3688 3303 sententiam
3743 3261 3758 3304 ε
3816 3261 3968 3304 nam
3994 3244 4041 3304 si

2498 3329 2722 3409 aliquis
2749 3349 2823 3391 ex
2853 3330 3243 3392 confessione
3262 3335 3703 3396 sacramentali
3725 3337 3891 3399 sciat
3916 3356 4043 3397 ma-

2496 3421 2856 3484 trimonium
2887 3422 3141 3502 aliquod
3170 3443 3305 3485 esse
3335 3426 3595 3505 nullum,
3620 3427 3773 3490 etin
3799 3429 4041 3508 judicio

2494 3516 2799 3595 probatur
2826 3517 3136 3591 validum3
3197 3519 3297 3580 vel
3347 3519 3537 3581 debet
3581 3521 3871 3600 proferre
3901 3543 4041 3583 sen-

2493 3609 2756 3671 tentiam
2783 3628 2896 3688 pro
2927 3610 3350 3688 matrimonio,
3378 3616 3439 3674 et
3454 3615 3604 3674 tunc
3631 3621 3861 3692 peccat
3888 3633 4041 3695 prae·

2493 3702 2783 3781 cipiendo
2831 3704 3122 3782 copulam
3169 3721 3313 3764 cum
3363 3705 3470 3767 illa
3516 3724 3712 3786 quam
3764 3710 3888 3771 scit
3915 3729 4038 3771 non

2493 3814 2629 3856 esse
2660 3813 2952 3867 uxorem;
2999 3796 3098 3858 vel
3146 3797 3419 3859 abstinet
3446 3817 3482 3858 a
3514 3800 3874 3877 prolatione
3905 3822 4040 3864 sen-

2491 3888 2703 3950 tentiae
2744 3893 2809 3950 et
2852 3894 3001 3951 tunc
3047 3891 3285 3952 revelat
3312 3890 3775 3954 confessionem
3819 3896 4042 3975 conju-

2490 3982 2607 4061 gis.
2647 3982 2825 4055 Quod
2854 3986 2923 4044 tu
2952 3981 3182 4044 dixeris
3212 3983 3276 4044 in
3306 3985 3426 4046 hoc
3467 4004 3618 4047 casu
3642 4033 3658 4064 ,
3709 3988 3837 4049 dici
3869 3993 4039 4068 pote-

2491 4075 2575 4137 rit
2600 4076 2665 4135 in
2694 4075 2799 4136 illo
2821 4075 3033 4154 priori.
3070 4079 3307 4139 Rursus
3326 4095 3634 4157 ponamus
3655 4080 3869 4159 ipsum
3894 4101 4041 4143 con-

2483 4168 2704 4250 jugem
2720 4169 3056 4231 habentem
3078 4187 3335 4231 uxorem
3352 4172 3565 4252 (prout
3584 4174 3656 4234 fit
3674 4175 3850 4252 apud
3868 4179 4041 4237 Grae-

2490 4281 2635 4340 cos,
2684 4266 2750 4323 et
2776 4263 3080 4342 potuisset
3119 4263 3290 4342 apud
3319 4282 3433 4325 nos
3458 4266 3618 4344 fieri)
3649 4284 4042 4347 cognoscere

2490 4374 2563 4416 ex
2591 4356 2985 4417 confessione
3015 4374 3201 4417 suum
3244 4357 3726 4420 matrimonium
3774 4381 3918 4424 esse
3946 4363 4043 4423 in-

2489 4450 2767 4510 validum
2802 4470 2815 4510 :
2849 4454 2997 4511 tunc
3027 4450 3077 4509 si
3108 4449 3240 4528 ipse
3267 4450 3476 4512 reddit
3502 4451 3792 4516 debitum
3820 4457 4042 4537 conju-

2487 4542 2573 4621 gi,
2606 4542 2894 4620 peccabit
2921 4542 2983 4602 in
3019 4542 3243 4621 copula
3256 4562 3400 4604 cum
3428 4544 3534 4605 illa
3563 4565 3759 4626 quam
3777 4549 3901 4612 scit
3914 4566 4038 4610 non

2489 4654 2623 4697 esse
2652 4654 2831 4698 suam
2874 4656 2886 4696 z
2938 4635 2989 4696 si
3021 4654 3170 4697 vero
3200 4655 3326 4698 non
3354 4638 3564 4701 reddit
3594 4646 3823 4718 peccat
3852 4661 4038 4704 reve·

2487 4728 2678 4791 lando
2705 4728 3194 4803 confessionem3
3227 4747 3379 4809 ergo

2567 4822 2663 4882 Ad
2692 4821 2807 4882 hos
2837 4821 3072 4901 itaque,
3108 4826 3170 4884 et
3196 4822 3431 4884 similes
3459 4841 3643 4886 casus
3676 4843 3905 4890 omnes
3932 4846 4043 4891 eo-

2484 4915 2630 4977 dem
2658 4915 2847 4976 modo
2878 4914 3180 4977 debemus
3207 4917 3615 4995 respondere,
3646 4937 3915 5000 semper
3941 4924 4038 4983 in·

2481 5009 2678 5088 telligi
2725 5012 3053 5088 exceptam
3100 5009 3389 5071 notitiam
3415 5008 3587 5071 illam
3616 5013 4041 5078 confessionis

2481 5102 2955 5164 sacramentalis
3004 5120 3016 5161 :
3066 5103 3175 5164 illa
3216 5102 3387 5163 enim
3429 5121 3559 5165 non
3610 5110 3708 5167 est
3748 5106 4040 5170 humana

2479 5197 2591 5258 sed
2619 5197 2877 5259 alterius
2896 5195 3135 5257 ordinis
3164 5195 3435 5272 diversi,
3470 5199 3632 5261 adeo
3662 5204 3732 5261 ut
3757 5200 3877 5264 illa
3910 5222 4035 5266 non

2480 5289 2766 5351 obstante
2813 5290 3011 5369 possit
3056 5289 3246 5351 homo
3296 5309 3424 5351 non
3476 5292 3684 5353 solum
3730 5296 4033 5360 occidere

2477 5383 2691 5460 alium,
2726 5381 2836 5444 sed
2866 5382 3054 5444 etiam
3084 5402 3150 5444 se
3177 5382 3406 5462 ipsum,
3440 5388 3512 5448 ut
3546 5385 3612 5446 in
3642 5404 3800 5448 casu
3826 5436 3843 5466 ‚
3902 5409 4027 5472 quo

2474 5476 2768 5537 sacerdos
2806 5493 2880 5536 ex
2922 5476 3313 5537 confessione
3361 5476 3549 5540 sciret
3593 5478 3713 5539 sibi
3756 5482 4034 5546 missum

4172 1588 4228 1647 47

4104 1768 4228 1819 jadex:

4093 1821 4228 1864 exenni<

4092 1886 4228 1917 nexum

4095 1930 4228 1973 tanim

4138 1981 4228 2025 tiam
