4263 6376
1123 352 1597 415 DISPU'PATIO
1641 352 1863 427 XXVI,
1913 352 2189 415 SECTIO
2235 353 2394 415 VIII.

187 534 272 594 vel
297 529 681 593 senatoribus
709 531 815 610 qui
858 531 1066 609 Iegem
1095 529 1373 590 condunt
1403 529 1479 587 de
1511 529 1694 588 dimi-

188 627 412 687 nuendo
442 626 644 703 pretio
671 625 772 684 vel
800 625 1034 685 valore.
1069 626 1159 685 lta
1191 623 1388 698 Salas,
1420 622 1690 699 hessius,

188 722 414 796 Melina,
446 723 507 779 et
534 718 678 793 alii,
733 736 889 795 quos
918 720 1099 777 affert
1134 716 1332 777 Diana
1372 716 1475 775 ubi
1508 734 1698 794 supra

185 833 291 875 res,
320 817 412 874 40.
448 812 599 891 quid
632 812 695 871 id
725 810 1102 889 intelligunt,
1136 808 1388 889 quando
1414 828 1487 869 ea
1517 827 1695 869 occa-

186 908 341 967 sione
367 904 499 984 plus
526 902 877 963 venderent
902 902 1000 962 vel
1031 901 1471 976 distraherent,
1505 919 1695 980 quam

187 999 324 1059 alias
350 995 705 1058 distracturi
755 997 965 1056 essent
996 1014 1010 1055 ε
1045 994 1321 1074 alioquin
1363 994 1528 1054 enim
1559 1012 1697 1072 pos-

187 1095 315 1152 sunt
337 1107 456 1150 non
482 1092 730 1149 utentes
758 1087 867 1149 tali
900 1087 1162 1148 scientia
1188 1088 1397 1148 facere
1427 1086 1598 1166 quod
1621 1104 1696 1146 ca

186 1184 421 1259 seclusa,
451 1180 675 1242 facturi
708 1183 938 1241 essent.
974 1180 1259 1259 Denique
1279 1179 1381 1240 alii
1398 1180 1690 1255 limitant,

188 1281 382 1338 utnon
427 1273 623 1353 possit
649 1273 943 1334 venditor
984 1272 1072 1334 ita
1102 1272 1377 1335 vendere
1421 1272 1474 1332 ei
1507 1290 1695 1352 quem

188 1370 288 1430 scit
327 1385 566 1442 emere,
619 1370 689 1426 ut
733 1369 941 1426 servet
986 1365 1065 1425 ad
1107 1364 1583 1426 revendeudum
1630 1364 1696 1423 in

187 1463 371 1523 futuro
423 1464 731 1537 tempore.
780 1460 874 1519 Ita
900 1458 1145 1521 Valent.
1193 1457 1297 1518 hic
1344 1458 1572 1537 disput.
1616 1459 1689 1518 V.

188 1574 239 1634 q.
265 1571 355 1613 xx.
403 1554 618 1632 punct.
653 1557 717 1613 4.
767 1551 873 1631 qui
921 1551 1115 1612 etiam
1155 1551 1291 1612 vult
1339 1569 1464 1611 non
1512 1568 1694 1630 posse

185 1646 354 1708 locari
403 1645 660 1705 domum
719 1644 920 1722 pretio
977 1644 1255 1704 currenti
1295 1644 1375 1704 ab
1424 1661 1529 1720 eo,
1588 1642 1697 1722 qui

185 1741 303 1816 scit,
335 1738 536 1799 aulam
562 1736 736 1817 regis
782 1737 961 1799 brevi
1000 1736 1418 1797 discessuram
1466 1752 1543 1795 ex
1582 1735 1694 1796 tali

186 1832 324 1896 loco.

252 1928 369 2003 Ego
413 1943 610 1985 unum
654 1942 872 1984 casum
913 1926 1157 1985 tantum
1206 1921 1597 2000 exciperem,
1631 1920 1695 1979 in

186 2038 292 2099 quo
318 2018 377 2079 id
402 2019 536 2078 fieri
565 2036 695 2078 non
741 2021 990 2097 posset,
1042 2033 1230 2095 quem
1274 2032 1493 2075 omnes
1536 2013 1697 2073 exci-

185 2113 360 2190 piunt,
390 2128 618 2188 nempe
649 2109 903 2189 quando
934 2110 1228 2188 princeps
1244 2107 1343 2170 vel
1372 2111 1695 2168 senatores

185 2224 248 2265 ex
271 2204 559 2265 industria
585 2203 745 2281 legis
756 2202 1320 2283 promulgationem
1343 2200 1692 2276 differrent,

187 2302 245 2357 ut
267 2298 503 2358 interim
533 2315 686 2357 suas
725 2314 969 2358 merces
998 2295 1098 2355 vel
1144 2294 1444 2374 pecunias
1472 2292 1696 2370 majori

184 2390 369 2451 valore
397 2389 807 2451 detraherent
838 2409 852 2449 :
889 2388 951 2448 in
981 2388 1117 2449 aliis
1131 2405 1279 2448 vero
1310 2404 1434 2447 non
1450 2385 1701 2445 videtur

185 2502 301 2544 esse
342 2486 555 2544 contra
596 2483 910 2563 justitiam
954 2481 1094 2543 talis
1142 2478 1485 2541 distractio,
1519 2477 1696 2538 Ratio

185 2595 248 2636 ex
273 2576 440 2636 dictis
471 2581 608 2653 est,
657 2575 805 2655 quia
851 2591 1091 2635 merces
1119 2591 1194 2633 eo
1223 2590 1404 2647 casu,
1438 2574 1501 2631 et
1527 2569 1697 2629 idem

184 2675 263 2730 est
286 2669 357 2728 de
385 2669 675 2747 pecunia,
693 2668 862 2747 justo
884 2666 1084 2745 pretio
1113 2668 1176 2727 et
1189 2664 1400 2725 valore
1417 2662 1697 2723 vendun-

182 2767 270 2823 tur
304 2762 521 2822 :valor
561 2762 734 2821 enim
774 2761 1024 2839 justuS,
1072 2764 1140 2820 ut
1185 2776 1352 2837 soepe
1401 2756 1690 2832 diximus,

183 2873 289 2914 non
314 2854 576 2915 sumitur
608 2871 685 2912 ex
716 2853 962 2931 privata
992 2849 1452 2911 existimatione
1483 2849 1688 2924 uniuS,

181 2947 266 3007 vel
291 2947 556 3023 alteriuS,
593 2945 708 3005 sed
739 2964 815 3006 ex
843 2943 1159 3005 communi
1191 2946 1254 3003 et
1281 2941 1522 3021 vulgari
1548 2987 1564 3018 ,
1595 2941 1695 3001 vel

184 3059 247 3100 ex
272 3040 434 3117 Iege;
484 3044 642 3101 tunc
671 3042 883 3099 autem
910 3055 1054 3098 cum
1096 3033 1563 3097 circumstantia
1592 3034 1694 3094 illa

183 3137 236 3194 et
270 3133 521 3194 variatio
563 3131 853 3213 proxime
902 3129 1235 3191 imminens
1280 3127 1697 3187 communiter

181 3226 495 3304 ignoretur,
528 3229 604 3286 ut
630 3224 1062 3304 supponimus,
1096 3222 1302 3282 adhuc
1320 3220 1506 3282 durat
1519 3221 1695 3281 valor

182 3319 502 3378 communis
533 3318 869 3397 antiquuS,
902 3316 1002 3376 vel
1033 3335 1108 3375 ex
1136 3313 1457 3375 communi
1486 3312 1697 3374 existi—

181 3412 449 3488 matione,
481 3412 587 3471 vel
621 3410 863 3488 exlege
889 3456 904 3486 ,
940 3426 1081 3469 cum
1129 3409 1229 3467 lex
1276 3406 1448 3485 prior
1490 3405 1696 3466 adhuc

181 3509 449 3566 revocata
477 3521 609 3564 non
641 3503 741 3579 sit,
777 3505 839 3562 et
866 3520 979 3582 por
1007 3518 1397 3578 consequens
1428 3498 1697 3561 retincat

182 3596 364 3657 adhuc
392 3615 579 3658 suum
610 3596 896 3675 vigorem
929 3612 943 3657 :
979 3612 1105 3654 non
1122 3591 1693 3671 committiturergo

179 3690 478 3766 injustitia,
513 3689 670 3749 dum
697 3707 800 3748 res
825 3705 937 3748 suo
970 3687 1170 3766 pretio
1208 3689 1270 3747 et
1298 3684 1509 3745 valore
1536 3701 1695 3764 prae-

180 3782 317 3843 senti
345 3781 738 3843 distrahitur.

250 3875 660 3936 confirmatur
686 3873 914 3953 prim0‚
941 3870 1087 3951 quia
1103 3871 1156 3932 si
1183 3877 1438 3952 propter
1456 3875 1699 3931 mutua-

179 3967 390 4028 tionem
420 3966 708 4047 proxime
751 3966 1029 4026 futuram
1066 3966 1339 4042 pretium
1370 3965 1500 4043 jam
1550 3982 1696 4023 vere

179 4059 533 4122 diminutum
583 4062 751 4120 esset
783 4104 799 4134 ,
865 4060 1232 4136 sequeretur
1277 4057 1446 4136 quod
1494 4075 1696 4136 neque

180 4153 346 4213 etiam
371 4153 451 4213 ab
479 4152 544 4212 id
567 4150 1006 4229 ignorantibus
1026 4168 1125 4209 res
1143 4149 1312 4228 justo
1333 4150 1533 4228 pretio
1551 4168 1700 4209 ven-

181 4244 428 4322 deretur,
463 4243 580 4306 sed
608 4261 677 4304 re
707 4246 926 4322 postea
956 4242 1237 4320 cognita,
1273 4241 1579 4304 deberent
1606 4259 1699 4301 re·

180 4338 411 4398 stituere
439 4342 690 4417 partem
716 4335 902 4416 pretii
922 4335 1200 4413 accepti;
1225 4353 1516 4396 excessus
1532 4334 1698 4395 enim

180 4432 342 4508 pretii
368 4433 559 4493 etiam
591 4429 670 4490 ab
701 4429 1062 4508 ignoranter
1099 4432 1161 4490 et
1187 4427 1355 4488 bona
1382 4427 1507 4488 fide
1536 4427 1701 4488 acci-

180 4523 471 4601 pientibus
500 4523 693 4584 debet
719 4527 940 4601 postea
985 4520 1251 4583 restitui.
1295 4523 1699 4600 Consequens

179 4621 371 4676 autem
396 4615 749 4678 adversarii
777 4632 900 4675 non
931 4614 1293 4675 admittunt.
1320 4616 1702 4694 Sequeretur

180 4709 369 4787 etiam,
401 4711 454 4772 si
485 4709 820 4772 deficiente
862 4708 1075 4787 pluvia
1098 4754 1115 4785 ,
1166 4707 1445 4769 triticum
1494 4707 1700 4767 carius

179 4803 551 4864 vendidisses
574 4849 592 4880 ,
626 4805 689 4863 et
717 4800 941 4861 eodem
971 4801 1072 4861 die
1103 4800 1316 4879 pluvia
1346 4803 1701 4879 opportuna

179 4896 613 4974 superveniret,
647 4893 849 4955 teneri
880 4899 939 4955 te
961 4893 1043 4954 ad
1071 4893 1525 4956 restituendam
1555 4911 1701 4971 par-

179 4990 293 5046 tem
320 4988 506 5066 pretii
534 4986 801 5066 accepti.

250 5082 665 5142 Confirmatur
693 5078 1003 5155 secundO,
1038 5078 1187 5157 quia
1232 5078 1505 5158 alioquin
1539 5077 1701 5138 diffi-

182 5170 284 5231 cile
316 5173 600 5235 excusari
628 5172 938 5253 potuisset
968 5171 1206 5249 Joseph
1248 5171 1329 5231 ab
1371 5171 1695 5249 injustitia,

180 5264 275 5343 qui
303 5266 595 5343 praescius
622 5263 965 5326 sterilitatis
992 5263 1396 5341 imminentiS,
1419 5263 1497 5324 ab
1527 5263 1702 5341 igna-

180 5356 255 5416 ris
280 5359 552 5421 triticum
601 5358 755 5420 emit
798 5363 1083 5436 tempore
1126 5356 1529 5418 abundantiae
1560 5374 1703 5434 pre-

182 5449 259 5510 tio
286 5450 419 5528 vili,
481 5471 623 5513 cum
654 5450 844 5513 sciret
881 5450 1060 5511 brevi
1103 5454 1385 5530 tempore
1430 5447 1702 5528 pretium

185 5543 305 5603 sine
334 5545 735 5625 proportione
765 5562 1048 5606 crescere
1076 5543 1306 5607 debere
1331 5589 1347 5621 ,
1403 5539 1544 5604 Gen.
1577 5557 1697 5603 xu.

3216 358 3333 419 309

1797 529 1966 608 quod
2024 530 2191 590 enim
2249 529 2522 607 cognitio
2565 529 2646 592 sit
2705 530 3008 591 naturalis
3071 532 3172 593 vel
3241 532 3338 591 in-

1791 622 1963 699 fusa,
2022 641 2248 702 parum
2303 624 2535 683 reterre
2583 624 2852 685 videtur.
2933 604 3336 687 Sed'revera

1787 715 1954 793 juste
2003 717 2190 793 emit,
2256 716 2402 795 quia
2458 717 2660 794 pretio
2719 718 3011 796 praesenti
3062 719 3214 780 emit
3260 740 3336 780 cx

1797 810 2120 869 communi
2150 809 2609 872 existimatione
2658 810 2827 890 vulgi
2856 811 3204 888 ignorantis
3234 813 3332 873 vel

1795 919 1922 961 non
1952 902 2265 965 credentis
2285 902 2675 964 sterilitatem
2700 902 2984 983 proxime
3000 904 3335 966 imminen-

1795 997 1944 1056 tem.
2980 983 2984 986 ’

1874 1085 2192 1165 Objiciunt
2219 1086 2445 1166 primo,
2481 1087 2628 1167 quia
2647 1088 3020 1151 existimatio
3043 1089 3150 1151 illa
3168 1108 3334 1152 com-

1792 1179 1998 1239 munis
2012 1178 2312 1240 Fundatur
2328 1181 2391 1240 in
2427 1198 2660 1258 errore,
2685 1182 2955 1261 pretium
2974 1187 3186 1245 autem
3201 1183 3332 1264 jus-

1793 1275 1927 1333 tum
1940 1289 2062 1332 non
2076 1272 2601 1335 dehetfundariin
2620 1275 2952 1336 erroresed
2967 1276 3029 1337 in
3042 1278 3329 1340 veritate.

1796 1364 2233 1443 Respondetur
2284 1365 2568 1444 regulam
2623 1367 3054 1430 immediatam
3105 1370 3335 1431 valoris

1794 1475 1930 1517 esse
1945 1475 2346 1519 communem
2359 1459 2858 1537 aestimationem,
2885 1466 2954 1523 ut
2973 1462 3336 1539 diximus,in

1792 1568 2190 1631 quocumque
2219 1550 2321 1611 illa
2351 1551 2669 1628 fundetur,
2706 1557 2769 1614 et
2796 1553 2928 1613 sive
2958 1554 3236 1633 prudens
3258 1556 3338 1617 sit

1792 1643 1922 1703 sive
1952 1644 2140 1705 stulta
2173 1649 2234 1704 et
2260 1645 2649 1724 imprudens,
2685 1645 2870 1706 Aliud
2903 1652 3087 1723 esset,
3119 1648 3170 1708 si
3200 1649 3336 1708 fuu-

1794 1736 2052 1797 daretur
2080 1737 2142 1796 in
2174 1756 2383 1798 errore
2415 1738 2582 1798 circa
2611 1738 3058 1817 substantiam,
3094 1745 3164 1803 ut
3189 1742 3338 1821 quia

1793 1833 2120 1908 putaretur
2174 1830 2592 1891 communiter
2655 1849 2907 1909 gemma
2931 1879 2946 1909 ,
3017 1852 3158 1913 quae
3223 1853 3338 1913 po-

1792 1926 1926 1982 stea
1955 1926 2279 2001 comperta
2328 1927 2422 1984 est
2449 1923 2723 1997 vitrum3
2776 1929 2924 1986 tunc
2965 1925 3131 1986 enim
3161 1944 3339 1988 error

1794 2019 1958 2076 esset
1988 2014 2156 2076 circa
2185 2016 2623 2094 substantiam,
2649 2020 2712 2079 et
2726 2017 2960 2080 faceret
2981 2018 3337 2082 involunta-

1798 2109 1984 2168 rium.

1875 2199 2196 2279 Objiciunt
2221 2201 2496 2264 secundo
2519 2249 2534 2279 ,
2569 2204 2721 2282 quia
2756 2203 2977 2266 vitium
3023 2205 3336 2267 occultum

1795 2292 1983 2354 debet
2013 2293 2277 2372 emptori
2307 2295 2725 2372 manifestari,
2760 2297 3012 2376 quando
3043 2298 3335 2359 notabili-

1792 2389 1889 2446 ter
1916 2386 2123 2447 reddit
2154 2404 2285 2445 rem
2315 2387 2523 2447 minus
2551 2388 2792 2466 utilem,
2814 2390 2958 2451 etin
2978 2390 3337 2453 universum

1795 2496 2043 2557 semper
2071 2478 2260 2540 debet
2289 2484 2548 2559 propter
2566 2480 2720 2541 illud
2740 2482 3001 2545 diminui
3021 2484 3292 2562 pretium
3317 2504 3331 2546 :

1794 2590 1942 2651 ergo
1973 2574 2036 2633 et
2061 2572 2324 2633 variatio
2360 2573 2684 2651 proxima,
2739 2574 2887 2638 licet
2937 2577 3019 2638 sit
3065 2577 3332 2654 occulta,

1791 2664 2182 2726 manifestari
2230 2664 2419 2727 debet
2442 2712 2457 2742 ‚
2506 2672 2616 2729 aut
2659 2665 2953 2729 descendi
3001 2670 3064 2729 in
3108 2669 3330 2749 pretio,

1792 2776 1934 2818 cum
1964 2775 2088 2817 non
2119 2757 2325 2817 minus
2346 2758 2578 2820 faceret
2605 2777 2740 2819 rem
2770 2760 3093 2838 vilescere,
3129 2761 3180 2822 si
3210 2762 3332 2823 sci-

1790 2850 2073 2927 scirctur,
2108 2869 2298 2930 quam
2330 2851 2454 2912 alia
2484 2851 2634 2912 vitia
2663 2853 2927 2915 occulta.
2976 2854 3335 2932 Responde-

1789 2946 1912 3019 tur‚
1962 2962 2107 3022 neg.
2144 2960 2396 3023 conseq.
2434 2944 2582 3024 quia
2611 2944 2940 3008 diminutio
2970 2947 3201 3008 valoris
3243 2947 3335 3007 fu-

1789 3040 1932 3097 tura
1960 3054 2085 3096 non
2117 3040 2213 3097 est
2240 3036 2462 3097 vitium
2493 3055 2808 3116 praesenS,
2858 3039 2969 3099 sed
3000 3039 3279 3102 futurum
3315 3058 3328 3099 :

1789 3129 1942 3191 vitia
1971 3132 2185 3190 autem
2213 3147 2386 3191 mere
2418 3130 2628 3192 futura
2666 3149 2782 3193 nec
2814 3131 3047 3195 debent
3073 3131 3334 3194 manife-

1790 3222 1975 3299 stari,
2034 3241 2152 3283 nec
2208 3222 2567 3286 diminuunt
2610 3225 2891 3286 valorem
2933 3230 3328 3306 praesentem,

1791 3333 1934 3377 cum
1977 3333 2103 3376 non
2142 3318 2407 3393 tangant
2454 3317 2856 3396 adaequatum
2915 3319 3145 3380 valoris
3193 3319 3335 3380 fun-

1791 3408 2157 3469 damentum
2177 3455 2192 3485 ‚
2225 3409 2393 3489 quod
2424 3412 2521 3471 est
2548 3410 2926 3473 existimatio
2955 3412 3326 3475 communis.

1792 3502 1951 3562 Hinc

1868 3594 2070 3656 Intero
2101 3593 2303 3673 primo
2336 3599 2555 3658 contra
2585 3597 2962 3673 Valentiam,
2998 3597 3166 3657 idem
3197 3616 3331 3659 esse

1791 3686 2129 3748 dicendum
2159 3687 2235 3748 de
2256 3688 2500 3750 locante
2522 3689 2779 3749 domum
2801 3690 2997 3767 pretio
3033 3690 3327 3767 currenti,

1792 3779 2023 3841 sciente
2048 3780 2229 3840 brevi
2259 3780 2676 3842 discessuram
2705 3782 2914 3842 aulam
2942 3783 3004 3842 in
3025 3783 3216 3843 alium
3243 3782 3330 3843 lo-

1792 3890 1934 3933 cum
1970 3892 1983 3933 :
2018 3873 2166 3951 quia
2186 3872 2332 3934 licet
2351 3873 2588 3934 locetur
2608 3873 2831 3934 domus
2851 3893 2964 3954 pro
2986 3879 3115 3936 toto
3137 3894 3325 3952 anno,

1794 3984 1916 4045 quo
1974 3969 2256 4044 tempore
2278 3964 2412 4044 jam
2469 3984 2618 4026 usus
2648 3967 2873 4026 domus
2921 3984 3046 4027 non
3087 3970 3332 4029 tantum

1792 4057 2026 4118 valebit
2055 4057 2203 4137 (quo
2233 4061 2606 4135 argumento
2638 4059 2931 4121 Valentia
2957 4064 3166 4120 motus
3188 4060 3330 4141 fuit)

1793 4151 2062 4230 pretium
2089 4154 2301 4211 tamen
2347 4150 2672 4212 locationis
2703 4169 2826 4212 non
2877 4152 3067 4213 debet
3094 4154 3334 4215 attendi

1796 4249 2076 4323 tempore
2105 4242 2413 4322 sequenti,
2466 4242 2578 4302 sed
2607 4262 2720 4322 pro
2770 4248 3048 4323 tempore
3078 4264 3201 4325 quo
3232 4265 3335 4307 res

1794 4337 2037 4398 locatur
2065 4339 2127 4397 et
2154 4334 2441 4412 traditur,
2478 4336 2630 4397 alias
2650 4337 3008 4416 frequenter
3030 4357 3105 4398 ex
3123 4339 3332 4401 futuro

1796 4434 2022 4490 eventu
2063 4428 2393 4504 locatores,
2455 4432 2518 4490 et
2566 4429 2983 4492 conductores
3030 4430 3337 4494 deberent

1796 4527 2010 4600 postea
2041 4521 2311 4599 pretium
2334 4521 2638 4595 minuere,
2674 4523 2774 4583 vel
2795 4541 3051 4602 augere.
3085 4525 3179 4585 Ita
3199 4525 3335 4586 Mo-

1795 4613 1919 4674 lina
1951 4614 2012 4674 d.
2048 4614 2209 4692 disp.
2245 4616 2383 4674 354.
2421 4614 2590 4675 circa
2616 4615 2830 4677 finem.

1877 4705 2080 4767 Infero
2133 4705 2409 4767 secundo
2455 4710 2675 4767 contra
2702 4708 3000 4769 Molinam
3045 4713 3108 4772 et
3153 4710 3331 4788 alior„

1796 4799 1966 4861 idem
1997 4799 2339 4858 dicendum
2361 4817 2495 4859 esse
2518 4798 2594 4859 de
2624 4799 2926 4862 ministris
2947 4805 3009 4864 et
3035 4804 3336 4864 senatori·

1798 4893 1937 4968 bus,
1972 4891 2070 4951 vel
2101 4891 2175 4951 iis
2209 4892 2318 4970 qui
2348 4892 2427 4952 ab
2449 4892 2597 4969 ipsis
2630 4893 2914 4954 notitiam
2931 4893 3166 4955 decreti
3191 4912 3337 4972 pro-

1797 4984 2120 5063 mulgandi
2172 4988 2566 5061 acceperunt,
2629 4986 2854 5064 quibus
2900 4986 3184 5065 praedicti
3225 5005 3338 5047 au-

1799 5081 2003 5138 ctores
2032 5076 2324 5137 dixerunt
2353 5095 2476 5137 non
2506 5077 2693 5138 licere
2725 5098 2872 5138 usus
2901 5079 3040 5140 talis
3071 5079 3330 5156 notitiae,

1801 5189 1873 5230 eo
1901 5170 2071 5249 quod
2099 5171 2201 5230 lex
2253 5170 2505 5250 publica
2549 5171 2776 5232 debeat
2823 5190 2958 5232 esse
2987 5173 3338 5233 communis

1802 5263 2091 5324 omnibus
2120 5267 2185 5324 et
2212 5263 2470 5342 aequalis
2503 5283 2517 5324 :
2552 5281 2745 5343 quare
2767 5282 2949 5324 nemo
2972 5268 3177 5342 potest
3203 5264 3339 5344 ejus

1802 5356 2059 5417 scientia
2086 5356 2180 5417 uti
2207 5356 2272 5416 in
2302 5355 2565 5416 aliorum
2592 5356 3049 5435 praejudicium.
3096 5358 3218 5418 Alii
3251 5363 3341 5419 ta·

1802 5467 1945 5508 men
1976 5449 2095 5509 hoc
2122 5448 2364 5510 licitum
2408 5448 2790 5509 arbitrantur
2831 5466 2954 5509 non
2986 5449 3188 5511 solum
3217 5450 3340 5530 pri-

1802 5542 1985 5618 vatiS,
2036 5541 2149 5603 sed
2179 5541 2368 5602 etiam
2398 5540 2551 5620 ipsis
2579 5541 3050 5622 magistratibus
3078 5546 3142 5605 et
3167 5562 3343 5607 sena·

3484 1100 3593 1159 141

3425 1225 3646 1269 Son-mnu:-

3397 1279 3667 1335 ohJectiones.

3481 3612 3595 3669 142

3434 3734 3540 3788 Quid
3571 3735 3625 3778 de

3381 3788 3583 3832 Iontione
3595 3789 3677 3831 do-

3408 3843 3570 3907 muspb
3589 3854 3655 3894 οο,

3393 3895 3664 3992 affiffi.-

3427 4014 3651 4048 censuram.

3485 4719 3597 4779 143

3437 4845 3540 4897 Quid
3575 4845 3629 4888 do

3404 4899 3662 4941 senatoribus

3412 4952 3651 5003 scientibus,

3399 5006 3535 5060 legem
3552 5005 3667 5048 brevi

3400 5059 3669 5156 pmgiaull'qan—
