<?xml version="1.0" encoding="UTF-8"?>
<!DOCTYPE html PUBLIC "-//W3C//DTD XHTML 1.0 Transitional//EN"
    "http://www.w3.org/TR/xhtml1/DTD/xhtml1-transitional.dtd">
<html xmlns="http://www.w3.org/1999/xhtml" xml:lang="en" lang="en">
 <head>
  <title>
</title>
<meta http-equiv="Content-Type" content="text/html;charset=utf-8" />
  <meta name='ocr-system' content='tesseract 3.04.00' />
  <meta name='ocr-capabilities' content='ocr_page ocr_carea ocr_par ocr_line ocrx_word'/>
</head>
<body>
  <div class='ocr_page' id='page_1' title='image "./joannisdelugodi00lugogoog_0121.png"; bbox 0 0 4263 6376; ppageno 0'>
   <div class='ocr_carea' id='block_1_1' title="bbox 65 435 164 496">
    <p class='ocr_par' dir='ltr' id='par_1_1' title="bbox 65 435 164 496">
     <span class='ocr_line' id='line_1_1' title="bbox 65 435 164 496; baseline -0.03 0"><span class='ocrx_word' id='word_1_1' title='bbox 65 435 164 496; x_wconf 69' lang='lat' dir='ltr'><strong>m</strong></span> 
     </span>
    </p>
   </div>
   <div class='ocr_carea' id='block_1_2' title="bbox 64 561 238 707">
    <p class='ocr_par' dir='ltr' id='par_1_2' title="bbox 64 561 238 707">
     <span class='ocr_line' id='line_1_2' title="bbox 64 561 226 604; baseline -0.025 0"><span class='ocrx_word' id='word_1_2' title='bbox 64 561 226 604; x_wconf 64' lang='lat' dir='ltr'><strong>mles</strong></span> 
     </span>
     <span class='ocr_line' id='line_1_3' title="bbox 64 615 238 707; baseline 0.006 -1"><span class='ocrx_word' id='word_1_3' title='bbox 64 615 238 707; x_wconf 59' lang='lat' dir='ltr'><strong>mes</strong></span> 
     </span>
    </p>
   </div>
   <div class='ocr_carea' id='block_1_3' title="bbox 1244 241 2501 319">
    <p class='ocr_par' dir='ltr' id='par_1_3' title="bbox 1244 241 2501 319">
     <span class='ocr_line' id='line_1_4' title="bbox 1244 241 2501 319; baseline 0.007 -18"><span class='ocrx_word' id='word_1_4' title='bbox 1244 242 1715 304; x_wconf 79' lang='lat' dir='ltr'>DISPUTATIO</span> <span class='ocrx_word' id='word_1_5' title='bbox 1759 241 1974 319; x_wconf 86' lang='lat' dir='ltr'>XXIV,</span> <span class='ocrx_word' id='word_1_6' title='bbox 2024 244 2299 307; x_wconf 81' lang='lat' dir='ltr'><strong>SEc&#39;rlo</strong></span> <span class='ocrx_word' id='word_1_7' title='bbox 2343 246 2501 312; x_wconf 78' lang='lat' dir='ltr'><strong>vm.</strong></span> 
     </span>
    </p>
   </div>
   <div class='ocr_carea' id='block_1_4' title="bbox 281 418 1826 2535">
    <p class='ocr_par' dir='ltr' id='par_1_4' title="bbox 281 418 1826 2258">
     <span class='ocr_line' id='line_1_5' title="bbox 360 418 1819 498; baseline -0.005 -11"><span class='ocrx_word' id='word_1_8' title='bbox 360 423 616 488; x_wconf 78' lang='lat' dir='ltr'>Dictum</span> <span class='ocrx_word' id='word_1_9' title='bbox 662 425 758 484; x_wconf 87' lang='lat' dir='ltr'><strong>est</strong></span> <span class='ocrx_word' id='word_1_10' title='bbox 797 420 876 482; x_wconf 92' lang='lat' dir='ltr'><strong>de</strong></span> <span class='ocrx_word' id='word_1_11' title='bbox 905 418 1427 481; x_wconf 77' lang='lat' dir='ltr'><strong>descendentibus</strong></span> <span class='ocrx_word' id='word_1_12' title='bbox 1452 466 1467 496; x_wconf 93' lang='lat'><strong>,</strong></span> <span class='ocrx_word' id='word_1_13' title='bbox 1519 419 1627 498; x_wconf 88' lang='lat' dir='ltr'><strong>qui</strong></span> <span class='ocrx_word' id='word_1_14' title='bbox 1673 422 1819 480; x_wconf 90' lang='lat' dir='ltr'><strong>sunt</strong></span> 
     </span>
     <span class='ocr_line' id='line_1_6' title="bbox 285 511 1817 586; baseline -0.005 -7"><span class='ocrx_word' id='word_1_15' title='bbox 285 517 573 579; x_wconf 72' lang='lat' dir='ltr'><strong>haeredes</strong></span> <span class='ocrx_word' id='word_1_16' title='bbox 603 513 933 576; x_wconf 89' lang='lat' dir='ltr'><strong>necessarii</strong></span> <span class='ocrx_word' id='word_1_17' title='bbox 960 533 976 586; x_wconf 71' lang='grc' dir='ltr'><strong>ς</strong></span> <span class='ocrx_word' id='word_1_18' title='bbox 1027 530 1192 572; x_wconf 88' lang='lat' dir='ltr'><strong>nunc</strong></span> <span class='ocrx_word' id='word_1_19' title='bbox 1221 511 1559 572; x_wconf 87' lang='lat' dir='ltr'><strong>dicendum</strong></span> <span class='ocrx_word' id='word_1_20' title='bbox 1611 516 1708 572; x_wconf 90' lang='lat' dir='ltr'><strong>est</strong></span> <span class='ocrx_word' id='word_1_21' title='bbox 1738 511 1817 571; x_wconf 86' lang='lat' dir='ltr'><strong>de</strong></span> 
     </span>
     <span class='ocr_line' id='line_1_7' title="bbox 284 603 1817 685; baseline -0.006 -14"><span class='ocrx_word' id='word_1_22' title='bbox 284 607 770 671; x_wconf 75' lang='lat' dir='ltr'><strong>ascendentibus</strong></span> <span class='ocrx_word' id='word_1_23' title='bbox 806 609 1095 685; x_wconf 89' lang='lat' dir='ltr'><strong>respectu</strong></span> <span class='ocrx_word' id='word_1_24' title='bbox 1148 603 1681 679; x_wconf 73' lang='lat' dir='ltr'><strong>descendentium,</strong></span> <span class='ocrx_word' id='word_1_25' title='bbox 1740 603 1817 663; x_wconf 88' lang='lat' dir='ltr'><strong>de</strong></span> 
     </span>
     <span class='ocr_line' id='line_1_8' title="bbox 284 696 1817 780; baseline -0.003 -20"><span class='ocrx_word' id='word_1_26' title='bbox 284 700 511 780; x_wconf 85' lang='lat' dir='ltr'><strong>quibus</strong></span> <span class='ocrx_word' id='word_1_27' title='bbox 540 700 608 759; x_wconf 89' lang='lat' dir='ltr'><strong>in</strong></span> <span class='ocrx_word' id='word_1_28' title='bbox 636 699 997 758; x_wconf 74' lang='lat' dir='ltr'><strong>universum</strong></span> <span class='ocrx_word' id='word_1_29' title='bbox 1021 696 1306 773; x_wconf 71' lang='lat' dir='ltr'><strong>dicimuS,</strong></span> <span class='ocrx_word' id='word_1_30' title='bbox 1341 696 1415 756; x_wconf 89' lang='lat' dir='ltr'><strong>iis</strong></span> <span class='ocrx_word' id='word_1_31' title='bbox 1436 696 1817 756; x_wconf 89' lang='lat' dir='ltr'><strong>descenden-</strong></span> 
     </span>
     <span class='ocr_line' id='line_1_9' title="bbox 284 789 1818 871; baseline -0.003 -17"><span class='ocrx_word' id='word_1_32' title='bbox 284 793 468 870; x_wconf 78' lang='lat' dir='ltr'><strong>tibus,</strong></span> <span class='ocrx_word' id='word_1_33' title='bbox 505 791 617 871; x_wconf 86' lang='lat' dir='ltr'><strong>qui</strong></span> <span class='ocrx_word' id='word_1_34' title='bbox 647 789 1129 851; x_wconf 84' lang='lat' dir='ltr'><strong>ascendentibus</strong></span> <span class='ocrx_word' id='word_1_35' title='bbox 1159 790 1286 850; x_wconf 91' lang='lat' dir='ltr'><strong>suis</strong></span> <span class='ocrx_word' id='word_1_36' title='bbox 1308 789 1659 849; x_wconf 88' lang='lat' dir='ltr'><strong>necessario</strong></span> <span class='ocrx_word' id='word_1_37' title='bbox 1681 807 1818 849; x_wconf 86' lang='lat' dir='ltr'><strong>suc-</strong></span> 
     </span>
     <span class='ocr_line' id='line_1_10' title="bbox 283 881 1819 963; baseline -0.004 -17"><span class='ocrx_word' id='word_1_38' title='bbox 283 885 516 946; x_wconf 90' lang='lat' dir='ltr'><strong>cedunt</strong></span> <span class='ocrx_word' id='word_1_39' title='bbox 564 885 630 944; x_wconf 91' lang='lat' dir='ltr'><strong>in</strong></span> <span class='ocrx_word' id='word_1_40' title='bbox 655 883 937 963; x_wconf 88' lang='lat' dir='ltr'><strong>legitima</strong></span> <span class='ocrx_word' id='word_1_41' title='bbox 967 882 1082 943; x_wconf 89' lang='lat' dir='ltr'><strong>sibi</strong></span> <span class='ocrx_word' id='word_1_42' title='bbox 1114 881 1327 943; x_wconf 82' lang='lat' dir='ltr'><strong>debita</strong></span> <span class='ocrx_word' id='word_1_43' title='bbox 1347 928 1365 954; x_wconf 91' lang='lat'><strong>,</strong></span> <span class='ocrx_word' id='word_1_44' title='bbox 1419 882 1756 942; x_wconf 83' lang='lat' dir='ltr'><strong>succedere</strong></span> <span class='ocrx_word' id='word_1_45' title='bbox 1786 898 1819 940; x_wconf 99' lang='lat' dir='ltr'><strong>e</strong></span> 
     </span>
     <span class='ocr_line' id='line_1_11' title="bbox 285 973 1820 1053; baseline -0.004 -15"><span class='ocrx_word' id='word_1_46' title='bbox 285 980 503 1038; x_wconf 87' lang='lat' dir='ltr'><strong>contra</strong></span> <span class='ocrx_word' id='word_1_47' title='bbox 530 976 789 1036; x_wconf 89' lang='lat' dir='ltr'><strong>eosdem</strong></span> <span class='ocrx_word' id='word_1_48' title='bbox 820 974 1249 1051; x_wconf 81' lang='lat' dir='ltr'><strong>ascendentes,</strong></span> <span class='ocrx_word' id='word_1_49' title='bbox 1282 974 1535 1053; x_wconf 89' lang='lat' dir='ltr'><strong>quando</strong></span> <span class='ocrx_word' id='word_1_50' title='bbox 1566 973 1820 1034; x_wconf 81' lang='lat' dir='ltr'><strong>descen-</strong></span> 
     </span>
     <span class='ocr_line' id='line_1_12' title="bbox 286 1065 1821 1145; baseline -0.004 -15"><span class='ocrx_word' id='word_1_51' title='bbox 286 1069 438 1130; x_wconf 89' lang='lat' dir='ltr'><strong>dens</strong></span> <span class='ocrx_word' id='word_1_52' title='bbox 466 1068 800 1129; x_wconf 87' lang='lat' dir='ltr'><strong>defunctus</strong></span> <span class='ocrx_word' id='word_1_53' title='bbox 822 1085 945 1126; x_wconf 92' lang='lat' dir='ltr'><strong>non</strong></span> <span class='ocrx_word' id='word_1_54' title='bbox 963 1066 1237 1127; x_wconf 85' lang='lat' dir='ltr'><strong>habebat</strong></span> <span class='ocrx_word' id='word_1_55' title='bbox 1253 1066 1538 1145; x_wconf 87' lang='lat' dir='ltr'><strong>proprios</strong></span> <span class='ocrx_word' id='word_1_56' title='bbox 1559 1065 1821 1125; x_wconf 88' lang='lat' dir='ltr'><strong>descen-</strong></span> 
     </span>
     <span class='ocr_line' id='line_1_13' title="bbox 285 1158 1822 1237; baseline -0.003 -15"><span class='ocrx_word' id='word_1_57' title='bbox 285 1162 537 1222; x_wconf 81' lang='lat' dir='ltr'><strong>dentes:</strong></span> <span class='ocrx_word' id='word_1_58' title='bbox 564 1160 640 1220; x_wconf 89' lang='lat' dir='ltr'><strong>iis</strong></span> <span class='ocrx_word' id='word_1_59' title='bbox 668 1160 834 1219; x_wconf 89' lang='lat' dir='ltr'><strong>enim</strong></span> <span class='ocrx_word' id='word_1_60' title='bbox 856 1158 1229 1233; x_wconf 77' lang='lat' dir='ltr'><strong>extantibus,</strong></span> <span class='ocrx_word' id='word_1_61' title='bbox 1268 1176 1590 1237; x_wconf 88' lang='lat' dir='ltr'><strong>nunquam</strong></span> <span class='ocrx_word' id='word_1_62' title='bbox 1611 1175 1822 1218; x_wconf 89' lang='lat' dir='ltr'><strong>ascen·</strong></span> 
     </span>
     <span class='ocr_line' id='line_1_14' title="bbox 281 1249 1819 1330; baseline -0.001 -17"><span class='ocrx_word' id='word_1_63' title='bbox 281 1254 497 1315; x_wconf 87' lang='lat' dir='ltr'><strong>dentes</strong></span> <span class='ocrx_word' id='word_1_64' title='bbox 535 1251 1062 1313; x_wconf 82' lang='lat' dir='ltr'><strong>descendentibus</strong></span> <span class='ocrx_word' id='word_1_65' title='bbox 1099 1249 1480 1330; x_wconf 84' lang='lat' dir='ltr'><strong>succedunt;</strong></span> <span class='ocrx_word' id='word_1_66' title='bbox 1547 1249 1621 1310; x_wconf 89' lang='lat' dir='ltr'><strong>iis</strong></span> <span class='ocrx_word' id='word_1_67' title='bbox 1669 1268 1819 1311; x_wconf 76' lang='lat' dir='ltr'><strong>vero</strong></span> 
     </span>
     <span class='ocr_line' id='line_1_15' title="bbox 285 1341 1823 1421; baseline -0.001 -16"><span class='ocrx_word' id='word_1_68' title='bbox 285 1344 740 1421; x_wconf 76' lang='lat' dir='ltr'><strong>deficientibuS,</strong></span> <span class='ocrx_word' id='word_1_69' title='bbox 776 1343 1042 1403; x_wconf 90' lang='lat' dir='ltr'><strong>debetur</strong></span> <span class='ocrx_word' id='word_1_70' title='bbox 1061 1342 1264 1419; x_wconf 89' lang='lat' dir='ltr'><strong>portio</strong></span> <span class='ocrx_word' id='word_1_71' title='bbox 1293 1341 1575 1420; x_wconf 90' lang='lat' dir='ltr'><strong>legitima</strong></span> <span class='ocrx_word' id='word_1_72' title='bbox 1601 1361 1823 1403; x_wconf 89' lang='lat' dir='ltr'><strong>ascen-</strong></span> 
     </span>
     <span class='ocr_line' id='line_1_16' title="bbox 284 1434 1820 1513; baseline -0.001 -15"><span class='ocrx_word' id='word_1_73' title='bbox 284 1438 577 1499; x_wconf 82' lang='lat' dir='ltr'><strong>dentibus</strong></span> <span class='ocrx_word' id='word_1_74' title='bbox 604 1436 901 1497; x_wconf 86' lang='lat' dir='ltr'><strong>masculis</strong></span> <span class='ocrx_word' id='word_1_75' title='bbox 922 1440 984 1497; x_wconf 91' lang='lat' dir='ltr'><strong>et</strong></span> <span class='ocrx_word' id='word_1_76' title='bbox 1004 1434 1270 1510; x_wconf 78' lang='lat' dir='ltr'><strong>femini8‚</strong></span> <span class='ocrx_word' id='word_1_77' title='bbox 1305 1434 1367 1493; x_wconf 91' lang='lat' dir='ltr'><strong>in</strong></span> <span class='ocrx_word' id='word_1_78' title='bbox 1389 1453 1514 1513; x_wconf 89' lang='lat' dir='ltr'><strong>qua</strong></span> <span class='ocrx_word' id='word_1_79' title='bbox 1535 1434 1820 1496; x_wconf 83' lang='lat' dir='ltr'><strong>haeredes</strong></span> 
     </span>
     <span class='ocr_line' id='line_1_17' title="bbox 285 1527 1818 1606; baseline -0.001 -16"><span class='ocrx_word' id='word_1_80' title='bbox 285 1531 516 1591; x_wconf 90' lang='lat' dir='ltr'><strong>debent</strong></span> <span class='ocrx_word' id='word_1_81' title='bbox 543 1528 783 1590; x_wconf 87' lang='lat' dir='ltr'><strong>institui</strong></span> <span class='ocrx_word' id='word_1_82' title='bbox 814 1528 975 1588; x_wconf 90' lang='lat' dir='ltr'><strong>sicut</strong></span> <span class='ocrx_word' id='word_1_83' title='bbox 1001 1527 1134 1603; x_wconf 87' lang='lat' dir='ltr'><strong>filii,</strong></span> <span class='ocrx_word' id='word_1_84' title='bbox 1168 1527 1266 1587; x_wconf 85' lang='lat' dir='ltr'><strong>vel</strong></span> <span class='ocrx_word' id='word_1_85' title='bbox 1298 1546 1373 1587; x_wconf 86' lang='lat' dir='ltr'><strong>cx</strong></span> <span class='ocrx_word' id='word_1_86' title='bbox 1402 1545 1593 1588; x_wconf 89' lang='lat' dir='ltr'><strong>causa</strong></span> <span class='ocrx_word' id='word_1_87' title='bbox 1622 1546 1818 1606; x_wconf 89' lang='lat' dir='ltr'><strong>appo-</strong></span> 
     </span>
     <span class='ocr_line' id='line_1_18' title="bbox 284 1619 1824 1699; baseline -0.001 -15"><span class='ocrx_word' id='word_1_88' title='bbox 284 1623 401 1684; x_wconf 85' lang='lat' dir='ltr'><strong>sita</strong></span> <span class='ocrx_word' id='word_1_89' title='bbox 428 1622 861 1696; x_wconf 60' lang='lat' dir='ltr'><strong>exhaeredari,</strong></span> <span class='ocrx_word' id='word_1_90' title='bbox 912 1619 1190 1699; x_wconf 89' lang='lat' dir='ltr'><strong>alioquin</strong></span> <span class='ocrx_word' id='word_1_91' title='bbox 1234 1623 1676 1682; x_wconf 86' lang='lat' dir='ltr'><strong>testamentum</strong></span> <span class='ocrx_word' id='word_1_92' title='bbox 1705 1621 1824 1683; x_wconf 87' lang='lat' dir='ltr'><strong>erit</strong></span> 
     </span>
     <span class='ocr_line' id='line_1_19' title="bbox 286 1712 1824 1793; baseline 0.001 -19"><span class='ocrx_word' id='word_1_93' title='bbox 286 1714 525 1775; x_wconf 93' lang='lat' dir='ltr'><strong>nullum</strong></span> <span class='ocrx_word' id='word_1_94' title='bbox 578 1714 791 1793; x_wconf 88' lang='lat' dir='ltr'><strong>quoad</strong></span> <span class='ocrx_word' id='word_1_95' title='bbox 840 1712 1161 1773; x_wconf 78' lang='lat' dir='ltr'><strong>baeredum</strong></span> <span class='ocrx_word' id='word_1_96' title='bbox 1210 1712 1685 1775; x_wconf 76' lang='lat' dir='ltr'><strong>institutionem.</strong></span> <span class='ocrx_word' id='word_1_97' title='bbox 1744 1715 1824 1776; x_wconf 81' lang='lat' dir='ltr'><strong>Et</strong></span> 
     </span>
     <span class='ocr_line' id='line_1_20' title="bbox 285 1804 1824 1886; baseline -0.001 -18"><span class='ocrx_word' id='word_1_98' title='bbox 285 1809 346 1868; x_wconf 92' lang='lat' dir='ltr'><strong>in</strong></span> <span class='ocrx_word' id='word_1_99' title='bbox 374 1807 744 1868; x_wconf 86' lang='lat' dir='ltr'><strong>universum</strong></span> <span class='ocrx_word' id='word_1_100' title='bbox 774 1806 1005 1882; x_wconf 90' lang='lat' dir='ltr'><strong>omnia,</strong></span> <span class='ocrx_word' id='word_1_101' title='bbox 1040 1823 1180 1884; x_wconf 82' lang='lat' dir='ltr'><strong>quoe</strong></span> <span class='ocrx_word' id='word_1_102' title='bbox 1211 1804 1289 1865; x_wconf 90' lang='lat' dir='ltr'><strong>de</strong></span> <span class='ocrx_word' id='word_1_103' title='bbox 1311 1804 1521 1867; x_wconf 89' lang='lat' dir='ltr'><strong>debito</strong></span> <span class='ocrx_word' id='word_1_104' title='bbox 1553 1825 1704 1886; x_wconf 88' lang='lat' dir='ltr'><strong>erga</strong></span> <span class='ocrx_word' id='word_1_105' title='bbox 1720 1807 1824 1867; x_wconf 88' lang='lat' dir='ltr'><strong>de-</strong></span> 
     </span>
     <span class='ocr_line' id='line_1_21' title="bbox 286 1898 1822 1977; baseline -0.001 -16"><span class='ocrx_word' id='word_1_106' title='bbox 286 1901 661 1961; x_wconf 79' lang='lat' dir='ltr'><strong>scendentes</strong></span> <span class='ocrx_word' id='word_1_107' title='bbox 689 1899 854 1960; x_wconf 85' lang='lat' dir='ltr'><strong>dicta</strong></span> <span class='ocrx_word' id='word_1_108' title='bbox 901 1902 1082 1975; x_wconf 90' lang='lat' dir='ltr'><strong>sunt,</strong></span> <span class='ocrx_word' id='word_1_109' title='bbox 1134 1898 1367 1958; x_wconf 87' lang='lat' dir='ltr'><strong>debent</strong></span> <span class='ocrx_word' id='word_1_110' title='bbox 1393 1916 1536 1958; x_wconf 91' lang='lat' dir='ltr'><strong>cum</strong></span> <span class='ocrx_word' id='word_1_111' title='bbox 1563 1917 1822 1977; x_wconf 86' lang='lat' dir='ltr'><strong>propor-</strong></span> 
     </span>
     <span class='ocr_line' id='line_1_22' title="bbox 287 1990 1826 2069; baseline -0.001 -14"><span class='ocrx_word' id='word_1_112' title='bbox 287 1994 451 2055; x_wconf 83' lang='lat' dir='ltr'><strong>tione</strong></span> <span class='ocrx_word' id='word_1_113' title='bbox 482 1992 805 2054; x_wconf 85' lang='lat' dir='ltr'><strong>contraria</strong></span> <span class='ocrx_word' id='word_1_114' title='bbox 832 1990 1091 2069; x_wconf 79' lang='lat' dir='ltr'><strong>intelligi</strong></span> <span class='ocrx_word' id='word_1_115' title='bbox 1121 2009 1272 2069; x_wconf 87' lang='lat' dir='ltr'><strong>erga</strong></span> <span class='ocrx_word' id='word_1_116' title='bbox 1293 1990 1722 2068; x_wconf 81' lang='lat' dir='ltr'><strong>ascendenteS,</strong></span> <span class='ocrx_word' id='word_1_117' title='bbox 1756 1997 1826 2053; x_wconf 87' lang='lat' dir='ltr'><strong>ut</strong></span> 
     </span>
     <span class='ocr_line' id='line_1_23' title="bbox 289 2081 1819 2163; baseline -0.001 -17"><span class='ocrx_word' id='word_1_118' title='bbox 289 2091 461 2147; x_wconf 85' lang='lat' dir='ltr'><strong>notat</strong></span> <span class='ocrx_word' id='word_1_119' title='bbox 488 2085 640 2147; x_wconf 85' lang='lat' dir='ltr'><strong>Mol.</strong></span> <span class='ocrx_word' id='word_1_120' title='bbox 673 2084 904 2162; x_wconf 85' lang='lat' dir='ltr'><strong>disput.</strong></span> <span class='ocrx_word' id='word_1_121' title='bbox 938 2099 1152 2147; x_wconf 71' lang='lat' dir='ltr'><strong>CLXXV.</strong></span> <span class='ocrx_word' id='word_1_122' title='bbox 1184 2084 1248 2162; x_wconf 69' lang='grc' dir='ltr'><strong>ἓ.</strong></span> <span class='ocrx_word' id='word_1_123' title='bbox 1282 2081 1448 2158; x_wconf 80' lang='lat' dir='ltr'><strong>Quod</strong></span> <span class='ocrx_word' id='word_1_124' title='bbox 1469 2082 1686 2145; x_wconf 84' lang='lat' dir='ltr'><strong>dictum</strong></span> <span class='ocrx_word' id='word_1_125' title='bbox 1714 2094 1819 2163; x_wconf 84' lang='lat' dir='ltr'><strong>est,</strong></span> 
     </span>
     <span class='ocr_line' id='line_1_24' title="bbox 291 2175 1628 2258; baseline -0.003 -18"><span class='ocrx_word' id='word_1_126' title='bbox 291 2184 514 2258; x_wconf 84' lang='lat' dir='ltr'><strong>praeter</strong></span> <span class='ocrx_word' id='word_1_127' title='bbox 542 2178 682 2238; x_wconf 87' lang='lat' dir='ltr'><strong>haec</strong></span> <span class='ocrx_word' id='word_1_128' title='bbox 709 2194 931 2256; x_wconf 88' lang='lat' dir='ltr'><strong>pauca,</strong></span> <span class='ocrx_word' id='word_1_129' title='bbox 964 2175 1028 2235; x_wconf 90' lang='lat' dir='ltr'><strong>in</strong></span> <span class='ocrx_word' id='word_1_130' title='bbox 1058 2175 1284 2254; x_wconf 89' lang='lat' dir='ltr'><strong>quibus</strong></span> <span class='ocrx_word' id='word_1_131' title='bbox 1313 2175 1628 2237; x_wconf 83' lang='lat' dir='ltr'><strong>differunt.</strong></span> 
     </span>
    </p>

    <p class='ocr_par' dir='ltr' id='par_1_5' title="bbox 294 2267 1825 2535">
     <span class='ocr_line' id='line_1_25' title="bbox 332 2267 1824 2347; baseline -0.002 -15"><span class='ocrx_word' id='word_1_132' title='bbox 332 2272 539 2332; x_wconf 86' lang='lat' dir='ltr'><strong>Prima</strong></span> <span class='ocrx_word' id='word_1_133' title='bbox 556 2268 912 2329; x_wconf 83' lang='lat' dir='ltr'><strong>differentia</strong></span> <span class='ocrx_word' id='word_1_134' title='bbox 928 2274 1039 2339; x_wconf 90' lang='lat' dir='ltr'><strong>est,</strong></span> <span class='ocrx_word' id='word_1_135' title='bbox 1065 2267 1233 2347; x_wconf 90' lang='lat' dir='ltr'><strong>quod</strong></span> <span class='ocrx_word' id='word_1_136' title='bbox 1250 2287 1324 2328; x_wconf 82' lang='lat' dir='ltr'><strong>ex</strong></span> <span class='ocrx_word' id='word_1_137' title='bbox 1342 2268 1824 2331; x_wconf 79' lang='lat' dir='ltr'><strong>ascendentibus</strong></span> 
     </span>
     <span class='ocr_line' id='line_1_26' title="bbox 295 2360 1824 2440; baseline -0.001 -16"><span class='ocrx_word' id='word_1_138' title='bbox 295 2382 413 2424; x_wconf 90' lang='lat' dir='ltr'><strong>non</strong></span> <span class='ocrx_word' id='word_1_139' title='bbox 443 2379 666 2424; x_wconf 89' lang='lat' dir='ltr'><strong>omnes</strong></span> <span class='ocrx_word' id='word_1_140' title='bbox 693 2360 1058 2421; x_wconf 86' lang='lat' dir='ltr'><strong>instituendi</strong></span> <span class='ocrx_word' id='word_1_141' title='bbox 1086 2365 1266 2434; x_wconf 84' lang='lat' dir='ltr'><strong>sunt,</strong></span> <span class='ocrx_word' id='word_1_142' title='bbox 1318 2361 1430 2421; x_wconf 90' lang='lat' dir='ltr'><strong>sed</strong></span> <span class='ocrx_word' id='word_1_143' title='bbox 1472 2361 1584 2421; x_wconf 90' lang='lat' dir='ltr'><strong>soli</strong></span> <span class='ocrx_word' id='word_1_144' title='bbox 1616 2362 1824 2440; x_wconf 81' lang='lat' dir='ltr'><strong>proxi-</strong></span> 
     </span>
     <span class='ocr_line' id='line_1_27' title="bbox 294 2453 1825 2535; baseline -0.001 -19"><span class='ocrx_word' id='word_1_145' title='bbox 294 2457 518 2516; x_wconf 90' lang='lat' dir='ltr'><strong>miores</strong></span> <span class='ocrx_word' id='word_1_146' title='bbox 547 2454 615 2514; x_wconf 91' lang='lat' dir='ltr'><strong>in</strong></span> <span class='ocrx_word' id='word_1_147' title='bbox 644 2453 844 2532; x_wconf 89' lang='lat' dir='ltr'><strong>gradu</strong></span> <span class='ocrx_word' id='word_1_148' title='bbox 882 2474 894 2514; x_wconf 90' lang='lat'>:</span> <span class='ocrx_word' id='word_1_149' title='bbox 929 2472 1123 2532; x_wconf 88' lang='lat' dir='ltr'><strong>quare</strong></span> <span class='ocrx_word' id='word_1_150' title='bbox 1148 2453 1393 2514; x_wconf 89' lang='lat' dir='ltr'><strong>vivente</strong></span> <span class='ocrx_word' id='word_1_151' title='bbox 1423 2460 1688 2535; x_wconf 88' lang='lat' dir='ltr'><strong>utroque</strong></span> <span class='ocrx_word' id='word_1_152' title='bbox 1720 2473 1825 2533; x_wconf 90' lang='lat' dir='ltr'><strong>pa-</strong></span> 
     </span>
    </p>
   </div>
   <div class='ocr_carea' id='block_1_5' title="bbox 222 2543 1827 2627">
    <p class='ocr_par' dir='ltr' id='par_1_6' title="bbox 222 2543 1827 2627">
     <span class='ocr_line' id='line_1_28' title="bbox 222 2543 1827 2627; baseline -0.001 -18"><span class='ocrx_word' id='word_1_153' title='bbox 222 2543 248 2553; x_wconf 75' lang='lat'><strong>‘</strong></span> <span class='ocrx_word' id='word_1_154' title='bbox 294 2554 496 2625; x_wconf 89' lang='lat' dir='ltr'><strong>rente,</strong></span> <span class='ocrx_word' id='word_1_155' title='bbox 550 2551 816 2626; x_wconf 87' lang='lat' dir='ltr'><strong>uterque</strong></span> <span class='ocrx_word' id='word_1_156' title='bbox 863 2545 1278 2607; x_wconf 86' lang='lat' dir='ltr'><strong>instituendus</strong></span> <span class='ocrx_word' id='word_1_157' title='bbox 1325 2552 1418 2608; x_wconf 89' lang='lat' dir='ltr'><strong>est</strong></span> <span class='ocrx_word' id='word_1_158' title='bbox 1461 2566 1572 2626; x_wconf 89' lang='lat' dir='ltr'><strong>per</strong></span> <span class='ocrx_word' id='word_1_159' title='bbox 1618 2552 1827 2627; x_wconf 86' lang='lat' dir='ltr'><strong>partes</strong></span> 
     </span>
    </p>
   </div>
   <div class='ocr_carea' id='block_1_6' title="bbox 294 2638 1831 5503">
    <p class='ocr_par' dir='ltr' id='par_1_7' title="bbox 294 2638 1831 4295">
     <span class='ocr_line' id='line_1_29' title="bbox 295 2638 1823 2721; baseline -0.001 -19"><span class='ocrx_word' id='word_1_160' title='bbox 295 2641 609 2721; x_wconf 80' lang='lat' dir='ltr'><strong>oequales;</strong></span> <span class='ocrx_word' id='word_1_161' title='bbox 658 2640 708 2700; x_wconf 91' lang='lat' dir='ltr'><strong>si</strong></span> <span class='ocrx_word' id='word_1_162' title='bbox 757 2639 914 2700; x_wconf 89' lang='lat' dir='ltr'><strong>alter</strong></span> <span class='ocrx_word' id='word_1_163' title='bbox 942 2639 1110 2699; x_wconf 91' lang='lat' dir='ltr'><strong>solus</strong></span> <span class='ocrx_word' id='word_1_164' title='bbox 1138 2638 1329 2716; x_wconf 82' lang='lat' dir='ltr'><strong>vivit,</strong></span> <span class='ocrx_word' id='word_1_165' title='bbox 1378 2658 1438 2701; x_wconf 76' lang='grc' dir='ltr'><strong>ν.</strong></span> <span class='ocrx_word' id='word_1_166' title='bbox 1471 2659 1567 2718; x_wconf 87' lang='lat' dir='ltr'><strong>gr.</strong></span> <span class='ocrx_word' id='word_1_167' title='bbox 1601 2645 1823 2718; x_wconf 89' lang='lat' dir='ltr'><strong>mater,</strong></span> 
     </span>
     <span class='ocr_line' id='line_1_30' title="bbox 294 2731 1822 2810; baseline 0.001 -17"><span class='ocrx_word' id='word_1_168' title='bbox 294 2733 425 2795; x_wconf 87' lang='lat' dir='ltr'><strong>haec</strong></span> <span class='ocrx_word' id='word_1_169' title='bbox 452 2733 593 2794; x_wconf 88' lang='lat' dir='ltr'><strong>sola</strong></span> <span class='ocrx_word' id='word_1_170' title='bbox 619 2732 810 2792; x_wconf 90' lang='lat' dir='ltr'><strong>debet</strong></span> <span class='ocrx_word' id='word_1_171' title='bbox 836 2731 1109 2807; x_wconf 87' lang='lat' dir='ltr'><strong>institui,</strong></span> <span class='ocrx_word' id='word_1_172' title='bbox 1157 2750 1282 2792; x_wconf 92' lang='lat' dir='ltr'><strong>non</strong></span> <span class='ocrx_word' id='word_1_173' title='bbox 1310 2750 1467 2792; x_wconf 88' lang='lat' dir='ltr'><strong>avus</strong></span> <span class='ocrx_word' id='word_1_174' title='bbox 1497 2737 1822 2810; x_wconf 88' lang='lat' dir='ltr'><strong>paternus,</strong></span> 
     </span>
     <span class='ocr_line' id='line_1_31' title="bbox 297 2823 1830 2906; baseline 0 -20"><span class='ocrx_word' id='word_1_175' title='bbox 297 2827 439 2906; x_wconf 88' lang='lat' dir='ltr'><strong>quia</strong></span> <span class='ocrx_word' id='word_1_176' title='bbox 467 2826 529 2885; x_wconf 92' lang='lat' dir='ltr'><strong>in</strong></span> <span class='ocrx_word' id='word_1_177' title='bbox 563 2823 1046 2885; x_wconf 88' lang='lat' dir='ltr'><strong>ascendentibus</strong></span> <span class='ocrx_word' id='word_1_178' title='bbox 1075 2824 1427 2902; x_wconf 87' lang='lat' dir='ltr'><strong>superiores</strong></span> <span class='ocrx_word' id='word_1_179' title='bbox 1453 2841 1579 2885; x_wconf 91' lang='lat' dir='ltr'><strong>non</strong></span> <span class='ocrx_word' id='word_1_180' title='bbox 1598 2844 1830 2904; x_wconf 79' lang='lat' dir='ltr'><strong>reprae·</strong></span> 
     </span>
     <span class='ocr_line' id='line_1_32' title="bbox 296 2915 1830 2998; baseline 0 -18"><span class='ocrx_word' id='word_1_181' title='bbox 296 2924 545 2981; x_wconf 86' lang='lat' dir='ltr'><strong>sentant</strong></span> <span class='ocrx_word' id='word_1_182' title='bbox 574 2917 935 2979; x_wconf 80' lang='lat' dir='ltr'><strong>inferiorem</strong></span> <span class='ocrx_word' id='word_1_183' title='bbox 967 2915 1354 2993; x_wconf 84' lang='lat' dir='ltr'><strong>defunctum,</strong></span> <span class='ocrx_word' id='word_1_184' title='bbox 1387 2917 1549 2979; x_wconf 87' lang='lat' dir='ltr'><strong>sicut</strong></span> <span class='ocrx_word' id='word_1_185' title='bbox 1569 2923 1830 2998; x_wconf 83' lang='lat' dir='ltr'><strong>nepotes</strong></span> 
     </span>
     <span class='ocr_line' id='line_1_33' title="bbox 297 3008 1830 3092; baseline 0.001 -21"><span class='ocrx_word' id='word_1_186' title='bbox 297 3015 751 3092; x_wconf 59' lang='lat' dir='ltr'><strong>repraesentant</strong></span> <span class='ocrx_word' id='word_1_187' title='bbox 775 3013 1019 3088; x_wconf 89' lang='lat' dir='ltr'><strong>patrem</strong></span> <span class='ocrx_word' id='word_1_188' title='bbox 1048 3008 1414 3071; x_wconf 83' lang='lat' dir='ltr'><strong>defunctum</strong></span> <span class='ocrx_word' id='word_1_189' title='bbox 1436 3057 1454 3086; x_wconf 94' lang='lat'><strong>,</strong></span> <span class='ocrx_word' id='word_1_190' title='bbox 1506 3014 1575 3072; x_wconf 90' lang='lat' dir='ltr'><strong>ut</strong></span> <span class='ocrx_word' id='word_1_191' title='bbox 1618 3030 1830 3073; x_wconf 89' lang='lat' dir='ltr'><strong>succe-</strong></span> 
     </span>
     <span class='ocr_line' id='line_1_34' title="bbox 298 3101 1828 3183; baseline 0.001 -19"><span class='ocrx_word' id='word_1_192' title='bbox 298 3104 445 3165; x_wconf 85' lang='lat' dir='ltr'><strong>dant</strong></span> <span class='ocrx_word' id='word_1_193' title='bbox 472 3122 596 3164; x_wconf 64' lang='grc' dir='ltr'>ιιι-ο</span> <span class='ocrx_word' id='word_1_194' title='bbox 625 3122 739 3183; x_wconf 87' lang='lat' dir='ltr'><strong>per</strong></span> <span class='ocrx_word' id='word_1_195' title='bbox 766 3101 1063 3180; x_wconf 87' lang='lat' dir='ltr'><strong>stipitem.</strong></span> <span class='ocrx_word' id='word_1_196' title='bbox 1099 3102 1402 3164; x_wconf 83' lang='lat' dir='ltr'><strong>Defuncto</strong></span> <span class='ocrx_word' id='word_1_197' title='bbox 1434 3106 1701 3183; x_wconf 89' lang='lat' dir='ltr'><strong>utroque</strong></span> <span class='ocrx_word' id='word_1_198' title='bbox 1723 3123 1828 3183; x_wconf 91' lang='lat' dir='ltr'><strong>pa-</strong></span> 
     </span>
     <span class='ocr_line' id='line_1_35' title="bbox 299 3194 1830 3276; baseline 0.001 -18"><span class='ocrx_word' id='word_1_199' title='bbox 299 3202 493 3274; x_wconf 85' lang='lat' dir='ltr'><strong>rente,</strong></span> <span class='ocrx_word' id='word_1_200' title='bbox 527 3196 882 3258; x_wconf 86' lang='lat' dir='ltr'><strong>succedunt</strong></span> <span class='ocrx_word' id='word_1_201' title='bbox 908 3194 1033 3270; x_wconf 83' lang='lat' dir='ltr'><strong>avi,</strong></span> <span class='ocrx_word' id='word_1_202' title='bbox 1067 3194 1155 3255; x_wconf 90' lang='lat' dir='ltr'><strong>ita</strong></span> <span class='ocrx_word' id='word_1_203' title='bbox 1180 3200 1249 3256; x_wconf 87' lang='lat' dir='ltr'><strong>ut</strong></span> <span class='ocrx_word' id='word_1_204' title='bbox 1275 3195 1484 3256; x_wconf 89' lang='lat' dir='ltr'><strong>media</strong></span> <span class='ocrx_word' id='word_1_205' title='bbox 1514 3215 1659 3275; x_wconf 88' lang='lat' dir='ltr'><strong>pars</strong></span> <span class='ocrx_word' id='word_1_206' title='bbox 1687 3216 1830 3276; x_wconf 89' lang='lat' dir='ltr'><strong>per-</strong></span> 
     </span>
     <span class='ocr_line' id='line_1_36' title="bbox 297 3287 1829 3366; baseline -0.001 -14"><span class='ocrx_word' id='word_1_207' title='bbox 297 3290 518 3352; x_wconf 86' lang='lat' dir='ltr'><strong>tineret</strong></span> <span class='ocrx_word' id='word_1_208' title='bbox 545 3289 629 3351; x_wconf 85' lang='lat' dir='ltr'><strong>ad</strong></span> <span class='ocrx_word' id='word_1_209' title='bbox 667 3307 817 3349; x_wconf 82' lang='lat' dir='ltr'><strong>avos</strong></span> <span class='ocrx_word' id='word_1_210' title='bbox 858 3292 1173 3366; x_wconf 76' lang='lat' dir='ltr'><strong>paternoS,</strong></span> <span class='ocrx_word' id='word_1_211' title='bbox 1219 3292 1282 3348; x_wconf 91' lang='lat' dir='ltr'><strong>et</strong></span> <span class='ocrx_word' id='word_1_212' title='bbox 1312 3287 1522 3348; x_wconf 90' lang='lat' dir='ltr'><strong>media</strong></span> <span class='ocrx_word' id='word_1_213' title='bbox 1572 3290 1653 3349; x_wconf 90' lang='lat' dir='ltr'><strong>ad</strong></span> <span class='ocrx_word' id='word_1_214' title='bbox 1699 3308 1829 3351; x_wconf 90' lang='lat' dir='ltr'><strong>ma·</strong></span> 
     </span>
     <span class='ocr_line' id='line_1_37' title="bbox 300 3379 1827 3461; baseline 0 -17"><span class='ocrx_word' id='word_1_215' title='bbox 300 3388 539 3461; x_wconf 63' lang='lat' dir='ltr'><strong>terum,</strong></span> <span class='ocrx_word' id='word_1_216' title='bbox 607 3382 660 3443; x_wconf 90' lang='lat' dir='ltr'><strong>si</strong></span> <span class='ocrx_word' id='word_1_217' title='bbox 703 3382 859 3457; x_wconf 87' lang='lat' dir='ltr'><strong>sint,</strong></span> <span class='ocrx_word' id='word_1_218' title='bbox 917 3379 1160 3440; x_wconf 88' lang='lat' dir='ltr'><strong>etiamsi</strong></span> <span class='ocrx_word' id='word_1_219' title='bbox 1202 3384 1465 3460; x_wconf 88' lang='lat' dir='ltr'><strong>uterque</strong></span> <span class='ocrx_word' id='word_1_220' title='bbox 1508 3388 1827 3444; x_wconf 86' lang='lat' dir='ltr'><strong>maternus</strong></span> 
     </span>
     <span class='ocr_line' id='line_1_38' title="bbox 299 3473 1829 3552; baseline 0.001 -17"><span class='ocrx_word' id='word_1_221' title='bbox 299 3475 482 3552; x_wconf 80' lang='lat' dir='ltr'><strong>vivat,</strong></span> <span class='ocrx_word' id='word_1_222' title='bbox 517 3477 586 3535; x_wconf 91' lang='lat' dir='ltr'><strong>et</strong></span> <span class='ocrx_word' id='word_1_223' title='bbox 610 3475 769 3535; x_wconf 89' lang='lat' dir='ltr'><strong>alter</strong></span> <span class='ocrx_word' id='word_1_224' title='bbox 796 3473 965 3533; x_wconf 91' lang='lat' dir='ltr'><strong>solus</strong></span> <span class='ocrx_word' id='word_1_225' title='bbox 985 3476 1302 3550; x_wconf 87' lang='lat' dir='ltr'><strong>paternus.</strong></span> <span class='ocrx_word' id='word_1_226' title='bbox 1337 3473 1516 3534; x_wconf 90' lang='lat' dir='ltr'><strong>Nullo</strong></span> <span class='ocrx_word' id='word_1_227' title='bbox 1548 3491 1664 3536; x_wconf 84' lang='lat' dir='ltr'><strong>avo</strong></span> <span class='ocrx_word' id='word_1_228' title='bbox 1693 3494 1829 3536; x_wconf 90' lang='lat' dir='ltr'><strong>ma-</strong></span> 
     </span>
     <span class='ocr_line' id='line_1_39' title="bbox 301 3564 1827 3644; baseline 0 -16"><span class='ocrx_word' id='word_1_229' title='bbox 301 3573 503 3644; x_wconf 89' lang='lat' dir='ltr'><strong>nente,</strong></span> <span class='ocrx_word' id='word_1_230' title='bbox 537 3565 885 3627; x_wconf 89' lang='lat' dir='ltr'><strong>succedunt</strong></span> <span class='ocrx_word' id='word_1_231' title='bbox 910 3564 1148 3642; x_wconf 82' lang='lat' dir='ltr'><strong>proavi,</strong></span> <span class='ocrx_word' id='word_1_232' title='bbox 1182 3565 1235 3625; x_wconf 89' lang='lat' dir='ltr'><strong>si</strong></span> <span class='ocrx_word' id='word_1_233' title='bbox 1263 3565 1406 3642; x_wconf 91' lang='lat' dir='ltr'><strong>sint,</strong></span> <span class='ocrx_word' id='word_1_234' title='bbox 1440 3583 1583 3626; x_wconf 89' lang='lat' dir='ltr'><strong>cum</strong></span> <span class='ocrx_word' id='word_1_235' title='bbox 1605 3568 1827 3629; x_wconf 91' lang='lat' dir='ltr'><strong>eadem</strong></span> 
     </span>
     <span class='ocr_line' id='line_1_40' title="bbox 300 3656 1822 3740; baseline 0.001 -20"><span class='ocrx_word' id='word_1_236' title='bbox 300 3679 542 3740; x_wconf 87' lang='lat' dir='ltr'><strong>semper</strong></span> <span class='ocrx_word' id='word_1_237' title='bbox 564 3658 868 3720; x_wconf 87' lang='lat' dir='ltr'><strong>divisione</strong></span> <span class='ocrx_word' id='word_1_238' title='bbox 890 3656 1052 3717; x_wconf 87' lang='lat' dir='ltr'><strong>inter</strong></span> <span class='ocrx_word' id='word_1_239' title='bbox 1078 3662 1485 3719; x_wconf 81' lang='lat' dir='ltr'><strong>ascendentes</strong></span> <span class='ocrx_word' id='word_1_240' title='bbox 1506 3662 1822 3738; x_wconf 80' lang='lat' dir='ltr'><strong>paternOS,</strong></span> 
     </span>
     <span class='ocr_line' id='line_1_41' title="bbox 302 3749 1828 3828; baseline -0.001 -15"><span class='ocrx_word' id='word_1_241' title='bbox 302 3761 361 3815; x_wconf 90' lang='lat' dir='ltr'><strong>et</strong></span> <span class='ocrx_word' id='word_1_242' title='bbox 385 3758 706 3815; x_wconf 89' lang='lat' dir='ltr'><strong>maternos</strong></span> <span class='ocrx_word' id='word_1_243' title='bbox 724 3797 739 3826; x_wconf 93' lang='lat'>‚</span> <span class='ocrx_word' id='word_1_244' title='bbox 782 3749 869 3811; x_wconf 90' lang='lat' dir='ltr'><strong>ita</strong></span> <span class='ocrx_word' id='word_1_245' title='bbox 898 3753 966 3810; x_wconf 89' lang='lat' dir='ltr'><strong>ut</strong></span> <span class='ocrx_word' id='word_1_246' title='bbox 994 3749 1318 3828; x_wconf 81' lang='lat' dir='ltr'><strong>aequaliter</strong></span> <span class='ocrx_word' id='word_1_247' title='bbox 1345 3749 1507 3811; x_wconf 89' lang='lat' dir='ltr'><strong>inter</strong></span> <span class='ocrx_word' id='word_1_248' title='bbox 1534 3769 1641 3811; x_wconf 90' lang='lat' dir='ltr'><strong>eos</strong></span> <span class='ocrx_word' id='word_1_249' title='bbox 1670 3750 1828 3812; x_wconf 85' lang='lat' dir='ltr'><strong>divi-</strong></span> 
     </span>
     <span class='ocr_line' id='line_1_42' title="bbox 302 3841 1827 3922; baseline 0 -16"><span class='ocrx_word' id='word_1_250' title='bbox 302 3846 496 3922; x_wconf 86' lang='lat' dir='ltr'><strong>datur,</strong></span> <span class='ocrx_word' id='word_1_251' title='bbox 532 3846 683 3906; x_wconf 84' lang='lat' dir='ltr'><strong>licet</strong></span> <span class='ocrx_word' id='word_1_252' title='bbox 710 3862 835 3904; x_wconf 91' lang='lat' dir='ltr'><strong>non</strong></span> <span class='ocrx_word' id='word_1_253' title='bbox 864 3841 988 3903; x_wconf 89' lang='lat' dir='ltr'><strong>sint</strong></span> <span class='ocrx_word' id='word_1_254' title='bbox 1005 3860 1188 3920; x_wconf 86' lang='lat' dir='ltr'><strong>pares</strong></span> <span class='ocrx_word' id='word_1_255' title='bbox 1217 3842 1279 3901; x_wconf 92' lang='lat' dir='ltr'><strong>in</strong></span> <span class='ocrx_word' id='word_1_256' title='bbox 1311 3861 1594 3908; x_wconf 78' lang='lat' dir='ltr'><strong>numero,</strong></span> <span class='ocrx_word' id='word_1_257' title='bbox 1627 3844 1691 3908; x_wconf 91' lang='lat' dir='ltr'><strong>Si</strong></span> <span class='ocrx_word' id='word_1_258' title='bbox 1720 3863 1827 3906; x_wconf 87' lang='lat' dir='ltr'><strong>au·</strong></span> 
     </span>
     <span class='ocr_line' id='line_1_43' title="bbox 301 3933 1827 4013; baseline -0.001 -13"><span class='ocrx_word' id='word_1_259' title='bbox 301 3943 421 4000; x_wconf 82' lang='lat' dir='ltr'><strong>tem</strong></span> <span class='ocrx_word' id='word_1_260' title='bbox 472 3938 597 3999; x_wconf 93' lang='lat' dir='ltr'><strong>soli</strong></span> <span class='ocrx_word' id='word_1_261' title='bbox 638 3936 764 3998; x_wconf 89' lang='lat' dir='ltr'><strong>sint</strong></span> <span class='ocrx_word' id='word_1_262' title='bbox 807 3933 1215 3995; x_wconf 82' lang='lat' dir='ltr'><strong>ascendentes</strong></span> <span class='ocrx_word' id='word_1_263' title='bbox 1254 3952 1329 3994; x_wconf 85' lang='lat' dir='ltr'><strong>ex</strong></span> <span class='ocrx_word' id='word_1_264' title='bbox 1360 3939 1566 4013; x_wconf 87' lang='lat' dir='ltr'><strong>patre,</strong></span> <span class='ocrx_word' id='word_1_265' title='bbox 1622 3937 1827 3998; x_wconf 78' lang='lat' dir='ltr'><strong>velex</strong></span> 
     </span>
     <span class='ocr_line' id='line_1_44' title="bbox 301 4025 1826 4108; baseline 0 -18"><span class='ocrx_word' id='word_1_266' title='bbox 301 4038 516 4105; x_wconf 85' lang='lat' dir='ltr'><strong>matre,</strong></span> <span class='ocrx_word' id='word_1_267' title='bbox 552 4049 612 4090; x_wconf 80' lang='lat' dir='ltr'><strong>v.</strong></span> <span class='ocrx_word' id='word_1_268' title='bbox 649 4048 712 4108; x_wconf 92' lang='lat' dir='ltr'><strong>g.</strong></span> <span class='ocrx_word' id='word_1_269' title='bbox 766 4027 852 4087; x_wconf 90' lang='lat' dir='ltr'><strong>illi</strong></span> <span class='ocrx_word' id='word_1_270' title='bbox 890 4025 1007 4086; x_wconf 93' lang='lat' dir='ltr'><strong>soli</strong></span> <span class='ocrx_word' id='word_1_271' title='bbox 1049 4029 1248 4087; x_wconf 87' lang='lat' dir='ltr'><strong>totum</strong></span> <span class='ocrx_word' id='word_1_272' title='bbox 1279 4026 1636 4105; x_wconf 86' lang='lat' dir='ltr'><strong>habebunt,</strong></span> <span class='ocrx_word' id='word_1_273' title='bbox 1686 4047 1826 4108; x_wconf 83' lang='lat' dir='ltr'><strong>quae</strong></span> 
     </span>
     <span class='ocr_line' id='line_1_45' title="bbox 302 4116 1831 4185; baseline -0.002 0"><span class='ocrx_word' id='word_1_274' title='bbox 302 4124 611 4185; x_wconf 83' lang='lat' dir='ltr'><strong>habentur</strong></span> <span class='ocrx_word' id='word_1_275' title='bbox 640 4121 702 4181; x_wconf 90' lang='lat' dir='ltr'><strong>in</strong></span> <span class='ocrx_word' id='word_1_276' title='bbox 732 4118 1107 4181; x_wconf 88' lang='lat' dir='ltr'><strong>Authentico</strong></span> <span class='ocrx_word' id='word_1_277' title='bbox 1137 4116 1543 4181; x_wconf 79' lang='lat' dir='ltr'><strong>dehoeredibus</strong></span> <span class='ocrx_word' id='word_1_278' title='bbox 1561 4120 1634 4180; x_wconf 85' lang='lat' dir='ltr'><strong>ab</strong></span> <span class='ocrx_word' id='word_1_279' title='bbox 1656 4120 1831 4182; x_wconf 82' lang='lat' dir='ltr'><strong>intes-</strong></span> 
     </span>
     <span class='ocr_line' id='line_1_46' title="bbox 300 4217 798 4295; baseline -0.01 -16"><span class='ocrx_word' id='word_1_280' title='bbox 300 4228 437 4295; x_wconf 80' lang='lat' dir='ltr'><strong>tato,</strong></span> <span class='ocrx_word' id='word_1_281' title='bbox 469 4217 680 4280; x_wconf 89' lang='lat' dir='ltr'><strong>collat.</strong></span> <span class='ocrx_word' id='word_1_282' title='bbox 714 4231 798 4275; x_wconf 81' lang='lat' dir='ltr'><strong>1x.</strong></span> 
     </span>
    </p>

    <p class='ocr_par' dir='ltr' id='par_1_8' title="bbox 304 4303 1831 5503">
     <span class='ocr_line' id='line_1_47' title="bbox 380 4303 1830 4384; baseline -0.008 -10"><span class='ocrx_word' id='word_1_283' title='bbox 380 4309 673 4374; x_wconf 89' lang='lat' dir='ltr'><strong>Secunda</strong></span> <span class='ocrx_word' id='word_1_284' title='bbox 703 4303 1053 4367; x_wconf 79' lang='lat' dir='ltr'><strong>differentia</strong></span> <span class='ocrx_word' id='word_1_285' title='bbox 1081 4307 1211 4379; x_wconf 89' lang='lat' dir='ltr'><strong>est,</strong></span> <span class='ocrx_word' id='word_1_286' title='bbox 1261 4304 1470 4384; x_wconf 87' lang='lat' dir='ltr'><strong>quoad</strong></span> <span class='ocrx_word' id='word_1_287' title='bbox 1514 4306 1830 4384; x_wconf 80' lang='lat' dir='ltr'><strong>quantita-</strong></span> 
     </span>
     <span class='ocr_line' id='line_1_48' title="bbox 304 4396 1831 4483; baseline -0.005 -17"><span class='ocrx_word' id='word_1_288' title='bbox 304 4411 423 4466; x_wconf 84' lang='lat' dir='ltr'><strong>tem</strong></span> <span class='ocrx_word' id='word_1_289' title='bbox 451 4402 774 4483; x_wconf 87' lang='lat' dir='ltr'><strong>legitimae,</strong></span> <span class='ocrx_word' id='word_1_290' title='bbox 807 4397 954 4479; x_wconf 90' lang='lat' dir='ltr'><strong>quia</strong></span> <span class='ocrx_word' id='word_1_291' title='bbox 978 4396 1125 4459; x_wconf 88' lang='lat' dir='ltr'><strong>lieet</strong></span> <span class='ocrx_word' id='word_1_292' title='bbox 1151 4397 1288 4459; x_wconf 85' lang='lat' dir='ltr'><strong>haec</strong></span> <span class='ocrx_word' id='word_1_293' title='bbox 1317 4397 1508 4459; x_wconf 90' lang='lat' dir='ltr'><strong>etiam</strong></span> <span class='ocrx_word' id='word_1_294' title='bbox 1538 4399 1618 4459; x_wconf 90' lang='lat' dir='ltr'><strong>sit</strong></span> <span class='ocrx_word' id='word_1_295' title='bbox 1645 4399 1831 4460; x_wconf 89' lang='lat' dir='ltr'><strong>tertia</strong></span> 
     </span>
     <span class='ocr_line' id='line_1_49' title="bbox 304 4490 1831 4573; baseline -0.005 -13"><span class='ocrx_word' id='word_1_296' title='bbox 304 4498 610 4559; x_wconf 88' lang='lat' dir='ltr'><strong>bonorum</strong></span> <span class='ocrx_word' id='word_1_297' title='bbox 639 4512 783 4573; x_wconf 87' lang='lat' dir='ltr'><strong>pars</strong></span> <span class='ocrx_word' id='word_1_298' title='bbox 805 4537 822 4569; x_wconf 92' lang='lat'><strong>,</strong></span> <span class='ocrx_word' id='word_1_299' title='bbox 879 4495 948 4552; x_wconf 91' lang='lat' dir='ltr'><strong>ut</strong></span> <span class='ocrx_word' id='word_1_300' title='bbox 993 4508 1136 4552; x_wconf 90' lang='lat' dir='ltr'><strong>cum</strong></span> <span class='ocrx_word' id='word_1_301' title='bbox 1177 4490 1386 4569; x_wconf 86' lang='lat' dir='ltr'><strong>glossa</strong></span> <span class='ocrx_word' id='word_1_302' title='bbox 1414 4494 1631 4553; x_wconf 89' lang='lat' dir='ltr'><strong>tenent</strong></span> <span class='ocrx_word' id='word_1_303' title='bbox 1658 4508 1831 4553; x_wconf 59' lang='lat' dir='ltr'><strong>com:-</strong></span> 
     </span>
     <span class='ocr_line' id='line_1_50' title="bbox 306 4581 1823 4661; baseline -0.002 -11"><span class='ocrx_word' id='word_1_304' title='bbox 306 4590 573 4652; x_wconf 71' lang='lat' dir='ltr'><strong>munitet·</strong></span> <span class='ocrx_word' id='word_1_305' title='bbox 599 4587 889 4647; x_wconf 90' lang='lat' dir='ltr'><strong>doctores</strong></span> <span class='ocrx_word' id='word_1_306' title='bbox 918 4581 1087 4661; x_wconf 89' lang='lat' dir='ltr'><strong>apud</strong></span> <span class='ocrx_word' id='word_1_307' title='bbox 1115 4581 1412 4643; x_wconf 78' lang='lat' dir='ltr'><strong>Molinani</strong></span> <span class='ocrx_word' id='word_1_308' title='bbox 1455 4583 1613 4661; x_wconf 90' lang='lat' dir='ltr'><strong>disp.</strong></span> <span class='ocrx_word' id='word_1_309' title='bbox 1667 4600 1823 4647; x_wconf 77' lang='lat' dir='ltr'><strong>cmx.</strong></span> 
     </span>
     <span class='ocr_line' id='line_1_51' title="bbox 308 4675 1827 4754; baseline -0.006 -9"><span class='ocrx_word' id='word_1_310' title='bbox 308 4683 417 4744; x_wconf 88' lang='lat' dir='ltr'><strong>col.</strong></span> <span class='ocrx_word' id='word_1_311' title='bbox 448 4700 494 4744; x_wconf 93' lang='lat'><strong>1.</strong></span> <span class='ocrx_word' id='word_1_312' title='bbox 531 4699 656 4741; x_wconf 92' lang='lat' dir='ltr'><strong>non</strong></span> <span class='ocrx_word' id='word_1_313' title='bbox 682 4678 949 4738; x_wconf 89' lang='lat' dir='ltr'><strong>debetur</strong></span> <span class='ocrx_word' id='word_1_314' title='bbox 974 4680 1184 4735; x_wconf 89' lang='lat' dir='ltr'><strong>tamen</strong></span> <span class='ocrx_word' id='word_1_315' title='bbox 1204 4693 1483 4754; x_wconf 88' lang='lat' dir='ltr'><strong>unquam</strong></span> <span class='ocrx_word' id='word_1_316' title='bbox 1506 4675 1624 4737; x_wconf 91' lang='lat' dir='ltr'><strong>illis</strong></span> <span class='ocrx_word' id='word_1_317' title='bbox 1649 4676 1827 4737; x_wconf 88' lang='lat' dir='ltr'><strong>dimi-</strong></span> 
     </span>
     <span class='ocr_line' id='line_1_52' title="bbox 308 4766 1828 4849; baseline -0.003 -14"><span class='ocrx_word' id='word_1_318' title='bbox 308 4775 406 4836; x_wconf 88' lang='lat' dir='ltr'><strong>dia</strong></span> <span class='ocrx_word' id='word_1_319' title='bbox 428 4775 740 4837; x_wconf 90' lang='lat' dir='ltr'><strong>bonorum</strong></span> <span class='ocrx_word' id='word_1_320' title='bbox 771 4787 937 4849; x_wconf 82' lang='lat' dir='ltr'><strong>pare,</strong></span> <span class='ocrx_word' id='word_1_321' title='bbox 970 4767 1132 4827; x_wconf 90' lang='lat' dir='ltr'><strong>sicut</strong></span> <span class='ocrx_word' id='word_1_322' title='bbox 1149 4766 1417 4827; x_wconf 89' lang='lat' dir='ltr'><strong>debetur</strong></span> <span class='ocrx_word' id='word_1_323' title='bbox 1433 4767 1599 4845; x_wconf 85' lang='lat' dir='ltr'><strong>filiis,</strong></span> <span class='ocrx_word' id='word_1_324' title='bbox 1634 4787 1828 4848; x_wconf 90' lang='lat' dir='ltr'><strong>quan·</strong></span> 
     </span>
     <span class='ocr_line' id='line_1_53' title="bbox 310 4860 1823 4940; baseline -0.004 -11"><span class='ocrx_word' id='word_1_325' title='bbox 310 4869 381 4929; x_wconf 85' lang='lat' dir='ltr'><strong>do</strong></span> <span class='ocrx_word' id='word_1_326' title='bbox 430 4871 578 4929; x_wconf 89' lang='lat' dir='ltr'><strong>sunt</strong></span> <span class='ocrx_word' id='word_1_327' title='bbox 620 4866 841 4926; x_wconf 87' lang='lat' dir='ltr'><strong>saltem</strong></span> <span class='ocrx_word' id='word_1_328' title='bbox 870 4860 1168 4940; x_wconf 88' lang='lat' dir='ltr'><strong>quinque.</strong></span> <span class='ocrx_word' id='word_1_329' title='bbox 1231 4860 1409 4921; x_wconf 88' lang='lat' dir='ltr'><strong>Ratio</strong></span> <span class='ocrx_word' id='word_1_330' title='bbox 1466 4865 1676 4922; x_wconf 88' lang='lat' dir='ltr'><strong>autem</strong></span> <span class='ocrx_word' id='word_1_331' title='bbox 1708 4866 1823 4939; x_wconf 89' lang='lat' dir='ltr'><strong>est,</strong></span> 
     </span>
     <span class='ocr_line' id='line_1_54' title="bbox 312 4952 1829 5041; baseline -0.007 -16"><span class='ocrx_word' id='word_1_332' title='bbox 312 4963 468 5041; x_wconf 88' lang='lat' dir='ltr'><strong>quod</strong></span> <span class='ocrx_word' id='word_1_333' title='bbox 498 4960 610 5022; x_wconf 88' lang='lat' dir='ltr'><strong>filii</strong></span> <span class='ocrx_word' id='word_1_334' title='bbox 639 4960 901 5038; x_wconf 87' lang='lat' dir='ltr'><strong>possunt</strong></span> <span class='ocrx_word' id='word_1_335' title='bbox 944 4971 1079 5014; x_wconf 90' lang='lat' dir='ltr'><strong>esse</strong></span> <span class='ocrx_word' id='word_1_336' title='bbox 1108 4952 1354 5032; x_wconf 90' lang='lat' dir='ltr'><strong>plures,</strong></span> <span class='ocrx_word' id='word_1_337' title='bbox 1400 4958 1693 5031; x_wconf 89' lang='lat' dir='ltr'><strong>parentes</strong></span> <span class='ocrx_word' id='word_1_338' title='bbox 1720 4972 1829 5015; x_wconf 87' lang='lat' dir='ltr'><strong>au-</strong></span> 
     </span>
     <span class='ocr_line' id='line_1_55' title="bbox 310 5044 1828 5131; baseline -0.004 -15"><span class='ocrx_word' id='word_1_339' title='bbox 310 5059 428 5115; x_wconf 82' lang='lat' dir='ltr'><strong>tem</strong></span> <span class='ocrx_word' id='word_1_340' title='bbox 455 5071 582 5115; x_wconf 92' lang='lat' dir='ltr'><strong>non</strong></span> <span class='ocrx_word' id='word_1_341' title='bbox 612 5052 874 5131; x_wconf 88' lang='lat' dir='ltr'><strong>possunt</strong></span> <span class='ocrx_word' id='word_1_342' title='bbox 899 5064 1035 5107; x_wconf 90' lang='lat' dir='ltr'><strong>esse</strong></span> <span class='ocrx_word' id='word_1_343' title='bbox 1065 5044 1179 5105; x_wconf 89' lang='lat' dir='ltr'><strong>nisi</strong></span> <span class='ocrx_word' id='word_1_344' title='bbox 1212 5045 1334 5106; x_wconf 88' lang='lat' dir='ltr'><strong>duo</strong></span> <span class='ocrx_word' id='word_1_345' title='bbox 1371 5065 1385 5106; x_wconf 74' lang='grc' dir='ltr'>ε</span> <span class='ocrx_word' id='word_1_346' title='bbox 1433 5050 1495 5107; x_wconf 92' lang='lat' dir='ltr'><strong>et</strong></span> <span class='ocrx_word' id='word_1_347' title='bbox 1536 5046 1683 5109; x_wconf 91' lang='lat' dir='ltr'><strong>licet</strong></span> <span class='ocrx_word' id='word_1_348' title='bbox 1723 5047 1828 5110; x_wconf 88' lang='lat' dir='ltr'><strong>alii</strong></span> 
     </span>
     <span class='ocr_line' id='line_1_56' title="bbox 313 5138 1829 5223; baseline -0.003 -17"><span class='ocrx_word' id='word_1_349' title='bbox 313 5146 711 5208; x_wconf 84' lang='lat' dir='ltr'><strong>ascendentes</strong></span> <span class='ocrx_word' id='word_1_350' title='bbox 738 5140 980 5223; x_wconf 87' lang='lat' dir='ltr'><strong>possint</strong></span> <span class='ocrx_word' id='word_1_351' title='bbox 1024 5156 1158 5199; x_wconf 90' lang='lat' dir='ltr'><strong>esse</strong></span> <span class='ocrx_word' id='word_1_352' title='bbox 1205 5138 1456 5217; x_wconf 88' lang='lat' dir='ltr'><strong>plures,</strong></span> <span class='ocrx_word' id='word_1_353' title='bbox 1509 5138 1570 5199; x_wconf 89' lang='lat' dir='ltr'><strong>id</strong></span> <span class='ocrx_word' id='word_1_354' title='bbox 1616 5145 1829 5201; x_wconf 88' lang='lat' dir='ltr'><strong>tamen</strong></span> 
     </span>
     <span class='ocr_line' id='line_1_57' title="bbox 311 5230 1830 5314; baseline -0.003 -15"><span class='ocrx_word' id='word_1_355' title='bbox 311 5258 427 5301; x_wconf 91' lang='lat' dir='ltr'><strong>non</strong></span> <span class='ocrx_word' id='word_1_356' title='bbox 454 5240 683 5314; x_wconf 75' lang='lat' dir='ltr'><strong>refert,</strong></span> <span class='ocrx_word' id='word_1_357' title='bbox 730 5252 873 5297; x_wconf 87' lang='lat' dir='ltr'><strong>cum</strong></span> <span class='ocrx_word' id='word_1_358' title='bbox 901 5250 1152 5310; x_wconf 89' lang='lat' dir='ltr'><strong>semper</strong></span> <span class='ocrx_word' id='word_1_359' title='bbox 1189 5230 1420 5292; x_wconf 89' lang='lat' dir='ltr'><strong>debeat</strong></span> <span class='ocrx_word' id='word_1_360' title='bbox 1463 5234 1703 5293; x_wconf 89' lang='lat' dir='ltr'><strong>attendi</strong></span> <span class='ocrx_word' id='word_1_361' title='bbox 1748 5233 1830 5295; x_wconf 91' lang='lat' dir='ltr'><strong>ad</strong></span> 
     </span>
     <span class='ocr_line' id='line_1_58' title="bbox 312 5322 1830 5413; baseline -0.004 -20"><span class='ocrx_word' id='word_1_362' title='bbox 312 5332 465 5396; x_wconf 84' lang='lat' dir='ltr'><strong>solos</strong></span> <span class='ocrx_word' id='word_1_363' title='bbox 494 5334 787 5413; x_wconf 86' lang='lat' dir='ltr'><strong>parentes</strong></span> <span class='ocrx_word' id='word_1_364' title='bbox 805 5374 822 5406; x_wconf 92' lang='lat'><strong>,</strong></span> <span class='ocrx_word' id='word_1_365' title='bbox 854 5326 916 5387; x_wconf 90' lang='lat' dir='ltr'><strong>in</strong></span> <span class='ocrx_word' id='word_1_366' title='bbox 949 5342 1216 5405; x_wconf 89' lang='lat' dir='ltr'><strong>quorum</strong></span> <span class='ocrx_word' id='word_1_367' title='bbox 1246 5322 1561 5385; x_wconf 79' lang='lat' dir='ltr'><strong>defectum</strong></span> <span class='ocrx_word' id='word_1_368' title='bbox 1590 5326 1693 5386; x_wconf 89' lang='lat' dir='ltr'><strong>alii</strong></span> <span class='ocrx_word' id='word_1_369' title='bbox 1722 5346 1830 5388; x_wconf 87' lang='lat' dir='ltr'><strong>su-</strong></span> 
     </span>
     <span class='ocr_line' id='line_1_59' title="bbox 311 5415 1828 5503; baseline -0.003 -17"><span class='ocrx_word' id='word_1_370' title='bbox 311 5427 575 5503; x_wconf 84' lang='lat' dir='ltr'><strong>periores</strong></span> <span class='ocrx_word' id='word_1_371' title='bbox 602 5420 968 5495; x_wconf 88' lang='lat' dir='ltr'><strong>succedunt,</strong></span> <span class='ocrx_word' id='word_1_372' title='bbox 1001 5435 1126 5478; x_wconf 92' lang='lat' dir='ltr'><strong>non</strong></span> <span class='ocrx_word' id='word_1_373' title='bbox 1155 5434 1269 5497; x_wconf 87' lang='lat' dir='ltr'><strong>per</strong></span> <span class='ocrx_word' id='word_1_374' title='bbox 1295 5415 1501 5496; x_wconf 89' lang='lat' dir='ltr'><strong>capita</strong></span> <span class='ocrx_word' id='word_1_375' title='bbox 1524 5464 1539 5495; x_wconf 93' lang='lat'><strong>,</strong></span> <span class='ocrx_word' id='word_1_376' title='bbox 1575 5418 1684 5480; x_wconf 90' lang='lat' dir='ltr'><strong>sed</strong></span> <span class='ocrx_word' id='word_1_377' title='bbox 1714 5438 1828 5500; x_wconf 89' lang='lat' dir='ltr'><strong>per</strong></span> 
     </span>
    </p>
   </div>
   <div class='ocr_carea' id='block_1_7' title="bbox 3329 262 3444 323">
    <p class='ocr_par' dir='ltr' id='par_1_9' title="bbox 3329 262 3444 323">
     <span class='ocr_line' id='line_1_60' title="bbox 3329 262 3444 323; baseline 0.017 -2"><span class='ocrx_word' id='word_1_378' title='bbox 3329 262 3444 323; x_wconf 74' lang='lat'><strong>109</strong></span> 
     </span>
    </p>
   </div>
   <div class='ocr_carea' id='block_1_8' title="bbox 1914 420 3456 3449">
    <p class='ocr_par' dir='ltr' id='par_1_10' title="bbox 1914 420 3443 668">
     <span class='ocr_line' id='line_1_61' title="bbox 1915 420 3443 515; baseline 0.012 -35"><span class='ocrx_word' id='word_1_379' title='bbox 1915 420 2189 500; x_wconf 88' lang='lat' dir='ltr'><strong>stipitem</strong></span> <span class='ocrx_word' id='word_1_380' title='bbox 2208 469 2223 499; x_wconf 93' lang='lat'><strong>,</strong></span> <span class='ocrx_word' id='word_1_381' title='bbox 2276 427 2345 486; x_wconf 90' lang='lat' dir='ltr'><strong>ut</strong></span> <span class='ocrx_word' id='word_1_382' title='bbox 2389 424 2626 488; x_wconf 88' lang='lat' dir='ltr'><strong>dictum</strong></span> <span class='ocrx_word' id='word_1_383' title='bbox 2657 433 2788 503; x_wconf 85' lang='lat' dir='ltr'><strong>est;</strong></span> <span class='ocrx_word' id='word_1_384' title='bbox 2848 450 3043 512; x_wconf 87' lang='lat' dir='ltr'><strong>quare</strong></span> <span class='ocrx_word' id='word_1_385' title='bbox 3098 454 3443 515; x_wconf 76' lang='lat' dir='ltr'><strong>numquam</strong></span> 
     </span>
     <span class='ocr_line' id='line_1_62' title="bbox 1915 516 3443 607; baseline 0.012 -34"><span class='ocrx_word' id='word_1_386' title='bbox 1915 519 2121 592; x_wconf 89' lang='lat' dir='ltr'><strong>potest</strong></span> <span class='ocrx_word' id='word_1_387' title='bbox 2150 516 2343 577; x_wconf 84' lang='lat' dir='ltr'><strong>dividi</strong></span> <span class='ocrx_word' id='word_1_388' title='bbox 2373 518 2652 598; x_wconf 91' lang='lat' dir='ltr'><strong>legitima</strong></span> <span class='ocrx_word' id='word_1_389' title='bbox 2677 569 2692 598; x_wconf 92' lang='lat'>‚</span> <span class='ocrx_word' id='word_1_390' title='bbox 2729 523 2845 583; x_wconf 90' lang='lat' dir='ltr'><strong>nisi</strong></span> <span class='ocrx_word' id='word_1_391' title='bbox 2876 524 2938 584; x_wconf 91' lang='lat' dir='ltr'><strong>in</strong></span> <span class='ocrx_word' id='word_1_392' title='bbox 2969 525 3092 589; x_wconf 92' lang='lat' dir='ltr'><strong>duo</strong></span> <span class='ocrx_word' id='word_1_393' title='bbox 3123 528 3331 607; x_wconf 88' lang='lat' dir='ltr'><strong>capita</strong></span> <span class='ocrx_word' id='word_1_394' title='bbox 3359 529 3443 591; x_wconf 84' lang='lat' dir='ltr'><strong>ad</strong></span> 
     </span>
     <span class='ocr_line' id='line_1_63' title="bbox 1914 624 2253 668; baseline 0.006 -2"><span class='ocrx_word' id='word_1_395' title='bbox 1914 624 2253 668; x_wconf 88' lang='lat' dir='ltr'><strong>summum.</strong></span> 
     </span>
    </p>

    <p class='ocr_par' dir='ltr' id='par_1_11' title="bbox 1914 700 3456 3449">
     <span class='ocr_line' id='line_1_64' title="bbox 1995 700 3447 788; baseline 0.011 -28"><span class='ocrx_word' id='word_1_396' title='bbox 1995 700 2205 762; x_wconf 89' lang='lat' dir='ltr'><strong>Tertia</strong></span> <span class='ocrx_word' id='word_1_397' title='bbox 2235 701 2584 766; x_wconf 81' lang='lat' dir='ltr'><strong>differentia</strong></span> <span class='ocrx_word' id='word_1_398' title='bbox 2632 710 2726 769; x_wconf 92' lang='lat' dir='ltr'><strong>est</strong></span> <span class='ocrx_word' id='word_1_399' title='bbox 2752 709 2959 788; x_wconf 90' lang='lat' dir='ltr'><strong>quoad</strong></span> <span class='ocrx_word' id='word_1_400' title='bbox 2988 728 3210 773; x_wconf 89' lang='lat' dir='ltr'><strong>causas</strong></span> <span class='ocrx_word' id='word_1_401' title='bbox 3238 714 3447 776; x_wconf 80' lang='lat' dir='ltr'><strong>exhoe·</strong></span> 
     </span>
     <span class='ocr_line' id='line_1_65' title="bbox 1914 791 3443 879; baseline 0.012 -29"><span class='ocrx_word' id='word_1_402' title='bbox 1914 791 2181 852; x_wconf 82' lang='lat' dir='ltr'><strong>redandi</strong></span> <span class='ocrx_word' id='word_1_403' title='bbox 2211 797 2655 875; x_wconf 87' lang='lat' dir='ltr'><strong>ascendentes,</strong></span> <span class='ocrx_word' id='word_1_404' title='bbox 2689 819 2829 879; x_wconf 83' lang='lat' dir='ltr'><strong>quae</strong></span> <span class='ocrx_word' id='word_1_405' title='bbox 2861 821 2986 863; x_wconf 92' lang='lat' dir='ltr'><strong>non</strong></span> <span class='ocrx_word' id='word_1_406' title='bbox 3016 810 3162 866; x_wconf 88' lang='lat' dir='ltr'><strong>sunt</strong></span> <span class='ocrx_word' id='word_1_407' title='bbox 3189 808 3443 868; x_wconf 88' lang='lat' dir='ltr'><strong>omnino</strong></span> 
     </span>
     <span class='ocr_line' id='line_1_66' title="bbox 1917 883 3446 971; baseline 0.013 -29"><span class='ocrx_word' id='word_1_408' title='bbox 1917 883 2157 944; x_wconf 83' lang='lat' dir='ltr'><strong>eaedem</strong></span> <span class='ocrx_word' id='word_1_409' title='bbox 2205 904 2348 947; x_wconf 93' lang='lat' dir='ltr'><strong>cum</strong></span> <span class='ocrx_word' id='word_1_410' title='bbox 2376 908 2567 968; x_wconf 90' lang='lat' dir='ltr'><strong>supra</strong></span> <span class='ocrx_word' id='word_1_411' title='bbox 2594 893 2812 971; x_wconf 90' lang='lat' dir='ltr'><strong>positis</strong></span> <span class='ocrx_word' id='word_1_412' title='bbox 2840 895 2918 955; x_wconf 91' lang='lat' dir='ltr'><strong>ad</strong></span> <span class='ocrx_word' id='word_1_413' title='bbox 2952 896 3446 962; x_wconf 78' lang='lat' dir='ltr'><strong>exhoeredandos</strong></span> 
     </span>
     <span class='ocr_line' id='line_1_67' title="bbox 1918 976 3449 1069; baseline 0.013 -34"><span class='ocrx_word' id='word_1_414' title='bbox 1918 976 2403 1057; x_wconf 79' lang='lat' dir='ltr'><strong>descendenteS,</strong></span> <span class='ocrx_word' id='word_1_415' title='bbox 2454 983 2564 1043; x_wconf 88' lang='lat' dir='ltr'><strong>sed</strong></span> <span class='ocrx_word' id='word_1_416' title='bbox 2603 985 2831 1063; x_wconf 87' lang='lat' dir='ltr'><strong>partim</strong></span> <span class='ocrx_word' id='word_1_417' title='bbox 2862 993 3008 1050; x_wconf 91' lang='lat' dir='ltr'><strong>sunt</strong></span> <span class='ocrx_word' id='word_1_418' title='bbox 3035 990 3329 1069; x_wconf 81' lang='lat' dir='ltr'><strong>diversae,</strong></span> <span class='ocrx_word' id='word_1_419' title='bbox 3384 995 3449 1054; x_wconf 90' lang='lat' dir='ltr'><strong>et</strong></span> 
     </span>
     <span class='ocr_line' id='line_1_68' title="bbox 1918 1072 3447 1164; baseline 0.013 -37"><span class='ocrx_word' id='word_1_420' title='bbox 1918 1077 2368 1133; x_wconf 85' lang='lat' dir='ltr'><strong>enumerantur</strong></span> <span class='ocrx_word' id='word_1_421' title='bbox 2393 1072 2457 1132; x_wconf 91' lang='lat' dir='ltr'><strong>in</strong></span> <span class='ocrx_word' id='word_1_422' title='bbox 2485 1076 2864 1140; x_wconf 87' lang='lat' dir='ltr'><strong>Authentico</strong></span> <span class='ocrx_word' id='word_1_423' title='bbox 2889 1127 2905 1156; x_wconf 94' lang='lat'><strong>,</strong></span> <span class='ocrx_word' id='word_1_424' title='bbox 2961 1086 3031 1142; x_wconf 92' lang='lat' dir='ltr'><strong>ut</strong></span> <span class='ocrx_word' id='word_1_425' title='bbox 3059 1101 3200 1143; x_wconf 91' lang='lat' dir='ltr'><strong>cum</strong></span> <span class='ocrx_word' id='word_1_426' title='bbox 3232 1085 3310 1145; x_wconf 91' lang='lat' dir='ltr'><strong>de</strong></span> <span class='ocrx_word' id='word_1_427' title='bbox 3339 1103 3447 1164; x_wconf 86' lang='lat' dir='ltr'><strong>ap-</strong></span> 
     </span>
     <span class='ocr_line' id='line_1_69' title="bbox 1919 1161 3447 1253; baseline 0.013 -33"><span class='ocrx_word' id='word_1_428' title='bbox 1919 1161 2252 1239; x_wconf 85' lang='lat' dir='ltr'><strong>pellatione</strong></span> <span class='ocrx_word' id='word_1_429' title='bbox 2282 1167 2698 1243; x_wconf 77' lang='lat' dir='ltr'><strong>cognoscituS‚</strong></span> <span class='ocrx_word' id='word_1_430' title='bbox 2717 1170 2773 1248; x_wconf 66' lang='grc' dir='ltr'><strong>ἓ.</strong></span> <span class='ocrx_word' id='word_1_431' title='bbox 2800 1171 2942 1233; x_wconf 82' lang='lat' dir='ltr'><strong>Sive</strong></span> <span class='ocrx_word' id='word_1_432' title='bbox 2968 1173 3169 1253; x_wconf 69' lang='lat' dir='ltr'><strong>iqitur,</strong></span> <span class='ocrx_word' id='word_1_433' title='bbox 3194 1195 3234 1237; x_wconf 90' lang='lat' dir='ltr'><strong>a</strong></span> <span class='ocrx_word' id='word_1_434' title='bbox 3258 1178 3447 1240; x_wconf 81' lang='lat' dir='ltr'><strong>versi-</strong></span> 
     </span>
     <span class='ocr_line' id='line_1_70' title="bbox 1919 1254 3444 1344; baseline 0.013 -31"><span class='ocrx_word' id='word_1_435' title='bbox 1919 1254 2058 1315; x_wconf 88' lang='lat' dir='ltr'><strong>culo</strong></span> <span class='ocrx_word' id='word_1_436' title='bbox 2083 1302 2099 1332; x_wconf 91' lang='lat'><strong>,</strong></span> <span class='ocrx_word' id='word_1_437' title='bbox 2137 1255 2372 1318; x_wconf 74' lang='lat' dir='ltr'><strong>lustum</strong></span> <span class='ocrx_word' id='word_1_438' title='bbox 2400 1269 2590 1320; x_wconf 81' lang='lat' dir='ltr'><strong>autem</strong></span> <span class='ocrx_word' id='word_1_439' title='bbox 2607 1265 3035 1344; x_wconf 71' lang='lat' dir='ltr'><strong>perspeximus.</strong></span> <span class='ocrx_word' id='word_1_440' title='bbox 3088 1270 3302 1331; x_wconf 87' lang='lat' dir='ltr'><strong>Causae</strong></span> <span class='ocrx_word' id='word_1_441' title='bbox 3330 1289 3444 1332; x_wconf 90' lang='lat' dir='ltr'><strong>au-</strong></span> 
     </span>
     <span class='ocr_line' id='line_1_71' title="bbox 1918 1349 3448 1430; baseline 0.013 -25"><span class='ocrx_word' id='word_1_442' title='bbox 1918 1349 2046 1406; x_wconf 92' lang='lat' dir='ltr'><strong>tem</strong></span> <span class='ocrx_word' id='word_1_443' title='bbox 2071 1354 2249 1426; x_wconf 91' lang='lat' dir='ltr'><strong>sunt,</strong></span> <span class='ocrx_word' id='word_1_444' title='bbox 2283 1351 2336 1410; x_wconf 75' lang='lat' dir='ltr'><strong>si</strong></span> <span class='ocrx_word' id='word_1_445' title='bbox 2364 1358 2653 1430; x_wconf 87' lang='lat' dir='ltr'><strong>parentes</strong></span> <span class='ocrx_word' id='word_1_446' title='bbox 2681 1355 2912 1418; x_wconf 89' lang='lat' dir='ltr'><strong>liberos</strong></span> <span class='ocrx_word' id='word_1_447' title='bbox 2949 1377 3095 1421; x_wconf 92' lang='lat' dir='ltr'><strong>suos</strong></span> <span class='ocrx_word' id='word_1_448' title='bbox 3120 1362 3202 1421; x_wconf 90' lang='lat' dir='ltr'><strong>ad</strong></span> <span class='ocrx_word' id='word_1_449' title='bbox 3231 1363 3448 1424; x_wconf 90' lang='lat' dir='ltr'><strong>interi-</strong></span> 
     </span>
     <span class='ocr_line' id='line_1_72' title="bbox 1917 1440 3446 1530; baseline 0.012 -32"><span class='ocrx_word' id='word_1_450' title='bbox 1917 1442 2046 1499; x_wconf 88' lang='lat' dir='ltr'><strong>tum</strong></span> <span class='ocrx_word' id='word_1_451' title='bbox 2081 1440 2225 1501; x_wconf 86' lang='lat' dir='ltr'><strong>vitae</strong></span> <span class='ocrx_word' id='word_1_452' title='bbox 2250 1443 2643 1523; x_wconf 83' lang='lat' dir='ltr'><strong>tradiderint,</strong></span> <span class='ocrx_word' id='word_1_453' title='bbox 2677 1465 2785 1510; x_wconf 91' lang='lat' dir='ltr'><strong>eos</strong></span> <span class='ocrx_word' id='word_1_454' title='bbox 2813 1453 3189 1530; x_wconf 89' lang='lat' dir='ltr'><strong>accusando,</strong></span> <span class='ocrx_word' id='word_1_455' title='bbox 3222 1456 3320 1516; x_wconf 83' lang='lat' dir='ltr'><strong>vel</strong></span> <span class='ocrx_word' id='word_1_456' title='bbox 3342 1456 3446 1517; x_wconf 87' lang='lat' dir='ltr'><strong>de-</strong></span> 
     </span>
     <span class='ocr_line' id='line_1_73' title="bbox 1918 1530 3448 1628; baseline 0.014 -38"><span class='ocrx_word' id='word_1_457' title='bbox 1918 1530 2263 1594; x_wconf 88' lang='lat' dir='ltr'><strong>nuntiando</strong></span> <span class='ocrx_word' id='word_1_458' title='bbox 2295 1535 2370 1595; x_wconf 87' lang='lat' dir='ltr'><strong>de</strong></span> <span class='ocrx_word' id='word_1_459' title='bbox 2401 1538 2658 1599; x_wconf 90' lang='lat' dir='ltr'><strong>crimine</strong></span> <span class='ocrx_word' id='word_1_460' title='bbox 2680 1586 2696 1616; x_wconf 95' lang='lat'><strong>,</strong></span> <span class='ocrx_word' id='word_1_461' title='bbox 2728 1548 2986 1621; x_wconf 87' lang='lat' dir='ltr'><strong>propter</strong></span> <span class='ocrx_word' id='word_1_462' title='bbox 3012 1547 3180 1625; x_wconf 89' lang='lat' dir='ltr'><strong>quod</strong></span> <span class='ocrx_word' id='word_1_463' title='bbox 3209 1566 3448 1628; x_wconf 66' lang='lat' dir='ltr'><strong>eapoe-</strong></span> 
     </span>
     <span class='ocr_line' id='line_1_74' title="bbox 1920 1625 3448 1708; baseline 0.014 -26"><span class='ocrx_word' id='word_1_464' title='bbox 1920 1642 1998 1683; x_wconf 88' lang='lat' dir='ltr'><strong>na</strong></span> <span class='ocrx_word' id='word_1_465' title='bbox 2029 1625 2329 1702; x_wconf 88' lang='lat' dir='ltr'><strong>puniendi</strong></span> <span class='ocrx_word' id='word_1_466' title='bbox 2366 1636 2609 1708; x_wconf 90' lang='lat' dir='ltr'><strong>essent,</strong></span> <span class='ocrx_word' id='word_1_467' title='bbox 2657 1633 2774 1693; x_wconf 89' lang='lat' dir='ltr'><strong>nisi</strong></span> <span class='ocrx_word' id='word_1_468' title='bbox 2814 1637 3051 1698; x_wconf 91' lang='lat' dir='ltr'><strong>crimen</strong></span> <span class='ocrx_word' id='word_1_469' title='bbox 3093 1646 3257 1703; x_wconf 87' lang='lat' dir='ltr'><strong>esset</strong></span> <span class='ocrx_word' id='word_1_470' title='bbox 3282 1642 3448 1703; x_wconf 76' lang='lat' dir='ltr'><strong>laesae</strong></span> 
     </span>
     <span class='ocr_line' id='line_1_75' title="bbox 1918 1715 3447 1798; baseline 0.014 -23"><span class='ocrx_word' id='word_1_471' title='bbox 1918 1715 2263 1796; x_wconf 87' lang='lat' dir='ltr'><strong>majestatis</strong></span> <span class='ocrx_word' id='word_1_472' title='bbox 2285 1719 2533 1798; x_wconf 66' lang='lat' dir='ltr'><strong>divinae,</strong></span> <span class='ocrx_word' id='word_1_473' title='bbox 2575 1724 2671 1784; x_wconf 79' lang='lat' dir='ltr'><strong>vel</strong></span> <span class='ocrx_word' id='word_1_474' title='bbox 2693 1724 3005 1791; x_wconf 84' lang='lat' dir='ltr'><strong>humanae.</strong></span> <span class='ocrx_word' id='word_1_475' title='bbox 3039 1731 3195 1793; x_wconf 88' lang='lat' dir='ltr'><strong>ltem</strong></span> <span class='ocrx_word' id='word_1_476' title='bbox 3222 1734 3272 1794; x_wconf 89' lang='lat' dir='ltr'><strong>si</strong></span> <span class='ocrx_word' id='word_1_477' title='bbox 3303 1734 3447 1797; x_wconf 75' lang='lat' dir='ltr'><strong>vitae</strong></span> 
     </span>
     <span class='ocr_line' id='line_1_76' title="bbox 1919 1807 3446 1896; baseline 0.014 -28"><span class='ocrx_word' id='word_1_478' title='bbox 1919 1807 2189 1869; x_wconf 82' lang='lat' dir='ltr'><strong>filiorum</strong></span> <span class='ocrx_word' id='word_1_479' title='bbox 2215 1829 2456 1874; x_wconf 91' lang='lat' dir='ltr'><strong>veneno</strong></span> <span class='ocrx_word' id='word_1_480' title='bbox 2483 1861 2498 1891; x_wconf 94' lang='lat'><strong>,</strong></span> <span class='ocrx_word' id='word_1_481' title='bbox 2552 1816 2907 1896; x_wconf 89' lang='lat' dir='ltr'><strong>maleficiis,</strong></span> <span class='ocrx_word' id='word_1_482' title='bbox 2959 1821 3054 1883; x_wconf 88' lang='lat' dir='ltr'><strong>vel</strong></span> <span class='ocrx_word' id='word_1_483' title='bbox 3106 1824 3226 1887; x_wconf 86' lang='lat' dir='ltr'><strong>alio</strong></span> <span class='ocrx_word' id='word_1_484' title='bbox 3258 1828 3446 1889; x_wconf 92' lang='lat' dir='ltr'><strong>modo</strong></span> 
     </span>
     <span class='ocr_line' id='line_1_77' title="bbox 1920 1901 3448 1996; baseline 0.015 -36"><span class='ocrx_word' id='word_1_485' title='bbox 1920 1901 2195 1964; x_wconf 87' lang='lat' dir='ltr'><strong>insidiati</strong></span> <span class='ocrx_word' id='word_1_486' title='bbox 2225 1905 2606 1982; x_wconf 80' lang='lat' dir='ltr'><strong>probentur3</strong></span> <span class='ocrx_word' id='word_1_487' title='bbox 2640 1910 2689 1969; x_wconf 89' lang='lat' dir='ltr'><strong>si</strong></span> <span class='ocrx_word' id='word_1_488' title='bbox 2720 1916 2900 1989; x_wconf 89' lang='lat' dir='ltr'><strong>pater</strong></span> <span class='ocrx_word' id='word_1_489' title='bbox 2928 1933 3070 1975; x_wconf 92' lang='lat' dir='ltr'><strong>cum</strong></span> <span class='ocrx_word' id='word_1_490' title='bbox 3099 1937 3315 1996; x_wconf 85' lang='lat' dir='ltr'><strong>uxore,</strong></span> <span class='ocrx_word' id='word_1_491' title='bbox 3348 1920 3448 1982; x_wconf 86' lang='lat' dir='ltr'><strong>vel</strong></span> 
     </span>
     <span class='ocr_line' id='line_1_78' title="bbox 1919 1995 3448 2073; baseline 0.015 -21"><span class='ocrx_word' id='word_1_492' title='bbox 1919 1995 2271 2056; x_wconf 86' lang='lat' dir='ltr'><strong>concubina</strong></span> <span class='ocrx_word' id='word_1_493' title='bbox 2310 1998 2422 2057; x_wconf 84' lang='lat' dir='ltr'><strong>filii</strong></span> <span class='ocrx_word' id='word_1_494' title='bbox 2462 2000 2634 2061; x_wconf 88' lang='lat' dir='ltr'><strong>domi</strong></span> <span class='ocrx_word' id='word_1_495' title='bbox 2662 2021 2699 2062; x_wconf 93' lang='lat' dir='ltr'><strong>a</strong></span> <span class='ocrx_word' id='word_1_496' title='bbox 2726 2004 2853 2065; x_wconf 82' lang='lat' dir='ltr'><strong>filio</strong></span> <span class='ocrx_word' id='word_1_497' title='bbox 2883 2012 3126 2070; x_wconf 88' lang='lat' dir='ltr'><strong>retenta</strong></span> <span class='ocrx_word' id='word_1_498' title='bbox 3154 2030 3220 2072; x_wconf 90' lang='lat' dir='ltr'><strong>se</strong></span> <span class='ocrx_word' id='word_1_499' title='bbox 3249 2012 3448 2073; x_wconf 90' lang='lat' dir='ltr'><strong>immi-</strong></span> 
     </span>
     <span class='ocr_line' id='line_1_79' title="bbox 1921 2088 3446 2181; baseline 0.015 -36"><span class='ocrx_word' id='word_1_500' title='bbox 1921 2088 2191 2161; x_wconf 88' lang='lat' dir='ltr'><strong>scuerit;</strong></span> <span class='ocrx_word' id='word_1_501' title='bbox 2226 2089 2392 2167; x_wconf 89' lang='lat' dir='ltr'><strong>quod</strong></span> <span class='ocrx_word' id='word_1_502' title='bbox 2416 2091 2719 2172; x_wconf 89' lang='lat' dir='ltr'><strong>intelligo,</strong></span> <span class='ocrx_word' id='word_1_503' title='bbox 2756 2097 2871 2157; x_wconf 90' lang='lat' dir='ltr'><strong>nisi</strong></span> <span class='ocrx_word' id='word_1_504' title='bbox 2902 2118 2977 2159; x_wconf 87' lang='lat' dir='ltr'><strong>ex</strong></span> <span class='ocrx_word' id='word_1_505' title='bbox 3001 2100 3356 2181; x_wconf 85' lang='lat' dir='ltr'><strong>ignorantia</strong></span> <span class='ocrx_word' id='word_1_506' title='bbox 3383 2104 3446 2166; x_wconf 87' lang='lat' dir='ltr'><strong>id</strong></span> 
     </span>
     <span class='ocr_line' id='line_1_80' title="bbox 1920 2177 3447 2268; baseline 0.015 -31"><span class='ocrx_word' id='word_1_507' title='bbox 1920 2177 2139 2241; x_wconf 89' lang='lat' dir='ltr'><strong>fecerit</strong></span> <span class='ocrx_word' id='word_1_508' title='bbox 2157 2227 2172 2256; x_wconf 97' lang='lat'><strong>,</strong></span> <span class='ocrx_word' id='word_1_509' title='bbox 2207 2182 2490 2243; x_wconf 86' lang='lat' dir='ltr'><strong>nesciens</strong></span> <span class='ocrx_word' id='word_1_510' title='bbox 2519 2203 2654 2247; x_wconf 89' lang='lat' dir='ltr'><strong>esse</strong></span> <span class='ocrx_word' id='word_1_511' title='bbox 2683 2207 2941 2251; x_wconf 84' lang='lat' dir='ltr'><strong>uxorem</strong></span> <span class='ocrx_word' id='word_1_512' title='bbox 2967 2239 2982 2268; x_wconf 92' lang='lat'><strong>,</strong></span> <span class='ocrx_word' id='word_1_513' title='bbox 3031 2195 3129 2255; x_wconf 84' lang='lat' dir='ltr'><strong>vel</strong></span> <span class='ocrx_word' id='word_1_514' title='bbox 3156 2198 3447 2259; x_wconf 89' lang='lat' dir='ltr'><strong>concubi-</strong></span> 
     </span>
     <span class='ocr_line' id='line_1_81' title="bbox 1923 2271 3448 2360; baseline 0.015 -31"><span class='ocrx_word' id='word_1_515' title='bbox 1923 2289 2068 2330; x_wconf 91' lang='lat' dir='ltr'><strong>nam</strong></span> <span class='ocrx_word' id='word_1_516' title='bbox 2096 2271 2228 2333; x_wconf 84' lang='lat' dir='ltr'><strong>filii.</strong></span> <span class='ocrx_word' id='word_1_517' title='bbox 2264 2275 2418 2336; x_wconf 84' lang='lat' dir='ltr'><strong>Item</strong></span> <span class='ocrx_word' id='word_1_518' title='bbox 2446 2277 2498 2336; x_wconf 87' lang='lat' dir='ltr'><strong>si</strong></span> <span class='ocrx_word' id='word_1_519' title='bbox 2526 2290 2816 2356; x_wconf 86' lang='lat' dir='ltr'><strong>parentes</strong></span> <span class='ocrx_word' id='word_1_520' title='bbox 2838 2284 3271 2360; x_wconf 86' lang='lat' dir='ltr'><strong>prohibuerint</strong></span> <span class='ocrx_word' id='word_1_521' title='bbox 3288 2290 3448 2352; x_wconf 77' lang='lat' dir='ltr'><strong>filios</strong></span> 
     </span>
     <span class='ocr_line' id='line_1_82' title="bbox 1921 2364 3443 2461; baseline 0.014 -37"><span class='ocrx_word' id='word_1_522' title='bbox 1921 2364 2140 2425; x_wconf 87' lang='lat' dir='ltr'><strong>testari</strong></span> <span class='ocrx_word' id='word_1_523' title='bbox 2186 2364 2352 2426; x_wconf 87' lang='lat' dir='ltr'><strong>circa</strong></span> <span class='ocrx_word' id='word_1_524' title='bbox 2395 2387 2470 2428; x_wconf 91' lang='lat' dir='ltr'><strong>ea</strong></span> <span class='ocrx_word' id='word_1_525' title='bbox 2518 2369 2595 2430; x_wconf 90' lang='lat' dir='ltr'><strong>de</strong></span> <span class='ocrx_word' id='word_1_526' title='bbox 2637 2374 2864 2451; x_wconf 82' lang='lat' dir='ltr'><strong>quibus</strong></span> <span class='ocrx_word' id='word_1_527' title='bbox 2888 2380 3102 2440; x_wconf 79' lang='lat' dir='ltr'><strong>testari</strong></span> <span class='ocrx_word' id='word_1_528' title='bbox 3132 2387 3443 2461; x_wconf 86' lang='lat' dir='ltr'><strong>poterant.</strong></span> 
     </span>
     <span class='ocr_line' id='line_1_83' title="bbox 1922 2457 3450 2538; baseline 0.014 -21"><span class='ocrx_word' id='word_1_529' title='bbox 1922 2457 2077 2517; x_wconf 89' lang='lat' dir='ltr'><strong>Item</strong></span> <span class='ocrx_word' id='word_1_530' title='bbox 2106 2457 2158 2517; x_wconf 90' lang='lat' dir='ltr'><strong>si</strong></span> <span class='ocrx_word' id='word_1_531' title='bbox 2189 2458 2285 2518; x_wconf 86' lang='lat' dir='ltr'><strong>vir</strong></span> <span class='ocrx_word' id='word_1_532' title='bbox 2313 2461 2513 2538; x_wconf 87' lang='lat' dir='ltr'><strong>uxori,</strong></span> <span class='ocrx_word' id='word_1_533' title='bbox 2546 2464 2644 2523; x_wconf 88' lang='lat' dir='ltr'><strong>vel</strong></span> <span class='ocrx_word' id='word_1_534' title='bbox 2674 2485 2830 2527; x_wconf 88' lang='lat' dir='ltr'><strong>uxor</strong></span> <span class='ocrx_word' id='word_1_535' title='bbox 2849 2469 2981 2531; x_wconf 85' lang='lat' dir='ltr'><strong>viro</strong></span> <span class='ocrx_word' id='word_1_536' title='bbox 3014 2490 3323 2535; x_wconf 89' lang='lat' dir='ltr'><strong>venenum</strong></span> <span class='ocrx_word' id='word_1_537' title='bbox 3345 2476 3450 2536; x_wconf 87' lang='lat' dir='ltr'><strong>de-</strong></span> 
     </span>
     <span class='ocr_line' id='line_1_84' title="bbox 1924 2548 3449 2632; baseline 0.016 -26"><span class='ocrx_word' id='word_1_538' title='bbox 1924 2548 2016 2609; x_wconf 88' lang='lat' dir='ltr'><strong>dit</strong></span> <span class='ocrx_word' id='word_1_539' title='bbox 2042 2548 2121 2608; x_wconf 88' lang='lat' dir='ltr'><strong>ad</strong></span> <span class='ocrx_word' id='word_1_540' title='bbox 2154 2552 2594 2632; x_wconf 88' lang='lat' dir='ltr'><strong>occidendum,</strong></span> <span class='ocrx_word' id='word_1_541' title='bbox 2651 2558 2747 2618; x_wconf 85' lang='lat' dir='ltr'><strong>vel</strong></span> <span class='ocrx_word' id='word_1_542' title='bbox 2792 2579 2828 2619; x_wconf 90' lang='lat' dir='ltr'><strong>a</strong></span> <span class='ocrx_word' id='word_1_543' title='bbox 2854 2568 3063 2625; x_wconf 91' lang='lat' dir='ltr'><strong>mente</strong></span> <span class='ocrx_word' id='word_1_544' title='bbox 3093 2566 3449 2631; x_wconf 89' lang='lat' dir='ltr'><strong>abalienan-</strong></span> 
     </span>
     <span class='ocr_line' id='line_1_85' title="bbox 1925 2640 3454 2723; baseline 0.016 -23"><span class='ocrx_word' id='word_1_545' title='bbox 1925 2640 2110 2718; x_wconf 86' lang='lat' dir='ltr'><strong>dum,</strong></span> <span class='ocrx_word' id='word_1_546' title='bbox 2152 2643 2251 2703; x_wconf 86' lang='lat' dir='ltr'><strong>vel</strong></span> <span class='ocrx_word' id='word_1_547' title='bbox 2278 2644 2399 2704; x_wconf 90' lang='lat' dir='ltr'><strong>alio</strong></span> <span class='ocrx_word' id='word_1_548' title='bbox 2429 2647 2617 2708; x_wconf 90' lang='lat' dir='ltr'><strong>modo</strong></span> <span class='ocrx_word' id='word_1_549' title='bbox 2647 2649 2803 2712; x_wconf 89' lang='lat' dir='ltr'><strong>alter</strong></span> <span class='ocrx_word' id='word_1_550' title='bbox 2832 2670 3049 2715; x_wconf 91' lang='lat' dir='ltr'><strong>eorum</strong></span> <span class='ocrx_word' id='word_1_551' title='bbox 3076 2659 3334 2721; x_wconf 89' lang='lat' dir='ltr'><strong>alterius</strong></span> <span class='ocrx_word' id='word_1_552' title='bbox 3360 2663 3454 2723; x_wconf 81' lang='lat' dir='ltr'><strong>vi-</strong></span> 
     </span>
     <span class='ocr_line' id='line_1_86' title="bbox 1925 2733 3454 2831; baseline 0.015 -37"><span class='ocrx_word' id='word_1_553' title='bbox 1925 2737 2005 2794; x_wconf 80' lang='lat' dir='ltr'><strong>tae</strong></span> <span class='ocrx_word' id='word_1_554' title='bbox 2036 2733 2364 2797; x_wconf 85' lang='lat' dir='ltr'><strong>insidiatus</strong></span> <span class='ocrx_word' id='word_1_555' title='bbox 2402 2738 2592 2801; x_wconf 84' lang='lat' dir='ltr'><strong>fuerit</strong></span> <span class='ocrx_word' id='word_1_556' title='bbox 2627 2760 2640 2801; x_wconf 91' lang='lat'><strong>:</strong></span> <span class='ocrx_word' id='word_1_557' title='bbox 2692 2744 2799 2821; x_wconf 90' lang='lat' dir='ltr'><strong>qui</strong></span> <span class='ocrx_word' id='word_1_558' title='bbox 2844 2745 2909 2805; x_wconf 89' lang='lat' dir='ltr'><strong>id</strong></span> <span class='ocrx_word' id='word_1_559' title='bbox 2938 2748 3124 2826; x_wconf 86' lang='lat' dir='ltr'><strong>fecit,</strong></span> <span class='ocrx_word' id='word_1_560' title='bbox 3183 2758 3388 2831; x_wconf 88' lang='lat' dir='ltr'><strong>potest</strong></span> <span class='ocrx_word' id='word_1_561' title='bbox 3413 2773 3454 2816; x_wconf 83' lang='lat' dir='ltr'><strong>a</strong></span> 
     </span>
     <span class='ocr_line' id='line_1_87' title="bbox 1926 2826 3453 2916; baseline 0.015 -31"><span class='ocrx_word' id='word_1_562' title='bbox 1926 2826 2138 2887; x_wconf 90' lang='lat' dir='ltr'><strong>liberis</strong></span> <span class='ocrx_word' id='word_1_563' title='bbox 2167 2827 2573 2891; x_wconf 74' lang='lat' dir='ltr'><strong>exhaeredari.</strong></span> <span class='ocrx_word' id='word_1_564' title='bbox 2628 2834 2783 2895; x_wconf 89' lang='lat' dir='ltr'><strong>Item</strong></span> <span class='ocrx_word' id='word_1_565' title='bbox 2827 2836 2879 2897; x_wconf 87' lang='lat' dir='ltr'><strong>si</strong></span> <span class='ocrx_word' id='word_1_566' title='bbox 2917 2846 3207 2916; x_wconf 89' lang='lat' dir='ltr'><strong>parentes</strong></span> <span class='ocrx_word' id='word_1_567' title='bbox 3235 2862 3453 2908; x_wconf 91' lang='lat' dir='ltr'><strong>curam</strong></span> 
     </span>
     <span class='ocr_line' id='line_1_88' title="bbox 1926 2918 3454 3007; baseline 0.016 -30"><span class='ocrx_word' id='word_1_568' title='bbox 1926 2935 2052 2978; x_wconf 91' lang='lat' dir='ltr'><strong>non</strong></span> <span class='ocrx_word' id='word_1_569' title='bbox 2099 2918 2458 2983; x_wconf 87' lang='lat' dir='ltr'><strong>habuerunt</strong></span> <span class='ocrx_word' id='word_1_570' title='bbox 2484 2923 2594 2983; x_wconf 84' lang='lat' dir='ltr'><strong>filii</strong></span> <span class='ocrx_word' id='word_1_571' title='bbox 2619 2971 2637 3000; x_wconf 94' lang='lat'><strong>,</strong></span> <span class='ocrx_word' id='word_1_572' title='bbox 2692 2927 2796 3005; x_wconf 88' lang='lat' dir='ltr'><strong>qui</strong></span> <span class='ocrx_word' id='word_1_573' title='bbox 2837 2930 3145 3007; x_wconf 88' lang='lat' dir='ltr'><strong>judicium</strong></span> <span class='ocrx_word' id='word_1_574' title='bbox 3193 2938 3454 3000; x_wconf 87' lang='lat' dir='ltr'><strong>rationis</strong></span> 
     </span>
     <span class='ocr_line' id='line_1_89' title="bbox 1928 3010 3454 3104; baseline 0.016 -34"><span class='ocrx_word' id='word_1_575' title='bbox 1928 3010 2157 3087; x_wconf 89' lang='lat' dir='ltr'><strong>amisit,</strong></span> <span class='ocrx_word' id='word_1_576' title='bbox 2191 3016 2397 3090; x_wconf 86' lang='lat' dir='ltr'><strong>potest</strong></span> <span class='ocrx_word' id='word_1_577' title='bbox 2421 3014 2585 3077; x_wconf 88' lang='lat' dir='ltr'><strong>filius</strong></span> <span class='ocrx_word' id='word_1_578' title='bbox 2614 3018 2706 3078; x_wconf 88' lang='lat' dir='ltr'><strong>sui</strong></span> <span class='ocrx_word' id='word_1_579' title='bbox 2738 3037 2996 3100; x_wconf 89' lang='lat' dir='ltr'><strong>compos</strong></span> <span class='ocrx_word' id='word_1_580' title='bbox 3017 3032 3234 3104; x_wconf 87' lang='lat' dir='ltr'><strong>postea</strong></span> <span class='ocrx_word' id='word_1_581' title='bbox 3251 3031 3454 3094; x_wconf 82' lang='lat' dir='ltr'><strong>factus</strong></span> 
     </span>
     <span class='ocr_line' id='line_1_90' title="bbox 1926 3104 3456 3198; baseline 0.014 -34"><span class='ocrx_word' id='word_1_582' title='bbox 1926 3122 2034 3165; x_wconf 89' lang='lat' dir='ltr'><strong>eos</strong></span> <span class='ocrx_word' id='word_1_583' title='bbox 2063 3104 2488 3169; x_wconf 88' lang='lat' dir='ltr'><strong>exhaeredare.</strong></span> <span class='ocrx_word' id='word_1_584' title='bbox 2524 3108 2587 3170; x_wconf 89' lang='lat' dir='ltr'><strong>Si</strong></span> <span class='ocrx_word' id='word_1_585' title='bbox 2620 3112 3011 3191; x_wconf 86' lang='lat' dir='ltr'><strong>neglexerint</strong></span> <span class='ocrx_word' id='word_1_586' title='bbox 3030 3126 3323 3198; x_wconf 87' lang='lat' dir='ltr'><strong>parentes</strong></span> <span class='ocrx_word' id='word_1_587' title='bbox 3352 3127 3456 3186; x_wconf 86' lang='lat' dir='ltr'><strong>cu-</strong></span> 
     </span>
     <span class='ocr_line' id='line_1_91' title="bbox 1925 3198 3448 3293; baseline 0.016 -37"><span class='ocrx_word' id='word_1_588' title='bbox 1925 3215 2063 3257; x_wconf 91' lang='lat' dir='ltr'><strong>ram</strong></span> <span class='ocrx_word' id='word_1_589' title='bbox 2091 3198 2440 3260; x_wconf 90' lang='lat' dir='ltr'><strong>redimendi</strong></span> <span class='ocrx_word' id='word_1_590' title='bbox 2486 3201 2650 3264; x_wconf 89' lang='lat' dir='ltr'><strong>filios</strong></span> <span class='ocrx_word' id='word_1_591' title='bbox 2695 3206 3054 3285; x_wconf 85' lang='lat' dir='ltr'><strong>captivitate</strong></span> <span class='ocrx_word' id='word_1_592' title='bbox 3096 3231 3448 3293; x_wconf 68' lang='lat' dir='ltr'><strong>oppressos.</strong></span> 
     </span>
     <span class='ocr_line' id='line_1_92' title="bbox 1927 3291 3453 3387; baseline 0.015 -37"><span class='ocrx_word' id='word_1_593' title='bbox 1927 3291 2209 3370; x_wconf 89' lang='lat' dir='ltr'><strong>Denique</strong></span> <span class='ocrx_word' id='word_1_594' title='bbox 2252 3292 2301 3352; x_wconf 91' lang='lat' dir='ltr'><strong>si</strong></span> <span class='ocrx_word' id='word_1_595' title='bbox 2336 3293 2464 3354; x_wconf 86' lang='lat' dir='ltr'><strong>filio</strong></span> <span class='ocrx_word' id='word_1_596' title='bbox 2494 3296 2801 3360; x_wconf 87' lang='lat' dir='ltr'><strong>catholico</strong></span> <span class='ocrx_word' id='word_1_597' title='bbox 2833 3302 3132 3368; x_wconf 84' lang='lat' dir='ltr'><strong>existente</strong></span> <span class='ocrx_word' id='word_1_598' title='bbox 3162 3315 3453 3387; x_wconf 85' lang='lat' dir='ltr'><strong>parentes</strong></span> 
     </span>
     <span class='ocr_line' id='line_1_93' title="bbox 1925 3382 3362 3449; baseline 0.013 -7"><span class='ocrx_word' id='word_1_599' title='bbox 1925 3401 1965 3443; x_wconf 90' lang='lat' dir='ltr'><strong>a</strong></span> <span class='ocrx_word' id='word_1_600' title='bbox 1991 3382 2113 3443; x_wconf 83' lang='lat' dir='ltr'><strong>fide</strong></span> <span class='ocrx_word' id='word_1_601' title='bbox 2146 3383 2585 3449; x_wconf 88' lang='lat' dir='ltr'><strong>discesserunt.</strong></span> <span class='ocrx_word' id='word_1_602' title='bbox 3343 3397 3362 3421; x_wconf 77' lang='lat'><strong>‘</strong></span> 
     </span>
    </p>
   </div>
   <div class='ocr_carea' id='block_1_9' title="bbox 1926 3474 3451 3662">
    <p class='ocr_par' dir='ltr' id='par_1_12' title="bbox 1926 3474 3451 3662">
     <span class='ocr_line' id='line_1_94' title="bbox 2004 3474 3447 3575; baseline 0.017 -40"><span class='ocrx_word' id='word_1_603' title='bbox 2004 3475 2113 3536; x_wconf 86' lang='lat' dir='ltr'><strong>His</strong></span> <span class='ocrx_word' id='word_1_604' title='bbox 2143 3474 2354 3555; x_wconf 91' lang='lat' dir='ltr'><strong>itaque</strong></span> <span class='ocrx_word' id='word_1_605' title='bbox 2397 3480 2732 3556; x_wconf 67' lang='lat' dir='ltr'><strong>praemissis</strong></span> <span class='ocrx_word' id='word_1_606' title='bbox 2773 3485 2941 3548; x_wconf 90' lang='lat' dir='ltr'><strong>circa</strong></span> <span class='ocrx_word' id='word_1_607' title='bbox 2971 3489 3447 3575; x_wconf 87' lang='lat' dir='ltr'><strong>descendentes,</strong></span> 
     </span>
     <span class='ocr_line' id='line_1_95' title="bbox 1926 3567 3451 3662; baseline 0.015 -34"><span class='ocrx_word' id='word_1_608' title='bbox 1926 3571 1989 3629; x_wconf 91' lang='lat' dir='ltr'><strong>et</strong></span> <span class='ocrx_word' id='word_1_609' title='bbox 2037 3567 2470 3647; x_wconf 83' lang='lat' dir='ltr'><strong>ascendenteS,</strong></span> <span class='ocrx_word' id='word_1_610' title='bbox 2524 3573 2867 3638; x_wconf 86' lang='lat' dir='ltr'><strong>videndum</strong></span> <span class='ocrx_word' id='word_1_611' title='bbox 2897 3599 3063 3642; x_wconf 91' lang='lat' dir='ltr'><strong>nunc</strong></span> <span class='ocrx_word' id='word_1_612' title='bbox 3104 3589 3218 3662; x_wconf 88' lang='lat' dir='ltr'><strong>est,</strong></span> <span class='ocrx_word' id='word_1_613' title='bbox 3265 3606 3348 3648; x_wconf 87' lang='lat' dir='ltr'><strong>an</strong></span> <span class='ocrx_word' id='word_1_614' title='bbox 3376 3590 3451 3651; x_wconf 90' lang='lat' dir='ltr'><strong>iis</strong></span> 
     </span>
    </p>
   </div>
   <div class='ocr_carea' id='block_1_10' title="bbox 1925 3659 3454 3743">
    <p class='ocr_par' dir='ltr' id='par_1_13' title="bbox 1925 3659 3454 3743">
     <span class='ocr_line' id='line_1_96' title="bbox 1925 3659 3454 3743; baseline 0.014 -22"><span class='ocrx_word' id='word_1_615' title='bbox 1925 3659 2379 3739; x_wconf 76' lang='lat' dir='ltr'><strong>deficientibus,</strong></span> <span class='ocrx_word' id='word_1_616' title='bbox 2411 3664 2800 3729; x_wconf 87' lang='lat' dir='ltr'><strong>collaterales</strong></span> <span class='ocrx_word' id='word_1_617' title='bbox 2847 3673 3036 3734; x_wconf 90' lang='lat' dir='ltr'><strong>etiam</strong></span> <span class='ocrx_word' id='word_1_618' title='bbox 3080 3679 3303 3740; x_wconf 89' lang='lat' dir='ltr'><strong>saltem</strong></span> <span class='ocrx_word' id='word_1_619' title='bbox 3333 3682 3454 3743; x_wconf 82' lang='lat' dir='ltr'><strong>fra·</strong></span> 
     </span>
    </p>
   </div>
   <div class='ocr_carea' id='block_1_11' title="bbox 1924 3755 3602 3849">
    <p class='ocr_par' dir='ltr' id='par_1_14' title="bbox 1924 3755 3602 3849">
     <span class='ocr_line' id='line_1_97' title="bbox 1924 3755 3602 3849; baseline 0.014 -34"><span class='ocrx_word' id='word_1_620' title='bbox 1924 3757 2052 3815; x_wconf 89' lang='lat' dir='ltr'><strong>tres</strong></span> <span class='ocrx_word' id='word_1_621' title='bbox 2093 3756 2427 3815; x_wconf 89' lang='lat' dir='ltr'><strong>necessarii</strong></span> <span class='ocrx_word' id='word_1_622' title='bbox 2465 3757 2610 3835; x_wconf 90' lang='lat' dir='ltr'><strong>sint,</strong></span> <span class='ocrx_word' id='word_1_623' title='bbox 2656 3760 2742 3822; x_wconf 85' lang='lat' dir='ltr'><strong>ita</strong></span> <span class='ocrx_word' id='word_1_624' title='bbox 2771 3768 2842 3824; x_wconf 91' lang='lat' dir='ltr'><strong>ut</strong></span> <span class='ocrx_word' id='word_1_625' title='bbox 2867 3767 3119 3830; x_wconf 91' lang='lat' dir='ltr'><strong>omnino</strong></span> <span class='ocrx_word' id='word_1_626' title='bbox 3148 3775 3451 3849; x_wconf 73' lang='lat' dir='ltr'><strong>praeteriri</strong></span> <span class='ocrx_word' id='word_1_627' title='bbox 3525 3755 3602 3837; x_wconf 63' lang='lat' dir='ltr'><strong>li&#39;ee</strong></span> 
     </span>
    </p>
   </div>
   <div class='ocr_carea' id='block_1_12' title="bbox 1923 3847 3458 5510">
    <p class='ocr_par' dir='ltr' id='par_1_15' title="bbox 1923 3847 3458 5510">
     <span class='ocr_line' id='line_1_98' title="bbox 1925 3847 3454 3946; baseline 0.015 -38"><span class='ocrx_word' id='word_1_628' title='bbox 1925 3865 2050 3908; x_wconf 92' lang='lat' dir='ltr'><strong>non</strong></span> <span class='ocrx_word' id='word_1_629' title='bbox 2078 3847 2363 3924; x_wconf 86' lang='lat' dir='ltr'><strong>possint?</strong></span> <span class='ocrx_word' id='word_1_630' title='bbox 2390 3850 2477 3909; x_wconf 92' lang='lat' dir='ltr'><strong>De</strong></span> <span class='ocrx_word' id='word_1_631' title='bbox 2506 3852 2732 3930; x_wconf 89' lang='lat' dir='ltr'><strong>quibus</strong></span> <span class='ocrx_word' id='word_1_632' title='bbox 2760 3855 3095 3921; x_wconf 86' lang='lat' dir='ltr'><strong>dicendum</strong></span> <span class='ocrx_word' id='word_1_633' title='bbox 3138 3870 3251 3942; x_wconf 88' lang='lat' dir='ltr'><strong>est,</strong></span> <span class='ocrx_word' id='word_1_634' title='bbox 3285 3868 3454 3946; x_wconf 87' lang='lat' dir='ltr'><strong>quod</strong></span> 
     </span>
     <span class='ocr_line' id='line_1_99' title="bbox 1924 3939 3455 4026; baseline 0.017 -29"><span class='ocrx_word' id='word_1_635' title='bbox 1924 3939 2071 4000; x_wconf 87' lang='lat' dir='ltr'><strong>lieet</strong></span> <span class='ocrx_word' id='word_1_636' title='bbox 2100 3939 2180 3999; x_wconf 91' lang='lat' dir='ltr'><strong>ab</strong></span> <span class='ocrx_word' id='word_1_637' title='bbox 2210 3939 2503 4003; x_wconf 89' lang='lat' dir='ltr'><strong>intestato</strong></span> <span class='ocrx_word' id='word_1_638' title='bbox 2545 3946 2906 4026; x_wconf 88' lang='lat' dir='ltr'><strong>succedant,</strong></span> <span class='ocrx_word' id='word_1_639' title='bbox 2943 3958 3013 4012; x_wconf 92' lang='lat' dir='ltr'><strong>ut</strong></span> <span class='ocrx_word' id='word_1_640' title='bbox 3039 3972 3184 4016; x_wconf 83' lang='lat' dir='ltr'><strong>mox</strong></span> <span class='ocrx_word' id='word_1_641' title='bbox 3212 3958 3455 4022; x_wconf 86' lang='lat' dir='ltr'><strong>videbi-</strong></span> 
     </span>
     <span class='ocr_line' id='line_1_100' title="bbox 1926 4030 3457 4122; baseline 0.018 -34"><span class='ocrx_word' id='word_1_642' title='bbox 1926 4050 2089 4107; x_wconf 88' lang='lat' dir='ltr'><strong>mus,</strong></span> <span class='ocrx_word' id='word_1_643' title='bbox 2138 4030 2377 4091; x_wconf 76' lang='lat' dir='ltr'><strong>nullum</strong></span> <span class='ocrx_word' id='word_1_644' title='bbox 2419 4038 2630 4096; x_wconf 86' lang='lat' dir='ltr'><strong>tamen</strong></span> <span class='ocrx_word' id='word_1_645' title='bbox 2663 4037 2892 4103; x_wconf 88' lang='lat' dir='ltr'><strong>habent</strong></span> <span class='ocrx_word' id='word_1_646' title='bbox 2931 4044 3036 4122; x_wconf 87' lang='lat' dir='ltr'><strong>jus</strong></span> <span class='ocrx_word' id='word_1_647' title='bbox 3064 4050 3135 4109; x_wconf 93' lang='lat' dir='ltr'><strong>ut</strong></span> <span class='ocrx_word' id='word_1_648' title='bbox 3175 4049 3457 4115; x_wconf 82' lang='lat' dir='ltr'><strong>haeredes</strong></span> 
     </span>
     <span class='ocr_line' id='line_1_101' title="bbox 1927 4124 3454 4225; baseline 0.017 -42"><span class='ocrx_word' id='word_1_649' title='bbox 1927 4124 2365 4201; x_wconf 82' lang='lat' dir='ltr'><strong>instituantur:</strong></span> <span class='ocrx_word' id='word_1_650' title='bbox 2426 4146 2619 4206; x_wconf 88' lang='lat' dir='ltr'><strong>quare</strong></span> <span class='ocrx_word' id='word_1_651' title='bbox 2666 4136 2968 4210; x_wconf 66' lang='lat' dir='ltr'><strong>praeteriri</strong></span> <span class='ocrx_word' id='word_1_652' title='bbox 3009 4143 3262 4204; x_wconf 89' lang='lat' dir='ltr'><strong>omnino</strong></span> <span class='ocrx_word' id='word_1_653' title='bbox 3308 4164 3454 4225; x_wconf 89' lang='lat' dir='ltr'><strong>pos-</strong></span> 
     </span>
     <span class='ocr_line' id='line_1_102' title="bbox 1927 4219 3458 4311; baseline 0.016 -34"><span class='ocrx_word' id='word_1_654' title='bbox 1927 4220 2072 4277; x_wconf 88' lang='lat' dir='ltr'><strong>sunt</strong></span> <span class='ocrx_word' id='word_1_655' title='bbox 2102 4220 2397 4279; x_wconf 86' lang='lat' dir='ltr'><strong>extraneo</strong></span> <span class='ocrx_word' id='word_1_656' title='bbox 2438 4219 2742 4301; x_wconf 89' lang='lat' dir='ltr'><strong>instituto,</strong></span> <span class='ocrx_word' id='word_1_657' title='bbox 2780 4226 2821 4288; x_wconf 94' lang='lat'><strong>1.</strong></span> <span class='ocrx_word' id='word_1_658' title='bbox 2858 4226 3123 4311; x_wconf 82' lang='lat' dir='ltr'><strong>Fratres,</strong></span> <span class='ocrx_word' id='word_1_659' title='bbox 3156 4237 3223 4298; x_wconf 92' lang='lat' dir='ltr'><strong>C.</strong></span> <span class='ocrx_word' id='word_1_660' title='bbox 3256 4236 3327 4299; x_wconf 89' lang='lat' dir='ltr'><strong>de</strong></span> <span class='ocrx_word' id='word_1_661' title='bbox 3366 4240 3458 4300; x_wconf 81' lang='lat' dir='ltr'><strong>in-</strong></span> 
     </span>
     <span class='ocr_line' id='line_1_103' title="bbox 1926 4308 3454 4409; baseline 0.017 -41"><span class='ocrx_word' id='word_1_662' title='bbox 1926 4308 2129 4390; x_wconf 75' lang='lat' dir='ltr'><strong>noffic.</strong></span> <span class='ocrx_word' id='word_1_663' title='bbox 2183 4318 2538 4390; x_wconf 82' lang='lat' dir='ltr'><strong>testamenta,</strong></span> <span class='ocrx_word' id='word_1_664' title='bbox 2573 4321 2636 4377; x_wconf 90' lang='lat' dir='ltr'><strong>et</strong></span> <span class='ocrx_word' id='word_1_665' title='bbox 2662 4318 2861 4382; x_wconf 89' lang='lat' dir='ltr'><strong>Instit.</strong></span> <span class='ocrx_word' id='word_1_666' title='bbox 2894 4323 3088 4387; x_wconf 84' lang='lat' dir='ltr'><strong>eodem</strong></span> <span class='ocrx_word' id='word_1_667' title='bbox 3156 4330 3348 4409; x_wconf 82' lang='lat' dir='ltr'><strong>titulo,</strong></span> <span class='ocrx_word' id='word_1_668' title='bbox 3389 4334 3454 4394; x_wconf 90' lang='lat' dir='ltr'><strong>in</strong></span> 
     </span>
     <span class='ocr_line' id='line_1_104' title="bbox 1928 4400 3453 4487; baseline 0.02 -28"><span class='ocrx_word' id='word_1_669' title='bbox 1928 4400 2256 4480; x_wconf 81' lang='lat' dir='ltr'><strong>principiO,</strong></span> <span class='ocrx_word' id='word_1_670' title='bbox 2290 4405 2511 4467; x_wconf 84' lang='lat' dir='ltr'><strong>versic.</strong></span> <span class='ocrx_word' id='word_1_671' title='bbox 2546 4406 2737 4470; x_wconf 82' lang='lat' dir='ltr'><strong>Soror</strong></span> <span class='ocrx_word' id='word_1_672' title='bbox 2762 4425 2975 4478; x_wconf 83' lang='lat' dir='ltr'><strong>autem.</strong></span> <span class='ocrx_word' id='word_1_673' title='bbox 3011 4421 3218 4485; x_wconf 87' lang='lat' dir='ltr'><strong>Potest</strong></span> <span class='ocrx_word' id='word_1_674' title='bbox 3243 4428 3453 4487; x_wconf 78' lang='lat' dir='ltr'><strong>tamen</strong></span> 
     </span>
     <span class='ocr_line' id='line_1_105' title="bbox 1926 4494 3458 4583; baseline 0.018 -29"><span class='ocrx_word' id='word_1_675' title='bbox 1926 4494 2116 4556; x_wconf 87' lang='lat' dir='ltr'><strong>frater</strong></span> <span class='ocrx_word' id='word_1_676' title='bbox 2166 4514 2353 4574; x_wconf 89' lang='lat' dir='ltr'><strong>agere</strong></span> <span class='ocrx_word' id='word_1_677' title='bbox 2401 4504 2618 4562; x_wconf 89' lang='lat' dir='ltr'><strong>contra</strong></span> <span class='ocrx_word' id='word_1_678' title='bbox 2661 4508 3103 4573; x_wconf 88' lang='lat' dir='ltr'><strong>testamentum</strong></span> <span class='ocrx_word' id='word_1_679' title='bbox 3149 4516 3357 4579; x_wconf 85' lang='lat' dir='ltr'><strong>fratris</strong></span> <span class='ocrx_word' id='word_1_680' title='bbox 3394 4525 3458 4583; x_wconf 89' lang='lat' dir='ltr'><strong>et</strong></span> 
     </span>
     <span class='ocr_line' id='line_1_106' title="bbox 1926 4587 3453 4674; baseline 0.019 -29"><span class='ocrx_word' id='word_1_681' title='bbox 1926 4587 2076 4648; x_wconf 91' lang='lat' dir='ltr'><strong>illud</strong></span> <span class='ocrx_word' id='word_1_682' title='bbox 2134 4588 2510 4668; x_wconf 88' lang='lat' dir='ltr'><strong>rescindere,</strong></span> <span class='ocrx_word' id='word_1_683' title='bbox 2570 4597 2822 4673; x_wconf 88' lang='lat' dir='ltr'><strong>quando</strong></span> <span class='ocrx_word' id='word_1_684' title='bbox 2877 4602 3072 4664; x_wconf 82' lang='lat' dir='ltr'><strong>frater</strong></span> <span class='ocrx_word' id='word_1_685' title='bbox 3100 4624 3173 4668; x_wconf 94' lang='lat' dir='ltr'><strong>eo</strong></span> <span class='ocrx_word' id='word_1_686' title='bbox 3223 4611 3453 4674; x_wconf 87' lang='lat' dir='ltr'><strong>omisso</strong></span> 
     </span>
     <span class='ocr_line' id='line_1_107' title="bbox 1926 4679 3455 4778; baseline 0.019 -40"><span class='ocrx_word' id='word_1_687' title='bbox 1926 4679 2191 4741; x_wconf 91' lang='lat' dir='ltr'><strong>instituit</strong></span> <span class='ocrx_word' id='word_1_688' title='bbox 2235 4680 2549 4745; x_wconf 61' lang='lat' dir='ltr'><strong>haeredem</strong></span> <span class='ocrx_word' id='word_1_689' title='bbox 2579 4705 2910 4765; x_wconf 85' lang='lat' dir='ltr'><strong>personam</strong></span> <span class='ocrx_word' id='word_1_690' title='bbox 2937 4698 3182 4777; x_wconf 90' lang='lat' dir='ltr'><strong>turpem</strong></span> <span class='ocrx_word' id='word_1_691' title='bbox 3202 4746 3219 4778; x_wconf 92' lang='lat'><strong>,</strong></span> <span class='ocrx_word' id='word_1_692' title='bbox 3251 4707 3322 4764; x_wconf 92' lang='lat' dir='ltr'><strong>ut</strong></span> <span class='ocrx_word' id='word_1_693' title='bbox 3347 4704 3455 4766; x_wconf 87' lang='lat' dir='ltr'><strong>ha·</strong></span> 
     </span>
     <span class='ocr_line' id='line_1_108' title="bbox 1925 4772 3448 4872; baseline 0.018 -40"><span class='ocrx_word' id='word_1_694' title='bbox 1925 4772 2109 4834; x_wconf 91' lang='lat' dir='ltr'><strong>betur</strong></span> <span class='ocrx_word' id='word_1_695' title='bbox 2137 4773 2199 4832; x_wconf 93' lang='lat' dir='ltr'><strong>in</strong></span> <span class='ocrx_word' id='word_1_696' title='bbox 2229 4774 2398 4836; x_wconf 89' lang='lat' dir='ltr'><strong>dicta</strong></span> <span class='ocrx_word' id='word_1_697' title='bbox 2424 4776 2465 4838; x_wconf 93' lang='lat' dir='ltr'><strong>l.</strong></span> <span class='ocrx_word' id='word_1_698' title='bbox 2491 4777 2755 4859; x_wconf 82' lang='lat' dir='ltr'><strong>Fratres,</strong></span> <span class='ocrx_word' id='word_1_699' title='bbox 2778 4786 2916 4848; x_wconf 90' lang='lat' dir='ltr'><strong>etin</strong></span> <span class='ocrx_word' id='word_1_700' title='bbox 2946 4789 2988 4851; x_wconf 92' lang='lat' dir='ltr'><strong>l.</strong></span> <span class='ocrx_word' id='word_1_701' title='bbox 3021 4791 3276 4872; x_wconf 76' lang='lat' dir='ltr'><strong>Fratris,</strong></span> <span class='ocrx_word' id='word_1_702' title='bbox 3297 4798 3448 4860; x_wconf 90' lang='lat' dir='ltr'><strong>Cod.</strong></span> 
     </span>
     <span class='ocr_line' id='line_1_109' title="bbox 1925 4863 3456 4967; baseline 0.019 -44"><span class='ocrx_word' id='word_1_703' title='bbox 1925 4863 1995 4926; x_wconf 89' lang='lat' dir='ltr'><strong>de</strong></span> <span class='ocrx_word' id='word_1_704' title='bbox 2020 4864 2247 4946; x_wconf 79' lang='lat' dir='ltr'><strong>inoffic.</strong></span> <span class='ocrx_word' id='word_1_705' title='bbox 2303 4876 2660 4935; x_wconf 79' lang='lat' dir='ltr'><strong>testamenta.</strong></span> <span class='ocrx_word' id='word_1_706' title='bbox 2719 4878 2851 4938; x_wconf 84' lang='lat' dir='ltr'><strong>Hoc</strong></span> <span class='ocrx_word' id='word_1_707' title='bbox 2900 4886 3110 4944; x_wconf 90' lang='lat' dir='ltr'><strong>autem</strong></span> <span class='ocrx_word' id='word_1_708' title='bbox 3157 4889 3456 4967; x_wconf 89' lang='lat' dir='ltr'><strong>competit</strong></span> 
     </span>
     <span class='ocr_line' id='line_1_110' title="bbox 1926 4958 3452 5051; baseline 0.017 -33"><span class='ocrx_word' id='word_1_709' title='bbox 1926 4958 2040 5019; x_wconf 88' lang='lat' dir='ltr'><strong>soli</strong></span> <span class='ocrx_word' id='word_1_710' title='bbox 2067 4958 2247 5020; x_wconf 82' lang='lat' dir='ltr'><strong>fratri</strong></span> <span class='ocrx_word' id='word_1_711' title='bbox 2288 4978 2364 5021; x_wconf 83' lang='lat' dir='ltr'><strong>ex</strong></span> <span class='ocrx_word' id='word_1_712' title='bbox 2411 4967 2676 5044; x_wconf 86' lang='lat' dir='ltr'><strong>utroque</strong></span> <span class='ocrx_word' id='word_1_713' title='bbox 2718 4977 3000 5051; x_wconf 88' lang='lat' dir='ltr'><strong>parente,</strong></span> <span class='ocrx_word' id='word_1_714' title='bbox 3052 4978 3148 5038; x_wconf 80' lang='lat' dir='ltr'><strong>vel</strong></span> <span class='ocrx_word' id='word_1_715' title='bbox 3178 4987 3347 5042; x_wconf 89' lang='lat' dir='ltr'><strong>certe</strong></span> <span class='ocrx_word' id='word_1_716' title='bbox 3376 5001 3452 5043; x_wconf 83' lang='lat' dir='ltr'><strong>ex</strong></span> 
     </span>
     <span class='ocr_line' id='line_1_111' title="bbox 1925 5052 3452 5151; baseline 0.02 -43"><span class='ocrx_word' id='word_1_717' title='bbox 1925 5055 2104 5130; x_wconf 87' lang='lat' dir='ltr'><strong>parte</strong></span> <span class='ocrx_word' id='word_1_718' title='bbox 2133 5052 2349 5130; x_wconf 81' lang='lat' dir='ltr'><strong>patriS,</strong></span> <span class='ocrx_word' id='word_1_719' title='bbox 2376 5055 2482 5133; x_wconf 88' lang='lat' dir='ltr'><strong>qui</strong></span> <span class='ocrx_word' id='word_1_720' title='bbox 2505 5065 2765 5121; x_wconf 88' lang='lat' dir='ltr'><strong>vocatur</strong></span> <span class='ocrx_word' id='word_1_721' title='bbox 2792 5069 3311 5151; x_wconf 87' lang='lat' dir='ltr'><strong>consanguineus,</strong></span> <span class='ocrx_word' id='word_1_722' title='bbox 3337 5093 3452 5138; x_wconf 90' lang='lat' dir='ltr'><strong>nec</strong></span> 
     </span>
     <span class='ocr_line' id='line_1_112' title="bbox 1928 5143 3452 5247; baseline 0.019 -46"><span class='ocrx_word' id='word_1_723' title='bbox 1928 5143 2117 5203; x_wconf 89' lang='lat' dir='ltr'><strong>etiam</strong></span> <span class='ocrx_word' id='word_1_724' title='bbox 2147 5146 2446 5224; x_wconf 89' lang='lat' dir='ltr'><strong>competit</strong></span> <span class='ocrx_word' id='word_1_725' title='bbox 2470 5148 2597 5211; x_wconf 86' lang='lat' dir='ltr'><strong>filio</strong></span> <span class='ocrx_word' id='word_1_726' title='bbox 2626 5150 2835 5215; x_wconf 82' lang='lat' dir='ltr'><strong>fratris</strong></span> <span class='ocrx_word' id='word_1_727' title='bbox 2866 5156 3163 5239; x_wconf 85' lang='lat' dir='ltr'><strong>defuncti,</strong></span> <span class='ocrx_word' id='word_1_728' title='bbox 3190 5183 3304 5227; x_wconf 89' lang='lat' dir='ltr'><strong>nec</strong></span> <span class='ocrx_word' id='word_1_729' title='bbox 3333 5168 3452 5247; x_wconf 90' lang='lat' dir='ltr'><strong>ipsi</strong></span> 
     </span>
     <span class='ocr_line' id='line_1_113' title="bbox 1925 5234 3452 5329; baseline 0.019 -35"><span class='ocrx_word' id='word_1_730' title='bbox 1925 5234 2124 5313; x_wconf 86' lang='lat' dir='ltr'><strong>fratri,</strong></span> <span class='ocrx_word' id='word_1_731' title='bbox 2157 5236 2210 5296; x_wconf 90' lang='lat' dir='ltr'><strong>si</strong></span> <span class='ocrx_word' id='word_1_732' title='bbox 2238 5236 2702 5317; x_wconf 87' lang='lat' dir='ltr'><strong>ingratitudinis</strong></span> <span class='ocrx_word' id='word_1_733' title='bbox 2742 5248 2989 5329; x_wconf 88' lang='lat' dir='ltr'><strong>culpam</strong></span> <span class='ocrx_word' id='word_1_734' title='bbox 3018 5254 3319 5320; x_wconf 86' lang='lat' dir='ltr'><strong>adversus</strong></span> <span class='ocrx_word' id='word_1_735' title='bbox 3348 5260 3452 5322; x_wconf 89' lang='lat' dir='ltr'><strong>de-</strong></span> 
     </span>
     <span class='ocr_line' id='line_1_114' title="bbox 1924 5327 3452 5431; baseline 0.018 -43"><span class='ocrx_word' id='word_1_736' title='bbox 1924 5327 2210 5390; x_wconf 86' lang='lat' dir='ltr'><strong>functum</strong></span> <span class='ocrx_word' id='word_1_737' title='bbox 2239 5330 2521 5411; x_wconf 89' lang='lat' dir='ltr'><strong>dederat,</strong></span> <span class='ocrx_word' id='word_1_738' title='bbox 2567 5341 2631 5399; x_wconf 91' lang='lat' dir='ltr'><strong>et</strong></span> <span class='ocrx_word' id='word_1_739' title='bbox 2656 5338 2777 5402; x_wconf 88' lang='lat' dir='ltr'><strong>hoc</strong></span> <span class='ocrx_word' id='word_1_740' title='bbox 2813 5342 2897 5404; x_wconf 90' lang='lat' dir='ltr'><strong>ab</strong></span> <span class='ocrx_word' id='word_1_741' title='bbox 2939 5344 3191 5411; x_wconf 83' lang='lat' dir='ltr'><strong>haerede</strong></span> <span class='ocrx_word' id='word_1_742' title='bbox 3229 5354 3452 5431; x_wconf 90' lang='lat' dir='ltr'><strong>proba·</strong></span> 
     </span>
     <span class='ocr_line' id='line_1_115' title="bbox 1923 5422 3453 5510; baseline 0.02 -30"><span class='ocrx_word' id='word_1_743' title='bbox 1923 5426 2045 5498; x_wconf 90' lang='lat' dir='ltr'><strong>tur,</strong></span> <span class='ocrx_word' id='word_1_744' title='bbox 2077 5422 2223 5484; x_wconf 90' lang='lat' dir='ltr'><strong>licet</strong></span> <span class='ocrx_word' id='word_1_745' title='bbox 2246 5422 2311 5484; x_wconf 92' lang='lat' dir='ltr'><strong>in</strong></span> <span class='ocrx_word' id='word_1_746' title='bbox 2357 5429 2728 5494; x_wconf 89' lang='lat' dir='ltr'><strong>testamento</strong></span> <span class='ocrx_word' id='word_1_747' title='bbox 2758 5452 2948 5500; x_wconf 89' lang='lat' dir='ltr'><strong>causa</strong></span> <span class='ocrx_word' id='word_1_748' title='bbox 2988 5440 3136 5506; x_wconf 87' lang='lat' dir='ltr'><strong>data</strong></span> <span class='ocrx_word' id='word_1_749' title='bbox 3165 5463 3288 5507; x_wconf 91' lang='lat' dir='ltr'><strong>non</strong></span> <span class='ocrx_word' id='word_1_750' title='bbox 3307 5446 3453 5510; x_wconf 86' lang='lat' dir='ltr'><strong>fuis·</strong></span> 
     </span>
    </p>
   </div>
  </div>
 </body>
</html>
