4263 6376
710 2621 748 2678 2

594 2747 751 2790 Census
768 2755 844 2786 re-

572 2800 797 2845 oei-vatium
827 2801 869 2840 et

594 2849 850 2949 ωυζίπιιῐ·

609 4892 819 4947 Quando

582 4947 855 4990 men-rivus

595 5001 754 5043 diflerat
786 5000 837 5041 ab

582 5053 851 5109 emphyteusi.

918 283 1034 343 334

921 462 1033 521 das
1059 458 1413 540 pensiones.
1448 455 1646 517 Debet
1675 459 1885 515 autem
1917 469 2053 513 esse
2083 451 2163 511 ad
2195 450 2452 527 exigen-

921 555 1070 615 dum
1100 572 1175 613 ex
1203 571 1269 612 re
1317 549 1594 625 alterius,
1638 547 1782 628 quin
1824 566 1898 605 ex
1928 565 1995 605 re
2044 544 2301 623 propria
2327 561 2450 603 non

919 653 1096 727 potes
1117 662 1372 707 censum
1402 642 1651 720 exigere
1687 661 1700 702 :
1736 645 1796 700 et
1824 639 1889 698 in
1920 639 2037 698 hoc
2067 637 2279 697 differt
2307 654 2449 696 cen-

919 761 1025 803 sus
1078 741 1159 801 ab
1213 736 1630 817 emphyteusi,
1682 752 1796 813 per
1851 749 2042 812 quam
2098 729 2448 791 dominium

918 836 1226 897 directum
1258 849 1380 892 non
1412 828 1784 891 transfertur
1832 826 1896 886 in
1944 823 2442 903 emphyteutam,

916 928 1028 989 sed
1057 929 1272 987 manet
1299 924 1362 983 in
1393 920 1778 983 concedente
1809 922 1871 979 et
1899 916 2188 996 exigente
2209 915 2451 995 pensio-

919 1037 1112 1084 nem:
1165 1020 1227 1079 iu
1275 1035 1464 1077 censu
1509 1018 1718 1075 autem
1749 1010 2097 1073 dominium
2141 1009 2448 1069 directum

918 1116 1009 1177 rei
1037 1133 1113 1173 ex
1142 1129 1268 1191 qua
1294 1108 1511 1188 pensio
1542 1105 1823 1180 solvitur,
1866 1107 2081 1163 manet
2106 1103 2170 1162 in
2202 1119 2302 1177 en,
2338 1098 2445 1179 qui

918 1205 1250 1288 pensiones
1306 1199 1516 1262 debet.
1576 1197 1857 1276 Denique
1905 1193 2180 1270 additur,
2241 1192 2336 1254 vel
2375 1211 2449 1252 ea:

912 1318 1160 1384 persona
1206 1294 1469 1368 alterius,
1519 1295 1777 1370 propter
1820 1307 2044 1349 census
2087 1285 2448 1367 personales

918 1394 1025 1476 qui
1052 1406 1388 1473 personam
1434 1386 1633 1447 solam
1660 1382 1962 1460 obligant,
1998 1381 2075 1440 de
2107 1379 2336 1460 quibus
2365 1396 2448 1437 an

914 1489 1166 1559 liceant,
1214 1483 1430 1561 postca
1461 1476 1797 1537 dicendum
1842 1475 1977 1534 erit.
2026 1473 2300 1534 Adverte
2338 1490 2449 1532 au-

916 1588 1044 1643 tem
1087 1576 1167 1637 ab
1209 1572 1521 1652 aliquibus
1550 1588 1694 1630 eum
1726 1568 1832 1647 qui
1871 1566 2206 1646 pensiones
2234 1565 2441 1637 debet,

918 1669 1218 1754 appellari
1265 1663 1668 1736 censum-ium,·
1709 1680 1853 1722 eum
1884 1678 2032 1720 vero
2065 1658 2165 1719 cui
2211 1658 2448 1718 deben-

914 1772 1040 1841 tur,
1074 1759 1437 1834 censuistam,
1470 1775 1578 1816 seu
1628 1753 2051 1815 censuali-stam.
2086 1751 2208 1812 Alii
2236 1756 2444 1812 tamen

916 1857 1292 1920 creditorem
1331 1851 1536 1930 ipsum
1578 1847 1898 1926 appellant
1944 1845 2134 1906 etiam
2182 1861 2445 1903 censua-

915 1954 1078 2013 rium
1121 1953 1184 2009 et
1211 1943 1693 2014 censualistam3
1749 1940 1851 2000 alii
1897 1943 2165 2017 utroque
2195 1936 2446 1997 nomine

918 2051 1253 2121 utrumque
1302 2034 1607 2117 appellari
1654 2051 1837 2112 posse
1886 2031 2123 2106 dicunt,
2160 2034 2228 2091 ut
2271 2033 2449 2089 notat

918 2138 1096 2201 Salas
1140 2136 1301 2195 tract
1338 2129 1406 2190 de
1444 2126 1652 2188 censib.
1703 2125 1853 2186 dub.
1890 2141 1932 2185 1.
1982 2144 2044 2185 n.
2086 2128 2149 2184 7.
2184 2121 2288 2201 qui
2318 2121 2448 2201 pri-

916 2248 1087 2292 mam
1116 2225 1266 2287 dicit
1311 2241 1444 2283 esse
1486 2220 1687 2299 magis
1728 2234 2125 2279 communem
2164 2215 2444 2294 appella-

916 2325 1150 2387 tionem
1194 2335 1355 2381 :nos
1404 2320 1474 2376 ut
1527 2311 2089 2393 aequivocationem
2148 2310 2440 2384 vitemuS,

919 2412 1372 2497 appellabimus
1410 2407 1787 2469 creditorem
1831 2408 1894 2464 et
1921 2402 2296 2479 debitorem,
2350 2400 2446 2461 vel

919 2515 1267 2589 emptorem
1297 2505 1358 2563 et
1385 2499 1799 2560 venditorem.

996 2606 1231 2666 Census
1277 2594 1478 2675 primo
1522 2590 1823 2652 dividitur
1851 2589 1914 2649 in
1957 2587 2440 2663 reservativum,

918 2702 980 2760 et
1059 2686 1582 2769 consignativum.
1661 2681 2103 2744 Reservativus
2186 2680 2438 2755 dicitur,

921 2788 1171 2873 quando
1203 2786 1256 2845 is
1288 2780 1396 2861 qui
1425 2777 1772 2840 dominium
1802 2776 1991 2837 etiam
2021 2774 2328 2834 directum
2357 2772 2446 2833 rei

917 2902 1046 2946 suae
1076 2876 1369 2941 transfert
1398 2874 1458 2932 in
1491 2870 1704 2943 alium,
1735 2872 2018 2929 reservat
2047 2866 2161 2927 sibi
2193 2866 2443 2945 pensio-

917 2995 1063 3039 nem
1092 2973 1386 3050 aliquam,
1423 2965 1551 3026 sive
1589 2964 1653 3024 in
1683 2961 1950 3042 pecunia
1979 2960 2109 3020 sive
2138 2960 2202 3019 in
2231 2959 2447 3020 fructi-

914 3072 1055 3146 bus,
1104 3065 1203 3127 vel
1233 3062 1348 3122 alic
1387 3057 1785 3139 aequivalenti
1815 3074 1891 3115 ex
1934 3072 1999 3114 re
2030 3053 2136 3112 illa
2181 3052 2444 3113 sihisin-

915 3163 1076 3245 gulis
1105 3156 1284 3220 annis
1315 3150 1725 3227 reddendam,
1758 3151 1945 3229 prout
1969 3145 2206 3226 Joseph
2240 3144 2438 3209 Genes.

913 3271 1103 3320 nvn.
1136 3251 1407 3312 reddens
1432 3244 1738 3324 AEgyptiis
1763 3241 2209 3321 possessiones,
2243 3259 2446 3301 reser-

913 3349 1086 3412 vavit
1129 3342 1262 3422 regi
1293 3345 1534 3404 tantam
1584 3342 1821 3416 partem
1870 3335 2188 3394 fructuum
2220 3352 2234 3392 :
2266 3337 2328 3394 et
2365 3333 2443 3393 de

914 3444 1033 3505 hoc
1062 3456 1252 3503 censu
1302 3453 1425 3496 non
1459 3433 1803 3510 loquuntur
1847 3427 2180 3488 Pontifices
2210 3426 2273 3486 in
2315 3426 2444 3488 suis

914 3528 1479 3602 constitutionibuS‚
1541 3540 1745 3603 neque
1801 3520 1864 3580 in
1936 3538 2010 3580 eo
2086 3519 2445 3598 procedunt

911 3625 1302 3692 conditiones
1329 3619 1411 3681 ibi
1431 3617 1769 3696 requisitas,
1796 3631 1999 3692 neque
2020 3631 2093 3672 ex
2116 3612 2442 3674 hoccensu

911 3723 1177 3784 debetur
1203 3713 1475 3795 gabella,
1509 3710 1656 3790 quia
1685 3727 1810 3768 non
1839 3705 2172 3767 intercedit
2207 3705 2440 3785 emptio

909 3820 1020 3878 aut
1058 3807 1335 3873 venditio
1379 3805 1573 3884 ipsius
1625 3820 1868 3876 censuS,
1911 3798 2024 3860 sed
2073 3800 2437 3875 reservatiO,

911 3928 1037 3991 qua
1083 3903 1374 3966 dominus
1431 3916 1555 3958 non
1612 3895 1907 3957 transfert
1953 3893 2304 3954 dominium
2349 3892 2442 3953 rei

911 4004 1119 4083 plene,
1143 3997 1253 4058 sed
1275 3990 1605 4055 retinendo
1636 3987 1913 4067 aliquam
1928 3990 2197 4066 partem.
2232 3985 2442 4048 Consi-

911 4094 1204 4176 gnativus
1249 4104 1399 4148 vero
1432 4083 1681 4158 dicitur,
1729 4080 1980 4159 quando
2025 4084 2195 4139 certo
2242 4078 2440 4158 pretio

911 4189 1139 4250 emitur
1166 4183 1266 4265 jus
1303 4180 1382 4240 ad
1419 4173 1887 4257 percipiendam
1920 4171 2286 4250 pensionem
2332 4190 2445 4231 an-

912 4299 1103 4344 nuam
1132 4297 1208 4338 ex
1234 4294 1301 4336 re
1340 4289 1480 4353 quae
1520 4268 1654 4349 jam
1697 4271 1834 4327 erat
1862 4264 2117 4326 alter³us
2165 4264 2269 4342 qui
2303 4283 2442 4325 eam

911 4374 1151 4438 solvere
1182 4369 1394 4442 debet,
1428 4369 1492 4425 et
1518 4362 1595 4423 de
1625 4360 1744 4421 hoc
1773 4360 2114 4438 loquuntur
2143 4358 2445 4419 constitu-

910 4469 1113 4531 tiones
1148 4461 1553 4531 Pontificum,
1591 4458 1655 4514 et
1696 4451 1962 4513 debetur
1993 4449 2261 4528 gabella,
2296 4450 2444 4529 quia

913 4557 1312 4624 constituitur
1355 4570 1468 4634 per
1495 4564 1713 4611 veram
1754 4544 2161 4624 emptionem,
2198 4548 2261 4604 et.
2287 4562 2441 4604 ven-

914 4655 1237 4718 ditionem.

994 4748 1215 4811 Differt
1242 4745 1453 4802 autem
1483 4752 1707 4798 census
1747 4731 2167 4793 reservativus
2209 4730 2288 4790 ab
2318 4749 2444 4790 em-

914 4837 1214 4925 phyteusi
1259 4833 1484 4914 primo,
1523 4828 1672 4909 quia
1718 4843 1836 4904 per
1863 4824 2026 4884 hanc
2075 4841 2200 4884 non
2241 4828 2445 4885 trans-

914 4938 1110 4998 fertur
1155 4927 1504 4991 dominium
1550 4922 1880 4992 directum,
1913 4917 2023 4978 sed
2054 4917 2254 4978 solum
2295 4916 2443 4978 utile

912 5031 978 5091 in
1016 5024 1490 5106 emphyteutam
1523 5036 1537 5076 :
1570 5015 1635 5074 in
1677 5030 1867 5073 censu
1909 5016 2120 5072 autem
2164 5028 2444 5071 reserva-

911 5124 1039 5187 tivo
1070 5123 1405 5196 utrumque
1445 5106 1790 5171 dominium
1827 5104 2203 5165 transfertur
2230 5103 2292 5163 in
2327 5104 2443 5164 de-

912 5217 1182 5278 bitorem
1224 5225 1470 5270 census.
1524 5197 1835 5274 Secundo,
1881 5197 2032 5277 quia
2081 5197 2136 5257 si
2178 5196 2445 5275 emphy-

912 5313 1086 5372 teuta
1132 5321 1259 5367 non
1291 5299 1476 5362 solvit
1510 5293 1880 5375 pensionem
1925 5290 2089 5350 intra
2116 5291 2443 5350 biennium

913 5399 1216 5473 ecclesias,
1249 5393 1351 5454 vel
1384 5392 1551 5453 intra
1594 5384 1940 5449 triennium
1970 5382 2224 5444 domino
2254 5382 2437 5461 laic0,

914 5491 1266 5557 dominium
1292 5485 1441 5548 utile
1472 5480 1634 5543 redit
1661 5477 1741 5540 ad
1781 5476 2105 5538 dominum
2137 5475 2441 5535 directum

2035 277 2138 336 DE
2181 274 2535 337 JUS'rl'rlA
2579 274 2680 335 ΕΤ
2720 276 2921 337 JURE

2550 469 2624 510 cx
2681 456 2907 513 natura
2951 451 3145 531 ipsius
3193 456 3585 527 contractus;
3641 454 3793 533 quod
3839 458 3998 515 tamen

2551 563 2674 604 non
2715 546 3022 624 contingit
3061 546 3124 605 in
3177 566 3368 607 censu
3415 548 3802 624 reservativo,
3843 550 3937 608 nisi
3957 550 4000 607 in

2549 642 2875 699 contractu
2907 638 3040 717 ipso
3084 640 3449 719 explicetur.
3485 642 3715 711 Tertio,
3760 641 3889 719 quia
3910 660 4005 700 em-

2547 729 2855 808 phyteuta
2896 751 3022 791 nou
3063 739 3271 811 potest
3299 733 3572 793 vendere
3612 752 3761 808 rem,
3801 733 3897 793 nisi
3931 736 4006 794 ad·

2546 824 2785 885 monito
2816 824 3070 887 domino
3110 826 3370 902 directo,
3413 832 3476 888 et
3504 826 3561 887 ei
3600 827 3880 888 solvendo
3917 848 4008 889 cer·

2547 918 2676 975 tam
2704 921 2947 996 partem
2968 919 3149 997 pretii
3167 939 3181 992 ;
3200 920 3278 980 ad
3298 926 3587 980 neutrum
3605 925 3806 982 autem
3823 924 4013 983 tenetur

2547 1009 2798 1071 debitor
2825 1028 3071 1072 census.

2627 1103 2889 1177 Quando
2919 1123 3068 1165 vero
3099 1104 3442 1182 dubitatur,
3487 1125 3568 1165 an
3601 1125 3701 1166 res
3730 1107 3869 1167 data
3895 1110 4020 1171 sitin

2547 1196 3032 1275 emphyteusim,
3066 1198 3164 1257 vel
3188 1198 3395 1276 potius
3416 1199 3479 1258 in
3505 1218 3764 1259 censum
3792 1220 4025 1263 reserva-

2545 1290 2766 1365 tivum,
2801 1291 3184 1351 conveniunt
3216 1293 3538 1368 DoctoreS,
3567 1291 3963 1371 judicandum
3983 1299 4028 1357 id

2548 1401 2681 1443 esse
2732 1402 2808 1443 ex
2835 1383 3430 1462 praesumptionibus
3460 1389 3521 1445 et
3567 1386 4027 1465 circumstantiis,

2546 1480 2615 1536 ut
2667 1475 2716 1535 si
2761 1495 2923 1535 unus
2979 1476 3206 1554 potius,
3264 1496 3455 1556 quam
3506 1477 3666 1539 alter
3724 1488 4029 1543 contractus

2549 1568 2812 1629 usitatus
2841 1574 3005 1629 esset
3031 1568 3096 1628 in
3125 1569 3262 1630 loco
3295 1570 3422 1631 illo.
3446 1571 3714 1643 Quando
3749 1590 3890 1633 vero
3919 1594 4030 1633 neu-

2547 1668 2713 1724 trum
2743 1680 2820 1721 ex
2861 1661 3342 1723 circumstantiis
3372 1663 3583 1742 colligi
3626 1669 3851 1742 potest,
3882 1668 4028 1747 aliqui

2547 1755 2786 1831 dicunt,
2833 1755 3128 1833 praesumi
3175 1756 3665 1835 emphyteusim,
3705 1759 3851 1837 quia
3878 1761 3933 1819 in
3951 1762 4028 1820 du-

2545 1849 2649 1909 bio
2679 1847 3033 1909 concedens
3073 1848 3477 1927 praesumitur
3513 1868 3636 1909 non
3675 1852 3920 1913 omnino
3951 1874 4030 1914 vo—

2543 1941 2733 2001 luisse
2787 1959 2922 2000 rem
2964 1959 3141 2000 suam
3188 1960 3224 2000 a
3272 1960 3338 2001 se
3392 1942 3715 2017 abdicare,
3774 1946 3881 2005 sed
3928 1951 4031 2007 reti·

2546 2034 2754 2094 nuissc
2784 2033 3132 2094 dominium
3162 2033 3490 2095 directum.
3542 2035 3666 2095 Alii
3707 2036 3824 2097 hoc
3854 2038 4030 2101 admit·

2543 2132 2705 2202 tunt,
2741 2125 2992 2205 quando
3038 2144 3139 2186 res
3186 2126 3265 2186 ab
3295 2127 3575 2187 Ecclesia
3605 2146 3897 2190 concessa
3925 2133 4025 2194 fuit.

2544 2218 2664 2280 Alii
2711 2217 3095 2297 probabilius
3123 2218 3362 2296 dicunt,
3396 2223 3897 2297 praesumendam
3934 2244 4026 2285 non

2546 2330 2680 2372 esse
2721 2311 3207 2389 emphyteusim,
3255 2330 3411 2390 quos
3456 2312 3653 2373 refert
3692 2319 3756 2374 et
3797 2318 4030 2395 sequitur

2544 2404 2776 2467 Molina
2802 2404 2968 2464 dicta
2997 2404 3156 2483 disp.
3181 2408 3318 2466 381.
3355 2424 3416 2465 n.
3451 2408 3509 2465 6.
3547 2411 3611 2467 et
3640 2408 3819 2467 Salas
3844 2408 3906 2468 de
3927 2430 4027 2469 απ·

2543 2497 2717 2575 sibim,
2763 2496 2912 2557 dub.
2960 2512 3143 2557 xxxv.
3181 2516 3243 2558 u.
3298 2500 3352 2557 l.
3387 2502 3448 2559 et
3479 2498 3609 2558 dub
3657 2517 3792 2562 va.
3825 2502 3881 2560 in
3907 2504 4022 2564 fine.

2548 2591 2724 2653 Ratio
2769 2594 2882 2665 est,
2917 2590 3065 2668 quia
3092 2590 3155 2648 in
3186 2590 3378 2650 dubio
3424 2591 3770 2652 favendum
3805 2600 3887 2655 cst
3919 2615 4027 2673 pos-

2543 2683 2769 2746 sessori
2804 2699 2817 2746 :
2850 2700 3044 2760 quare
3093 2701 3233 2742 cum
3283 2702 3382 2742 res
3434 2685 3829 2763 possideatur
3867 2688 3935 2747 ab
3970 2709 4025 2749 eo

2546 2778 2653 2858 qui
2698 2775 3064 2856 pensionem
3115 2774 3322 2851 solvit,
3369 2795 3497 2837 non
3539 2778 3734 2839 debet
3774 2780 3825 2839 ei
3854 2784 4024 2859 negari

2545 2868 2892 2930 dominium
2940 2868 3128 2929 etiam
3168 2867 3480 2929 directum
3510 2870 3602 2929 rei
3633 2872 3814 2939 illius,
3847 2875 3944 2934 nisi
3977 2875 4024 2934 id

2545 2963 2847 3043 probetur
2879 2981 2892 3021 :
2922 2960 3052 3041 jam
3082 2961 3249 3021 enim
3278 2967 3528 3023 constat
3547 2964 3626 3023 de
3653 2966 3957 3026 traditione
3978 2974 4025 3027 et

2544 3054 2945 3118 concessione
2966 3054 3079 3129 rei,
3112 3059 3175 3115 et
3202 3074 3324 3115 non
3355 3060 3604 3117 constat
3628 3057 3708 3117 de
3731 3061 4023 3120 retenfione

2545 3146 2802 3211 dominii
2835 3147 3083 3221 directi;
3129 3147 3382 3210 traditio
3414 3153 3630 3210 autem
3671 3157 3734 3213 ct
3763 3155 4021 3231 possessio

2544 3241 2774 3305 sufficit
2800 3261 2914 3320 pro
2944 3241 3146 3318 titulo,
3181 3241 3331 3301 dum
3362 3243 3534 3303 aliud
3584 3263 3660 3304 ex
3698 3246 3889 3307 verbis
3912 3267 4024 3307 con-

2541 3334 2860 3409 cessioniS,
2913 3335 3010 3394 vel
3040 3354 3111 3394 ex
3143 3334 3631 3397 circumstantiis
3674 3357 3796 3399 non
3833 3340 4021 3418 colligi·

2539 3436 2662 3494 tur.

2621 3525 2855 3584 Census
2902 3520 3370 3600 consignativus
3417 3523 3726 3586 dividitur
3771 3528 3941 3606 pn‘mo
3971 3527 4018 3585 in

2541 3633 2799 3679 censum
2864 3613 3121 3691 realem,
3199 3616 3620 3694 personalem,
3679 3625 3742 3680 et
3791 3620 4016 3679 mistum.

2542 3707 2748 3772 Realis
2796 3709 2909 3782 cst,
2951 3706 3058 3785 qui
3096 3726 3287 3787 super
3324 3728 3391 3769 re
3422 3711 3640 3789 aliqua
3679 3712 4022 3772 constituitur

2541 3803 2640 3864 cui
2675 3800 2975 3873 adhoeret‚
3029 3804 3092 3862 et
3119 3821 3240 3881 qua
3273 3809 3575 3881 pereunte
3618 3823 3834 3865 census
3873 3806 4016 3884 perit

2541 3891 2893 3957 Personalis
2936 3896 3050 3968 est,
3100 3912 3223 3972 quo
3271 3895 3403 3956 sola
3438 3915 3716 3974 persona
3762 3899 4022 3976 obligatur

2542 3989 2622 4048 ad
2651 3985 3017 4066 pensionem
3069 3986 3453 4049 solvendam.
3496 3991 3719 4052 Misius
3761 4010 3887 4052 vero
3923 3999 4018 4064 est,

2541 4080 2792 4162 quando
2837 4078 3197 4142 immediate
3246 4086 3309 4142 et
3353 4082 3592 4144 directe
3637 4085 3768 4145 sola
3804 4104 4022 4163 persona

2541 4175 2876 4253 obligatur,
2925 4172 3007 4233 ad
3044 4175 3442 4236 securitatem
3474 4180 3689 4237 tamen
3721 4179 4023 4256 obligantur

2538 4288 2640 4329 res
2680 4268 2907 4347 aliquas
2964 4267 3286 4345 debitoriS,
3348 4270 3580 4348 quibus
3643 4272 4021 4350 pereuntibus,

2543 4361 2749 4422 adhuc
2778 4379 3048 4442 persona
3081 4361 3354 4439 obligata
3372 4370 3613 4440 manet,
3637 4371 3697 4425 et
3723 4365 4025 4445 appellatur

2542 4472 2765 4515 census
2797 4453 3145 4534 personalis
3174 4472 3317 4514 cum
3347 4454 3732 4535 hypotheca.

2620 4547 2837 4608 Differt
2865 4551 3075 4607 autem
3109 4548 3376 4608 multum
3406 4566 3634 4610 census
3680 4569 3835 4613 mere
3867 4549 4024 4609 realis

2543 4660 2580 4701 a
2625 4657 2815 4700 censu
2859 4639 3172 4717 personali
3213 4658 3354 4700 cum
3403 4640 3778 4720 hypotheca.
3825 4643 4024 4716 Primo,

2543 4731 2688 4813 quia
2716 4731 2866 4792 licet
2891 4731 2956 4790 in
2985 4729 3105 4792 hoc
3138 4732 3326 4793 etiam
3357 4735 3638 4797 secundo
3667 4756 3837 4797 censu
3866 4735 4028 4795 detur

2543 4823 2838 4903 obligatio
2877 4823 3063 4884 realis
3107 4824 3168 4884 in
3218 4825 3406 4886 rebus
3454 4826 3891 4907 hypothecatis,
3945 4845 4026 4886 ra·

2540 4918 2709 4979 tione
2760 4915 2939 4997 cujus
3005 4916 3084 4977 ad
3133 4936 3597 5000 quemcumque
3653 4937 4024 5001 possessorem

2541 5014 2868 5072 transeunt
2894 5028 3036 5070 cum
3067 5010 3172 5071 illa
3217 5011 3632 5090 obligatione;
3669 5014 4026 5094 pereuntibus

2541 5109 2753 5167 tamen
2795 5103 2935 5178 illis,
2988 5121 3113 5163 non
3145 5103 3306 5182 perit
3333 5105 3639 5184 obligatio
3668 5126 3891 5180 census,
3933 5104 4024 5165 sed

2540 5201 2755 5257 manet
2798 5195 3100 5256 adversus
3148 5215 3482 5274 personam
3522 5199 3865 5268 venditoris;
3900 5200 4024 5277 quia

2541 5288 2900 5369 hypotheca
2931 5289 3133 5349 solum
3164 5290 3351 5351 datur
3379 5291 3440 5350 in
3487 5293 3834 5366 subsidium,
3867 5301 3926 5351 et
3948 5308 4025 5350 se-

2541 5383 2872 5444 curitatem
2896 5382 2948 5442 si
2973 5401 3241 5460 persona
3274 5402 3397 5445 non
3413 5386 3618 5447 solvat
3647 5407 3661 5445 :
3694 5403 3816 5445 cum
3837 5391 4022 5444 tamen

2542 5475 2606 5536 in
2637 5475 2839 5553 primo
2871 5493 3060 5536 censu
3092 5481 3392 5554 pereunte
3420 5496 3491 5538 re
3520 5478 3797 5556 obligata,
3829 5483 4023 5554 pereat

4054 3591 4139 3797 {552
