4263 6376
1247 320 1716 382 olsPU'rA'rlo
1762 321 2008 399 XXXV,
2056 322 2332 386 SECTIO
2377 327 2452 386 V.

119 561 123 570 ,
232 496 530 574 nister-io,
561 517 624 559 v.
662 516 725 576 g.
761 497 840 559 ab
867 496 1013 559 aula
1040 497 1304 578 alicujus
1330 499 1651 578 principis,
1685 502 1785 562 vel

119 575 155 603 2-

119 627 154 656 fl

119 681 128 698 k

230 608 281 650 a
307 590 622 667 docendo,
654 591 919 670 impedit
946 591 1134 669 enim,
1167 610 1245 652 ne
1262 591 1420 653 alius
1449 593 1779 671 subintret,

120 703 178 764 ᾗ,
232 683 596 762 quintilius
624 683 916 760 doceret,
976 703 1093 746 nec
1136 689 1344 764 potest
1379 685 1513 746 sine
1555 705 1787 766 magna

119 776 178 817 ιΙο

232 776 538 837 molestia
563 779 675 837 aut
699 776 1007 838 dedecore
1029 777 1327 853 amoveri,
1353 778 1467 838 nisi
1496 779 1613 840 hoc
1630 798 1785 858 prae-

136 861 150 872 ’
232 874 458 942 textu;
511 888 707 949 quare
735 869 883 931 licet
908 870 1065 931 alius
1102 870 1349 949 dignior
1376 878 1540 933 esset
1566 873 1785 951 praela-

231 967 395 1024 tura
427 983 440 1023 ε
475 962 710 1023 bonum
738 965 947 1023 tamen
980 981 1312 1024 commune
1333 1010 1348 1039 ,
1383 964 1556 1043 quod
1582 965 1785 1026 solum

233 1074 381 1134 prae
413 1055 607 1116 oculis
634 1056 853 1116 haberi
882 1056 1108 1132 debet,
1158 1056 1223 1116 in
1254 1056 1352 1116 his
1381 1057 1786 1119 circumstan-

232 1148 351 1209 tiis
378 1148 537 1228 petit
564 1149 734 1227 quod
763 1148 970 1209 minus
998 1148 1224 1227 dignus
1253 1149 1522 1228 eligatur
1543 1171 1558 1211 ε
1579 1151 1786 1212 minus

234 1240 904 1301 enimincommodum
931 1242 1212 1321 sequitur
1232 1260 1308 1302 ex
1323 1242 1463 1318 hoc,
1489 1243 1658 1322 quod
1674 1262 1788 1322 per

234 1334 590 1395 trienninm
614 1333 924 1412 gubernet
967 1338 1032 1394 et
1068 1334 1387 1413 probetur,
1421 1353 1611 1414 quam
1641 1335 1691 1396 si
1720 1335 1785 1395 in

236 1426 479 1487 eadem
505 1425 916 1504 occupatione
944 1430 1324 1505 perseveret.

329 1520 560 1596 Quinto
582 1564 598 1595 ,
641 1536 767 1579 non
795 1517 983 1579 credo
1013 1518 1100 1580 ita
1143 1519 1356 1581 stricte
1386 1519 1647 1598 obligari
1676 1539 1786 1599 ge-

238 1612 535 1673 neralem
581 1611 660 1671 ad
717 1611 1078 1691 eligendum
1114 1629 1365 1690 semper
1407 1613 1781 1691 digniorem,

240 1708 368 1766 aut
400 1723 649 1783 semper
678 1722 753 1764 ex
776 1704 1067 1765 omnibus
1095 1704 1205 1784 qui
1233 1709 1378 1766 actu
1407 1710 1654 1782 vacant,
1679 1705 1784 1767 eli·

238 1817 405 1877 gere
433 1798 761 1877 optimum.
822 1799 980 1857 Nam
1030 1797 1339 1877 imprimis
1374 1802 1616 1860 certum
1663 1802 1780 1875 est,

240 1892 424 1971 quod
454 1894 658 1969 potest
683 1890 859 1951 illum
887 1908 1210 1951 reservare
1240 1891 1319 1950 ad
1349 1890 1538 1951 aliam
1566 1891 1785 1970 praela-

236 1991 462 2047 turam
506 1983 763 2064 majoris
802 1982 1103 2045 momenti
1148 1983 1212 2043 in
1246 1983 1383 2045 loco
1432 1983 1780 2061 celebriori,

236 2077 350 2138 vel
379 2077 444 2137 in
472 2081 804 2153 conventu,
840 2081 949 2137 aut
968 2075 1232 2155 collegio
1254 2075 1500 2156 majori,
1525 2077 1630 2138 ubi
1649 2095 1786 2137 ma-

228 2172 348 2249 jor
378 2170 712 2231 necessitas
768 2173 883 2231 est.
943 2168 1220 2244 Deinde,
1267 2169 1513 2230 etiamsi
1558 2173 1786 2231 caetera

235 2264 377 2324 sint
404 2261 580 2341 paria
603 2308 619 2338 ,
650 2279 777 2323 non
805 2261 1088 2340 sequitur
1111 2279 1411 2340 magnum
1440 2262 1787 2323 incommo-

236 2356 407 2417 dum
447 2356 613 2416 bono
656 2354 1005 2430 communi,
1053 2354 1218 2434 quod
1266 2355 1452 2433 paulo
1499 2359 1641 2434 post
1677 2357 1787 2416 fiat

239 2448 541 2527 superior
566 2447 690 2524 hic,
724 2465 915 2527 quam
935 2446 1039 2507 ille
1073 2466 1086 2508 ε
1121 2466 1269 2507 nam
1296 2447 1508 2508 brevis
1538 2448 1641 2508 illa
1672 2467 1785 2508 an·-

236 2541 531 2621 ticipatio
573 2539 896 2619 temporis,
929 2540 1029 2599 vel
1061 2540 1452 2619 postpositio,
1485 2541 1584 2601 vel
1615 2540 1784 2620 quod

236 2636 319 2696 fit
347 2635 413 2694 in
444 2633 745 2709 hocloco,
776 2633 877 2693 vel
906 2632 970 2692 in
999 2633 1128 2710 illc,
1162 2650 1387 2712 parum
1407 2637 1593 2695 nocet
1617 2634 1783 2695 bono

239 2728 571 2789 communi
613 2747 627 2788 :
679 2726 967 2806 quamvis
1022 2743 1171 2804 ergo
1227 2725 1502 2787 humano
1559 2728 1785 2787 affectu

240 2821 491 2883 elector
532 2820 705 2900 prius
772 2818 1032 2897 eligeret
1083 2818 1252 2880 hunc
1306 2818 1427 2879 sibi
1479 2819 1786 2881 cariorem

240 2932 445 2994 quam
472 2914 648 2974 illum
671 2958 687 2989 ,
735 2931 862 2973 non
908 2912 1098 2973 credo
1139 2911 1322 2973 facile
1352 2911 1785 2973 damnandum

236 3006 494 3087 peccati
522 3005 827 3067 mortalis,
870 3006 1003 3066 lmo
1050 3022 1165 3065 nec
1209 3008 1374 3066 esset
1416 3004 1691 3083 veniale,
1734 3005 1784 3065 si

236 3101 465 3179 aliqua
492 3099 614 3160 alia
642 3115 834 3160 causa
859 3097 1277 3159 intercederet
1308 3116 1322 3157 ε
1357 3116 1416 3158 v,
1451 3116 1513 3175 g.
1548 3097 1789 3176 gratifi-

239 3193 438 3256 candi
456 3193 638 3253 alicui
666 3196 921 3253 externo
942 3191 1101 3251 bene
1124 3191 1346 3252 merito
1365 3191 1444 3251 de
1459 3191 1781 3270 religione,

240 3288 362 3368 qui
390 3286 692 3365 gaudebit
728 3285 897 3346 hunc
941 3284 1150 3362 potius
1197 3284 1561 3362 praelatum,
1597 3303 1786 3364 quam

238 3382 430 3441 illum
457 3378 685 3458 praefici
714 3379 779 3438 in
805 3377 917 3438 tali
943 3377 1104 3453 1000,
1136 3375 1236 3437 vel
1264 3375 1659 3454 gratificandi
1678 3377 1786 3439 tali

239 3472 610 3549 conventui,
645 3471 745 3531 vel
769 3471 1032 3549 collegio
1061 3470 1140 3531 ob
1162 3468 1297 3548 ejus
1316 3470 1560 3547 merita,
1585 3489 1788 3531 reser-

239 3565 462 3627 vando
491 3564 580 3625 illi
621 3564 946 3624 meliorem
986 3562 1315 3641 praelatum
1339 3607 1355 3638 ,
1410 3580 1599 3642 quem
1645 3562 1785 3624 ideo

242 3676 422 3719 nnnc
449 3656 696 3733 omittit,
729 3661 798 3718 ut
827 3656 1022 3735 possit
1049 3659 1269 3734 postea
1295 3654 1358 3714 in
1389 3654 1501 3715 tali
1514 3655 1651 3716 loco
1673 3673 1788 3735 po-

241 3770 406 3813 nere
428 3798 444 3828 ,
476 3750 575 3812 vel
605 3750 685 3811 ob
733 3749 969 3810 similes
1014 3747 1312 3809 rationes·
1348 3748 1610 3809 Summa
1636 3766 1786 3826 ergo

241 3848 370 3921 est,
405 3843 573 3924 quod
592 3847 743 3904 tunc
769 3842 972 3903 solum
999 3840 1278 3920 graviter
1304 3844 1525 3918 peccet
1553 3840 1790 3902 elector

240 3938 313 3998 in
348 3937 467 3997 hac
495 3955 585 4011 re,
619 3935 870 4016 quando
899 3935 961 3994 in
994 3933 1214 3995 ordine
1246 3933 1325 3993 ad
1353 3933 1591 3993 bonum
1620 3951 1787 3994 com-

239 4048 444 4091 mune
483 4048 561 4090 ex
605 4028 938 4089 omissione
983 4026 1287 4106 dignioris
1334 4026 1541 4087 timeri
1584 4030 1791 4106 potest

241 4139 448 4202 grave
477 4121 729 4201 aliquod
779 4120 1227 4182 detrimentum
1278 4119 1614 4197 positivum
1639 4164 1655 4195 ,
1688 4120 1789 4181 vel

244 4214 640 4294 negativum,
675 4213 846 4295 quod
873 4213 1075 4274 solum
1104 4230 1234 4291 prae
1264 4212 1458 4273 oculis
1479 4211 1666 4274 debet
1681 4212 1788 4273 ha·

243 4310 431 4384 bere,
463 4312 533 4369 ut
560 4325 671 4369 suo
700 4306 947 4367 muneri
976 4304 1335 4367 satisfaciat.

336 4403 520 4462 Petes
544 4446 560 4477 ,
606 4418 686 4461 an
725 4399 968 4480 possint
993 4398 1236 4478 praelati
1266 4396 1588 4476 regulares
1617 4415 1787 4459 amo-

246 4494 389 4555 veri
419 4494 551 4553 sine
580 4511 769 4554 causa
798 4510 836 4551 a
863 4490 992 4552 suis
1013 4489 1234 4552 officiis
1255 4489 1335 4551 ad
1358 4490 1603 4551 libitum
1628 4509 1790 4570 prae-

250 4588 369 4650 lati
394 4585 781 4666 superioris?
822 4587 913 4646 De
955 4583 1077 4645 hoc
1121 4583 1255 4662 agit
1294 4584 1492 4644 Diana
1521 4586 1596 4646 11.
1629 4589 1781 4647 tom.

252 4686 443 4745 tract.
479 4697 548 4741 ῐῐ.
582 4678 652 4740 de
677 4677 866 4740 dubiis
893 4676 1082 4758 φοραί.
1117 4695 1237 4738 reS.
1273 4680 1410 4737 117.
1440 4680 1504 4739 et
1529 4696 1788 4756 respon-

253 4776 367 4837 det
418 4772 791 4834 affirmative
852 4792 866 4833 ε
928 4771 1077 4851 quia
1139 4769 1382 4849 praelati
1434 4771 1789 4849 superiores

252 4872 520 4930 utuntur
540 4865 686 4945 jure
714 4883 850 4941 sue,
885 4868 949 4925 et
975 4865 1161 4925 affert
1184 4882 1298 4943 pro
1330 4863 1449 4923 hac
1476 4865 1786 4926 sententia

250 4961 585 5039 Aloysium
614 4958 893 5019 Riccium
922 4957 982 5017 in
998 4956 1193 5038 praxi
1223 4960 1310 5018 to.
1346 4957 1449 5018 lv.
1481 4958 1667 5018 resol.
1702 4975 1781 5019 LI.

249 5074 363 5115 nu.
394 5058 458 5114 4.
492 5056 556 5113 et
591 5050 1063 5131 Sigismundum
1101 5068 1137 5109 a
1179 5048 1460 5110 Bononia
1506 5049 1571 5108 in
1599 5054 1782 5113 tract.

246 5147 321 5209 de
348 5146 510 5208 elect.
539 5150 703 5224 part.
734 5145 782 5205 1.
816 5162 955 5223 cap.
990 5159 1103 5205 vn.
1136 5142 1287 5203 dub.
1319 5157 1482 5203 mx,
1516 5161 1689 5204 num.
1722 5148 1784 5208 7.

241 5241 359 5322 qui
387 5259 498 5301 nu.
535 5242 628 5300 14.
664 5238 1022 5317 exemplum
1067 5235 1245 5316 ponit
1281 5235 1347 5295 in
1391 5234 1785 5315 provinciali-

234 5336 389 5410 bus,
443 5335 507 5393 et
548 5331 896 5393 rectoribus
942 5332 1173 5390 nostrae
1213 5328 1530 5390 societatis
1555 5375 1570 5404 ,
1606 5329 1713 5407 qui
1744 5348 1781 5390 a

230 5424 528 5509 generali
570 5427 834 5505 possunt
877 5441 988 5502 pro
1031 5421 1242 5499 libito,
1302 5424 1366 5482 et
1409 5420 1542 5481 sine
1590 5439 1782 5483 causa

229 5519 563 5593 amoveri3
621 5516 769 5598 quia
823 5516 923 5577 hae
975 5533 1193 5578 omnes
1231 5517 1377 5576 sunt
1425 5514 1778 5593 proelaturae

3300 331 3417 393 589

1882 502 2227 563 manuales.
2260 503 2519 566 Addunt
2545 507 2777 582 tamen,
2813 506 2878 566 id
2904 506 3042 567 fieri
3058 524 3181 567 non
3201 525 3408 586 posse,

1886 593 2138 672 quando
2171 596 2481 673 pendente
2532 598 2968 676 accusatione,
3019 599 3118 660 vel
3166 599 3419 678 inquisi-

1883 686 2052 746 tione
2082 692 2302 748 contra
2328 689 2623 767 aliquem,
2655 691 3031 769 spoliaretur
3045 693 3415 771 praelatura:

1886 777 2034 856 quia
2064 782 2216 840 tunc
2244 779 2378 859 ipsa
2408 782 2694 860 spoliatio
2741 785 3191 862 superveniens
3219 784 3421 845 consi-

1885 870 2210 932 derabitur
2262 876 2331 934 ut
2388 892 2573 953 poena
2613 875 2844 953 delicti,
2896 876 2974 936 de
3017 895 3139 956 quo
3169 877 3419 955 incepta

1884 967 2020 1024 erat
2048 966 2366 1027 accusatio
2388 1012 2404 1043 ,
2438 967 2535 1028 vel
2581 968 2897 1047 inquisitio
2931 988 2944 1028 :
2979 987 3167 1048 poena
3203 973 3418 1029 autem

1883 1055 2121 1133 imponi
2152 1075 2277 1118 non
2307 1063 2548 1136 potest,
2609 1060 2725 1121 nisi
2757 1061 3020 1139 probato
3050 1061 3311 1138 delicto,
3343 1064 3415 1121 ut

1885 1151 2062 1210 notat
2085 1151 2389 1212 Lavorius
2436 1153 2498 1212 in
2541 1171 2670 1214 var.
2711 1153 2970 1216 elucubr.
3003 1154 3097 1216 tit.
3131 1155 3234 1217 lv.
3269 1171 3398 1231 cap,

1883 1256 2061 1301 xxm.
2098 1261 2270 1305 num.
2303 1246 2403 1306 33.
2438 1248 2500 1306 et
2525 1248 2624 1306 34.
2660 1246 2940 1307 Probent
2953 1250 3164 1308 autem
3192 1244 3416 1325 praedi-

1884 1338 2050 1394 ctam
2079 1334 2430 1398 doctrinam
2461 1357 2536 1397 ex
2551 1356 2688 1417 cap.
2716 1337 2865 1400 Cum
2881 1338 2963 1399 ud
2974 1338 3414 1415 Monastm'um,

1882 1426 1938 1506 ἓ.
1978 1426 2199 1505 Talem,
2234 1428 2294 1488 in
2324 1431 2448 1490 fine
2476 1477 2492 1506 ,
2537 1430 2758 1510 juncta
2786 1433 3029 1511 glossa,
3061 1432 3238 1494 verb.
3274 1430 3421 1491 Per-

1872 1527 2075 1599 petu0,
2111 1520 2190 1581 de
2228 1526 2392 1583 statu
2438 1524 2931 1602 Monachorum‚
2990 1524 3097 1585 ubi
3140 1524 3368 1585 dicitur
3400 1541 3414 1583 ε

1894 1630 1922 1665 α
1951 1613 2076 1672 Nec
2105 1613 2290 1674 alicui
2329 1615 2759 1679 committatur
2805 1617 3015 1696 aliqua
3062 1616 3419 1678 obedientia

1884 1707 2191 1783 perpetuo
2221 1708 2633 1785 possidenda,
2681 1714 2986 1790 tanquam
3034 1710 3095 1770 in
3146 1728 3260 1770 sua
3299 1708 3418 1769 sibi

1883 1794 2012 1857 vita
2040 1797 2301 1876 locetur,
2361 1801 2472 1861 sed
2529 1820 2672 1862 cum
2719 1803 3070 1881 oportuerit
3111 1800 3414 1877 amoveri,

1883 1887 2017 1948 sine
2055 1893 2549 1955 contradictione
2590 1895 2871 1974 qualibet
2906 1899 3257 1971 revocetur,
3290 1917 3318 1952 υ
3359 1898 3422 1954 et

1885 1999 1960 2041 ex
1990 2000 2128 2063 cap.
2165 1983 2449 2063 Qualiter,
2482 1995 2535 2047 et
2562 1987 2793 2068 quando
2823 2006 2893 2050 11.
2936 1989 2997 2048 in
3027 1989 3150 2049 fine
3175 2034 3191 2064 ,
3224 1986 3294 2048 de
3322 2006 3421 2046 ac-

1884 2076 2296 2154 mationibus,
2328 2078 2438 2139 ubi
2468 2079 2546 2139 de
2569 2080 2859 2160 judiciali
2890 2081 3110 2142 ordine
3140 2081 3368 2142 dicitur
3399 2099 3414 2141 :

1894 2188 1922 2224 «
1951 2170 2128 2230 Hunc
2159 2172 2372 2231 tamen
2401 2172 2686 2233 ordinem
2707 2178 2926 2235 contra
2946 2174 3266 2253 regulares
3284 2191 3422 2252 per-

1883 2279 2069 2322 sonas
2108 2281 2234 2324 non
2291 2264 2604 2326 credimus
2658 2286 3110 2346 usquequaque
3165 2284 3423 2327 servan-

1885 2355 2058 2432 dum,
2089 2374 2230 2436 quse
2262 2357 2444 2437 (cum
2481 2376 2672 2420 causa
2717 2358 3019 2439 requirit)
3060 2359 3323 2434 faciliuS‚
3359 2363 3422 2419 et

1881 2447 2140 2508 liberius
2190 2467 2228 2509 a
2277 2449 2406 2510 suis
2459 2456 2723 2529 possunt
2775 2451 3420 2514 administrationibus

1883 2541 2185 2602 amoveri.
2219 2563 2248 2598 ³)

1964 2635 2113 2694 Haeo
2139 2637 2351 2694 tamen
2389 2635 2676 2696 doctrina
2718 2635 2961 2715 indiget
2999 2653 3197 2715 grano
3245 2634 3412 2711 saliS,

1884 2729 1955 2786 ut
1978 2743 2129 2785 vera
2158 2744 2293 2786 esse
2327 2727 2524 2806 possit
2554 2747 2568 2787 :
2602 2746 2750 2787 nam
2790 2728 2936 2789 licet
2973 2728 3260 2789 subditus
3289 2746 3416 2788 non

1886 2817 2171 2896 acquirat
2217 2819 2321 2898 jus
2371 2837 2448 2880 ex
2501 2818 2746 2900 justitia
2769 2867 2784 2897 ,
2852 2825 2923 2883 ut
2983 2822 3412 2899 praelaturam,

1885 2911 2061 2990 quasi
2090 2930 2203 2972 suo
2239 2911 2382 2991 jure
2423 2913 2779 2992 possideat,
2815 2918 2879 2976 et
2906 2913 2970 2974 in
3000 2932 3076 2975 ea
3103 2933 3227 2974 non
3259 2932 3418 2993 pen·-

1885 3003 2031 3066 deat
2057 3005 2246 3066 etiam
2276 3005 2339 3065 in
2386 3007 2746 3067 conservari
2790 3025 2827 3067 a
2869 3006 3190 3068 voluntate
3238 3025 3420 3086 supe·

1884 3096 2088 3173 rioris,
2123 3097 2230 3177 qui
2275 3096 2417 3177 jure
2460 3115 2572 3159 suo
2617 3099 2847 3178 poterit
2891 3100 3296 3179 praelaturam
3324 3117 3424 3159 se-

1885 3191 2010 3251 mel
2037 3191 2329 3252 collatam
2356 3191 2601 3252 auferre
2638 3213 2651 3254 :
2686 3211 2935 3273 semper
2981 3198 3196 3255 tamen
3225 3195 3425 3254 restat

1885 3284 1966 3344 ad
1995 3284 2205 3345 minus
2234 3284 2532 3363 obligatio
2562 3285 2887 3347 charitatis
2912 3333 2927 3363 ,
2976 3306 3102 3366 qua
3141 3285 3426 3365 superior

1883 3380 2136 3439 tenetur
2177 3378 2373 3439 vitare
2427 3397 2621 3457 grave
2669 3379 2972 3440 damnum
3019 3380 3111 3440 sui
3164 3378 3420 3456 subditi,

1888 3469 2133 3548 quoties
2161 3468 2221 3529 id
2254 3470 2387 3530 sine
2414 3471 2602 3549 gravi
2625 3490 2737 3532 suo
2770 3472 3167 3533 incommodo
3191 3475 3418 3551 potest.

1887 3562 2151 3635 Quando
2183 3580 2331 3642 ergo
2377 3563 2674 3640 praelatus
2719 3564 2975 3626 inferior
3014 3584 3209 3644 grave
3248 3564 3428 3625 dam-

1887 3672 2036 3714 num
2048 3654 2286 3715 subiret
2297 3659 2542 3717 amotus
2565 3656 2646 3716 ab
2668 3656 2894 3733 officio,
2911 3661 2975 3720 et
2990 3658 3159 3718 nulla
3171 3662 3265 3719 est
3279 3675 3422 3719 cau-

1886 3765 1957 3807 sa
1974 3747 2053 3807 ad
2072 3765 2216 3808 eum
2231 3748 2674 3825 amovendum,
2695 3749 2883 3811 debet
2900 3750 3205 3829 superior,
3222 3751 3271 3809 si
3286 3750 3423 3810 abs-

1888 3857 2008 3920 que
2037 3840 2218 3918 gravi
2245 3840 2646 3902 incommodo
2689 3841 2922 3919 possit,
2983 3842 3137 3903 illud
3186 3841 3422 3904 subditi

1886 3931 2189 3993 damnum
2232 3932 2453 3994 vitare.
2500 3932 3022 4013 Distinguendum
3070 3938 3281 3996 autem
3331 3938 3427 3997 est

1888 4025 2054 4086 circa
2083 4025 2203 4087 hoc
2232 4025 2467 4087 subditi
2512 4026 2814 4087 damnum
2847 4047 2861 4088 ε
2897 4028 2950 4087 si
2978 4028 3146 4089 enim
3187 4046 3315 4089 non
3345 4029 3426 4091 sit

1887 4118 2055 4179 aliud
2087 4136 2278 4198 quam
2308 4136 2522 4180 carere
2550 4118 2656 4180 illo
2689 4120 2926 4181 honore
2957 4121 3056 4181 vel
3086 4121 3422 4183 commodo

1888 4211 2096 4288 officii,
2145 4211 2266 4273 hoc
2294 4230 2420 4272 non
2449 4211 2687 4292 obligat
2725 4214 3113 4293 superiorem
3157 4214 3241 4276 ad
3278 4234 3425 4275 eum

1886 4304 2388 4366 conservandum
2421 4324 2435 4366 :
2470 4324 2617 4366 nam
2664 4307 2718 4367 si
2763 4308 3041 4388 aliquem
3082 4307 3425 4369 liberaliter

1887 4396 2157 4476 hospitio
2186 4398 2498 4477 recepisti,
2518 4399 2868 4479 velequum
2898 4400 2957 4461 ei
2984 4401 3420 4477 commodasti,

1887 4494 2065 4568 potes
2093 4507 2338 4551 cessare
2370 4490 2448 4551 ab
2479 4509 2552 4552 eo
2581 4491 2887 4554 beneficio
2915 4494 3320 4570 conferendO,
3354 4493 3425 4552 li-

1887 4585 1987 4644 cet
2012 4583 2115 4643 ille
2146 4583 2448 4645 damnum
2468 4585 2773 4663 patiatur,
2808 4606 3035 4666 nempe
3066 4605 3280 4648 carere
3316 4587 3421 4648 illo

1885 4676 2074 4737 bono,
2130 4676 2194 4737 Si
2241 4680 2453 4738 autem
2506 4696 2580 4738 ex
2625 4680 2940 4740 amotione
2978 4681 3059 4741 ab
3092 4680 3295 4741 officio
3328 4698 3422 4739 se·

1888 4774 2115 4850 quatur
2136 4769 2195 4829 ei
2221 4769 2478 4831 infamia
2507 4771 2738 4850 gravis,
2776 4773 2944 4851 quod
2965 4772 3425 4834 existimabitur

1889 4862 1970 4923 ob
1997 4881 2113 4923 sua
2142 4862 2450 4925 demerita
2478 4868 2725 4925 amotus
2750 4912 2765 4942 ,
2814 4865 2935 4926 hoc
2977 4866 3095 4928 erit
3119 4867 3423 4926 damnum

1888 4955 2252 5017 distinctum
2282 4974 2318 5016 a
2348 4957 2628 5018 carentia
2656 4958 2874 5034 oflicii3
2910 4963 2972 5020 et
2989 4963 3157 5036 tunc,
3183 4959 3235 5019 si
3255 4957 3426 5018 nulla

1889 5054 1982 5109 est
2008 5067 2198 5110 causa
2226 5049 2557 5110 amovendi
2589 5095 2605 5126 ,
2657 5055 2722 5112 et
2746 5055 2952 5130 potest
2977 5052 3262 5131 superior
3289 5051 3424 5111 sine

1885 5141 2061 5220 gravi
2098 5141 2496 5203 incommodo
2527 5161 2672 5203 enm
2700 5161 2823 5204 non
2846 5162 3160 5221 amovere,
3183 5146 3424 5205 certum

1886 5239 2000 5311 est,
2034 5235 2203 5314 quod
2233 5239 2452 5315 peccat
2477 5236 2755 5314 graviter
2783 5238 3004 5299 saltem
3032 5241 3252 5300 contra
3278 5236 3427 5297 cha·

1884 5328 2135 5389 ritatem
2163 5328 2316 5389 illud
2345 5329 2645 5389 damnum
2674 5330 2921 5392 subdito
2950 5328 3417 5407 inferendo,vel

1880 5439 2005 5482 non
2033 5420 2469 5501 impediendo,
2503 5426 2567 5484 et
2604 5422 2724 5484 hoc
2762 5423 2908 5486 licet
2948 5424 3122 5486 nulla
3151 5441 3419 5504 praeces-

1878 5515 2031 5577 serit
2056 5514 2397 5592 accusatio,
2431 5515 2531 5575 vel
2578 5515 2899 5594 inquisitio
2947 5522 3166 5580 contra
3216 5520 3414 5582 illum·

3577 2651 3655 2713 62
