4263 6376
798 333 914 396 784

800 523 921 584 que
952 505 1242 565 dominus
1290 504 1345 564 si
1390 503 1569 564 timet
1609 503 1825 580 fugam
1858 502 2043 578 servi,
2093 502 2330 562 eumin

800 615 1052 664 carcere
1087 597 1185 658 vel
1232 596 1298 658 in
1333 595 1599 656 vinculis
1644 599 1892 667 tenere;
1947 614 2072 655 non
2115 598 2331 654 tamen

800 693 1012 770 posset
1039 689 1093 750 ei
1121 689 1315 769 pedes
1342 689 1441 749 vel
1470 707 1693 749 manus
1721 687 2095 749 abscindere
2124 705 2205 746 ne
2237 687 2335 746 fu-

799 784 951 862 giat,
984 783 1103 843 hoc
1132 781 1297 842 enim
1327 781 1656 841 excederet
1671 780 1905 840 domini
1935 782 2330 858 potestatem:

801 880 1006 955 potest
1050 893 1200 955 ergo
1248 875 1533 936 similiter
1581 874 1801 933 minari
1852 892 2031 934 servo
2081 871 2336 952 aliquod

800 969 1038 1028 malum
1090 967 1471 1047 aequivalens
1515 965 1603 1026 illi
1646 967 1884 1027 carceri
1921 967 2018 1027 vel
2047 965 2332 1041 vinculiS,

801 1061 851 1121 si
881 1060 1081 1140 fugiat
1106 1067 1176 1121 ut
1202 1064 1405 1121 metus
1425 1059 1587 1119 illius
1616 1059 1764 1118 mali
1794 1059 1969 1139 quasi
1999 1058 2337 1138 compedes

802 1156 866 1215 et
892 1153 1140 1215 vincula
1171 1171 1314 1213 eum
1343 1152 1735 1214 contineant:
1768 1171 1971 1232 neque
2002 1152 2170 1212 enim
2196 1151 2337 1230 plus

805 1252 899 1308 est
918 1250 1057 1325 post
1077 1247 1292 1324 fugam
1322 1244 1656 1305 verberare
1686 1264 1959 1321 servum,
1986 1263 2174 1323 quam
2194 1247 2337 1304 ante

801 1341 1018 1418 fugam
1048 1357 1192 1399 eum
1220 1338 1283 1397 in
1315 1338 1575 1398 vinculis
1604 1340 1817 1398 tenere
1842 1354 1856 1400 ε
1889 1337 2016 1399 imo
2045 1336 2336 1398 tolerabi-

801 1432 921 1493 lius
953 1437 1047 1494 est
1090 1431 1286 1493 servis
1317 1431 1483 1510 quod
1538 1430 1691 1491 illud
1742 1431 2015 1508 primum
2065 1429 2336 1490 dominis

802 1524 1009 1601 liceat,
1042 1542 1231 1605 quam
1270 1523 1441 1602 quod
1469 1523 1816 1583 secundum
1852 1543 1864 1583 :
1919 1527 2210 1583 neutrum
2239 1541 2337 1582 er-

805 1637 885 1698 go
914 1618 1157 1679 excedit
1185 1617 1422 1678 domini
1448 1621 1842 1696 potestatem.
1893 1615 1995 1677 Sic
2023 1616 2211 1677 etiam
2233 1613 2337 1694 ju-

808 1713 927 1773 dex
955 1714 1166 1791 posset
1193 1710 1445 1789 quando
1476 1710 1656 1782 timet
1684 1709 1761 1768 de
1790 1709 1938 1787 fuga
1969 1707 2338 1786 delinquen-

804 1806 905 1881 tis,
939 1823 1084 1864 eum
1115 1803 1415 1883 asperiori
1458 1806 1520 1862 et
1547 1801 1782 1863 duriori
1811 1820 2028 1863 cacere
2058 1800 2338 1862 contine-

804 1917 896 1975 re,
932 1897 994 1957 in
1024 1897 1432 1957 subterraneo
1462 1895 1598 1956 loco
1630 1899 1691 1956 et
1719 1895 2009 1955 manibus
2040 1894 2337 1973 pedibus-

806 2010 927 2072 que
951 1991 1157 2070 ligatis
1191 2010 1203 2050 :
1237 2008 1363 2050 non
1395 1992 1605 2049 tamen
1635 1992 1846 2067 posset
1874 2006 2018 2048 eum
2048 1987 2335 2049 occidere

804 2086 904 2146 vel
933 2084 1220 2145 mutilare
1250 2102 1327 2143 ne
1357 2082 1622 2161 fugeret.
1657 2082 1955 2144 Similiter
1984 2099 2134 2160 ergo
2164 2085 2336 2161 pote-

804 2178 886 2240 rit
913 2181 1085 2239 metu
1113 2176 1508 2256 aequivalenti
1559 2193 1703 2236 eum
1752 2175 1815 2235 in
1860 2192 2111 2235 carcere
2142 2173 2339 2235 conti-

806 2290 990 2344 nere3
1023 2269 1247 2330 melius
1278 2267 1445 2328 enim
1477 2287 1622 2328 cum
1649 2285 1758 2328 reo
1791 2267 2018 2346 agitur,
2051 2267 2103 2326 si
2123 2266 2336 2328 mitio-

804 2383 940 2426 rem
970 2380 1285 2424 carcerem
1317 2361 1545 2422 habeat
1563 2361 1694 2421 sine
1716 2360 1979 2420 vinculis
2007 2364 2070 2420 et
2095 2359 2333 2421 incom-

804 2456 1008 2519 modis
1036 2456 1177 2531 illis,
1224 2459 1285 2517 ct
1313 2458 1452 2532 post
1478 2455 1692 2530 fugam
1721 2453 2069 2532 flagelletur
2117 2473 2131 2513 ε
2190 2471 2338 2513 nam

803 2551 1071 2629 ipsamet
1098 2549 1399 2626 asperitas
1427 2547 1696 2607 durioris
1726 2547 1993 2608 carceris
2019 2547 2339 2607 videretur

804 2641 1169 2704 verberibus
1199 2640 1609 2719 aequivalere;
1644 2658 1767 2701 non
1791 2658 1940 2718 ergo
1971 2639 2216 2701 excedit
2235 2638 2340 2719 ju-

806 2736 962 2797 dicis
988 2737 1362 2814 potestatem
1394 2733 1561 2813 quod
1605 2732 1691 2793 ita
1731 2733 1950 2811 puniat
1979 2731 2334 2810 fugitivum,

805 2848 932 2892 non
959 2827 1038 2888 ad
1071 2827 1458 2905 puniendum
1508 2825 1617 2885 sed
1648 2825 1728 2885 ad
1761 2825 2206 2886 deterrendum
2229 2870 2245 2901 ‚
2280 2828 2342 2886 et

807 2921 1253 2984 continendum
1268 2937 1445 2980 reum
1460 2919 1729 2981 suaviori
1753 2919 1943 2980 modo
1962 2923 2108 2979 ante
2139 2919 2338 2997 ipsam

808 3015 1049 3095 fugam.

889 3109 1046 3170 Hinc
1075 3107 1272 3169 oritur
1301 3105 1530 3184 duplex
1556 3105 1910 3167 difficultas,

564 3222 645 3283 4ss
891 3202 1099 3264 Prima
1129 3220 1206 3261 an
1237 3218 1380 3260 reus
1404 3245 1419 3276 ‚
1467 3200 1572 3279 qui
1602 3199 1762 3277 fugit
1786 3203 1970 3277 rupto
1992 3202 2056 3260 et
2081 3199 2336 3260 effracto

485 3349 605 3403 Quid
639 3347 747 3390 Μ
812 3314 1083 3367 carcere,
1118 3297 1304 3373 atque
1335 3292 1452 3352 hac
1482 3292 1807 3353 occasione
1836 3292 1942 3352 alii
1972 3293 2340 3372 delinquen-

507 3416 605 3448 occa
608 3414 722 3444 ooooo
812 3396 906 3454 tes
932 3388 1199 3467 fugiunt,
1233 3391 1392 3448 tene·
1380 3389 1520 3446 itur
1548 3385 1627 3445 ad
1661 3386 1890 3445 damna
1919 3405 2058 3465 quae
2088 3386 2208 3448 hac
2235 3404 2339 3447 oc·

530 3457 705 3553 νῗξῖἑιιῗι
813 3482 1061 3546 casione
1089 3479 1426 3555 actoribuS,
1451 3499 1488 3538 v
1494 3479 1550 3538 el
1578 3478 1935 3557 reipublicae
1958 3479 2341 3540 obveniunt?

512 3566 686 3620 ‘³⁰⁸⁹‘
660 3567 718 3605 ¹¹²·
812 3573 1248 3655 Respondetur
1276 3572 1596 3650 negative,
1632 3572 1780 3651 quia
1807 3590 1951 3632 reus
1982 3572 2178 3634 utitur
2198 3571 2341 3651 jure

810 3688 971 3732 suo.
1021 3668 1126 3727 illa
1155 3670 1368 3727 autem
1396 3665 1624 3725 damna
1663 3670 2007 3744 sequuntur
2036 3683 2151 3742 per
2178 3665 2343 3725 acci-

811 3764 965 3824 dens
994 3766 1056 3823 et
1083 3762 1313 3839 praeter
1340 3759 1475 3837 ejus
1505 3758 1950 3819 intentionem·
1936 3805 1951 3831 ‚
1986 3758 2151 3818 sibi
2135 3776 2342 3836 impu-

810 3860 903 3918 tet
925 3859 1133 3916 custos
1164 3853 1269 3932 qui
1300 3852 1624 3930 negligens
1668 3852 1785 3912 fuit
1811 3851 1874 3911 in
1910 3868 2023 3912 suo
2051 3869 2335 3911 munere.

810 3952 904 4012 Ita
928 3948 1176 4010 Lessius
1206 3966 1267 4006 n.
1289 3949 1387 4007 38.
1414 3946 1623 4007 Salon.
1661 3944 1721 4004 in
1754 3945 2048 4023 praesenti
2076 3963 2138 4024 q.
2174 3962 2336 4006 Lxlx.

812 4046 929 4104 art.
964 4046 1025 4102 4.
1062 4039 1290 4102 Sanch.
1342 4038 1404 4099 d.
1457 4038 1605 4099 dub.
1642 4055 1725 4098 lx.
1780 4038 1956 4098 Salas
1999 4038 2104 4098 ubi
2154 4056 2342 4115 supra

812 4156 875 4197 n.
908 4138 1006 4196 91.
1041 4137 1103 4195 et
1129 4132 1234 4193 alii
1262 4131 1694 4193 communiter.

587 4238 663 4294 47
894 4226 1183 4289 Secunda
1211 4225 1544 4287 difficultas
1567 4224 1712 4285 huic
1731 4224 1948 4286 similis
1969 4228 2083 4301 est,
2116 4243 2196 4285 an
2225 4224 2345 4285 sal-

497 4362 562 4404 An
593 4360 645 4404 d
647 4362 721 4404 be
725 4364 741 4403 ι
812 4325 941 4383 tem
969 4324 1258 4380 teneatur
1298 4337 1440 4378 reus
1479 4319 1558 4378 ad
1586 4318 2010 4396 reparandum
2040 4318 2344 4379 damnum

470 4429 547 4513 1³2
540 4422 767 4512 “oudamsg
814 4415 1012 4476 ruinae
1043 4412 1387 4491 parietum,
1429 4411 1526 4470 vel
1557 4416 1881 4489 rupturam
1912 4411 2179 4472 carceris
2212 4430 2246 4469 a
2276 4428 2343 4471 se

472 4535 586 4578 pane
561 4527 688 4574 eumn
725 4528 766 4566 et
815 4507 1087 4571 factam?
1116 4507 1360 4582 Negant
1387 4503 1575 4582 aliqui
1602 4510 2062 4583 consequenter
2089 4504 2170 4565 ad
2199 4523 2345 4583 pro-

545 4577 691 4619 'mm'
814 4603 979 4662 xime
1010 4600 1196 4661 dicta.
1257 4600 1347 4660 lta
1377 4598 1623 4658 Bannes
1678 4597 1740 4657 in
1785 4599 2118 4677 praesenti,
2167 4598 2345 4678 cujus

816 4693 1190 4755 sententiam
1260 4690 1649 4769 probabilem
1707 4689 1858 4751 dicit
1910 4691 2227 4751 Malderus
2282 4691 2345 4750 in

818 4785 1106 4867 praesenti
1137 4783 1285 4845 dub.
1321 4801 1380 4845 v.
1416 4802 1586 4844 num.
1612 4786 1710 4845 37.
1746 4784 2106 4845 Communis
2134 4788 2345 4844 tamen

817 4878 1128 4942 sententia
1174 4877 1445 4937 affirmat
1485 4876 1681 4937 teneri
1733 4876 1812 4936 ad
1859 4877 2341 4955 restituendum,

821 4991 1010 5053 quam
1039 4972 1321 5051 sequitur
1347 4969 1515 5030 idem
1545 4969 1849 5046 Sanchez,
1868 4969 2139 5046 LessiuS,
2160 4974 2223 5030 ct
2242 4970 2344 5030 alii

821 5064 1236 5128 communiter
1257 5110 1273 5141 ,
1307 5064 1453 5144 quia
1482 5062 1631 5122 illud
1662 5066 1756 5123 est
1782 5063 2082 5124 damnum
2113 5063 2347 5124 directe

820 5161 1149 5221 intentum.
1203 5156 1380 5217 Ratio
1426 5160 1634 5216 autem
1680 5155 2005 5234 potissima
2033 5155 2219 5235 hujus
2250 5174 2349 5215 as-

823 5251 1110 5312 sertionis
1139 5250 1385 5309 videtur
1429 5248 1816 5309 desumenda
1864 5267 1940 5308 ex
1967 5249 2086 5308 alio
2117 5248 2350 5326 princi-

824 5345 925 5423 pio
956 5344 1016 5403 in
1046 5342 1311 5403 materia
1341 5341 1417 5401 de
1441 5339 1852 5405 restitutione.
1920 5344 2077 5401 Nam
2123 5341 2176 5400 si
2221 5360 2350 5401 res-

824 5437 1075 5517 publica
1102 5435 1379 5513 indiget,
1435 5453 1496 5495 v.
1530 5454 1591 5512 g.
1650 5433 1836 5496 domo
1873 5440 2021 5512 tua,
2084 5452 2349 5513 eamque

827 5533 1113 5609 oporteat
1142 5528 1390 5590 diruere
1420 5528 1499 5589 ad
1528 5528 1763 5589 bonum
1794 5533 2353 5604 commune3tene-

1954 326 2056 384 DE
2098 323 2452 387 JUSTITIA
2495 326 2596 386 ΕΤ
2637 326 2835 388 JURE

2434 506 2536 562 tur
2561 504 2616 563 si
2644 508 2889 582 potest,
2950 504 3192 566 solvere
3239 504 3350 566 tibi
3388 505 3635 585 justum
3688 508 3967 584 pretium.

2435 595 2734 657 Similiter
2759 597 2810 656 si
2840 615 2955 675 ego
2985 596 3240 676 indigeo
3288 602 3394 659 tuo
3426 617 3590 678 equo
3621 599 3712 659 ad
3746 600 3973 678 tugien-

2435 687 2547 748 dos
2577 688 2787 750 hostes
2824 695 2886 751 et
2926 694 3235 766 mortem,
3298 695 3522 753 teneor
3576 697 3835 752 solvere
3876 695 3972 754 tibi

2435 779 2569 859 ejus
2596 782 2870 859 pretium
2930 803 2943 844 ε
3001 801 3119 844 nec
3170 784 3341 844 enim
3391 784 3497 863 qui
3532 803 3756 845 emere
3788 789 3974 863 potest

2436 879 2727 935 censetur
2776 875 3008 937 habere
3057 877 3163 954 jus
3218 877 3575 954 accipiendi
3622 878 3829 956 gratis
3854 897 3974 938 rem

2436 985 2562 1045 qua
2589 965 2851 1046 indiget.
2914 968 3016 1030 Sic
3044 984 3195 1048 ergo
3221 1016 3236 1045 ,
3290 970 3397 1049 qui
3446 988 3611 1048 opus
3655 971 3853 1030 hahet
3878 970 3974 1030 de-

2435 1063 2676 1121 struere
2724 1078 3041 1122 carcerem
3086 1062 3413 1140 publicum
3470 1063 3556 1122 ad
3613 1064 3971 1142 fugiendam

2435 1156 2703 1213 mortem
2727 1199 2743 1230 ,
2798 1154 3047 1215 videtur
3094 1156 3319 1216 saltem
3346 1156 3554 1216 teneri
3586 1157 3674 1215 ad
3705 1157 3975 1234 obligan-

2436 1244 2588 1305 dum
2616 1265 2681 1307 se
2728 1247 2914 1308 tacite
2946 1249 3025 1308 ad
3073 1250 3548 1328 reparationem
3580 1249 3834 1326 damni,
3887 1252 3973 1310 vel

2437 1338 2810 1400 solutionem
2839 1341 3059 1418 pretii;
3086 1358 3198 1401 cur
3225 1341 3395 1402 enim
3431 1341 3631 1402 debet
3660 1343 3857 1421 gmtis
3884 1362 3976 1402 ac-

2437 1429 2644 1509 cipere
2693 1432 2859 1511 quod
2907 1438 3112 1511 potest
3158 1453 3271 1513 pro
3302 1436 3511 1513 pretio
3546 1434 3834 1495 habere?
3884 1435 3975 1495 illa

2435 1528 2649 1584 autem
2676 1524 2907 1587 damna
2934 1530 3305 1587 caeterorum
3325 1573 3341 1603 ‚
3405 1528 3518 1606 qui
3554 1546 3633 1587 ea
3663 1528 3973 1588 occasione

2436 1615 2682 1694 fugiunt
2707 1635 2832 1678 non
2865 1621 3113 1680 tenetur
3140 1637 3479 1698 reparare:
3518 1639 3676 1680 nam
3704 1627 3975 1699 respectu

2437 1727 2654 1770 eorum
2681 1709 2881 1771 solum
2912 1729 2978 1770 se
3008 1710 3199 1772 hahet
3226 1713 3610 1790 permissive
3637 1760 3655 1789 ‚
3703 1732 3818 1774 nec
3860 1713 3973 1791 ipse

2437 1821 2510 1863 ea
2538 1802 2655 1862 sibi
2686 1806 2948 1881 usurpat
2997 1823 3012 1863 :
3073 1803 3232 1866 sicut
3260 1806 3367 1884 qui
3402 1806 3486 1866 ad
3520 1807 3895 1885 fugiendum
3920 1807 3972 1865 in

2437 1900 2717 1957 extrema
2769 1895 3136 1958 necessitate
3199 1897 3278 1958 ab
3326 1898 3631 1961 hostibus
3684 1901 3976 1978 acciperet

2435 2008 2669 2070 equum
2702 1989 2902 2066 Petri,
2953 2008 3081 2052 non
3119 1994 3447 2053 teneretur
3476 1993 3732 2054 solvere
3762 1994 3977 2054 damna

2437 2102 2577 2163 quae
2611 2085 2828 2144 Petrus
2855 2082 3116 2144 fortasse
3136 2101 3211 2145 ea
3227 2084 3305 2144 de
3332 2103 3536 2146 causa
3558 2104 3677 2164 per
3705 2085 3977 2146 accidens

2436 2175 2820 2252 incurrisset,
2852 2176 2962 2237 sed
2993 2176 3196 2237 solum
3226 2179 3510 2258 pretium
3544 2181 3697 2258 equi
3727 2226 3743 2255 ,
3804 2196 3977 2258 quem

2434 2269 2499 2329 in
2528 2269 2634 2330 illa
2663 2269 3031 2330 necessitate
3050 2271 3252 2348 potuit
3283 2290 3533 2349 emere,
3561 2272 3871 2352 quidquid
3896 2273 3978 2330 in·

2437 2362 2515 2423 de
2545 2365 2932 2441 sequeretur.
2969 2363 3129 2423 Hinc

2518 2455 2779 2517 Videtur
2807 2455 3141 2516 dicendum
3170 2457 3355 2519 tertio
3379 2504 3397 2534 ‚
3461 2476 3661 2537 pares
3692 2478 3823 2521 esse
3856 2478 3975 2520 reos

2439 2548 2647 2628 quoad
2676 2551 3046 2627 potestatem
3075 2549 3357 2628 fugiendi
3389 2556 3548 2611 ante
3564 2554 3668 2613 vel
3690 2561 3827 2631 post
3854 2572 3978 2613 ω]-

2438 2641 2697 2703 tentiam
2730 2686 2746 2718 ,
2807 2643 2879 2702 ut
2922 2644 3096 2703 notat
3148 2643 3401 2704 Lessius
3461 2663 3621 2705 cum
3677 2647 3977 2706 communi

2439 2734 2589 2795 dub.
2624 2753 2683 2795 v.
2717 2752 2889 2795 num.
2919 2736 3017 2795 31.
3084 2736 3259 2796 Ratio
3303 2737 3476 2797 enim
3508 2738 3742 2799 eadem
3770 2740 3979 2818 probat

2439 2831 2582 2889 ante
2613 2826 2984 2888 sententiam
3017 2827 3115 2889 vel
3148 2832 3289 2907 post
3318 2830 3495 2891 illam
3523 2877 3541 2907 ‚
3594 2850 3741 2892 cum
3772 2832 3979 2892 funde-

2437 2920 2629 2983 turin
2666 2919 2812 3000 jure
2857 2921 3126 2982 naturali
3170 2922 3392 2984 tuendi
3437 2927 3772 3002 propriam
3803 2926 3975 2984 vitam

2439 3017 2501 3075 et
2530 3031 2863 3093 personam
2888 3060 2904 3091 ‚
2952 3014 3203 3093 quando
3232 3019 3445 3094 potest
3472 3016 3618 3078 sine
3650 3018 3873 3097 injuria
3901 3018 3979 3075 al·

2434 3107 2651 3168 terius,

2517 3200 2839 3280 Excipitur
2866 3200 3066 3280 primo
3097 3201 3198 3262 ille
3230 3203 3340 3282 qui
3362 3202 3744 3283 juramento
3764 3207 3976 3285 promi-

2438 3294 2519 3357 sit
2544 3313 2800 3355 manere
2829 3295 2891 3354 in
2922 3313 3172 3356 carcere
3234 3317 3247 3357 :
3309 3300 3372 3359 et
3423 3298 3697 3377 quidem
3739 3300 3975 3380 quando

4040 3326 4163 3485 253ss
4092 3204 4133 3257 ε-

2440 3406 2654 3449 carcer
2681 3395 2775 3448 est
2793 3386 3019 3467 justuS‚
3046 3393 3108 3449 et
3136 3408 3324 3467 poena
3341 3409 3489 3470 quae
3511 3394 3782 3454 timetur
3808 3395 3977 3454 etiam
4034 3410 4047 3433 ⁴
4146 3396 4173 3417 ²*

2440 3485 2535 3542 est
2557 3483 2729 3561 justa
2749 3528 2763 3557 ,
2814 3499 3030 3542 omnes
3059 3483 3457 3559 concedunt,
3511 3485 3804 3566 obligare
3825 3489 3979 3565 jura·

2442 3579 2723 3635 mentum
2749 3573 3081 3651 manendi,
3132 3575 3233 3635 vel
3277 3577 3602 3638 redeundi
3654 3579 3737 3639 ad
3785 3598 3981 3640 caree·

2441 3686 2574 3727 rem
2595 3712 2611 3743 ,
2662 3666 2950 3747 quamvis
2978 3667 3174 3746 aliqui
3203 3676 3509 3731 censeant
3533 3673 3979 3733 relaxationem

2441 3760 2606 3821 illius
2629 3760 2972 3840 juramenti
3002 3779 3137 3820 esse
3166 3762 3656 3824 concedendam
3681 3812 3699 3841 ,
3743 3766 3978 3844 quando

2441 3854 2697 3915 timetur
2724 3870 2912 3931 poena
2931 3853 3171 3929 mortiS,
3199 3854 3277 3914 ob
3295 3856 3595 3916 naturale
3618 3875 3981 3919 conservan-

2442 3946 2538 4006 ‹1ae
2567 3946 2710 4007 vitae
2734 3945 2860 4024 juS.
2895 3949 2985 4006 Ita
3013 3946 3170 4008 Lud.
3204 3950 3413 4026 Lopez
3445 3956 3511 4011 et
3539 3951 3675 4023 alii,
3712 3971 3869 4031 quos
3898 3970 3984 4010 re-

2442 4039 2562 4100 fcrt
2588 4039 2813 4100 Thom.
2851 4038 3137 4100 Sanchez
3180 4045 3333 4102 tom.
3370 4043 3419 4103 1.
3470 4042 3532 4101 in
3566 4042 3852 4123 Decaloq.
3884 4044 3977 4103 lib.

2443 4148 2536 4193 111.
2572 4150 2709 4211 cap.
2749 4148 2833 4193 xl.
2869 4150 3041 4193 num.
3074 4135 3172 4194 36.
3228 4135 3399 4213 quod
3432 4139 3655 4196 tamen
3690 4138 3827 4216 ipse
3856 4155 3981 4197 cum

2442 4225 2761 4287 communi
2790 4229 3013 4304 negat,
3064 4226 3212 4304 quia
3242 4232 3335 4287 est
3356 4226 3811 4306 juramentum
3842 4249 3984 4308 pra*-

2443 4318 2656 4379 stitum
2685 4318 2747 4378 in
2775 4319 3055 4379 favorem
3083 4319 3247 4379 tertii
3278 4320 3413 4379 sine
3457 4321 3588 4380 ulla
3624 4322 3863 4401 injuria
3890 4328 3985 4381 aut

2440 4411 2825 4489 turpitudine
2859 4429 2930 4471 ex
2962 4416 3138 4490 parte
3171 4413 3571 4490 postulantiS.
3619 4417 3713 4476 De
3744 4434 3985 4476 carcere

2444 4507 2505 4565 et
2533 4522 2722 4582 poena
2747 4503 2978 4583 injusta
3005 4504 3196 4565 variae
3226 4510 3369 4566 sunt
3387 4510 3756 4584 sententiae,
3784 4528 3867 4568 an
3890 4508 3989 4569 ob·

2442 4596 2594 4675 liget
2612 4596 3042 4675 juramentum
3072 4616 3194 4657 non
3225 4598 3529 4676 fugiendi,
3554 4601 3656 4660 vel
3690 4600 3985 4661 redeundi

2445 4690 2526 4749 ad
2561 4708 2845 4750 carceres
2869 4736 2884 4766 ‚
2932 4707 3089 4768 quas
3117 4682 3397 4752 referunt
3428 4693 3723 4753 Sanchez
3757 4697 3865 4754 ubi
3898 4714 3991 4752 sn·

2445 4799 2559 4862 pra
2585 4828 2601 4859 ‚
2654 4786 2716 4843 et
2743 4783 2849 4844 lib.
2888 4785 2986 4843 vl.
3027 4782 3248 4844 Constl.
3299 4784 3489 4861 capit.
3525 4800 3617 4848 lv.
3670 4787 3834 4847 dub.
3868 4804 3983 4847 xvi.

2446 4877 2680 4938 Suarez
2709 4880 2861 4937 tom.
2896 4876 2974 4937 11.
3007 4874 3078 4936 de
3106 4875 3299 4955 Reliq.
3341 4880 3526 4939 tract.
3564 4877 3638 4939 de
3643 4880 3987 4958 jur-mento

2442 4968 2553 5033 lib.
2587 4985 2658 5030 11.
2694 4987 2833 5047 cap.
2860 4986 2922 5030 Χ.
2955 4969 3206 5030 Lessius
3253 4969 3417 5029 infra
3465 4989 3608 5049 cap.
3644 4974 3809 5034 XLI.
3845 4974 3985 5033 dub.

2448 5078 2535 5124 Ἦ.
2569 5063 2759 5140 Vasq.
2795 5063 2856 5121 in
2889 5065 2945 5122 1.
2981 5065 3040 5122 2.
3075 5061 3308 5140 disput.
3343 5064 3605 5125 CLXIV.
3638 5084 3695 5126 c.
3730 5084 3795 5127 v.
3823 5067 3989 5128 Salas

2447 5154 2518 5215 de
2546 5154 2714 5234 leyib.
2752 5155 2910 5233 disp.
2951 5156 3081 5216 XV.
3117 5159 3270 5217 sect.
3302 5172 3413 5218 vn.
3440 5176 3616 5219 num.
3648 5163 3754 5221 95.
3788 5162 3987 5222 Prima

2450 5252 2638 5326 negat
2664 5247 2978 5325 obligare,
3030 5249 3288 5327 quando
3331 5269 3544 5312 carcer
3573 5256 3667 5312 est
3696 5252 3985 5332 injustus.

2450 5344 2625 5402 Hanc
2651 5343 2865 5401 tenent
2905 5341 3114 5419 plures
3159 5362 3321 5422 quos
3352 5346 3529 5405 affert
3556 5347 3795 5407 Sanch.
3833 5348 3988 5406 dicte·

2451 5452 2591 5512 cap.
2628 5450 2713 5495 xl.
2749 5452 2921 5496 num.
2953 5436 3052 5495 26.
3101 5437 3405 5497 Secunda
3433 5440 3739 5500 sententia
3772 5442 3989 5501 limitat

2452 5527 2914 5606 praecedentem
2938 5573 2954 5605 ,
3015 5531 3083 5590 ut
3129 5529 3349 5592 locum
3380 5532 3610 5596 habeat
3633 5536 3893 5612 quando
3922 5535 3988 5595 u·-
