4263 6376
335 558 581 635 dignum,
613 564 861 623 tenetur
893 562 951 622 ei
980 562 1058 622 ad
1086 561 1539 622 restitutionem
1569 565 1826 639 propter

331 648 590 729 injuriam
619 653 877 714 illatam.

395 744 646 805 Dubium
674 753 786 821 est,
823 765 904 807 an
933 747 982 808 si
1011 766 1125 828 per
1153 748 1278 806 vim
1309 747 1404 807 vel
1435 746 1718 807 fraudem
1737 746 1825 806 fe-

214 872 241 912 ,ἰ
327 836 471 911 cisti,·
495 838 662 915 quod
692 858 817 899 non
855 841 1189 918 eligeretur
1230 841 1456 918 dignus
1481 886 1496 915 ,
1550 840 1824 900 tenearis

192 926 286 1021 ἐξ*
325 929 392 989 ad
418 930 903 993 restitutionem?
931 936 1006 995 Et
1035 933 1309 1013 quidem,
1343 934 1394 993 si
1423 934 1622 993 solum
1650 935 1825 993 secis-

223 1033 280 1074 ἰη-
321 1040 406 1082 ses
432 1024 489 1081 vi
510 1024 607 1083 vel
637 1024 855 1085 fraude
881 1072 896 1101 ,
932 1027 1098 1106 quod
1147 1046 1268 1086 non
1309 1027 1644 1104 eligeretur
1671 1026 1825 1087 indi-

81 1150 88 1161 ·
127 1087 278 1182 ..ἐξά
316 1133 460 1193 gnus
485 1116 595 1175 sed
625 1117 889 1195 dignus»,
949 1138 1069 1180 non
1117 1119 1345 1181 teneris
1374 1118 1454 1177 ad
1495 1120 1828 1179 restituen-

79 1196 233 1255 εἶφ’*
316 1207 448 1267 dum
477 1209 760 1287 indignO.
797 1211 940 1273 licet
957 1212 1230 1292 alioquin
1254 1212 1543 1289 injuriam
1565 1213 1826 1273 fortasse

317 1298 362 1358 ei
391 1300 674 1363 intuleris
703 1303 1081 1381 imponendo
1121 1306 1180 1365 ei
1207 1305 1357 1365 vitia
1387 1323 1526 1384 quae
1557 1324 1681 1365 non
1713 1306 1823 1365 ha-

49 1366 88 1545 ¹1
311 1392 534 1455 bebat:
581 1413 779 1474 quare
838 1396 1094 1457 debebis
1145 1402 1360 1475 postea
1399 1399 1725 1460 restituere
1770 1399 1825 1458 ei

67 1548 88 1563 Ι,
309 1485 528 1545 famam
560 1487 789 1565 injuste
818 1489 1112 1565 ablatam,
1147 1490 1226 1550 ad
1257 1509 1447 1570 quam
1476 1490 1607 1568 ipse
1641 1492 1828 1551 babe-

49 1526 52 1631 l
307 1577 406 1640 hat
424 1578 548 1658 jus,
592 1581 746 1640 nihil
779 1586 986 1642 tamen
1016 1583 1208 1643 debes
1241 1601 1349 1661 pro
1380 1585 1685 1644 beneficio
1717 1585 1827 1644 ab·

307 1671 441 1746 lato,
486 1672 568 1732 ad
611 1674 778 1750 quod
827 1676 1060 1735 nullum
1093 1676 1363 1736 habehat
1403 1678 1548 1755 jus;
1589 1682 1656 1736 ut
1685 1694 1826 1736 cum

305 1764 513 1825 Ledes.
547 1767 803 1829 Covarr.
834 1769 1082 1830 Mercad
1104 1775 1167 1830 et
1185 1770 1321 1830 aliis
1342 1770 1569 1831 docent
1591 1770 1821 1831 Sancb.

307 1856 362 1915 d.
394 1857 541 1918 dub.
577 1875 740 1919 xux.
776 1879 944 1922 num.
985 1866 1079 1923 12.
1113 1862 1178 1923 Si
1204 1868 1417 1923 autem
1446 1882 1559 1941 per
1592 1862 1714 1923 vim
1731 1864 1827 1923 vel

306 1949 581 2009 fraudem
613 1952 816 2013 fecisti
845 1955 1011 2033 quod
1043 1974 1166 2015 non
1209 1956 1546 2033 eligeretur
1573 1957 1821 2035 dignus,

304 2040 407 2101 sed
435 2041 710 2120 dignior,
745 2044 1253 2122 distinguendum
1302 2053 1434 2118 est;
1484 2067 1627 2109 nam
1661 2049 1722 2108 in
1754 2049 1827 2110 iis

306 2133 582 2210 casibus,
645 2135 710 2194 in
756 2137 979 2215 quibus
1031 2139 1406 2200 beneficium
1462 2160 1536 2200 ex
1585 2140 1829 2219 justitia

306 2228 750 2290 commutativa
777 2229 1125 2292 debebatur
1152 2233 1457 2311 digniori,
1505 2252 1628 2293 non
1660 2239 1828 2295 tene-

304 2318 382 2378 ris
410 2320 488 2379 ad
521 2321 974 2383 restituendum
1005 2324 1196 2403 digno
1217 2371 1233 2401 ,
1276 2326 1381 2406 qui
1413 2345 1556 2387 vero
1592 2328 1828 2387 nullum

292 2412 394 2488 jus
437 2412 712 2475 habebat
758 2418 824 2476 ut
869 2416 1226 2493 eligeretur,
1274 2423 1342 2480 ut
1385 2420 1616 2481 fatetur
1663 2419 1828 2479 idem

300 2504 528 2565 Sanch.
562 2524 736 2566 num.
775 2511 868 2568 ¹3.
899 2516 960 2568 et
990 2511 1178 2589 Vasq.
1228 2511 1378 2572 dub.
1413 2529 1513 2573 xx.
1548 2532 1653 2573 nu·
1693 2516 1824 2573 134.

299 2597 354 2655 in
388 2597 462 2658 iis
490 2604 700 2659 autem
741 2600 1021 2677 casibuS,
1073 2608 1183 2664 aut
1227 2605 1547 2682 supposita
1584 2610 1831 2667 senten-

295 2690 403 2762 tia,
437 2691 493 2749 in
529 2711 650 2771 qua
684 2710 806 2752 non
836 2698 929 2755 est
956 2694 1019 2754 in
1039 2695 1412 2757 electoribus
1435 2698 1732 2777 obligatio
1755 2718 1829 2758 ex

287 2782 539 2859 justitia
577 2787 1026 2848 commutatixa
1071 2789 1152 2849 ad
1196 2790 1555 2867 eligendum
1585 2792 1830 2869 dignio-

293 2893 456 2951 rem,
491 2878 722 2938 Sanch.
759 2898 818 2939 n.
857 2883 950 2940 14.
985 2881 1156 2956 dicit,
1193 2900 1315 2941 non
1346 2902 1480 2942 esse
1499 2884 1830 2961 obligatio-

292 2986 445 3027 nem
477 2971 840 3032 restituendi
871 2972 1061 3051 digno
1115 2993 1228 3053 per
1258 2975 1383 3034 vim
1413 2977 1510 3036 vel
1544 2978 1830 3038 fraudem

289 3060 499 3122 fecisti
531 3063 696 3141 quod
729 3064 1064 3141 eligeretur
1092 3067 1341 3145 dignior
1376 3088 1389 3129 :
1426 3069 1572 3147 quia
1603 3069 1830 3149 dignus

292 3160 588 3232 respectu
642 3156 944 3234 dignioris
1003 3160 1240 3220 nullum
1298 3161 1572 3224 habebat
1609 3163 1735 3242 juS,
1771 3169 1833 3226 et

291 3244 670 3310 beneficium
701 3251 848 3311 illud
896 3253 1178 3315 debitum
1221 3259 1357 3317 erat
1398 3255 1666 3334 digniori
1713 3258 1829 3318 sal-

293 3340 434 3397 tem
466 3342 793 3421 exjustitia
822 3344 1243 3408 distributiva.

381 3432 535 3493 Haec
562 3439 765 3495 tamen
796 3436 1081 3498 doctrina
1107 3441 1379 3501 difficilis
1407 3447 1528 3515 est,
1564 3462 1830 3523 eamque

301 3531 543 3601 negant
567 3529 749 3588 chr.
783 3533 846 3591 et
891 3531 994 3591 alii
1038 3533 1206 3611 apud
1255 3535 1548 3595 eumdem
1597 3537 1825 3597 Sanch.

301 3632 378 3673 n.
419 3620 512 3677 13.
542 3618 843 3698 dicente8‚
898 3643 1032 3684 esse
1063 3631 1208 3687 tunc
1255 3628 1704 3704 obligationem
1734 3649 1832 3690 rc-

295 3707 608 3770 stituendi
637 3714 820 3790 digno
850 3723 1107 3795 propter
1135 3719 1260 3780 vim
1282 3722 1378 3780 vel
1408 3721 1693 3782 fraudem
1708 3741 1832 3801 qua

295 3798 644 3878 impeditus
697 3807 829 3868 suit.
881 3811 1138 3871 Omissis
1187 3818 1397 3873 autem
1459 3815 1826 3892 rationibuS,

308 3892 548 3968 quibus
597 3896 703 3958 hoc
757 3902 1056 3978 probant,
1104 3904 1292 3967 debet
1336 3906 1590 3984 probari
1630 3907 1830 3986 impu·

322 3986 572 4058 gnando
619 3991 1085 4055 fundamentum
1140 3999 1557 4074 contrarium,
1606 4019 1830 4080 nempe

330 4092 461 4134 non
499 4097 612 4140 esse
661 4086 1106 4148 restituendum
1153 4091 1365 4169 digno,
1419 4092 1566 4170 quia
1595 4094 1830 4154 benefi-

331 4165 498 4269 cium
529 4190 591 4232 ex
632 4175 865 4253 justitia
918 4180 1314 4244 distributiva
1361 4185 1710 4247 debebatur
1736 4186 1831 4247 di-

333 4262 562 4338 gniori,
602 4272 658 4327 et
699 4270 860 4331 nullo
891 4275 1080 4334 modo
1128 4282 1264 4337 erat
1299 4277 1581 4338 debitum
1609 4279 1822 4358 dignO.

335 4347 486 4423 1¹⁰0,
521 4355 785 4439 inquam,
824 4365 1300 4429 fundamentum
1349 4370 1504 4431 nihil
1551 4372 1777 4450 probat
1811 4393 1822 4433 :

302 4451 453 4493 'lam
534 4450 803 4534 imprimis
827 4502 841 4531 ,
875 4459 1039 4536 quod
1072 4477 1193 4519 non
1224 4468 1387 4524 esset
1414 4463 1697 4525 debitum
1727 4465 1827 4525 di-

257 4537 398 4596 g¹¹⁰
443 4549 638 4614 nihil
661 4547 850 4622 refert,
888 4551 1033 4628 quia
1079 4552 1224 4614 licet
1269 4557 1534 4635 pauperi
1583 4577 1706 4619 non
1751 4559 1831 4621 sit

667 4717 682 4726 Η
773 4660 1003 4719 ,osyna3
1052 4646 1098 4702 si
1152 4653 1358 4708 tamen
1408 4669 1525 4728 ego
1565 4669 1675 4729 per
1702 4652 1828 4713 vim

675 4741 678 4744 ’
739 4777 748 4786 .
850 4735 904 4793 io
936 4755 1008 4793 ne
1040 4738 1091 4795 ei
1141 4739 1342 4816 detur,
1395 4743 1594 4803 debeo
1644 4744 1698 4803 ei
1733 4765 1829 4806 re-

867 4827 989 4886 ‘um
1046 4832 1383 4909 sententia,
1434 4838 1497 4896 et
1542 4835 1706 4896 idem
1736 4843 1830 4900 est

773 4923 782 4928 ⁴
849 4920 1034 4980 modo
1078 4922 1387 5002 impchO,
1443 4946 1520 4987 ne
1564 4933 1828 4992 testator

795 5013 810 5024 '‘
857 5031 981 5072 um.
1018 5016 1190 5074 Ratio
1237 5023 1452 5080 autem
1499 5027 1631 5098 est,
1679 5026 1826 5103 quia

1290 295 1757 355 msPU'rA'rlo
1800 294 2044 369 XXXV,
2095 291 2370 353 sEcho
2416 291 2516 353 VI.

3358 295 3483 354 603

338 464 458 525 dem
483 466 775 545 impediat
814 468 1166 547 digniorem
1191 513 1207 543 ,
1261 466 1357 528 vel
1405 467 1594 529 etiam
1642 486 1822 546 aeque
1916 467 2023 546 jus
2055 485 2133 527 ne
2164 483 2276 544 per
2304 465 2431 526 vim
2463 465 2557 526 vel
2586 465 2872 527 fraudem
2922 465 3300 544 impediatur
3328 467 3470 546 ejus

1962 559 1977 591 ,
2089 559 2101 571 .

1924 564 2241 713 &Offiligus
2268 670 2392 713 non
2423 651 2650 728 obstat,
2671 650 2839 731 quod
2868 650 3240 712 beneficium
3272 670 3347 713 ex
3363 650 3466 732 ju-

1925 745 2091 807 stitia
2139 745 2540 807 distributiva
2589 745 2926 806 deberetur
2966 744 3279 823 digniori:
3316 745 3464 825 quia
3562 777 3602 820 ῃ,

1925 838 1976 897 si
2007 838 2276 898 secludis
2306 856 2490 899 omne
2521 837 2802 899 debitum
2824 856 2898 897 ex
2921 836 3163 917 justitia
3184 854 3458 897 commu·
3518 843 3579 925 ·u⁸

1927 931 2152 1007 tativa,
2206 937 2269 993 et
2303 932 2603 1010 supponis
2650 951 2724 991 ex
2772 930 3017 1010 justitia
3065 928 3464 991 distributiva
3535 990 3548 1033 i

1926 1041 2050 1083 non
2082 1024 2232 1083 oriri
2262 1024 2544 1084 debitum
2569 1024 2854 1103 obligans
2876 1024 2955 1084 ad
2975 1022 3458 1098 restitutionem,

1926 1122 1995 1178 ut
2024 1117 2085 1177 iu
2116 1116 2221 1177 illa
2250 1117 2561 1177 sententia
2589 1117 2981 1195 supponitur,
3007 1116 3291 1177 debitum
3312 1114 3465 1175 illud

1927 1228 2000 1269 ex
2023 1209 2319 1288 justititia
2348 1209 2746 1271 distributiva
2776 1228 2899 1270 non
2928 1210 3087 1271 tollit
3122 1210 3227 1288 jus
3256 1228 3330 1268 ex
3363 1207 3469 1288 ju-

1927 1303 2094 1364 stitia
2136 1302 2629 1380 commutativa,
2682 1302 2763 1362 ad
2803 1302 2926 1364 hoc
2967 1307 3034 1363 ut
3070 1321 3183 1382 per
3211 1301 3338 1363 vim
3368 1300 3468 1360 vel

1926 1395 2213 1456 fraudem
2269 1414 2394 1456 non
2451 1394 2758 1473 impedias
2812 1400 3025 1457 actum
3079 1393 3465 1456 contrarium

1928 1489 2014 1548 illi
2046 1488 2282 1551 debito,
2319 1490 2497 1562 Quod
2545 1489 2800 1568 probari
2847 1493 3052 1568 potest
3105 1487 3467 1547 inductione

1928 1582 2193 1641 aliarum
2224 1581 2548 1658 virtutum,
2582 1601 2643 1646 v.
2674 1601 2737 1659 g.
2772 1581 2820 1641 si
2854 1584 3072 1644 Petrus
3104 1580 3333 1641 habeat
3362 1598 3471 1639 vo-

1929 1678 2063 1735 tum
2094 1674 2397 1735 castitatis
2426 1675 2524 1734 vel
2556 1673 2874 1753 religionis
2894 1719 2909 1749 ,
2963 1679 3025 1735 et
3053 1673 3174 1734 hoc
3202 1690 3329 1732 uon
3359 1671 3470 1731 ob-

1929 1772 2154 1843 stante,
2191 1767 2340 1828 velit
2368 1767 2598 1828 ducere
2616 1767 2845 1828 Titiam
2876 1784 3218 1844 pauperem
3239 1764 3303 1824 in
3326 1783 3473 1824 uxo-

1928 1879 2061 1920 rem
2097 1880 2108 1922 :
2147 1879 2337 1939 quam
2368 1864 2457 1936 tu,
2493 1866 2561 1921 ut
2590 1860 2764 1920 illum
2793 1877 3120 1920 removeas
3142 1904 3157 1934 ,
3194 1858 3349 1918 talso
3380 1856 3471 1917 di-

1928 1954 2016 2014 cis
2049 1972 2172 2014 non
2203 1973 2336 2013 esse
2370 1954 2698 2032 virginem,
2733 1954 2842 2013 sed
2872 1952 3174 2012 feminam
3206 1949 3470 2028 impudi-

1929 2065 2090 2123 cam,
2121 2053 2184 2108 et
2213 2047 2298 2108 ita
2328 2048 2477 2107 sacis
2509 2046 2677 2127 quod
2708 2046 2951 2107 omissis
2982 2044 3234 2122 nuptiis,
3255 2049 3471 2105 votum

1929 2139 2242 2215 observet,
2278 2140 2519 2201 inducis
2549 2139 2805 2219 quidem
2835 2139 3009 2199 illum
3025 2137 3187 2197 adid
3203 2136 3283 2196 ad
3300 2136 3470 2216 quod

1931 2251 2006 2293 ex
2051 2233 2355 2311 religione
2398 2233 2756 2305 tenebatur;
2814 2232 2925 2293 sed
2984 2236 3193 2292 tamen
3248 2247 3471 2308 peccas

1929 2330 2145 2386 contra
2172 2324 2481 2403 justitiam
2510 2325 2572 2385 in
2602 2325 2831 2386 Titiam
2853 2370 2869 2402 ,
2904 2323 3004 2383 cui
3035 2342 3149 2403 per
3178 2322 3468 2384 fraudem

1931 2417 2246 2495 impedisti
2276 2418 2514 2477 bonum
2545 2416 2696 2478 illud
2734 2416 3115 2478 matrimonii
3159 2416 3460 2493 opulenti.

1930 2510 2102 2570 idem
2133 2514 2227 2569 cst
2254 2509 2305 2569 si
2333 2510 2559 2589 aliquis
2589 2515 2806 2570 votum
2856 2509 3087 2569 habeat
3114 2508 3471 2574 abstinendi

1933 2620 1968 2661 a
1999 2602 2316 2673 carnibuS‚
2350 2607 2412 2664 et
2438 2602 2667 2664 volenti
2700 2621 2807 2663 eas
2835 2601 3187 2677 comedere,
3223 2607 3289 2663 tu
3339 2606 3477 2683 pri·

1931 2699 2077 2756 vata
2105 2695 2476 2757 auctoritate
2511 2694 2637 2755 vim
2677 2695 2929 2772 inferaS,
2964 2698 3027 2756 et
3070 2713 3363 2759 coerceas
3407 2710 3477 2766 ut

1931 2786 2278 2858 abstineat;
2330 2788 2596 2866 impedis
2626 2788 2881 2867 quidem
2910 2788 2973 2847 id
3022 2789 3190 2868 quod
3221 2809 3299 2851 ex
3326 2802 3479 2861 voto

1932 2880 2163 2941 debeat
2192 2880 2579 2958 relinquere;
2614 2881 2726 2940 sed
2758 2886 2967 2942 tamen
3001 2901 3225 2961 peccas
3255 2898 3481 2957 contra

1923 2973 2256 3053 justitiam,
2306 2974 2703 3051 impediendo
2754 2974 2837 3034 illi
2880 2995 3061 3037 usum
3092 2979 3185 3040 rei
3213 3000 3383 3061 suae,
3416 2996 3483 3054 et

1931 3067 2187 3145 quidem
2216 3085 2360 3126 cum
2391 3066 2770 3144 obligatione
2802 3070 3196 3151 restituendi,
3229 3076 3278 3136 si
3310 3079 3475 3147 forte

1930 3177 2152 3220 carnes
2182 3159 2239 3220 ei
2270 3179 2381 3238 per
2423 3159 2550 3220 vim
2591 3160 2900 3226 abstulisti
2955 3170 3018 3227 et
3064 3169 3381 3252 projecisti
3411 3179 3477 3242 in

1931 3255 2187 3314 flumen.
2233 3256 2370 3313 Non
2417 3257 2511 3315 est
2556 3272 2706 3333 ergo
2756 3275 3000 3337 verum,
3054 3266 3221 3342 quod
3252 3288 3377 3333 non
3404 3276 3475 3337 fit

1932 3349 2149 3406 contra
2172 3345 2480 3425 justitiam
2510 3363 2735 3426 cogere
2764 3368 2878 3429 per
2907 3354 3031 3415 vim
3058 3361 3155 3420 vel
3186 3362 3473 3429 fraudem

1930 3439 2010 3498 ad
2041 3438 2522 3517 relinquendum
2553 3441 2615 3500 id
2647 3445 2817 3523 quod
2845 3467 2919 3509 ex
2950 3450 3471 3533 obligationes-ir-

1933 3531 2079 3593 tutis
2123 3531 2378 3592 alterius
2408 3532 2679 3598 debebat
2724 3540 3017 3624 relinqui.
3050 3551 3341 3632 Alioquin
3363 3603 3381 3628 ‚
3412 3559 3461 3614 s·

1931 3624 2052 3685 hoc
2097 3625 2413 3688 sufficeret
2463 3627 2540 3687 ad
2591 3638 3010 3702 excusandam
3064 3644 3347 3724 injuriam
3400 3665 3455 3708 οε

1932 3717 2377 3795 obligationem
2421 3723 2852 3808 restitutioniS,
2910 3735 3073 3797 idem
3128 3740 3447 3800 dicun.

1931 3814 2116 3887 esset,
2167 3812 2416 3890 quando
2467 3815 2528 3876 id
2557 3819 2638 3878 ad
2668 3827 2835 3901 quod
2876 3848 2987 3907 per
3016 3834 3137 3893 vi-
3164 3837 3257 3892 tei
3286 3838 3415 3894 [ηε

1931 3903 2076 3964 dem
2107 3909 2166 3965 te
2196 3904 2445 3984 induce,
2471 3918 2636 3975 esset
2663 3935 2700 3975 a
2722 3923 2781 3979 te
2811 3922 3417 3988 dohanas-heman

1933 4001 2188 4075 peccato
2219 4000 2467 4078 veniali,
2501 4023 2573 4067 ac
2602 4027 2713 4087 per
2739 4031 3181 4097 conseq-0253,
3214 4029 3399 4074 tm:

1930 4090 2038 4150 tibi
2071 4091 2273 4152 facere
2300 4097 2759 4180 testamentum,
2784 4121 2849 4171 et
2872 4115 3209 4190 relinquen
3240 4125 3355 4166 w
3376 4135 3411 4148 --

1930 4183 2189 4245 ditatam
2219 4188 2399 4251 Petro
2429 4211 2503 4254 ex
2532 4198 2653 4259 fine
2672 4202 2877 4282 aliq-e
2904 4225 3123 4268 cmm.
3160 4224 3225 4252 vr·
3278 4219 3331 4238 “⁷

1929 4373 2185 4451 galitate
2217 4379 2470 4458 veniali,
2526 4405 2639 4465 ego
2674 4408 3037 4466 mnam:
3078 4367 3201 4428 ⁵⁹*-

1930 4464 2059 4527 lera
2088 4469 2364 4547 ejusdem
2414 4478 2609 4542 Petri.
2656 4485 2861 4560 ᾳειί-υ-
2908 4499 2957 4534 =--
2990 4499 3039 4512 -·

1929 4565 2055 4622 tate
2087 4581 2373 4629 removeo
2394 4617 2412 4644 ,
2446 4574 2589 4634 niju'
2618 4593 2871 4633 w
2922 4577 2973 4614 ¹·-
2998 4583 3033 4598 ··

1930 4673 2021 4732 re,
2055 4658 2203 4736 quia
2229 4665 2389 4723 suasi
2428 4669 2533 4726 nh·
2586 4691 2605 4724 ι
2680 4687 2791 4722 mu.
2870 4695 2887 4704 ι

1929 4748 2076 4810 niali
2101 4753 2301 4815 faeere
2328 4758 2581 4817 dein-sna-
2634 4783 2647 4800 ·
2670 4777 2773 4804 ⁴0*-

1928 4862 2032 4906 mo
2075 4847 2345 4910 admffl
2422 4865 2501 4908 1⁰·-
2570 4871 2657 4892 ”f‘

1925 4945 2064 5017 post
2091 4942 2305 5002 simi-es-
2344 4947 2553 5001 iruna*

1923 5033 2104 5096 tione.
2134 5037 2381 5094 ‹in-mes
2448 5063 2473 5074 ·-

919 5110 1052 5166 atur
1081 5107 1480 5191 eleemosyna
1509 5116 1608 5175 vel
1658 5118 1824 5198 lega·
1919 5127 2120 5188 saltem
2176 5143 2351 5184 Ἣ·

941 5219 960 5258 1
992 5200 1097 5276 jus
1127 5218 1200 5258 ne
1231 5220 1343 5278 per
1374 5208 1503 5268 vim
1531 5210 1630 5270 vel
1655 5211 1821 5276 srau·
1913 5225 2086 5298 paim:
2117 5241 2177 5276 οἱ
3452 5259 3497 5280 ·’

948 5290 1256 5368 adiuntur,
1319 5304 1390 5360 ut
1442 5302 1707 5365 vidimus
1751 5309 1810 5371 d.
1907 5321 1996 5372 tux
2045 5323 2191 5368 Μ’·
3436 5338 3502 5372 ‘¹⁵

979 5384 1270 5456 Quamvis
1291 5407 1447 5473 ergo
1476 5395 1664 5476 digno
1691 5420 1808 5464 nen
1893 5409 2133 5462 imo-⁸⁹·
3408 5430 3500 5482 ¹¹¹³

946 5495 1034 5553 n,
1089 5473 1327 5542 habere
1380 5491 1588 5553 tamen
1615 5503 1798 5574 pau
1879 5515 1946 5552 ¹¹·
