4263 6376
1192 245 1662 305 DlSPU'rA'rlo
1706 244 1922 319 XXIV,
1973 244 2247 305 SECTIO
2293 244 2395 305 XI.

227 442 382 502 gere,
416 426 591 505 cujus
621 444 740 486 non
771 429 975 503 potest
1002 424 1123 484 alia
1152 423 1311 484 ratio
1356 422 1584 497 afferri,
1621 422 1736 482 nisi

229 518 360 595 quia
388 523 644 580 testator
690 519 892 579 sciens
936 517 1109 577 illum
1153 535 1287 576 esse
1318 534 1636 594 capacem,
1670 514 1738 575 il·

229 611 343 670 lum
388 611 785 688 nominasset,
851 611 967 671 nisi
1023 610 1322 670 voluisset
1362 608 1732 680 excludet-03

227 723 354 781 quae
382 705 535 765 ratio
563 705 789 765 militat
816 704 1038 764 eadem
1070 703 1131 762 in
1162 721 1309 762 casu
1343 705 1574 761 nostre.
1613 700 1736 760 Sed

225 814 429 856 levera
456 815 635 857 casus
666 803 761 858 est
798 796 1103 870 diversus»,
1136 800 1199 855 et
1227 812 1491 871 arguere
1520 812 1740 872 possu-

226 907 351 947 mus
377 909 449 949 ex
477 889 600 948 alio
631 889 937 967 principio
968 887 1316 957 contrari03
1351 886 1498 964 quia
1540 904 1738 965 quan-

226 982 296 1038 do
341 982 746 1041 committitur
791 981 973 1040 alicui
1035 979 1391 1040 distributio
1452 979 1740 1038 facienda

225 1076 374 1134 inter
402 1075 689 1134 membra
718 1074 981 1152 alicujus
1023 1072 1510 1148 c0m1uu11itati5‚
1563 1070 1739 1150 cujus

225 1167 396 1227 etiam
425 1167 552 1246 ipse
570 1167 940 1228 distributor
966 1166 1323 1226 membrum
1354 1169 1467 1241 est,
1498 1183 1622 1224 non
1649 1164 1739 1223 in-

223 1260 501 1338 telligitur
528 1260 820 1321 exclusus
850 1261 981 1339 ipse
1028 1258 1493 1320 commissarius
1523 1257 1603 1316 ab
1635 1256 1737 1316 illo

224 1351 506 1412 beneficio
560 1352 881 1412 communi
930 1350 1401 1430 participando;
1463 1368 1521 1410 v.
1574 1368 1636 1427 g.
1688 1348 1740 1408 si

220 1444 393 1504 alicui
433 1445 731 1523 religioso
780 1445 1011 1504 dantur
1059 1444 1342 1524 pecuniae
1389 1447 1459 1503 ut
1487 1441 1737 1503 nomine

222 1536 413 1597 dantis
442 1538 875 1598 distribuatad
903 1542 1131 1614 vesteS,
1164 1536 1263 1595 vel
1293 1535 1372 1596 ad
1403 1535 1737 1614 prandium

222 1630 484 1690 dandum
546 1630 833 1691 solemne
878 1629 1182 1706 religiosis
1226 1629 1320 1689 sui
1367 1632 1734 1703 conventus»,

220 1728 411 1800 potest
462 1723 630 1784 sicut
654 1722 814 1800 aliis,
860 1723 946 1784 ita
987 1725 1048 1783 et
1094 1722 1213 1781 sibi
1253 1727 1456 1783 vestes
1504 1738 1734 1795 emere,

220 1814 305 1873 vel
359 1815 713 1893 portionem
760 1816 911 1876 dare
957 1814 1018 1874 in
1076 1814 1362 1894 prandio,
1414 1814 1563 1893 quia
1605 1813 1739 1890 ipse

219 1926 365 1967 unus
391 1911 483 1968 est
510 1926 587 1967 ex
619 1907 926 1986 religiosis
956 1907 1116 1966 illius
1168 1910 1532 1967 conventus
1584 1907 1740 1966 item

220 2000 263 2059 si
306 1999 484 2061 detur
530 2001 725 2060 alicui
771 2000 981 2079 nepoti
1022 2018 1270 2060 summa
1310 1999 1389 2059 ad
1433 1999 1740 2060 dotandas

220 2111 420 2152 omnes
451 2094 958 2171 consanguineas
987 2093 1321 2167 testatoris,
1357 2110 1495 2170 quae
1529 2093 1741 2154 volent

219 2185 569 2264 religionem
625 2186 889 2264 ingredi,
937 2205 1061 2245 non
1116 2185 1233 2244 erit
1277 2184 1410 2262 ipsa
1459 2185 1737 2262 exclusa,

217 2297 348 2337 cum
375 2278 454 2339 sit
486 2299 614 2354 una
658 2298 734 2338 ex
779 2278 1282 2356 consanguineis,
1334 2277 1387 2336 si
1431 2278 1581 2338 velit
1606 2277 1741 2337 fieri

220 2371 521 2449 religiosa.
572 2372 749 2432 Idem
781 2371 871 2431 esi
900 2372 952 2430 si
995 2371 1177 2431 detur
1223 2370 1407 2430 alicui
1453 2370 1739 2447 pecunia,

219 2464 306 2522 vel
336 2464 572 2542 aliquid
625 2463 1127 2524 distribuendum
1183 2463 1347 2522 inter
1383 2481 1598 2522 omnes
1639 2463 1746 2541 qui

225 2555 414 2615 funeri
436 2557 759 2631 affuerint,
796 2555 1013 2633 etipse
1046 2555 1233 2615 etiam
1265 2555 1447 2631 adsit,
1503 2572 1627 2614 non
1660 2555 1749 2615 vi-

220 2655 312 2707 tur
357 2649 650 2709 exclusus
678 2668 715 2708 a
743 2667 857 2708 sua
903 2648 1224 2726 portione:
1285 2665 1434 2726 ergo
1478 2648 1531 2707 si
1580 2666 1745 2708 com-

219 2739 488 2802 mittatur
529 2741 724 2801 alicui
780 2740 1208 2801 distribuenda
1252 2740 1462 2820 aliqua
1504 2759 1750 2802 summa

220 2834 369 2894 inter
395 2853 623 2894 omnes
653 2834 820 2894 cives
867 2852 1175 2912 pauperes
1215 2833 1379 2893 illius
1406 2833 1741 2913 parochiae,

221 2926 299 2987 ita
326 2932 391 2988 ut
437 2946 664 2988 omnes
712 2926 1107 3005 participent,
1155 2945 1277 2987 non
1327 2932 1420 2986 est
1463 2927 1750 2987 exclusus

220 3020 362 3096 ipse,
395 3021 447 3080 si
477 3039 725 3100 pauper
752 3021 851 3096 sit,
884 3039 1028 3080 cum
1057 3020 1137 3080 sit
1164 3038 1325 3080 unus
1357 3039 1430 3079 ex
1452 3019 1556 3079 illa
1583 3038 1749 3080 eom-

220 3114 536 3175 munitate.
593 3115 858 3185 Quando
891 3133 1040 3194 ergo
1092 3112 1503 3175 committitur
1547 3112 1752 3173 distri-

220 3207 530 3267 buendum
561 3208 726 3268 inter
771 3226 1078 3286 pauperes
1108 3206 1248 3267 talis
1275 3206 1563 3282 civitatis»,
1608 3206 1753 3268 licet

225 3319 338 3361 non
369 3301 647 3361 sufficiat
673 3320 785 3380 pro
819 3300 1128 3375 omnibu3‚
1180 3319 1305 3360 non
1354 3299 1612 3377 intelligi
1643 3299 1749 3359 de-

223 3394 321 3454 bet
341 3395 637 3455 exclusus
681 3394 834 3473 ipse,
867 3412 1008 3453 cum
1037 3392 1119 3453 sit
1146 3411 1307 3453 unus
1337 3411 1407 3452 ex
1440 3393 1545 3452 illa
1577 3410 1751 3452 com-

222 3486 539 3561 munitate,
576 3486 744 3546 intra
773 3504 962 3565 quam
984 3490 1242 3547 testator
1262 3485 1458 3547 voluit
1475 3485 1750 3563 legatum

222 3578 521 3640 distribui.
574 3579 757 3640 Unde
806 3582 1067 3657 apparet
1119 3578 1473 3638 differentla
1519 3578 1597 3638 ab
1647 3577 1750 3637 illo

224 3671 314 3731 cni
354 3672 772 3732 committitur
816 3671 1078 3731 facultas
1124 3670 1396 3749 eligendi
1442 3687 1753 3730 successo·

224 3783 345 3825 rem
374 3766 438 3825 in
466 3764 790 3843 majoratu
823 3784 836 3825 :
871 3764 1016 3823 huic
1061 3763 1231 3823 enim
1263 3781 1386 3823 non
1418 3762 1752 3824 committi-

224 3864 317 3916 tur
340 3858 610 3918 facultas
641 3855 1057 3916 distribuendi
1087 3854 1273 3915 alicui
1322 3854 1755 3916 communitati

227 3951 392 4029 cujus
421 3953 557 4030 ipse
586 3949 945 4009 membrum
977 3948 1077 4024 sit,
1114 3947 1223 4008 scd
1278 3947 1611 4008 haereditas
1656 3966 1757 4008 re-

225 4044 516 4124 linquitur
545 4044 660 4103 uni
688 4042 802 4103 soli
830 4042 1213 4102 nominando
1243 4059 1282 4102 a
1302 4040 1750 4118 commissario,

230 4156 330 4198 nec
360 4136 666 4199 credibile
696 4141 811 4211 est,
847 4134 1060 4195 datam
1115 4136 1476 4196 facultatem
1526 4134 1606 4193 ad
1651 4152 1757 4194 no·

228 4231 590 4290 minandum
613 4248 704 4305 se,
734 4247 877 4289 cum
924 4227 1090 4287 idem
1138 4227 1391 4287 omnino
1422 4226 1540 4287 hoc
1569 4230 1753 4302 esset,

233 4343 302 4384 ac
331 4325 506 4384 illum
528 4339 957 4383 successorem
987 4321 1341 4399 relinquere
1371 4340 1384 4380 :
1419 4318 1467 4378 si
1501 4319 1756 4397 quidem

230 4423 459 4477 certum
492 4421 634 4477 erat
661 4434 727 4475 sc
757 4415 958 4493 primo
988 4413 1124 4474 loco
1154 4412 1643 4473 nominatarum.
1680 4414 1759 4472 At

232 4528 369 4571 vero
398 4512 459 4570 in
492 4528 646 4569 casu
661 4512 873 4568 nostro
903 4507 1180 4584 legatum
1195 4505 1570 4584 relinquitur
1586 4524 1757 4565 com-

232 4603 512 4663 munitati
543 4618 895 4681 pauperum
924 4599 1406 4660 indeterminate
1440 4598 1535 4657 his
1565 4597 1664 4656 vel
1693 4596 1761 4656 il-

234 4697 321 4772 lis,
353 4716 389 4755 a
418 4716 548 4775 qua
568 4696 715 4754 licet
730 4693 1190 4753 commissarius
1207 4710 1328 4751 non
1353 4690 1431 4750 sit
1450 4690 1758 4766 exclusus,

234 4808 348 4848 non
376 4796 471 4849 est
498 4789 626 4849 hoc
655 4787 843 4860 idem,
879 4804 952 4845 ac
998 4784 1084 4844 illi
1115 4783 1529 4845 determinate
1560 4787 1622 4843 et
1649 4782 1764 4841 im-

234 4882 497 4943 mediate
527 4882 763 4958 legare.
809 4879 963 4951 Quia
992 4876 1297 4957 imprimis
1327 4895 1450 4937 non
1481 4874 1767 4937 determi-

236 4981 410 5035 natur
440 4995 476 5033 a
506 4977 808 5035 testatore
837 4972 1061 5050 portic,
1096 4976 1157 5031 et
1184 4968 1559 5047 relinquitur
1600 4986 1767 5028 com-

234 5067 496 5129 missarii
541 5064 803 5126 arbitrio
849 5064 1050 5142 portio
1097 5061 1359 5140 singulis
1388 5061 1768 5140 pauperibus

238 5160 461 5221 danda.
523 5158 799 5233 Deinde,
851 5157 996 5236 quia
1053 5173 1320 5235 persona
1388 5154 1769 5214 nominanda

238 5271 355 5315 non
386 5257 483 5315 est
513 5250 875 5312 immediate
903 5250 1035 5328 ipse
1083 5248 1547 5310 commissarius
1575 5248 1764 5323 soluS,

238 5346 340 5407 sed
369 5343 794 5408 communitas
823 5341 984 5419 talis,
1018 5342 1118 5402 vel
1147 5341 1289 5402 talis
1318 5339 1542 5401 horum
1574 5339 1674 5399 vel
1699 5339 1771 5399 il-

558 5439 720 5500 Τοι.
752 5436 882 5497 Vll.

3255 245 3367 304 145

1836 421 2040 481 lorum
2095 440 2477 500 pauperum,
2527 422 2672 484 licet
2698 421 2850 500 [ipse
2907 421 3368 481 commissarius

1835 515 2031 592 possit
2054 514 2135 574 ad
2166 520 2496 593 utramque
2527 514 2862 593 pertinere.
2897 515 3073 574 Sicut
3101 514 3154 572 si
3184 513 3371 573 alicui

1838 607 2041 666 habeu
2051 608 2092 667 ti
2116 609 2556 669 canonicatum
2576 608 2633 666 in
2649 608 2894 668 duabus
2912 607 3189 666 eeclesiis
3204 625 3368 666 com-

1837 700 2189 760 mitteretur
2215 701 2492 778 legatum
2524 701 2696 778 pium
2745 700 3244 760 distribuendum
3276 701 3370 759 in-

1834 797 1930 854 ter
1958 792 2292 852 canonicos
2325 793 2509 872 hujus
2547 793 2639 852 vel
2672 792 2837 853 illius
2868 793 3147 853 ecclesiae
3180 812 3369 871 quam

1840 886 1968 962 ipse
2026 887 2316 964 eligeret3
2377 904 2840 965 quamcumque
2896 886 3182 963 eligeret,
3245 904 3370 946 non

1839 983 2198 1039 censeretur
2225 979 2354 1056 ipse
2388 979 2675 1039 exclusus
2705 998 2741 1037 a
2772 978 3055 1056 portione
3079 997 3190 1037 sua
3211 979 3373 1039 inter

1839 1070 1992 1130 alios
2023 1073 2359 1131 canonicos
2387 1071 2550 1130 ⁷illius
2594 1071 2895 1147 ecclesioe,
2929 1071 3077 1149 quia
3105 1090 3372 1149 persona

1839 1182 1977 1242 quae
2008 1164 2368 1225 immediate
2398 1163 2666 1242 eligitur,
2695 1170 2790 1224 est
2819 1165 2922 1223 illa
2954 1165 3371 1226 communitas

1836 1255 2013 1334 cujus
2060 1255 2191 1334 ipse
2242 1257 2591 1316 membrum
2622 1261 2735 1332 est,
2797 1257 2923 1316 imo
2973 1257 3120 1318 licet
3149 1258 3369 1318 electio

1836 1347 1971 1407 fieri
2000 1352 2212 1427 posset
2263 1349 2427 1409 inter
2469 1354 2595 1410 tres
2643 1349 2954 1427 eeclesias,
2988 1350 3050 1409 in
3106 1369 3372 1429 quarum

1838 1461 1962 1501 una
1991 1434 2457 1502 commissarius
2504 1459 2631 1502 non
2661 1447 2824 1504 esset
2851 1443 3211 1520 canonicuS,
3246 1463 3370 1504 non

1837 1533 1977 1595 ideo
2008 1539 2369 1595 censeretur
2411 1534 2695 1595 exclusus
2723 1554 2760 1594 a
2791 1536 3079 1613 portione
3119 1555 3232 1596 sua
3262 1537 3374 1597 ha-

1835 1626 2063 1700 benda;
2092 1626 2146 1687 si
2163 1627 2421 1706 eligeret
2449 1627 2774 1688 ecclesiam
2802 1628 2862 1687 in
2888 1648 3013 1708 qua
3038 1629 3375 1692 canonicus

1837 1719 1967 1797 ipse
1999 1725 2182 1780 esset.
2219 1722 2320 1781 Sic
2366 1739 2536 1798 ergo,
2589 1720 2690 1781 cui
2740 1721 2959 1783 electio
2992 1722 3176 1783 datur
3210 1724 3375 1784 circa

1839 1813 2000 1873 hanc
2048 1831 2398 1891 pauperum
2459 1814 2991 1891 communitatem,
3038 1816 3136 1875 vel
3176 1816 3370 1892 illam,

1838 1924 1962 1967 non
1991 1906 2134 1966 ideo
2179 1911 2470 1966 censetur
2510 1907 2819 1980 exclusus„
2875 1907 2926 1966 si
2955 1907 3144 1985 eligat
3186 1909 3373 1970 talem

1839 1998 2355 2060 communitatem
2382 2017 2733 2078 pauperum
2756 2017 3024 2078 quorum
3055 2001 3186 2079 ipse
3214 2021 3375 2062 unus

1841 2092 1939 2167 sit,
1975 2092 2263 2169 quiahoc
2292 2109 2416 2151 non
2451 2096 2586 2153 erat
2614 2092 2701 2151 illi
2731 2092 3146 2153 determinate
3177 2099 3238 2155 et
3264 2094 3377 2153 im-

1840 2184 2110 2245 mediate
2140 2184 2371 2262 legare,
2405 2185 2514 2244 sed
2562 2185 3042 2246 indeterminate
3092 2191 3152 2247 et
3199 2187 3376 2266 quasi

1842 2277 2137 2352 mediate,
2196 2279 2249 2337 si
2292 2278 2626 2354 eligeretur
2684 2279 3099 2341 communitas
3143 2300 3379 2359 paupe-

1845 2388 2004 2446 rum,
2040 2371 2102 2430 in
2133 2389 2255 2449 qua
2283 2372 2471 2432 etiam
2503 2372 2634 2449 ipse
2666 2375 2849 2433 esset.

1923 2462 2257 2524 Dubitatur
2283 2464 2490 2540 tertio,
2526 2484 2603 2522 an
2638 2465 2735 2524 cui
2760 2465 3174 2525 committitur
3202 2484 3236 2524 a
3258 2470 3376 2525 tes-

3524 2479 3639 2541 284

1844 2560 2045 2617 tatore
2095 2555 2450 2616 distributio
2503 2556 2791 2617 facienda
2833 2558 2997 2618 inter
3042 2576 3372 2638 paupereS,
3444 2606 3508 2649 An
3532 2605 3704 2649 debeant

1847 2648 2072 2710 debeat
2091 2648 2494 2728 pauperiores
2524 2667 2768 2727 semper
2788 2651 3103 2728 praeferre,
3121 2670 3200 2710 an
3233 2670 3375 2712 vero

3524 2660 3623 2712 eligi

1846 2742 2044 2821 possit
2093 2741 2476 2820 pauperibus
2512 2742 2683 2816 dare,
2720 2743 2949 2803 omisso
2981 2743 3379 2822 pauperiori?
3447 2725 3721 2768 ⁹³¹¹9²⁸r¹⁰m

1849 2834 2182 2895 Affirmant
2234 2833 2386 2893 illud
2435 2835 2705 2912 primum
2762 2835 3005 2913 plureS,
3066 2837 3380 2897 Adrianus

1851 2927 2017 3005 apud
2062 2926 2292 2988 Sancb.
2329 2926 2433 2986 lib.
2472 2944 2556 2987 iv.
2592 2928 2818 2989 Consil.
2845 2947 2982 3007 cap.
3019 2932 3063 2991 1.
3098 2930 3247 2991 dub.
3281 2946 3374 2990 Lx.

1852 3038 2024 3080 num.
2062 3023 2157 3080 10.
2201 3019 2348 3079 item
2381 3020 2625 3094 Decius.
2683 3021 2993 3097 Azeved0‚
3047 3023 3383 3083 Federicus

1852 3112 1930 3172 de
1980 3112 2180 3187 Seni3‚
2231 3112 2449 3173 Simon
2498 3112 2576 3173 de
2627 3114 2842 3174 Praetis
2908 3113 3072 3193 apud
3117 3115 3382 3174 Dianam

1850 3210 2003 3267 tom.
2040 3208 2085 3266 I.
2112 3207 2187 3265 11.
2218 3212 2377 3284 part.
2412 3210 2594 3267 tract.
2631 3224 2672 3267 1.
2707 3206 2947 3267 miscell.
2986 3208 3245 3269 resolut.
3278 3212 3379 3270 39.

1851 3297 2064 3376 Aliqui
2105 3315 2253 3358 vero
2298 3297 2416 3357 hoe
2466 3299 2701 3373 dicunt,
2728 3298 2981 3377 quando
3011 3300 3232 3360 saltem
3261 3319 3387 3362 non

1850 3390 2063 3450 liberae
2094 3389 2420 3465 voluntati,
2474 3390 2582 3449 sed
2623 3390 2880 3451 arbitrio
2910 3384 3133 3452 rationi
3184 3393 3389 3472 subje-

1854 3485 1954 3543 cto
1986 3483 2414 3543 committitur.
2449 3485 2540 3543 Ita
2563 3482 2794 3543 Melina
2815 3482 3238 3563 jurisperituS,
3259 3487 3387 3563 Dy-

1855 3595 1992 3651 nuS,
2054 3579 2116 3636 et
2147 3575 2417 3636 Parisius
2446 3576 2612 3654 apud
2661 3576 2940 3637 Sanchez
2987 3576 3121 3637 loco
3174 3578 3384 3639 citata.

1854 3669 2261 3730 Communior
2287 3673 2498 3729 tamen
2529 3673 2592 3729 et
2617 3669 2822 3729 verior
2869 3670 3174 3731 sententia
3204 3677 3394 3748 negat

1855 3761 2016 3822 hano
2037 3761 2504 3839 obligationem,
2527 3761 2577 3820 si
2609 3779 2753 3821 vere
2774 3762 3153 3839 pauperibus
3184 3762 3386 3838 detur,

1855 3872 1999 3914 eum
2032 3857 2292 3914 testator
2318 3853 2381 3912 id
2410 3853 2614 3913 solum
2641 3854 3029 3932 praeeeperit.
3081 3856 3172 3915 Ita
3201 3855 3392 3934 pluri-

1855 3947 1964 4023 mi,
1998 3964 2156 4024 quos
2201 3952 2569 4024 congerunt,
2604 3949 2666 4007 et
2691 3951 3039 4025 sequuntur
3083 3948 3387 4024 Sanchez,

1858 4045 1921 4101 et
1948 4040 2147 4099 Diana
2174 4038 2327 4099 locis
2357 4038 2582 4099 citatis».

1940 4132 2006 4194 Si
2049 4134 2260 4192 autem
2297 4135 2556 4193 testator
2601 4133 2900 4211 praecepit
2942 4134 3108 4212 quod
3156 4153 3397 4213 paupe-

1857 4224 2127 4285 rioribus
2156 4224 2359 4300 detur,
2396 4223 2584 4286 debet
2610 4226 2698 4286 ita
2727 4225 2884 4301 fieri,
2920 4231 2984 4288 et
3010 4226 3214 4306 major
3242 4246 3395 4306 pau-

1861 4322 2068 4396 pertas
2098 4321 2334 4377 nonest
2362 4317 2684 4395 pensanda
2711 4337 2786 4377 ex
2832 4318 3179 4380 minoribus
3210 4321 3398 4380 sacul-

1860 4410 2090 4471 tatibus
2131 4410 2435 4484 absolute,
2487 4410 2596 4470 sed
2651 4429 2726 4468 ex
2773 4410 2996 4489 majori
3046 4413 3394 4489 indigentia

1861 4502 2205 4580 respective
2239 4502 2320 4561 ad
2351 4500 2590 4580 majora
2621 4520 2814 4562 onera
2846 4508 2906 4563 et
2943 4522 3248 4582 expensas
3283 4523 3393 4562 ne-

1862 4596 2162 4655 cessarias
2201 4595 2280 4655 ad
2310 4595 2613 4671 majorem
2645 4594 2944 4655 familiam
2974 4597 3288 4657 alendam.
3328 4598 3395 4657 Si

1863 4706 2011 4747 vero
2044 4688 2145 4747 hic
2173 4687 2326 4747 ordo
2358 4688 2892 4766 praetermittatur,
2946 4693 3007 4748 et
3037 4709 3159 4749 non
3209 4690 3398 4750 detur

1864 4780 2362 4860 pauperioribuS,
2415 4780 2631 4841 dicunt
2686 4781 2899 4859 aliqui,
2961 4782 3398 4842 distributores

1867 4890 2127 4950 peccare
2159 4871 2434 4950 quidem,
2469 4872 2578 4932 sed
2610 4890 2732 4933 non
2764 4873 3026 4951 obligari
3052 4874 3126 4933 ad
3156 4874 3401 4935 restitu-
3491 4914 3496 4919 -

1868 4965 2124 5026 tionem.
2178 4965 2270 5025 lta
2299 4966 2666 5025 Emmanuel
2699 4965 3052 5043 Rodriguez
3084 4967 3395 5042 Corduba,

1867 5056 2024 5118 Lud.
2056 5060 2282 5135 Lopez,
2318 5057 2395 5116 de
2426 5057 2675 5117 Medina
2694 5057 2859 5136 apud
2892 5058 3120 5118 Sanch.
3157 5078 3262 5119 nu.
3301 5063 3395 5119 13.

1870 5151 2096 5231 quibus
2145 5150 2307 5211 adde
2338 5150 2690 5213 Conradum
2721 5150 2781 5209 in
2813 5168 3095 5227 respons,
3129 5157 3290 5230 part.
3350 5154 3396 5213 l.

1871 5264 1976 5324 qu.
2012 5260 2091 5304 (31.
2126 5261 2315 5324 quem
2343 5243 2623 5322 sequitur
2641 5242 2840 5303 Diana
2868 5242 3034 5303 dicta
3079 5245 3265 5306 resol.
3298 5248 3396 5309 39.

1871 5337 2265 5400 Contrarium
2297 5341 2506 5399 tamen
2523 5336 2772 5397 videtur
2788 5336 3042 5398 omnino
3066 5338 3400 5400 dicendum

3009 5432 3087 5492 10
