4263 6376
143 4030 193 4086 63

1279 326 1750 390 DISPUTATIO
1794 324 2009 400 XXIV,
2059 322 2332 385 SEC'rlo
2376 322 2478 382 lv,
3384 322 3462 382 75

351 522 452 567 non
477 507 562 564 est
589 506 884 582 perpetuo
914 520 1168 579 amena,
1200 501 1311 563 sed
1339 501 1531 562 habet
1557 499 1834 561 dilucida

346 596 676 670 intervalla,
727 614 835 673 pro
882 614 956 655 eo
1000 599 1281 674 tempore
1312 613 1435 674 quo
1474 593 1836 674 expeditum

347 689 507 750 habet
530 688 779 748 rationis
809 706 991 748 usum
1029 708 1042 748 ε
1094 687 1154 747 in
1202 687 1391 748 dubio
1422 693 1634 749 autem
1663 687 1838 747 colli-

344 781 584 860 gendum
620 780 681 840 in
725 780 941 859 primis
970 785 1105 856 est,
1164 799 1243 839 an
1301 781 1488 841 fuerit
1538 785 1685 840 tunc
1740 778 1833 839 sui

345 891 564 951 compos
606 890 679 931 ex
724 872 1233 933 circumstantiis,
1286 874 1443 932 Nam
1490 873 1542 933 si
1588 876 1836 950 tempus

346 971 454 1026 erat
478 963 660 1025 furori
690 965 965 1024 vicinum
991 1012 1006 1041 ,
1060 973 1122 1026 et
1150 965 1343 1025 verba
1388 965 1626 1045 aliquid
1671 965 1835 1025 illius

342 1057 605 1132 indicant,
639 1057 1041 1134 praesumitur
1085 1057 1145 1116 in
1190 1058 1399 1118 furore
1447 1059 1716 1133 factum,
1769 1061 1839 1117 ut

342 1151 467 1209 dicit
491 1151 670 1228 Vasq.
720 1167 775 1210 c.
811 1166 895 1212 rx.
942 1148 1012 1210 de
1041 1158 1360 1211 testament.
1403 1152 1459 1228 ἓ.
1497 1167 1540 1212 1.
1588 1151 1738 1212 dub.
1771 1153 1829 1213 8.

343 1261 467 1303 num
491 1245 581 1302 29.
614 1245 1077 1320 Argumentum
1107 1243 1297 1303 etiam
1326 1247 1459 1319 est,
1493 1246 1834 1304 testamen-

340 1341 449 1396 tum
476 1353 589 1394 non
617 1334 807 1396 fuisse
838 1335 1074 1396 factum
1104 1336 1168 1395 in
1198 1336 1475 1397 amentia
1500 1383 1516 1412 ,
1563 1336 1612 1395 si
1643 1335 1837 1396 verba

338 1428 653 1488 testamenti
684 1427 939 1507 sapiunt
986 1428 1309 1489 cordatam
1353 1434 1670 1506 mentem,
1722 1446 1837 1489 nec

336 1524 745 1580 testamentum
796 1520 1117 1581 conditum
1164 1524 1327 1581 esset
1366 1521 1648 1599 proxime
1697 1524 1838 1599 post

220 1663 221 1666 ,
337 1613 660 1687 amentiam,
693 1613 947 1691 quando
973 1631 1096 1673 non
1126 1618 1269 1674 sunt
1289 1614 1411 1674 alia
1432 1632 1571 1693 quae
1592 1619 1829 1674 contra·

333 1705 471 1765 riam
496 1704 832 1780 suadeant,
883 1709 1041 1766 teste
1071 1705 1303 1766 Molina
1332 1705 1491 1785 disp.
1524 1722 1824 1767 cxxxvru.

331 1797 378 1875 g.
407 1799 448 1856 Α
465 1798 656 1876 ρνιίηο
685 1816 848 1876 erqo,
896 1798 1020 1859 Sed
1049 1798 1251 1875 magis
1279 1798 1570 1859 distincte
1599 1797 1828 1860 Sancli.

322 1890 386 1958 d.
415 1889 630 1968 disput.
671 1907 814 1952 vui.
875 1910 1049 1952 num.
1101 1895 1196 1952 17.
1258 1893 1363 1971 qui
1411 1892 1611 1970 primo
1659 1892 1829 1966 dicit,

334 1982 555 2060 quando
610 2002 736 2043 non
796 1988 1045 2045 constat
1098 2003 1241 2044 eum
1295 1987 1479 2045 autea
1533 1985 1835 2046 furiosum

331 2074 491 2134 fuisse
512 2120 528 2150 ,
586 2093 713 2136 non
757 2076 1053 2154 praesumi
1101 2077 1404 2138 furiosum
1431 2123 1446 2153 ‚
1507 2076 1615 2137 sed
1669 2095 1834 2137 sanae

329 2168 549 2242 mentis,
584 2186 657 2227 ex
688 2168 731 2229 l.
768 2185 839 2228 11.
892 2168 1043 2230 cod.
1078 2169 1182 2249 qui
1232 2169 1457 2230 testoni.
1487 2171 1683 2250 facere
1702 2189 1834 2250 pos-

326 2269 459 2334 sunt,
489 2265 547 2321 et
574 2260 614 2320 1.
649 2259 703 2320 ss
716 2279 780 2320 ec
806 2259 1123 2339 codicillos,
1175 2264 1242 2324 C.
1273 2262 1344 2322 dc
1369 2262 1670 2324 codicillis.
1723 2264 1835 2325 Se-

329 2352 506 2412 cundo
526 2399 541 2429 ,
581 2351 632 2412 si
664 2357 912 2414 constet
941 2353 1211 2433 aliquem
1240 2355 1509 2416 amentia
1543 2358 1834 2417 allectum

329 2443 512 2520 luisse,
545 2463 660 2505 nec
684 2450 937 2508 constat
972 2446 1261 2508 habuisse
1293 2447 1641 2526 intervalla,
1674 2468 1835 2527 prae-

326 2538 566 2597 sumitur
594 2537 807 2598 adhuc
835 2557 1090 2616 amenS,
1136 2541 1189 2601 si
1226 2541 1529 2620 probatur
1558 2543 1833 2603 furorem

328 2628 553 2689 durasse
585 2649 701 2709 per
729 2648 968 2691 annum
997 2631 1096 2691 vel
1125 2651 1426 2693 mensem.
1472 2634 1751 2694 Tandem
1782 2634 1831 2695 si

326 2726 541 2782 constat
578 2722 876 2783 habuisse
910 2723 1183 2784 dilucida
1212 2724 1575 2802 intervalla,
1617 2732 1681 2789 et
1709 2747 1830 2788 non

325 2819 538 2875 constet
563 2834 644 2874 au
673 2819 855 2876 actus
883 2821 1097 2894 gestus
1126 2816 1311 2880 fuerit
1329 2823 1609 2898 tempore
1639 2838 1828 2897 sanae,

325 2907 407 2966 rel
432 2907 658 2968 insanae
690 2908 957 2980 meutis;
992 2911 1181 2972 Henr.
1215 2910 1321 2972 lib.
1356 2928 1442 2973 x1.
1475 2910 1544 2972 de
1572 2914 1826 2976 matrim.

325 3016 478 3060 c.1v.
523 3019 696 3061 num.
731 3004 791 3062 3.
846 3001 1002 3062 dicit
1045 3004 1341 3081 praesumi
1389 3005 1623 3066 factum
1674 3010 1829 3067 tem·

323 3109 453 3169 pore
481 3111 645 3153 sanae
677 3095 931 3154 mentis,
968 3095 1104 3172 Ipse
1136 3101 1346 3156 tamen
1377 3098 1658 3158 Sanchez
1688 3118 1832 3160 cum

324 3184 439 3245 aliis
466 3185 630 3259 dicit,
668 3187 967 3265 praesumi
998 3194 1276 3268 tempore
1294 3191 1540 3269 furoriS,
1575 3211 1686 3270 pro
1709 3212 1830 3273 quo

321 3278 551 3339 adducit
576 3279 882 3340 Molinam
913 3281 975 3342 d.
1012 3281 1170 3360 disp.
1206 3299 1451 3346 cxxxw.
1485 3286 1593 3365 qui
1620 3290 1832 3348 tamen

322 3371 375 3430 id
400 3390 533 3431 vere
564 3391 692 3432 non
725 3373 901 3450 dicit,
940 3392 1054 3434 nec
1082 3375 1361 3455 loquitur
1389 3378 1466 3437 de
1498 3396 1569 3439 eo
1600 3379 1676 3439 de
1708 3399 1830 3459 quo

322 3468 542 3524 constat
569 3463 870 3524 habuisse
900 3466 1230 3527 intervalla
1254 3515 1269 3537 ,
1303 3488 1381 3530 an
1415 3478 1834 3548 praesumatur

322 3555 535 3635 aliquid
564 3557 771 3635 egisse
806 3562 1084 3637 tempore
1115 3560 1456 3639 intervalli,
1493 3564 1589 3624 vel
1618 3584 1834 3625 amen-

321 3647 427 3721 tiae,
457 3648 562 3708 sed
593 3650 879 3729 loquitur
906 3651 983 3710 de
1017 3670 1089 3711 eo
1120 3652 1197 3713 de
1228 3673 1351 3734 quo
1383 3660 1625 3719 constat
1643 3658 1831 3718 fuisse

321 3747 630 3817 amentem,
663 3747 728 3803 et
758 3742 1082 3805 dubitatur
1111 3764 1189 3804 an
1220 3745 1511 3809 habuerit
1545 3748 1834 3810 interval-

318 3833 450 3909 lum,
485 3838 546 3894 et
572 3834 731 3895 dicit
764 3837 1052 3912 praesumi
1087 3856 1208 3899 non
1241 3839 1568 3918 habuisse,
1604 3844 1708 3923 qui
1740 3848 1834 3905 est

320 3943 479 3986 casus
505 3927 704 3988 multo
737 3928 1043 4005 diversuS‚
1079 3936 1147 3992 ut
1174 3936 1438 3993 constat.

387 4019 605 4080 Probat
627 4026 841 4080 autem
864 4021 1071 4083 Sanch
1118 4023 1239 4085 hoc
1261 4025 1545 4086 ultimum
1570 4026 1825 4106 dictum,

317 4110 373 4171 in
396 4131 510 4190 quo
541 4118 636 4175 est
666 4118 799 4174 tota
829 4113 1165 4177 difficultas
1189 4163 1205 4193 ,
1258 4118 1405 4197 quia
1430 4138 1573 4180 cum
1602 4119 1830 4182 furoris

316 4205 548 4265 morbus
576 4225 695 4267 sua
726 4213 951 4268 natura
969 4217 1328 4289 perpetuus,
1366 4211 1726 4275 insanabilis
1754 4234 1829 4277 ac

316 4297 658 4376 desperatus
717 4300 834 4375 sit,
908 4303 1311 4379 praesumitur
1365 4304 1593 4365 durare
1659 4307 1828 4368 omni

313 4394 602 4470 tempore,
650 4396 717 4453 et
752 4393 857 4453 illa
887 4393 1160 4455 dilucida
1189 4396 1518 4458 intervalla
1547 4406 1691 4461 sunt
1716 4420 1830 4479 per

312 4484 579 4545 accidens
603 4531 620 4560 ,
690 4484 960 4565 ideoque
1008 4488 1263 4548 minime
1334 4498 1823 4568 praesumuntur.

312 4576 440 4636 Haec
464 4581 679 4638 tamen
708 4579 867 4639 ratio
913 4579 978 4639 in
1025 4581 1243 4659 primis
1290 4601 1413 4643 non
1454 4586 1736 4662 procedit
1763 4586 1825 4647 in

311 4674 546 4746 aegroto,
580 4670 695 4750 qui
724 4672 927 4731 morbi
958 4672 1018 4732 vi
1048 4673 1409 4752 aliquandIu
1443 4676 1687 4754 delirat,
1722 4679 1830 4739 ali-

309 4763 538 4838 quando
568 4782 793 4824 sanam
822 4771 1098 4826 mentem
1130 4766 1359 4841 habet;
1412 4768 1471 4828 in
1522 4770 1626 4831 illo
1658 4771 1823 4832 enim

309 4852 570 4917 delirium
604 4875 733 4917 non
776 4861 871 4918 est
898 4858 1240 4921 insanabile
1265 4907 1281 4937 ,
1315 4861 1425 4922 sed
1456 4863 1662 4941 potius
1691 4883 1825 4925 ma-

307 4945 389 5023 gis
425 4966 533 5025 per
578 4948 875 5011 accidens
905 4950 1135 5012 dicitur
1179 4972 1313 5013 esse
1364 4973 1554 5033 quam
1589 4957 1823 5019 sanitas

305 5041 532 5102 mentis.
567 5042 807 5103 Deiade
837 5044 889 5103 si
918 5044 1141 5125 aliquis
1171 5045 1572 5109 habitualiter
1593 5050 1824 5113 habeat

306 5129 556 5194 dilucida
601 5134 936 5197 intervalla
963 5182 979 5212 ,
1028 5136 1113 5197 ita
1160 5143 1227 5200 ut
1272 5139 1494 5219 majori
1538 5146 1820 5222 tempore

304 5240 501 5284 sanam
530 5232 809 5288 mentem
859 5228 1091 5290 habeat
1137 5235 1200 5292 et
1243 5232 1472 5294 minori
1518 5234 1815 5313 furorem,

306 5332 413 5377 non
439 5323 643 5397 potest
671 5320 818 5397 dici,
850 5322 1019 5401 quod
1049 5324 1251 5403 magis
1280 5343 1393 5403 per
1419 5326 1714 5390 accidens
1743 5330 1821 5391 sit

302 5405 357 5467 in
382 5409 602 5484 furore,
640 5431 833 5493 quam
862 5414 924 5473 in
956 5420 1163 5476 mente
1193 5436 1380 5495 sana,
1421 5436 1564 5479 cum
1594 5419 1819 5501 majori

1935 517 2011 560 ex
2038 502 2216 577 parte
2246 497 2476 559 habeat
2502 516 2720 558 sanam
2748 501 3020 557 mentem
3048 542 3063 573 ,
3106 500 3292 577 atque
3317 494 3462 558 'ideo

1932 591 2139 670 magis
2167 609 2278 670 per
2307 590 2598 651 accidens
2629 589 2857 651 dicitur
2885 608 3019 650 esse
3050 589 3243 649 furor.

2014 685 2311 746 Existimo
2343 702 2492 763 ergo
2524 683 2586 743 in
2616 682 2850 762 primis,
2885 682 2938 742 si
2968 701 3042 742 ex
3067 682 3260 762 ipsius
3288 686 3463 743 actus

1936 778 2238 857 qualitate
2268 781 2330 837 et
2356 776 2523 836 bona
2549 794 2622 836 ac
2643 780 2816 836 recta
2837 774 3231 837 ordinatione
3261 784 3463 836 osten-

1936 869 2123 930 datur
2141 887 2181 929 a
2204 868 2296 929 sui
2321 873 2609 948 compote
2635 868 2873 929 factum
2894 885 3051 945 esse,
3085 867 3183 928 vel
3205 867 3257 926 si
3275 867 3461 944 longo

1934 961 2261 1023 intervallo
2291 966 2461 1041 post,
2496 959 2765 1021 furiosus
2794 961 2994 1021 factus
3024 960 3136 1036 sit,
3171 956 3465 1039 praesumi

1932 1073 2086 1116 sana
2117 1058 2327 1114 mente
2359 1053 2590 1115 sactum
2610 1099 2626 1129 ,
2660 1057 2730 1115 ut
2757 1052 2818 1113 in
2849 1057 3113 1133 utroque
3144 1070 3292 1113 casu
3321 1069 3464 1112 con-

1934 1147 2099 1208 cedit
2120 1147 2309 1208 etiam
2329 1146 2460 1225 ipse
2485 1145 2714 1208 Sanch.
2740 1163 2884 1206 cum
2899 1145 3058 1222 aliis,
3081 1163 3239 1224 quos
3259 1145 3459 1219 affert,

1935 1240 2162 1300 deinde
2212 1239 2527 1319 loquendo
2558 1238 2635 1299 de
2682 1244 2917 1317 aegroto
2962 1238 3307 1313 delirante,
3358 1236 3465 1315 qui

1934 1351 2113 1393 casus
2144 1332 2529 1412 frequentior
2556 1335 2669 1407 est,
2706 1332 2956 1411 quando
2988 1332 3066 1391 de
3096 1330 3309 1391 valore
3337 1333 3464 1391 tes-

1932 1425 2193 1487 tamenti
2223 1424 2727 1501 controvertitur,
2763 1425 3180 1486 communiter
3207 1423 3463 1502 loquen-

1934 1518 2037 1595 do,
2071 1518 2351 1579 notarius
2380 1523 2443 1579 et
2469 1521 2679 1593 testeS,
2713 1516 2817 1597 qui
2849 1517 2926 1577 de
2947 1520 3319 1579 testamento
3339 1518 3464 1576 tes-

1931 1615 2144 1674 tantur
2167 1657 2182 1687 ,
2233 1611 2551 1672 testificari
2581 1611 2768 1672 etiam
2799 1614 3058 1689 possunt
3102 1629 3181 1670 an
3235 1609 3298 1669 in
3327 1607 3463 1669 aliis

1931 1705 2211 1765 materiis
2238 1712 2384 1765 tunc
2405 1703 2703 1784 temporis
2722 1722 2938 1764 sanam
2961 1707 3232 1764 mentem
3264 1719 3464 1781 {egro-

1931 1801 2030 1859 tus
2060 1796 2437 1873 ostenderet,
2472 1802 2534 1859 et
2563 1814 2777 1856 eorum
2808 1796 2989 1858 dictis
3007 1796 3301 1858 standum
3321 1793 3457 1856 erit.

1933 1890 1997 1951 Si
2029 1908 2175 1950 vcro
2207 1889 2285 1949 de
2314 1890 2434 1950 hoc
2450 1908 2572 1950 non
2594 1893 2856 1966 constet,
2889 1889 3230 1949 videndum
3260 1892 3354 1949 est
3381 1906 3458 1948 an

1930 1987 2212 2061 tempore
2249 1982 2449 2061 magis
2478 1982 2680 2043 vicino
2711 1982 3140 2058 antecedenti,
3185 1981 3283 2041 vel
3313 1997 3464 2041 con-

1931 2075 2216 2155 sequenti
2257 2075 2588 2151 deliraret,
2650 2094 2724 2135 ex
2773 2074 2890 2137 hoc
2938 2075 3103 2135 enim
3150 2072 3463 2152 colligitur

1930 2173 2128 2230 status
2171 2168 2335 2229 illius
2381 2168 2684 2248 temporis
2715 2167 2919 2247 qualis
2946 2167 3136 2228 fuerit
3167 2186 3182 2239 ;
3235 2183 3381 2226 nam
3410 2169 3459 2225 si

1930 2262 2290 2323 immediate
2336 2268 2479 2322 ante
2510 2261 2850 2338 delirabat,
2897 2279 3022 2321 non
3062 2258 3462 2340 praesumitur

1929 2358 2077 2417 tunc
2107 2359 2383 2416 mutatus
2414 2353 2529 2414 nisi
2557 2354 2855 2432 probetur
2887 2353 3172 2414 mutatiO.
3217 2352 3283 2415 Si
3312 2369 3458 2413 vero

1929 2448 2289 2509 immediate
2341 2451 2527 2509 antea
2570 2466 2791 2507 sanam
2839 2451 3113 2508 mentem
3159 2444 3454 2521 habebat,

1929 2559 2054 2602 non
2083 2540 2484 2620 praesumitur
2512 2540 2701 2601 etiam
2728 2543 3003 2601 mutatus
3029 2540 3112 2599 ad
3141 2538 3452 2612 delirium,

1930 2634 2048 2694 nisi
2077 2632 2396 2711 probetur.
2451 2631 2630 2705 Quod
2672 2631 2836 2692 idem
2879 2649 3023 2692 cum
3053 2631 3458 2710 proportione
3512 2681 3518 2687 .

1930 2725 2266 2787 dicendum
2297 2726 2414 2786 erit
2441 2725 2518 2785 de
2549 2744 2654 2800 ee,
2702 2725 2809 2804 qui
2838 2724 3027 2786 etiam
3055 2724 3215 2784 bene
3243 2724 3459 2784 valens

1929 2818 2206 2880 dilucida
2259 2818 2533 2879 habebat
2587 2817 2936 2878 intervalla.
2994 2816 3254 2892 Quando
3307 2833 3457 2877 vero

1930 2931 2044 2973 nec
2065 2912 2142 2972 de
2165 2917 2445 2990 tempore
2465 2911 2769 2989 proximo,
2804 2916 2912 2971 aut
2930 2916 3093 2973 statu
3122 2910 3285 2970 illius
3315 2927 3458 2970 con·

1928 3011 2154 3086 staret,
2189 3005 2299 3065 sed
2330 3023 2405 3064 cx
2432 3004 2698 3083 abrupto
2731 3009 2987 3066 vocaret
3012 3004 3092 3065 ad
3122 3008 3459 3066 testamen-

1927 3105 2059 3160 tum
2089 3117 2273 3158 suum
2303 3097 2658 3161 faciendum
2691 3097 2812 3171 ille,
2850 3097 2958 3177 qui
2988 3097 3327 3177 aliquando
3357 3114 3458 3157 sa·-

1928 3212 2112 3269 nam,
2165 3191 2503 3272 aliquando
2542 3191 2826 3252 insanam
2855 3195 3130 3252 mentem
3160 3190 3453 3268 habebat,

1927 3286 2270 3347 videndum
2300 3285 2418 3346 erit
2443 3304 2522 3345 an
2554 3289 2694 3363 post
2723 3285 3010 3346 ultimum
3030 3290 3297 3365 tempuS,
3333 3301 3456 3364 quo

1929 3379 2241 3455 delirium,
2275 3379 2374 3439 vel
2402 3378 2680 3439 furorem
2708 3378 2968 3439 durasse
2997 3382 3240 3439 constat
3266 3379 3459 3440 inter-

1928 3474 2186 3534 cesserit
2225 3471 2478 3551 aliquod
2527 3476 2774 3550 tempus
2821 3490 2992 3532 sanae
3015 3471 3266 3533 ·mentis
3313 3474 3457 3532 ante

1927 3570 2372 3627 testamentum
2401 3565 2658 3641 factum,
2694 3569 2757 3627 et
2783 3565 3070 3626 similiter
3096 3569 3236 3643 post
3263 3568 3455 3626 testa-

1928 3664 2210 3720 mentum
2255 3658 2675 3718 intercesserit
2720 3662 2965 3735 tempus
3011 3657 3267 3736 aliquod
3314 3660 3457 3718 ante

1927 3757 2176 3830 tempus
2206 3750 2538 3829 posteriuS,
2572 3769 2694 3828 quo
2733 3749 3024 3809 delirium
3055 3749 3151 3809 vel
3180 3750 3457 3810 furorem

1928 3845 2117 3906 fuisse
2148 3848 2366 3923 postea
2395 3848 2660 3919 constat,
2697 3862 2820 3923 quo
2851 3848 3133 3922 tempore
3163 3842 3458 3904 interme-

1928 3938 2030 3998 dio
2056 3984 2070 4012 ,
2114 3936 2259 3998 licet
2291 3956 2412 3997 non
2443 3936 2803 3997 immediato
2834 3954 2986 3996 sana
3014 3954 3192 3996 mens
3221 3935 3407 3997 fuerit
3439 3954 3453 3996 :

1928 4036 1990 4092 et
2016 4034 2165 4092 tuno
2197 4047 2354 4090 onus
2382 4029 2690 4108 probandi
2734 4031 3006 4091 furorem
3054 4029 3373 4091 incumbet
3401 4029 3459 4090 ei

1927 4122 2033 4201 qui
2063 4122 2237 4181 illum
2269 4122 2492 4183 asserit
2531 4122 2718 4183 fuisse
2761 4127 3044 4202 tempore
3073 4124 3453 4201 testamenti,

1926 4234 2070 4277 cum
2100 4216 2306 4276 nullus
2332 4215 2508 4275 furor
2543 4216 2844 4295 probetur
2870 4216 2932 4276 in
2961 4221 3243 4297 tempore
3272 4217 3456 4281 inter-

1924 4308 2133 4369 medio
2163 4308 2382 4384 fuisse,
2438 4309 2548 4368 sed
2577 4309 2785 4388 potius
2810 4328 2964 4371 sana
2988 4329 3196 4388 menS,
3248 4311 3457 4392 quoad

1925 4402 2202 4481 aliquam
2233 4400 2369 4479 ejus
2400 4406 2662 4479 partem.
2710 4403 2775 4464 Si
2820 4402 3089 4484 denique
3124 4424 3248 4466 non
3276 4424 3458 4467 cons-

1924 4498 2014 4555 tet
2058 4495 2137 4554 de
2167 4499 2448 4572 tempore
2479 4494 2682 4555 vicino
2707 4541 2723 4571 ,
2775 4514 2890 4557 nec
2932 4497 3011 4557 de
3056 4498 3452 4574 intermedie,

1926 4588 2176 4666 qualem
2206 4592 2437 4648 statum
2466 4587 2800 4665 habuerit,
2848 4589 2958 4650 sed
3002 4591 3079 4651 de
3118 4592 3328 4653 lurore
3357 4592 3455 4653 vel

1923 4680 2141 4740 delirio
2165 4680 2226 4739 in
2248 4686 2530 4759 tempore
2553 4680 2807 4742 distanti
2828 4682 2932 4744 tali
2952 4683 3268 4761 distantia,
3292 4685 3458 4746 intra

1924 4792 2114 4852 quam
2145 4774 2489 4834 contrarios
2519 4774 2761 4836 solebat
2788 4775 3023 4837 habere
3047 4824 3062 4854 ,
3106 4782 3169 4840 et
3204 4779 3456 4840 aliunde

1922 4870 2166 4927 constet
2209 4866 2526 4926 hominem
2578 4867 2753 4927 illum
2809 4869 3062 4930 solitum
3118 4871 3454 4950 aliquando

1922 4959 2210 5035 delirare,
2245 4959 2342 5020 vel
2373 4960 2668 5036 insanire,
2701 4961 3038 5041 aliquando
3069 4964 3165 5023 sui
3193 4983 3453 5042 compo-

1919 5056 2047 5113 tem
2078 5070 2235 5128 esse,
2270 5051 2458 5113 credo
2489 5040 2998 5131 praesumendum
3029 5074 3171 5115 eum
3194 5059 3449 5135 statum,

1922 5164 2107 5225 quem
2123 5144 3176 5226 majoriexpartetemporishabere
3189 5149 3448 5227 solebat,

1921 5242 1983 5299 et
2026 5239 2077 5299 si
2119 5238 2344 5317 majori
2373 5256 2444 5297 ex
2475 5244 2653 5318 parte
2684 5239 2981 5302 deliraret
3000 5241 3099 5302 vel
3127 5242 3448 5321 insaniret,

1925 5337 2346 5409 praesumatur
2372 5334 2521 5392 tunc
2548 5332 2691 5393 talis
2719 5331 2909 5393 fuisse
2928 5379 2945 5410 ,
2979 5333 3028 5395 si
3060 5352 3209 5395 vero
3241 5355 3274 5396 e
3302 5354 3457 5398 con-

1919 5427 2015 5484 tra
2043 5423 2267 5503 majori
2323 5442 2401 5484 ex
2449 5430 2626 5505 parte
2673 5429 2808 5488 erat
2851 5427 2949 5488 sui
2991 5445 3247 5507 compos
3272 5448 3287 5502 3
3351 5429 3452 5491 hic
