4263 6376
1235 311 1707 374 DISPUTATIO
1750 309 1970 385 XXIX,
2020 310 2294 373 SECTIO
2338 311 2470 372 v11.

249 494 362 551 ret
392 508 589 570 super
616 491 792 551 navis
838 491 1039 552 salute
1065 537 1082 566 ,
1143 492 1329 551 Sotus
1376 489 1527 550 dicit
1553 491 1804 549 contra-

246 588 443 645 ctum
471 603 597 645 non
628 602 760 644 esse
784 584 1062 644 validum
1085 582 1233 662 quia
1261 582 1439 643 dolus
1468 582 1522 643 ei
1553 600 1807 643 causam

247 676 473 753 daret,
506 694 622 737 nec
650 676 948 737 voluisset
993 676 1362 737 contrahere
1393 680 1801 750 assecurator,

246 769 312 828 si
343 770 671 831 fictionem
700 769 1008 842 novisset,
1045 768 1280 830 veritus
1313 786 1390 828 ne
1417 769 1577 829 forte
1606 767 1806 828 domi-

248 881 387 922 nus
402 863 599 923 ‘navis
629 862 796 923 illam
826 862 1173 941 negligeret
1202 909 1216 938 ,
1251 864 1319 922 ut
1343 862 1448 922 illa
1474 864 1690 923 40000.
1725 860 1805 920 ab

251 973 341 1015 eo
372 956 747 1016 lucraretur.
781 955 1011 1016 Molina
1041 972 1190 1014 vero
1212 1001 1227 1030 ,
1259 954 1405 1015 licet
1432 953 1549 1015 hoc
1579 953 1640 1013 in
1669 954 1805 1014 foro

249 1053 532 1110 externo
553 1047 969 1127 judicandum
997 1046 1247 1122 credat,
1301 1047 1365 1106 in
1412 1047 1545 1108 foro
1594 1051 1805 1108 tamen

250 1140 694 1216 conscientiae,
728 1141 780 1200 si
807 1139 1098 1200 dominus
1127 1139 1324 1215 naviS,
1348 1144 1458 1200 aut
1476 1138 1580 1218 qui
1609 1139 1809 1216 finge-

252 1234 379 1295 bat
410 1253 655 1294 merces
684 1252 809 1294 non
840 1232 1115 1293 habebat
1142 1232 1418 1292 animum
1449 1231 1807 1311 negligendi

252 1345 526 1402 navem,
560 1345 675 1386 nec
704 1325 1012 1403 neglexit,
1072 1325 1178 1384 sed
1229 1344 1480 1385 omnem
1502 1342 1718 1386 curam
1747 1327 1810 1385 et

251 1419 663 1498 diligentiam
693 1417 999 1493 adhibuit,
1054 1421 1441 1478 contractum
1470 1422 1649 1497 putat
1673 1435 1807 1478 esse

251 1513 557 1572 validum
590 1532 603 1571 :
639 1511 789 1590 quia
818 1510 999 1570 dolus
1028 1510 1130 1569 ille
1161 1529 1284 1570 non
1315 1510 1488 1572 dedit
1515 1529 1802 1584 causam3

251 1606 501 1666 eodem
533 1605 697 1665 enim
722 1604 910 1664 modo
941 1604 1353 1664 contraxisset
1390 1609 1803 1680 assecurator,

252 1698 315 1758 si
348 1699 687 1759 veritatem
714 1697 932 1772 sciret,
968 1714 1193 1775 nempe
1225 1715 1346 1757 non
1379 1716 1512 1757 esse
1540 1716 1805 1773 merceS,

252 1792 383 1852 sed
432 1797 641 1852 tamen
687 1808 937 1851 omnem
985 1789 1372 1868 diligentiam
1420 1792 1585 1851 circa
1635 1791 1809 1851 navis

253 1885 544 1946 salutem
573 1882 999 1943 adhibendam
1050 1900 1064 1945 :
1119 1883 1268 1961 quid
1316 1883 1482 1943 enim
1511 1902 1623 1943 sua
1653 1884 1811 1944 inte-

251 1985 428 2055 rest,
462 1976 629 2056 quod
659 1976 781 2037 sint
813 1976 907 2035 vel
961 1994 1085 2036 non
1116 1976 1239 2036 sint
1266 1977 1551 2037 merces?
1606 1977 1810 2049 Quare

255 2071 556 2150 quandO,
592 2069 697 2148 qui
723 2068 1122 2129 securitatem
1152 2068 1341 2146 petit,
1376 2069 1547 2130 domi
1573 2074 1806 2146 manet,

255 2182 395 2224 nec
425 2163 507 2224 ad
536 2163 741 2240 ipsum
757 2162 854 2220 vel
886 2160 1019 2240 ejus
1047 2161 1364 2222 ministros
1393 2167 1632 2240 spectat
1661 2180 1813 2222 cura

253 2253 480 2333 ῃεῆε,
512 2255 620 2315 sed
650 2253 731 2314 ad
761 2252 896 2332 ejus
925 2253 1248 2314 dominum
1267 2300 1285 2327 ‚
1339 2255 1440 2315 cui
1490 2255 1623 2333 ipse
1654 2273 1809 2314 nau·

256 2351 411 2410 lum
441 2348 642 2422 solvit,
677 2365 800 2407 non
831 2350 1036 2424 potest
1054 2347 1349 2425 praesumi
1382 2348 1692 2426 ejusmodi
1718 2347 1814 2406 in-

258 2444 477 2505 tentio
523 2439 877 2518 decipiendi
922 2439 1004 2499 ad
1054 2439 1436 2517 captandum
1465 2441 1708 2500 lucrum
1738 2459 1814 2501 ex

260 2536 534 2597 fictione
560 2580 575 2610 ,
622 2534 808 2612 aique
849 2531 992 2591 ideo
1021 2531 1255 2593 valebit
1289 2533 1668 2594 assecuratio
1699 2551 1813 2612 pro

256 2633 410 2692 tota
444 2645 720 2699 summa,
780 2625 926 2686 licet
966 2624 1175 2703 plures
1229 2644 1469 2686 merces
1517 2644 1660 2686 suas
1715 2643 1816 2686 as-

257 2722 662 2784 securandas
685 2766 700 2796 ,
754 2720 848 2779 vel
906 2717 1210 2796 majorem
1267 2738 1485 2779 eorum
1534 2719 1816 2779 valorem

258 2814 772 2877 assecurandum
801 2811 1225 2888 designaverit
1249 2817 1591 2888 mercator,
1626 2828 1816 2891 quam

260 2927 503 2969 revera
533 2910 759 2981 essent,
819 2904 909 2966 ita
935 2903 1167 2964 Molina
1195 2904 1331 2965 loco
1372 2905 1586 2981 citato,
1626 2922 1816 2984 quem

264 3003 416 3063 fere
436 3000 718 3079 sequitur
732 2997 1002 3058 LessiuS.

360 3097 497 3172 Ego
527 3094 589 3153 in
622 3093 739 3152 hoc
752 3090 970 3151 ultimo
984 3108 1131 3150 casu
1150 3090 1327 3150 aliter
1342 3089 1811 3168 distinguerem:

268 3207 436 3249 nam
481 3186 534 3247 si
582 3184 863 3264 deceptio
914 3202 1037 3244 non
1085 3182 1164 3245 sit
1209 3182 1377 3244 circa
1402 3183 1817 3245 substantiam

266 3281 623 3355 mercium,
673 3277 783 3338 sed
825 3277 1026 3337 solum
1073 3277 1240 3336 circa
1268 3295 1485 3337 eorum
1512 3277 1811 3349 valorem,

264 3375 474 3437 credo
502 3374 563 3432 id
593 3391 715 3432 non
747 3370 995 3431 obstare
1015 3369 1609 3430 valoricontractus:
1636 3370 1819 3429 dum-

260 3468 472 3529 modo
502 3466 667 3526 enim
696 3481 936 3524 merces
963 3463 1307 3538 mittantur,
1341 3465 1404 3523 et
1430 3461 1494 3521 in
1525 3480 1599 3521 ea
1620 3478 1818 3540 quan-

260 3563 460 3624 titate
488 3560 552 3619 in
579 3577 703 3638 qua
731 3554 1115 3617 assecuranti
1145 3555 1383 3616 dictum
1416 3555 1559 3629 fuit,
1593 3573 1817 3632 parum

260 3658 418 3735 ipse
446 3656 623 3714 curat
649 3650 816 3730 quod
847 3649 1134 3723 valeant,
1193 3648 1292 3708 vel
1322 3666 1446 3709 non
1474 3648 1728 3710 valeant
1751 3648 1816 3708 id

261 3747 454 3829 quod
480 3750 791 3806 mercator
813 3742 1000 3815 dixit;
1035 3746 1340 3820 quantum
1367 3741 1533 3801 enim
1563 3746 1815 3802 auctum

261 3842 378 3903 vel
412 3841 733 3917 demptum
762 3835 954 3899 fuitin
981 3835 1392 3895 aestimatione
1412 3834 1664 3910 valoriS,
1684 3839 1817 3895 tan-

260 3934 565 3998 tumdem
593 3935 845 3993 auctum
887 3928 988 3988 vel
1030 3927 1354 4006 demptum
1381 3927 1498 3988 fuit
1523 3927 1587 3987 in
1615 3927 1814 4006 pretio

262 4024 780 4100 assecurationiS,
816 4027 879 4083 et
905 4022 992 4083 ita
1032 4020 1250 4081 dicunt
1276 4020 1339 4079 in
1365 4020 1543 4099 praxi
1571 4038 1815 4081 assecu-

263 4124 529 4182 rantem
576 4122 739 4179 stare
766 4114 966 4175 valori
1013 4117 1197 4175 antea
1243 4117 1452 4174 taxato
1501 4112 1580 4172 ab
1619 4112 1814 4173 altero

263 4212 711 4285 contrahente,
739 4208 870 4269 sive
898 4206 1130 4267 taxatio
1162 4206 1354 4265 nimia
1383 4205 1482 4265 vel
1510 4204 1817 4265 diminuta

264 4306 491 4369 suerit.
525 4304 591 4366 Si
618 4319 766 4363 vero
798 4299 1082 4378 deceptio
1114 4300 1193 4359 sit
1210 4299 1375 4359 circa
1405 4296 1815 4358 substantiam

264 4400 584 4462 mercium
615 4414 770 4476 quas
795 4394 926 4473 ipse
957 4392 1254 4453 credebat
1273 4410 1492 4451 revera
1520 4409 1654 4450 esse
1670 4408 1815 4450 cum

266 4512 410 4556 non
439 4495 680 4566 essent,
741 4488 851 4548 sed
897 4488 1319 4565 fingerentur,
1378 4484 1573 4546 multo
1614 4482 1815 4561 magis

266 4590 488 4669 placet
514 4582 771 4644 scientia
800 4580 954 4656 Soti,
983 4579 1150 4658 quod
1181 4579 1534 4639 contractus
1566 4594 1690 4636 non
1711 4594 1815 4635 va-

266 4681 414 4745 leat
437 4679 625 4739 etiam
654 4675 715 4734 in
745 4675 879 4735 foro
910 4671 1325 4735 conscientiae.
1389 4670 1593 4731 Primo
1619 4716 1634 4746 ,
1668 4669 1817 4748 quia

270 4776 341 4835 in
375 4774 508 4833 roro
538 4773 791 4831 externo
815 4766 1208 4847 judicaretur
1235 4763 1569 4838 invalidus,
1620 4766 1690 4823 ut
1717 4762 1812 4822 fa-

270 4871 448 4931 tetur
474 4865 603 4944 ipse
633 4861 883 4937 Molina,
916 4877 990 4919 eo
1019 4858 1186 4937 quod
1204 4856 1635 4917 deficientibus
1656 4874 1815 4914 mer-

271 4961 478 5034 cibuS,
513 4957 808 5018 deficeret
834 4951 1316 5014 assecurationis
1343 4948 1638 5021 materia;
1690 4966 1814 5008 non

272 5058 377 5116 est
402 5055 612 5112 autem
667 5067 779 5109 cur
831 5048 893 5107 in
939 5046 1073 5106 foro
1122 5044 1365 5105 interno
1425 5060 1548 5103 non
1590 5041 1818 5102 debeat

272 5148 449 5210 idem
472 5142 777 5224 judicari,
837 5158 982 5201 cum
1026 5138 1248 5199 eadem
1277 5136 1356 5196 sit
1383 5134 1647 5196 materia
1672 5151 1815 5195 con·

272 5243 517 5303 tractus
543 5238 608 5297 in
638 5240 904 5313 utroque
933 5233 1091 5307 for0,
1115 5230 1235 5290 nisi
1252 5228 1421 5290 aliud
1445 5227 1815 5289 contrahen-

272 5338 374 5396 tes
400 5329 749 5402 intendant,
768 5328 957 5406 prout
972 5324 1267 5385 videntur
1284 5320 1609 5384 intendere
1624 5338 1817 5398 quan-

272 5427 357 5489 do
388 5428 656 5502 uterque
682 5420 819 5496 scit,
854 5437 974 5480 non
1007 5435 1144 5477 esse
1173 5433 1434 5491 merceS,
1460 5418 1647 5492 atque
1671 5411 1813 5472 ideo

270 5517 613 5584 intendunt
637 5513 839 5576 solum
866 5514 1257 5574 contractum
1278 5506 1650 5589 sponsioniS,
1674 5524 1816 5586 quaa

3320 320 3430 378 5³1

1906 486 2169 549 intentio
2196 491 2413 549 mutua
2440 487 2503 548 in
2533 487 2651 548 illis
2680 487 3162 552 circumstantiis
3190 491 3438 571 utrique

1906 583 2000 641 est
2026 580 2409 641 sufficienter
2435 585 2602 641 nota.
2649 583 2936 643 Secundo
2967 601 3259 660 moveor,
3294 585 3443 663 quia

1907 691 2156 751 semper
2183 673 2481 751 deceptus
2510 679 2791 736 maneret
2826 681 3218 737 assecurator
3244 677 3443 737 maxi-

1905 783 2008 826 mo
2040 766 2354 843 expositus
2382 767 2681 844 pericu10,
2705 767 2754 827 si
2779 769 3193 831 consensisset
3217 769 3280 830 iu
3298 787 3441 830 eum

1905 863 2316 935 contractum,
2339 859 2570 919 sienim
2590 861 2765 920 navis
2787 860 3114 939 designata
3132 863 3441 940 periisset,

1905 958 2221 1014 mercator
2266 952 2544 1031 exigeret
2590 952 2669 1012 ab
2718 973 2789 1015 eo
2820 958 3037 1016 40000.
3081 974 3439 1033 aureorum,

1906 1044 2012 1125 qui
2042 1046 2248 1106 fuerat
2276 1045 2455 1105 valor
2482 1044 2844 1123 designatus
2873 1046 2938 1106 in
2966 1047 3280 1109 mercibus
3326 1066 3342 1113 :
3392 1047 3443 1109 si

1905 1156 2054 1199 vero
2085 1139 2266 1198 navis
2296 1138 2471 1199 salva
2498 1138 2803 1214 venisset,
2833 1143 3153 1202 mercator
3180 1140 3439 1214 diceret,

1907 1235 2298 1292 contractum
2327 1249 2452 1292 non
2481 1231 2670 1292 fuisse
2701 1232 2980 1293 validum
3028 1234 3176 1312 quia
3201 1252 3445 1296 merces

1906 1343 2031 1386 non
2059 1325 2314 1385 fuerunt
2338 1325 2569 1400 missae,
2626 1328 2811 1403 prout
2839 1325 2970 1403 ipse
2999 1325 3327 1405 sperabat,
3385 1330 3447 1388 et

1910 1417 2160 1477 difficile
2190 1421 2399 1495 posset
2428 1417 2484 1476 ei
2512 1416 2575 1476 in
2605 1417 2740 1478 foro
2771 1422 3024 1482 externo
3055 1418 3221 1480 fictio
3251 1423 3313 1480 et
3340 1437 3448 1480 no·

1908 1510 2044 1571 titia
2069 1510 2433 1589 praecedens
2462 1509 2750 1588 probari;
2785 1529 2978 1590 quare
3008 1511 3226 1589 procul
3256 1511 3447 1573 dubio

1906 1603 1969 1663 in
2000 1603 2133 1663 foro
2161 1606 2417 1663 externo
2465 1607 2822 1664 contractus
2850 1604 3162 1664 invalidus
3198 1604 3447 1684 judica·

1906 1699 2081 1757 retur
2102 1741 2117 1772 ,
2173 1699 2359 1774 atque
2388 1695 2529 1756 ideo
2559 1696 2829 1774 pretium
2859 1697 3341 1759 assecurationis
3369 1697 3449 1758 ab

1908 1793 2309 1849 assecurante
2363 1791 2775 1866 repeteretur.
2855 1791 2904 1849 N
2911 1809 2990 1849 on
3046 1794 3254 1869 potest
3299 1809 3448 1869 ergo

1909 1881 2202 1960 praesumi
2246 1898 2587 1942 consensus
2629 1882 2690 1941 in
2721 1886 3115 1943 contractum
3146 1884 3303 1945 adeo
3332 1884 3452 1944 sibi

1909 1973 2330 2053 periculosum
2362 2019 2379 2048 ,
2440 1973 2693 2052 quando
2726 1974 3009 2054 deceptio
3042 1979 3136 2037 est
3164 1977 3329 2037 circa
3357 1977 3453 2057 ip-

1910 2086 2044 2128 sam
2074 2065 2491 2128 substantiam
2519 2066 2846 2128 mercium.
2895 2068 3072 2140 Quod
3105 2069 3273 2130 idem
3305 2087 3450 2131 cum

1911 2160 2315 2239 proportione
2345 2159 2685 2220 dicendum
2727 2164 2842 2236 est,
2878 2161 3132 2240 quando
3163 2161 3451 2241 deceptio

1909 2255 2000 2329 tit,
2037 2270 2167 2312 non
2197 2251 2364 2312 circa
2393 2255 2637 2330 partem
2664 2251 2894 2313 valoris
2919 2298 2933 2328 ‚
2970 2254 3078 2313 sed
3110 2253 3279 2315 circa
3305 2274 3452 2334 par-

1910 2349 2039 2406 tem
2067 2343 2394 2420 mercium,
2428 2348 2498 2405 ut
2523 2343 2576 2405 si
2606 2363 2928 2406 assecures
2958 2348 3095 2407 100.
3120 2346 3288 2408 dolia
3300 2347 3450 2425 vini,

1915 2457 2054 2517 quae
2083 2438 2298 2498 valent
2327 2439 2501 2499 1000.
2537 2455 2784 2514 aureOS,
2819 2442 3177 2500 contractus
3206 2440 3325 2502 erit
3350 2459 3455 2502 va·

1912 2531 2097 2607 lidus,
2128 2529 2276 2590 licet
2302 2528 2554 2591 valeant
2580 2530 2782 2591 solum
2809 2533 2950 2591 500.
2982 2550 3209 2593 aureos
3243 2550 3257 2597 :
3289 2533 3340 2594 si
3361 2537 3457 2594 ta-

1914 2643 2059 2684 men
2090 2641 2215 2683 non
2244 2627 2421 2684 erant
2451 2627 2588 2685 100.
2620 2623 2734 2684 sed
2751 2627 2849 2685 50.
2881 2624 3072 2701 dolia,
3098 2631 3455 2688 contractus

1915 2717 2032 2778 erit
2061 2735 2137 2776 ex
2167 2733 2242 2777 ea
2271 2715 2475 2776 solum
2504 2719 2682 2796 parte
2712 2716 2976 2779 validus.
3028 2719 3230 2796 Unde,
3263 2720 3317 2780 si
3344 2739 3455 2799 pe·

1913 2813 2082 2872 tatur
2109 2809 2490 2870 assecuratio
2519 2809 2696 2869 navis
2717 2811 3022 2888 portantis
3041 2830 3280 2873 merces
3296 2811 3452 2875 tanti

1914 2903 2146 2964 valoris
2171 2949 2185 2978 ,
2238 2904 2300 2962 et
2326 2919 2568 2962 merces
2600 2920 2724 2963 non
2755 2907 3100 2981 portentur,
3134 2924 3453 2967 assecura-

1914 2996 1999 3057 tio
2028 2994 2264 3056 valebit
2291 2994 2499 3073 quoad
2547 2995 2759 3055 navim
2788 2997 2986 3057 solam
3007 3043 3022 3073 ,
3083 3017 3206 3059 non
3240 2999 3453 3078 quoad

1916 3106 2176 3150 merceS.
2213 3086 2474 3160 Quando
2505 3105 2653 3148 vero
2685 3106 2761 3148 ex
2790 3106 3100 3152 consensu
3128 3091 3452 3171 utriusque

1916 3183 2110 3263 partis
2137 3180 2387 3242 scientis
2414 3180 2614 3242 nullas
2644 3200 2778 3242 esse
2806 3201 3048 3245 merces
3071 3230 3087 3260 ,
3144 3185 3217 3247 fit
3240 3188 3453 3246 tamen

1917 3277 2272 3336 contractus
2301 3275 2787 3336 assecurationis
2828 3295 3018 3355 super
3045 3278 3244 3340 salute
3276 3279 3454 3339 navis

1914 3387 2027 3448 pro
2056 3367 2371 3428 mercibus
2400 3370 2616 3428 40000.
2654 3386 3009 3446 aureorum,
3063 3371 3322 3434 deberet
3350 3390 3453 3433 as·

1915 3464 2235 3522 securator
2263 3477 2400 3519 eam
2433 3477 2767 3536 summam,
2789 3461 2842 3520 si
2873 3462 3047 3522 navis
3077 3481 3221 3523 cum
3251 3465 3453 3525 omni-

1913 3553 2032 3614 hus
2061 3552 2198 3613 aliis
2225 3551 2539 3612 mercibus
2570 3552 2804 3631 periret
2862 3574 2875 3614 :
2937 3555 2991 3615 si
3034 3560 3245 3616 tamen
3276 3557 3453 3617 navis

1915 3646 2118 3725 periit,
2154 3649 2218 3706 et
2243 3663 2388 3722 pars
2416 3644 2722 3705 mercium
2749 3646 3016 3707 aliarum
3058 3667 3214 3727 quas
3243 3654 3453 3728 porta-

1915 3740 2043 3812 bat,
2077 3739 2250 3799 salva
2265 3738 2430 3799 facta
2450 3742 2563 3813 est,
2579 3737 2746 3798 idem
2758 3739 3067 3817 judicium
3093 3741 3452 3802 faciendum

1916 3837 2012 3893 est
2036 3832 2115 3892 de
2161 3830 2474 3891 mercibus
2521 3830 2641 3891 illis
2695 3832 2853 3892 fictis
2872 3877 2887 3908 ,
2949 3837 3012 3893 at
3066 3834 3452 3894 credendum

1915 3920 2080 3985 cum'
2114 3923 2515 4003 proportione
2581 3923 2847 3983 similem
2900 3924 3150 3985 illarum
3206 3931 3451 4005 partem

1913 4015 2283 4079 solvendam
2314 4014 2446 4075 iore
2469 4060 2486 4091 ,
2521 4018 2583 4076 et
2610 4015 2797 4075 aliam
2827 4016 3094 4077 similem
3122 4018 3311 4080 fuisse
3339 4038 3452 4099 pe·
3527 4052 3528 4055 κ

1914 4112 2199 4185 rituram,
2233 4108 2286 4169 si
2311 4108 2633 4179 venirent;
2685 4127 2879 4187 quare
2909 4110 3116 4188 quoad
3146 4112 3319 4172 illam
3349 4131 3451 4174 so-

1914 4204 2038 4264 lam
2067 4205 2310 4281 partem
2339 4200 2527 4262 dehet
2577 4205 2967 4262 assecurator
3011 4203 3281 4280 pretium
3327 4205 3451 4266 sol·

1912 4315 2082 4372 vere,
2114 4299 2186 4357 ut
2213 4293 2455 4354 notavit
2497 4292 2658 4354 bene
2688 4294 2920 4354 Molina
2948 4295 3006 4371 §.
3039 4295 3239 4377 Lonqe
3266 4296 3453 4359 diver-

1910 4410 2026 4466 εαε,
2058 4389 2122 4449 in
2151 4389 2297 4449 fine.
2331 4387 2610 4465 Denique
2641 4386 2808 4464 quod
2840 4387 3077 4449 dictum
3120 4395 3215 4450 est
3242 4390 3321 4450 de
3351 4410 3444 4452 eb

1912 4502 2053 4544 rore
2107 4484 2217 4542 aut
2270 4479 2597 4540 mendacio
2629 4480 2796 4540 circa
2840 4480 3254 4542 substantiam
3282 4502 3451 4544 mer·

1912 4576 2119 4650 cium,
2187 4565 2525 4632 dicendum
2581 4575 2649 4633 ut
2700 4590 2859 4632 cum
2913 4575 3313 4652 proportione
3368 4577 3447 4638 de

1913 4685 2123 4729 errore
2181 4669 2291 4727 aut
2335 4664 2664 4724 mendacio
2735 4664 2903 4725 circa
2975 4672 3218 4743 partem
3283 4687 3449 4728 mer-

1913 4762 2100 4837 cium,
2153 4763 2223 4820 ut
2275 4776 2388 4837 pro
2438 4775 2512 4817 ea
2547 4760 2745 4836 parte,
2803 4757 2866 4817 in
2922 4777 3046 4837 qua
3101 4765 3194 4821 est
3248 4779 3443 4838 error,

1914 4854 2011 4915 vel
2085 4850 2370 4929 deceptio
2439 4851 2606 4910 circa
2673 4850 3085 4912 substantiam
3143 4854 3447 4914 mercium

1912 4948 2268 5009 contractus
2299 4963 2423 5005 non
2452 4942 2696 5020 valeat,
2743 4943 2854 5003 sed
2882 4945 3084 5005 solum
3132 4946 3299 5006 circa
3357 4947 3449 5007 al-

1911 5043 2110 5101 teram
2158 5042 2401 5117 partem
2446 5054 2700 5111 veram,
2760 5041 2823 5097 et
2867 5054 3010 5098 cum
3052 5038 3273 5098 eadem
3304 5059 3448 5119 pro-

1910 5130 2196 5211 portione
2246 5128 2708 5190 detrahendum
2753 5129 2870 5189 erit
2927 5130 3005 5190 de
3044 5132 3241 5208 pretio
3284 5151 3448 5194 asse—

1913 5222 2272 5299 curationis,
2308 5225 2368 5283 et
2397 5222 2475 5281 de
2504 5221 2719 5282 valore
2751 5240 2873 5300 quo
2902 5241 3145 5283 merces
3174 5225 3448 5287 aestima-

1913 5322 1993 5378 tae
2020 5317 2271 5378 fuerant
2298 5316 2357 5375 in
2391 5318 2737 5376 contractu.

1993 5409 2326 5470 Dubitatur
2343 5406 2640 5483 secunde,
2667 5406 2918 5485 quando
2937 5414 3334 5472 assecuratur
3349 5431 3445 5474 so-

1912 5503 2046 5565 lum
2073 5522 2221 5582 pars
2248 5500 2554 5563 mercium
2599 5500 2681 5561 ad
2707 5499 2858 5579 quid
2885 5503 3175 5565 teneatur
3200 5522 3446 5569 assecu-

3577 5436 3693 5499 102
