4263 6376
1060 276 1547 339 DISPUTATIO
1597 276 1878 353 XXVIII,
1930 278 2204 343 SECTIO
2249 282 2408 346 VIII.

216 469 333 512 esse
358 453 564 511 contra
590 449 822 511 bullam
845 497 862 525 ,
895 450 947 511 si
973 451 1039 511 in
1066 451 1349 513 favorem
1377 453 1709 534 campsarii

215 542 632 604 determinetur
672 540 759 603 ab‘
782 543 956 604 initio
993 544 1293 607 interesse
1323 546 1593 623 cambii,
1642 566 1703 607 v.

213 655 266 714 g.
297 653 409 695 non
437 634 907 697 determinando
931 682 947 713 ,
1000 643 1303 716 quantum
1330 639 1572 700 solvere
1605 639 1709 699 de-

211 728 373 804 beat,
418 726 524 787 sed
570 727 1042 790 determinando
1087 730 1256 809 quod
1302 750 1424 792 non
1482 732 1710 794 debeat

212 819 519 879 ascendere
546 819 622 879 ad
654 821 844 882 talem
890 841 1202 883 summam
1228 870 1243 900 ,
1290 825 1401 885 sed
1450 843 1707 885 manere

210 912 350 972 infra
375 911 561 988 illam,
596 913 837 974 etiamsi
868 914 1166 977 interesse
1195 917 1424 978 cambii
1451 936 1707 979 currens

211 1003 279 1064 ad
318 1003 474 1063 illam
518 1022 826 1065 summam
867 1006 1204 1069 ascendere
1263 1010 1702 1089 comperiatur,

209 1097 295 1157 vel
316 1097 475 1155 illam
503 1097 803 1158 excedere
827 1144 843 1176 ,
894 1103 962 1160 ut
990 1100 1229 1162 notavit
1257 1102 1500 1163 Scort-ia
1526 1102 1709 1164 theo-

208 1206 343 1249 rem.
375 1190 506 1250 309.
535 1190 682 1267 quia
710 1190 829 1251 hoc
858 1209 983 1252 non
1013 1197 1107 1254 est
1133 1192 1553 1255 determinare
1583 1195 1707 1256 sol-

207 1280 473 1357 vendum,
503 1280 613 1340 sed
644 1280 1060 1344 determinare
1091 1303 1214 1346 non
1244 1286 1616 1347 solvendum
1640 1287 1705 1347 in

207 1371 457 1431 favorem
497 1374 868 1453 campsarii,
928 1379 990 1437 et
1028 1378 1445 1456 approbatum
1488 1380 1606 1441 fuit
1642 1379 1703 1439 in

208 1464 661 1543 congregatione
672 1468 885 1528 Romae
900 1468 1066 1531 facta
1088 1488 1251 1531 anno
1275 1474 1450 1533 1631.
1476 1475 1545 1533 01
1562 1490 1705 1533 con-

205 1561 310 1617 stat
334 1575 403 1617 ex
445 1557 652 1618 verbis
698 1561 1124 1638 responsionis
1166 1563 1377 1625 relatae
1429 1565 1704 1627 sectione

206 1648 573 1728 praecedenti.

272 1742 395 1802 Dixi
422 1747 655 1820 autem,
699 1744 888 1806 licere
925 1748 1274 1826 campsario
1312 1749 1485 1828 prius
1532 1750 1704 1813 danti

204 1834 470 1912 pecunias
485 1854 824 1915 prorogare
845 1840 1155 1918 campsori
1175 1842 1511 1902 terminum
1540 1844 1706 1904 solu-

117 1948 125 1975 ι
202 1925 382 2002 tionis,
413 1928 507 1986 vel
536 1928 618 1988 ad
649 1930 956 1991 secundas
986 1931 1174 1992 etiam
1216 1934 1527 1995 nundinas
1549 1981 1566 2011 ,
1616 1954 1704 1996 so-

117 1998 143 2081 .“
203 2017 305 2078 luto
325 2019 507 2099 pretio
520 2020 691 2100 justo
719 2022 933 2083 cambii
960 2043 975 2083 :
1007 2023 1057 2083 si
1088 2025 1254 2084 enim
1285 2045 1409 2087 non
1438 2028 1707 2090 solveret

200 2114 376 2172 totum
402 2113 674 2191 pretium
703 2115 953 2192 cambii,
983 2116 1165 2178 aliter
1192 2118 1348 2180 forte
1369 2119 1704 2182 dicendum

200 2207 361 2280 esset,
392 2205 538 2284 quia
557 2205 695 2285 jam
723 2211 872 2268 tunc
902 2226 978 2268 ex
1001 2209 1297 2271 dilatione
1313 2214 1377 2272 et
1403 2231 1706 2292 proroga-

200 2296 343 2357 tione
370 2298 617 2359 termini
647 2299 890 2361 lucrum
919 2300 1171 2381 aliquod
1203 2305 1437 2382 captari
1464 2305 1702 2367 videre-

197 2393 302 2465 tur,
347 2407 565 2470 nempe
614 2392 940 2454 translatio
981 2395 1258 2473 gratuita
1300 2398 1580 2475 pecuniae
1622 2398 1701 2460 de

198 2499 303 2542 uno
328 2481 458 2543 loco
486 2483 551 2542 in
578 2484 774 2544 alium
823 2490 885 2547 et
918 2487 1180 2548 remisso
1211 2489 1460 2552 cambii.
1519 2492 1583 2553 Si
1612 2497 1701 2553 ta·

195 2590 320 2632 men
345 2576 728 2654 campsarius
772 2579 1085 2658 campsori
1138 2580 1441 2659 indigenti
1486 2586 1699 2647 Romae

196 2666 463 2744 pecunias
492 2668 671 2745 prior
697 2669 838 2745 dat,
891 2674 959 2732 ut
1003 2676 1145 2749 post
1189 2673 1430 2753 aliquot
1453 2694 1700 2739 menses

195 2774 285 2816 eas
309 2758 631 2821 Placentiae
661 2760 955 2841 recipiat,
992 2763 1205 2846 ‘factus
1248 2784 1323 2825 ex
1350 2770 1699 2847 campsario

195 2866 484 2929 campsor,
538 2852 691 2931 quia
736 2853 797 2913 in
826 2855 1096 2933 gratiam
1125 2856 1379 2918 alterius
1407 2862 1702 2924 transfert

193 2942 463 3019 pecunias
491 2944 835 3024 indigentis
868 2950 1129 3008 Romam
1161 2968 1236 3009 ex
1264 2952 1605 3031 Placentia,
1639 2959 1703 3018 et

192 3034 426 3097 remittit
476 3037 754 3116 pretium
808 3041 1230 3102 translationis
1253 3089 1269 3121 ,
1344 3045 1454 3105 sed
1510 3065 1700 3108 unam

194 3128 640 3192 translationem
669 3131 791 3192 alia
819 3137 1222 3213 compensat,
1271 3135 1337 3197 id
1372 3137 1536 3202 licite
1564 3141 1697 3201 fieri

194 3237 352 3298 posse
373 3268 388 3299 ,
438 3222 711 3284 diximus
738 3226 1013 3287 sectione
1046 3243 1115 3288 11.
1163 3228 1313 3289 dum
1348 3233 1558 3293 tamen
1584 3253 1695 3313 pro

193 3315 462 3392 temporis
491 3315 794 3378 dilatione
824 3337 948 3379 non
977 3325 1358 3400 compenset.

261 3407 345 3468 Ob
371 3408 659 3470 eamdem
687 3410 877 3471 etiam
902 3411 1209 3473 rationem
1249 3414 1466 3477 dicunt
1490 3419 1690 3498 multi,

192 3516 299 3558 non
328 3518 456 3561 esse
486 3503 709 3562 contra
736 3501 993 3580 bullam,
1015 3504 1067 3564 si
1083 3523 1373 3585 campsor
1400 3508 1507 3571 det
1525 3529 1695 3572 cam-

191 3589 339 3653 bium
365 3592 442 3654 ad
470 3593 778 3656 secundas
798 3595 895 3655 vel
914 3597 1129 3658 tertias
1151 3599 1478 3678 nundinas,
1500 3622 1694 3682 quan-

117 3684 124 3712 ·
190 3683 259 3743 do
284 3704 398 3746 non
424 3687 565 3748 ideo
604 3691 795 3766 auget
823 3689 1092 3766 pretium
1123 3692 1372 3768 cambii,
1393 3695 1691 3758 sedidem

188 3778 428 3854 pretium
457 3780 706 3859 accipit,
740 3781 909 3861 quod
937 3783 1251 3862 acciperet
1290 3785 1339 3844 si
1369 3786 1450 3847 ad
1479 3791 1691 3866 proxi-

188 3887 305 3930 mas
329 3872 639 3933 nundinas
667 3872 960 3935 dedisset.
1018 3875 1112 3937 Ita
1157 3878 1403 3938 Lessius
1448 3899 1553 3943 nu.
1586 3886 1685 3946 91.

187 3960 411 4040 M011na,
444 3967 785 4042 Navarrus,
820 3969 883 4027 et
900 3968 1096 4046 Vega,
1122 3986 1279 4046 quos
1295 3972 1477 4034 affert
1504 3978 1567 4036 01
1592 3994 1692 4037 se-

187 4055 374 4132 quitur
400 4057 576 4119 Salas
607 4056 758 4119 dub.
790 4074 960 4121 xxw.
1009 4079 1113 4120 nu.
1146 4064 1206 4121 2.
1241 4062 1559 4127 Filliucius
1589 4085 1684 4130 ca.

184 4161 257 4208 n.
287 4167 449 4211 num.
479 4153 625 4211 482.
660 4149 827 4229 quod
857 4152 1145 4213 Valentia
1192 4152 1271 4214 ab
1314 4156 1538 4217 eodem
1581 4160 1688 4221 Sa-

183 4238 261 4300 las
285 4241 583 4304 adductus
607 4260 735 4304 non
764 4241 1054 4322 admittit,
1087 4244 1205 4306 nisi
1222 4245 1334 4308 fiat
1349 4249 1427 4308 ad
1446 4249 1690 4314 instan-

184 4331 314 4393 tiam
364 4334 700 4414 campsarii
761 4335 1027 4413 petentis
1091 4355 1231 4398 eam
1296 4339 1680 4407 dilationem.

183 4424 312 4495 Ouae
335 4431 538 4488 tamen
571 4425 885 4488 distinctio
910 4445 1036 4488 non
1048 4428 1283 4507 placet;
1309 4432 1456 4511 quia
1482 4436 1686 4517 majus

182 4518 499 4595 periculum
530 4536 668 4580 esse
697 4523 908 4598 posset
933 4521 1203 4600 augendi
1252 4542 1326 4583 ea
1356 4527 1684 4590 occasione

178 4608 396 4672 lucrum
442 4610 711 4687 cambii,
763 4611 1014 4690 quando
1064 4617 1450 4694 campsarius
1494 4618 1684 4684 instat

179 4719 275 4778 pro
302 4703 592 4766 dilatione
621 4721 744 4783 qua
764 4703 1023 4782 indiget,
1054 4724 1243 4785 quam
1271 4710 1521 4788 quando
1550 4712 1682 4792 ipse

178 4794 245 4854 de
271 4815 337 4857 ea
364 4817 485 4859 non
524 4801 725 4858 curat.
783 4797 987 4857 Minus
1034 4798 1323 4878 displicet
1364 4802 1680 4868 distinctio

177 4889 389 4950 Rebelli
415 4891 523 4952 lib.
560 4905 632 4952 11.
665 4893 868 4969 quaest
896 4893 990 4951 13.
1027 4891 1129 4970 qui
1165 4892 1335 4969 dicit,
1369 4899 1518 4959 tunc
1539 4917 1681 4961 eam

176 4978 511 5045 dilationem
536 4982 750 5058 licere,
785 4982 1035 5060 quando
1063 4984 1331 5062 pretium
1353 4989 1580 5051 cambii
1598 4991 1679 5052 ad

175 5075 461 5151 proximas
489 5074 804 5137 nundinas
843 5074 981 5153 lege
1018 5079 1296 5138 taxatum
1327 5083 1439 5141 est.
1487 5083 1681 5146 Secus

178 5184 326 5245 vern,
357 5169 607 5249 quando
637 5184 763 5227 non
792 5171 885 5229 est
910 5171 1220 5243 taxatum
1274 5171 1419 5250 quia
1463 5173 1527 5234 10
1554 5176 1683 5254 pri-

176 5276 264 5320 mo
290 5279 427 5321 casu
459 5280 586 5322 non
617 5262 712 5320 est
738 5258 1085 5338 periculum
1129 5261 1385 5342 majoris
1410 5265 1569 5326 lucri
1598 5267 1678 5328 01)

175 5350 511 5415 dilationem
535 5399 551 5431 ,
601 5351 773 5433 quod
801 5355 1012 5413 tamen
1051 5353 1398 5433 periculum
1426 5363 1589 5420 esset
1613 5359 1680 5420 in

174 5445 425 5507 secundo
454 5465 605 5508 casu
629 5491 645 5522 ‚
696 5443 866 5523 quod
907 5443 1253 5524 periculum
1282 5448 1565 5511 Pontifex
1591 5451 1678 5512 vi-

3224 294 3336 355 431

1807 457 1943 516 tare
1980 455 2196 518 voluit.
2267 458 2465 530 Quam
2508 459 2971 524 distinctionem
3014 465 3344 547 impugnat

1810 547 1998 608 etiam
2029 549 2206 610 Salas
2254 549 2315 610 d.
2352 550 2503 613 dub.
2537 569 2709 616 xxlv.
2744 574 2915 618 num.
2948 561 3007 619 5.
3059 560 3213 621 Mihi
3251 564 3342 623 ta-

1808 657 1952 701 men
1981 659 2104 702 non
2137 642 2461 721 displicet,
2520 646 2637 707 nisi
2667 649 2935 725 pretium
2982 652 3211 713 cambii
3253 653 3343 715 ita

1807 733 1996 793 etiam
2025 739 2189 795 esset
2215 738 2532 798 communi
2557 738 2693 800 foro
2722 744 2983 818 certum,
3016 747 3226 805 utnon
3250 763 3342 806 es·

1806 828 1901 886 set
1930 826 2300 904 periculum,
2330 830 2498 908 quod
2527 831 2607 891 ob
2637 832 3003 895 dilationem
3032 835 3340 915 majorem

1805 917 2009 997 majus
2037 920 2309 998 pretium
2348 922 2651 1001 exigatur,
2685 926 2797 986 sed
2827 934 3040 1005 aperte
3071 935 3334 1008 constat,

1768 1050 1772 1054 Α
1807 1027 1931 1069 000
1961 1010 2148 1089 exigi,
2182 1015 2384 1073 stante
2414 1014 2517 1074 illa
2547 1016 2843 1079 dilatione
2867 1066 2883 1096 ,
2919 1020 3039 1081 nisi
3066 1023 3338 1101 pretium

1806 1101 1974 1179 quod
2004 1103 2421 1166 communiter
2438 1112 2500 1168 et
2526 1108 2706 1170 facile
2730 1110 2946 1172 baberi
2963 1118 3169 1191 potest
3186 1115 3338 1177 dan-

1806 1193 1910 1271 do,
1944 1194 2042 1254 vel
2068 1196 2386 1258 offerendo
2408 1199 2721 1261 cambium
2742 1203 2822 1263 ad
2842 1206 3157 1283 proximas
3183 1226 3335 1269 nun-

1805 1285 2005 1347 dinaS.

1884 1378 2159 1441 Adverte
2202 1385 2423 1460 quarto
2469 1384 2637 1447 circa
2680 1386 2765 1466 id,
2825 1391 2989 1469 quod
3040 1391 3211 1470 dicit,
3267 1391 3333 1459 10

1802 1470 2086 1532 terminis
2113 1474 2396 1535 rationem
2423 1475 2740 1540 habendam
2770 1480 3231 1564 lonqinquitatzb,
3279 1496 3335 1548 et

1806 1561 2118 1624 vicinitatis
2149 1565 2424 1643 locorum,
2459 1568 2518 1628 in
2538 1571 2741 1650 quibus
2757 1574 2967 1639 solutio
2985 1576 3330 1659 destinatur,

1806 1653 1941 1713 haec
1984 1655 2178 1717 verba
2225 1658 2289 1718 in
2336 1660 2505 1722 bulla
2561 1683 2686 1726 non
2740 1686 2875 1728 esse
2930 1669 3336 1750 intelligenda

1804 1747 2012 1823 quoad
2043 1748 2246 1828 majus
2277 1753 2371 1812 vel
2418 1754 2624 1816 minus
2667 1759 2939 1836 pretium
2985 1765 3211 1826 cambii
3239 1770 3335 1829 ta-

1801 1838 2102 1917 xandum,
2136 1847 2323 1919 prout
2349 1862 2425 1905 ea
2445 1845 2767 1928 intellexit,
2800 1855 2983 1916 Azor.
3020 1857 3187 1920 dicto
3218 1860 3327 1922 lib.

1801 1946 1862 1991 x.
1899 1949 1994 1992 ca.
2028 1936 2087 1994 9.
2124 1951 2186 2012 q.
2222 1936 2281 1998 3.
2333 1938 2502 2015 quod
2531 1941 2785 2018 quidem
2816 1964 2929 2008 000
2955 1950 3172 2028 textui,
3218 1972 3335 2015 000

1801 2022 2025 2083 rationi
2057 2032 2378 2089 consonat.
2440 2031 2577 2091 Non
2605 2036 2822 2113 textui,
2875 2040 3021 2117 quia
3053 2045 3336 2106 Pontifex

1804 2115 2004 2176 solum
2034 2116 2187 2179 dicit
2214 2121 2527 2183 cavendum
2555 2143 2672 2187 esse
2699 2128 2758 2188 in
2786 2132 3046 2194 terminis
3076 2136 3225 2215 (non
3245 2138 3336 2199 di-

1801 2208 1893 2269 xit
1919 2208 1981 2267 in
2011 2209 2207 2288 luem,
2267 2213 2365 2274 vel
2407 2216 2607 2294 pretio
2647 2222 2898 2301 cambii)
2957 2235 3020 2287 ut
3054 2226 3337 2292 habeatur

1800 2300 1956 2362 ratio
1977 2300 2401 2384 loqinquitatis,
2434 2317 2490 2369 et
2516 2310 2832 2374 vicinitates
2848 2315 3126 2398 locorum,
3159 2342 3332 2385 nem·

1803 2411 1881 2471 pe
1936 2393 2019 2454 ad
2064 2396 2517 2476 assignandum
2572 2406 2910 2469 terminum
2953 2411 3327 2497 longiorem,

1800 2485 1900 2546 vel
1926 2485 2282 2548 breviorem
2310 2491 2637 2568 solutioni;
2673 2502 2736 2560 et
2759 2501 2969 2566 reddit
2992 2508 3325 2591 rationem,

1802 2595 1941 2655 quae
1971 2578 2036 2638 id
2065 2579 2231 2641 clare
2260 2586 2575 2664 supponit,
2607 2607 2679 2649 ne
2704 2588 2841 2653 dum
2869 2594 3156 2676 lonqiores
3169 2623 3332 2683 proe-

1798 2668 2087 2750 fiquntur,
2138 2693 2313 2754 quam
2342 2676 2469 2737 loca
2514 2678 2817 2746 destinata?
2853 2688 3157 2754 solutionis
3182 2695 3333 2758 desi-

3480 1395 3593 1455 116

3380 1517 3500 1561 Ratio
3517 1519 3677 1564 dinun-

3381 1572 3449 1614 tia
3466 1573 3610 1617 localis
3622 1588 3674 1619 an

3400 1626 3454 1668 sit
3472 1627 3656 1671 habenda

3378 1679 3430 1721 ad
3441 1682 3611 1733 lucrum,
3624 1689 3677 1726 un

3441 1744 3540 1777 vcro
3558 1734 3607 1776 ad

3414 1788 3649 1832 torminum.

1797 2761 2025 2841 derant,
2058 2766 2389 2846 foenerandi
2408 2769 2578 2831 detur
2603 2777 2844 2840 occaszb.
2903 2783 3002 2843 Ad
3030 2785 3150 2848 hoc
3178 2808 3328 2871 ergo
3365 2848 3376 2859 .

1801 2857 2183 2919 attendenda
2228 2866 2323 2923 est
2368 2862 2665 2929 distantia
2710 2868 2852 2949 loci,
2912 2880 2982 2938 ut
3025 2881 3329 2947 terminus

1798 2954 2159 3029 competens
2188 2953 2267 3016 sit
2313 2953 2394 3016 ad
2439 2958 2815 3024 solutionem
2864 2975 3321 3050 exequendam.

1798 3042 2046 3103 Rationi
2073 3043 2263 3105 etiam
2292 3064 2416 3108 non
2446 3053 2734 3129 congruit
2758 3055 2861 3118 ille
2890 3078 3129 3144 sensus,
3179 3071 3327 3149 quia

1796 3135 2067 3214 pretium
2096 3137 2326 3200 cambii
2372 3158 2497 3203 non
2542 3162 2793 3226 semper
2836 3156 3087 3218 taxatur
3129 3179 3204 3221 ex
3233 3163 3328 3224 di-

1797 3228 2027 3290 stantia
2054 3229 2205 3305 loci;
2258 3250 2424 3313 saepe
2455 3236 2623 3297 enim
2652 3239 2893 3305 facilior
2919 3253 3013 3311 est
3041 3241 3324 3333 trajectio

1794 3320 2077 3382 virtualis
2106 3324 2387 3400 pecuniae
2418 3345 2494 3388 ex
2531 3329 2670 3392 1000
2696 3333 2971 3418 distanti,
3026 3362 3170 3406 cum
3200 3368 3324 3429 quo

1792 3411 2087 3492 frequens
2142 3419 2237 3476 est
2289 3423 2758 3504 commercium,
2817 3448 3007 3510 quam
3061 3457 3136 3499 ex
3186 3442 3324 3506 loco

1793 3504 2001 3567 minus
2050 3507 2328 3587 distanti,
2388 3529 2532 3572 cum
2579 3534 2703 3594 quo
2753 3531 3201 3593 commercium
3230 3541 3326 3598 est

1792 3598 2052 3675 nullum,
2102 3604 2291 3680 atque
2333 3602 2475 3665 ideo
2516 3608 2746 3672 minori
2781 3619 2984 3694 pretio
3014 3623 3093 3685 ad
3120 3625 3319 3707 illum,

1793 3709 1983 3769 quam
2011 3692 2093 3752 ad
2122 3693 2312 3755 istum
2342 3696 2594 3762 dabitur
2620 3708 2958 3774 cambium.

1870 3784 2144 3848 Adverte
2175 3787 2390 3865 quinto
2433 3791 2598 3853 circa
2629 3799 2852 3861 eadem
2880 3805 3094 3884 verba,
3153 3809 3217 3871 in
3243 3812 3320 3874 iis

1790 3876 1991 3938 solum
2020 3878 2125 3957 agi
2153 3879 2231 3940 de
2260 3883 2520 3945 cambiis
2549 3887 2629 3947 ad
2656 3889 2815 3969 loca,
2868 3895 2972 3957 ubi
3019 3918 3144 3961 non
3173 3909 3320 3967 sunt

1790 3970 2086 4031 nundinas
2139 3991 2153 4032 :
2209 3973 2291 4033 ad
2317 3974 2457 4037 loca
2483 3980 2650 4040 enim
2696 3984 2800 4045 ubi
2831 3991 3125 4054 nundinae
3155 3997 3320 4058 cele-

1787 4062 2070 4140 brantur,
2103 4064 2409 4127 terminus
2439 4087 2561 4130 non
2593 4079 2686 4136 est
2707 4079 2953 4158 tempus
2967 4086 3170 4146 solum
3191 4108 3315 4169 quo

1788 4156 2109 4233 pervenire
2158 4164 2421 4235 possunt
2460 4161 2682 4228 litterae
2728 4171 2810 4231 ad
2856 4173 3063 4237 locum
3111 4181 3310 4262 illum,

1785 4247 1896 4309 sed
1923 4252 2171 4328 tempus
2200 4251 2620 4318 nundinarum
2638 4264 3084 4348 proximarum,
3118 4278 3188 4336 01
3205 4295 3317 4338 00-

1783 4342 2258 4404 taruntLessius
2288 4362 2459 4409 num.
2493 4351 2590 4411 92.
2625 4353 2801 4416 Salas
2822 4357 2971 4423 dub.
2994 4378 3164 4428 xxIV.
3199 4387 3307 4433 nu.

1783 4436 1842 4495 2.
1877 4438 1939 4496 01
1968 4434 2091 4496 alii.

1861 4527 2136 4589 Adverte
2167 4536 2360 4611 sexto,
2394 4535 2583 4597 etiam
2610 4536 2675 4599 in
2701 4540 2777 4601 iis
2803 4541 2977 4624 locis,
3012 4549 3118 4612 ubi
3150 4572 3312 4618 nun-

1782 4620 1945 4680 dinae
1976 4638 2100 4682 non
2127 4621 2305 4702 fiunt,
2354 4646 2477 4689 non
2505 4648 2638 4692 esse
2666 4642 3158 4705 mensurandum
3186 4652 3309 4710 ter-

1780 4713 2019 4774 minum
2046 4713 2370 4780 solutionis
2408 4739 2484 4781 ex
2528 4725 2661 4785 sola
2697 4726 2992 4794 distantia
3018 4734 3160 4816 loci,
3219 4741 3309 4805 ita

1781 4810 1849 4868 01
1872 4806 2084 4867 statim
2113 4824 2187 4868 ac
2212 4809 2434 4874 litterae
2463 4819 2789 4893 pervenire
2818 4832 3097 4906 possunt,
3144 4835 3305 4897 solu-

1778 4899 1863 4961 110
1893 4898 2182 4959 facienda
2229 4902 2327 4980 sit,
2383 4906 2495 4966 sed
2533 4908 2890 4976 habendam
2931 4936 3068 4982 esse
3114 4925 3303 4990 etiam

1778 4991 2084 5052 rationem
2112 4998 2571 5061 commoditatis
2589 5004 2670 5064 ad
2695 5007 3099 5090 solvendum
3133 5022 3302 5097 quod

1778 5083 2086 5144 indicasse
2130 5085 2380 5149 videtur
2406 5092 2625 5156 Filliuc
2669 5116 2776 5161 nu.
2806 5104 2944 5165 482.
2998 5110 3059 5168 01
3094 5111 3302 5193 colligi

1776 5175 2025 5238 videtur
2051 5195 2126 5237 ex
2153 5179 2360 5241 verbis
2387 5188 2882 5262 praecedentibus
2910 5196 3116 5278 bullae,
3164 5207 3305 5284 qui-

1777 5360 1865 5422 cis
1887 5380 2000 5442 pro
2007 5361 2226 5443 primis
2252 5368 2513 5431 terminis
2521 5371 2710 5452 jnoeta
2735 5389 3024 5461 receptum
3043 5384 3301 5454 locorum

1776 5471 1962 5517 usum.
2018 5457 2181 5517 Usus
2219 5463 2432 5521 autem
2477 5464 2845 5550 plerumque
2893 5479 3007 5554 est,
3064 5485 3135 5544 01
3158 5489 3302 5563 post

3456 4566 3572 4631 117

3382 4694 3446 4736 An
3467 4708 3516 4739 ex
3535 4698 3622 4743 tola

3367 4747 3560 4794 mutand·
3582 4756 3636 4797 sit

3381 4806 3618 4851 statuendus

3386 4872 3622 4959 winningin.

1748 5267 1896 5340 *bus
1924 5268 2153 5330 dicitur
2181 5270 2461 5336 dandum
2503 5296 2637 5342 esse
2675 5285 2988 5348 cambium
3018 5291 3083 5352 in
3110 5294 3185 5357 iis
3212 5299 3303 5361 lo·
3367 5283 3371 5288 ⁵
