4263 6376
540 727 617 785 89

492 851 604 916 Quid·
633 850 685 893 de

493 907 692 1002 ιὲὲὲΐεῗή.

563 2496 644 2555 90

461 2621 593 2665 «ludex
616 2622 699 2664 11116
711 2643 725 2653 -

446 2676 598 2728 riou-,an
613 2675 742 2730 pouit

489 2729 703 2783 aliquando

447 2795 538 2826 eam
575 2794 742 2837 augere.

558 4366 629 4427 91

499 4492 564 4534 An
587 4490 716 4546 possit

498 4546 716 4608 aliquando

505 4611 706 4643 minuere.

782 365 899 422 706

785 539 849 600 in
871 556 1059 600 causa
1080 537 1242 599 civili
1262 537 1545 619 judicare
1576 553 1718 596 secu
1729 534 1922 595 ndum
1943 534 2149 612 legem
2169 533 2318 593 scri-

783 636 980 711 ptam.

865 728 953 786 De
975 724 1189 804 judice
1217 742 1364 784 vero
1408 722 1682 783 inferiori
1727 722 2031 801 probatur
2058 719 2315 780 conclu-

786 819 900 895 si0,
936 818 1077 896 quia
1100 835 1308 895 poena,
1344 834 1483 894 quoe
1515 814 1807 876 statuitur
1826 833 1939 892 per
1957 814 2184 890 legem,
2218 811 2318 871 vel

786 910 1126 990 imponitur
1153 908 1286 987 ipso
1307 907 1493 984 facte,
1529 907 1626 967 vel
1655 907 1857 966 solum
1883 906 2179 967 statuitur
2206 905 2318 964 im-

785 1002 1098 1081 ponenda.
1153 1001 1218 1061 Si
1245 1001 1539 1078 primum,
1590 999 1725 1078 jam
1773 1017 1894 1058 non
1936 998 2209 1077 pertinet
2235 997 2317 1058 ad

778 1095 1058 1176 judicem
1087 1094 1203 1153 nisi
1227 1093 1548 1154 declarare
1570 1093 1865 1153 delictum
1887 1092 2314 1166 commissum,

785 1192 847 1250 et
875 1187 1095 1268 exequi
1123 1204 1400 1267 poenam,
1441 1204 1563 1246 non
1589 1203 1736 1245 vero
1762 1184 1933 1243 illam
1966 1184 2312 1263 imponere.

786 1282 850 1345 Si
901 1279 1270 1355 secundum,
1325 1277 1520 1356 judex
1549 1281 1796 1338 tenetur
1841 1295 1918 1336 ex
1945 1277 2008 1335 vi
2053 1277 2209 1354 legis
2237 1276 2318 1336 ad

784 1372 1230 1453 imponendam
1260 1372 1431 1430 illam
1461 1387 1715 1449 poenam
1750 1390 1763 1429 :
1798 1387 1943 1428 nam
1973 1369 2070 1428 lex
2102 1375 2322 1448 quate-

785 1486 900 1527 nus
917 1465 1204 1545 poenalis,
1226 1468 1321 1524 est
1346 1463 1466 1537 lex,
1503 1479 1653 1540 ergo
1677 1461 1913 1540 obligat
1940 1461 2143 1540 ipsum
2158 1461 2322 1540 judi-

784 1577 920 1619 cem
977 1558 1054 1617 ad
1113 1556 1561 1635 imponendam
1605 1573 1858 1635 poenam
1893 1575 1906 1615 1
1969 1556 2120 1634 quid
2153 1556 2320 1614 enim

786 1652 954 1712 aliud
984 1655 1078 1711 est
1106 1649 1208 1708 illa
1241 1649 1360 1725 lex,
1397 1648 1510 1708 nisi
1543 1651 1930 1727 praeceptum
1959 1648 2194 1708 factum
2215 1649 2319 1726 ju-

783 1744 1026 1805 dicibus
1057 1742 1134 1801 de
1164 1740 1546 1819 imponenda
1576 1741 1681 1801 tali
1710 1759 1899 1819 poena
1928 1759 2040 1819 pro
2069 1741 2181 1802 tali
2211 1741 2322 1801 de-

780 1836 973 1898 licto?
1000 1837 1155 1896 Cum
1176 1852 1324 1912 ergo
1347 1833 1544 1913 judex
1572 1833 1828 1894 inferior
1856 1852 1980 1894 non
2009 1834 2205 1912 possit
2234 1834 2322 1893 di-

781 1947 1080 2010 spensare
1137 1928 1199 1987 in
1228 1927 1367 2005 lege
1406 1926 1500 1986 sui
1538 1926 1905 2004 superioriS,
1963 1944 2088 1986 non
2117 1930 2324 2005 potest

784 2041 910 2083 non
940 2022 1264 2099 imponere
1296 2019 1465 2079 illam
1485 2036 1759 2097 poenam.
1787 2019 1959 2079 Idem
1980 2018 2320 2078 dicendum

785 2116 904 2176 erit
931 2114 1009 2174 (16
1037 2112 1173 2173 61113
1202 2111 1444 2189 legibus
1465 2111 1881 2173 statuentibus
1901 2111 2160 2171 modum
2181 2129 2320 2189 pro-

786 2206 1051 2269 cedendi
1089 2205 1153 2264 in
1175 2204 1414 2284 judicio
1465 2207 1594 2264 tam
1644 2203 1807 2263 civili
1867 2221 2059 2282 quam
2112 2204 2322 2264 crimi-

787 2301 912 2361 nali
946 2320 960 2360 :
995 2300 1056 2359 in
1088 2297 1258 2357 nulla
1286 2296 1454 2356 enim
1474 2296 1703 2374 poterit
1723 2294 1920 2373 judex
1945 2296 2204 2357 inferior
2231 2297 2321 2356 di-

788 2409 1082 2472 spensare
1113 2394 1371 2469 propter
1400 2388 1689 2449 eamdem
1719 2388 2047 2449 rationem.
2083 2390 2240 2450 Hinc

868 2484 1137 2546 Infertur
1164 2482 1388 2561 primo,
1424 2499 1547 2541 non
1569 2498 1748 2559 posse
1764 2479 2043 2558 judicem
2074 2482 2322 2542 inferio-

791 2596 924 2639 rem
953 2594 1184 2654 augere
1214 2592 1469 2653 poenam
1509 2591 1544 2631 a
1574 2573 1712 2650 lege
1743 2573 2176 2652 praescriptam
2212 2596 2225 2635 :
2259 2575 2321 2635 in

793 2672 912 2732 hoc
941 2670 1107 2730 enim
1129 2668 1548 2729 committeret
1567 2666 1754 2726 ctiam
1783 2664 2075 2744 injuriam
2106 2672 2324 2728 contra

792 2767 998 2843 ipsum
1027 2780 1237 2838 reum,
1272 2780 1306 2820 a
1339 2778 1462 2839 quo
1491 2759 1795 2838 majorem
1826 2776 2077 2837 posnam
2107 2761 2322 2840 exige-

793 2863 888 2919 ret
917 2875 1104 2936 quam
1137 2875 1213 2915 ex
1241 2854 1381 2932 lege
1404 2852 1700 2913 deberet:
1736 2852 1882 2931 quia
1902 2852 2049 2914 licet
2075 2873 2189 2932 pro
2220 2855 2323 2914 illo

794 2952 1021 3012 delicto
1052 2948 1356 3027 potuisset
1384 2945 1839 3007 rationabiliter
1857 2946 2111 3023 gravior
2142 2966 2327 3025 poena

795 3043 1018 3116 statui;
1067 3043 1168 3102 lex
1213 3046 1425 3101 tamen
1473 3042 1692 3098 taxans
1746 3037 1914 3097 illam
1956 3056 2211 3117 poenam
2250 3058 2324 3101 eo

795 3139 930 3219 ipso
960 3132 1251 3196 limitavit
1280 3134 1652 3211 potestatem
1675 3128 1927 3210 judicis,
1973 3150 2050 3192 ne
2077 3133 2329 3212 gravio-

794 3249 931 3292 rem
997 3228 1368 3307 impone1et.
1443 3226 1751 3285 Caeterum
1808 3242 1950 3284 cum
2009 3225 2126 3286 hoc
2180 3231 2322 3304 stat,

795 3342 978 3404 posse
1001 3320 1280 3400 judicem
1302 3335 1533 3397 augere
1554 3316 1890 3396 aliquando
1911 3336 2164 3396 poenam
2188 3338 2328 3399 prc-

797 3421 939 3496 pter
990 3413 1341 3493 peculiares
1395 3410 1916 3486 circumstantiaS,
1976 3430 2116 3489 quae
2174 3413 2330 3473 deli-

799 3514 972 3571 ctum
1005 3508 1266 3567 sortasse
1298 3503 1657 3564 notabiliter
1684 3505 2147 3583 aggravamur,
2180 3510 2251 3567 ut
2278 3506 2330 3567 si

800 3599 1232 3663 crudelissimo
1288 3615 1519 3675 genere
1573 3596 1793 3656 mortis
1840 3596 2073 3657 factum
2113 3599 2332 3660 fuisset

800 3692 1230 3768 homicidium,
1265 3696 1385 3751 etc.
1415 3692 1542 3750 Lex
1570 3688 1737 3749 enim
1768 3693 2047 3750 statuens
2075 3710 2331 3769 poenam

801 3787 1077 3867 loquitur
1123 3784 1200 3843 de
1256 3782 1499 3843 delictis
1545 3780 1878 3840 ordinariis
1923 3786 1986 3841 et
2011 3783 2329 3845 ordinario

799 3881 988 3942 modo
1019 3877 1219 3954 tactis,
1253 3880 1322 3937 ut
1349 3879 1524 3935 notat
1552 3877 1784 3935 Suarez
1812 3874 1920 3934 ubi
1950 3893 2139 3954 supra
2171 3897 2232 3937 n.
2264 3880 2327 3938 5.

801 3973 970 4053 quod
1000 3972 1189 4033 etiam
1218 3968 1504 4030 concedit
1526 3965 1807 4027 Sanchez
1837 3966 2002 4029 dicto
2025 3969 2174 4029 dub.
2202 3987 2326 4031 xxt.

803 4086 908 4127 nu.
945 4069 1042 4127 13.
1078 4062 1329 4144 quando
1360 4058 1781 4120 necessarium
1827 4066 1992 4121 esset
2014 4061 2094 4121 ad
2123 4081 2335 4122 exem..

803 4160 996 4238 plum,
1029 4162 1101 4219 ut
1126 4156 1179 4216 si
1204 4154 1403 4216 multa
1434 4155 1644 4213 essent
1670 4151 2032 4230 homicidia,
2077 4155 2333 4217 latroci-

804 4253 930 4328 nia,
963 4257 1081 4313 etc.

884 4345 1087 4406 Insero
1118 4340 1417 4417 secundo,
1469 4339 1619 4418 quid
1666 4339 2003 4401 dicendum
2047 4341 2125 4402 sit
2167 4340 2336 4404 circa

806 4436 1283 4501 diminutionem
1311 4451 1514 4512 poenae
1539 4451 1578 4493 6
1604 4433 1744 4513 lege
1765 4434 2162 4513 praescriptae,
2198 4436 2334 4497 haec

805 4533 972 4594 enim
1000 4545 1190 4611 poena
1233 4526 1462 4605 duplex
1519 4544 1652 4585 6336
1691 4530 1915 4605 potest,
1973 4526 2210 4590 scilicet
2237 4530 2335 4590 vel

804 4623 1188 4706 pecuniaria,
1245 4619 1344 4679 vel
1387 4617 1640 4678 alterius
1685 4618 1964 4679 16110613.
2025 4621 2112 4681 Β6
2146 4640 2336 4700 poena

803 4715 1166 4798 pecuniaria
1190 4715 1406 4790 postea
1431 4709 1712 4770 dicemus
1731 4712 2012 4788 seorsim,
2036 4714 2183 4792 quia
2198 4733 2333 4793 spe-

804 4810 1029 4872 cialem
1061 4805 1492 4867 difficultatem
1522 4802 1732 4880 habet,
1765 4823 1847 4865 an
1884 4804 2017 4885 ejus
2047 4808 2332 4870 remissio

804 4903 884 4965 sit
912 4901 1139 4981 injuria
1168 4900 1384 4959 contra
1415 4896 1586 4955 illum
1619 4897 1716 4957 cui
1750 4916 1824 4957 ea
1848 4917 2036 4977 poena
2064 4900 2338 4961 debebat

804 4993 1128 5075 applicari.
1182 4995 1269 5052 De
1319 4989 1454 5049 aliis
1483 5007 1633 5068 ergo
1665 4990 1867 5067 poenis
1894 4994 2112 5070 regula
2142 5010 2336 5070 gene·-

802 5089 950 5149 ralis
976 5091 1087 5162 est,
1123 5104 1244 5145 non
1275 5100 1455 5162 posse
1477 5081 1724 5162 judices
1752 5083 2079 5145 inferiores
2110 5102 2215 5144 663
2234 5101 2335 5142 16-

801 5183 1015 5243 laxare
1044 5177 1144 5238 vel
1168 5176 1472 5249 minuere,
1507 5173 1624 5234 nisi
1656 5193 1730 5234 ex
1751 5192 1961 5250 causa,
1995 5176 2081 5235 ita
2102 5177 2334 5235 Navar-

804 5293 912 5335 rus
941 5274 1002 5331 in
1031 5267 1304 5341 manuali,
1342 5286 1394 5329 c.
1429 5286 1571 5329 xxv.
1604 5286 1666 5326 n.
1704 5270 1798 5325 14.
1832 5270 1895 5326 et
1921 5266 2024 5325 alii
2054 5284 2337 5328 commu-

806 5368 988 5441 niter,
1038 5364 1183 5444 quia
1226 5381 1352 5423 non
1381 5362 1645 5440 possunt
1689 5357 2054 5435 dispensare
2105 5359 2167 5419 in
2198 5361 2335 5438 lege

805 5464 1116 5523 statuente
1147 5457 1315 5516 illam
1337 5469 1613 5533 poenam.
1647 5452 1736 5508 Ex
1758 5466 1946 5510 causa
1964 5454 2173 5513 tamen
2198 5472 2333 5533 pos-

807 5558 951 5615 sunt
977 5569 1227 5631 pmnam
1259 5542 1568 5605 moderari
1597 5561 1610 5600 :
1646 5538 1788 5600 talis
1816 5548 2022 5603 autem
2045 5551 2335 5607 censetur

1941 358 2042 418 DE
2084 358 2115 417 J
2128 356 2434 417 USTITIA
2483 355 2583 415 ET
2625 355 2824 415 JURE

2419 550 2606 592 causa
2636 532 3010 593 condonatio
3044 533 3240 612 partis
3267 533 3468 610 laesae,
3515 550 3657 614 quae
3686 548 3952 593 accusa-

2417 627 2525 701 vit,
2561 629 2625 686 et
2650 624 2968 686 condonat
3010 631 3154 687 ante
3186 629 3561 689 sententiam
3590 629 3787 688 latam
3823 646 3836 685 :
3890 623 3956 681 in

2417 737 2541 797 quo
2571 736 2718 778 casu
2753 718 2830 778 de
2869 720 3012 797 jure
3064 720 3339 798 Hispano
3395 721 3734 782 remittitur
3759 735 3957 799 poena

2417 811 2659 890 capitiS,
2693 810 2791 870 vel
2822 811 3234 872 mutilationis
3257 857 3272 888 ,
3324 818 3393 874 ut
3420 814 3691 875 babetur
3716 814 3783 872 in
3810 812 3955 890 lege

2416 903 2602 965 XXII.
2637 903 2732 964 tit.
2770 920 2812 964 1.
2845 908 3008 982 part.
3040 907 3099 964 7.
3136 909 3311 966 extra
3339 906 3577 966 crimen
3603 904 3901 966 adulterii
3936 923 3950 963 :

2419 996 2524 1056 ubi
2551 995 2759 1073 glossa
2788 1000 2984 1071 notat,
3019 997 3079 1056 id
3112 1015 3247 1058 esse
3278 999 3598 1059 conforme
3620 998 3751 1076 juri
3780 1014 3957 1057 com-

2416 1089 2611 1149 muni.
2647 1089 2828 1149 Ratio
2843 1094 3054 1150 autem
3075 1108 3210 1151 esse
3231 1095 3459 1171 potest,
3494 1093 3639 1171 quia
3665 1094 3956 1152 cessante

2418 1181 2839 1258 accusatione,
2883 1181 3018 1261 jam
3059 1183 3254 1262 judex
3294 1184 3581 1264 procedit
3609 1203 3687 1244 ex
3715 1184 3954 1257 officio,

2419 1273 2537 1334 hoc
2565 1281 2660 1335 cst
2688 1293 2800 1353 per
2828 1274 3320 1355 inquisitionem,
3353 1296 3479 1357 quo
3510 1296 3656 1338 casu
3689 1295 3815 1338 non
3848 1275 3956 1335 de-

2415 1368 2523 1428 bet
2549 1369 2892 1448 procedere
2921 1369 3001 1429 ad
3020 1388 3271 1448 poenam
3294 1371 3697 1446 ordinariam,
3732 1370 3813 1429 de
3836 1369 3957 1430 boc

2419 1464 2631 1520 tamen
2663 1461 3029 1521 consulendi
3070 1445 3220 1525 'sunt
3245 1463 3484 1542 legistae
3512 1464 3591 1524 ad
3622 1481 3785 1543 quos
3810 1480 3959 1542 per-

2418 1553 2593 1614 tinet.
2651 1556 2863 1615 Potest
2900 1554 3087 1616 etiam
3116 1560 3295 1634 parte
3341 1573 3467 1617 non
3526 1557 3953 1629 condonante,

2417 1646 2699 1707 minuere
2756 1647 2852 1706 vel
2907 1653 3295 1710 commutare
3353 1667 3631 1728 poenam,
3694 1648 3957 1729 qnando

2420 1757 2563 1798 reus
2593 1742 2687 1799 est
2709 1740 2809 1806 ‚vir
2835 1739 3123 1818 publicus
3153 1746 3215 1803 et
3239 1741 3408 1803 bono
3426 1742 3747 1803 communi
3768 1741 3959 1802 valde

2420 1831 2828 1908 necessariuS,
2893 1836 2962 1894 ut
3016 1834 3068 1892 si
3114 1839 3279 1895 esset
3324 1835 3614 1914 egregius
3644 1835 3769 1895 dux
3798 1840 3958 1896 tem-

2419 1942 2570 2002 pore
2625 1923 2794 2001 belli,
2854 1930 2973 1987 etc.
3008 1926 3153 1987 licet
3201 1928 3350 1988 Soto
3398 1927 3689 1988 videatur
3732 1927 3797 1986 id
3845 1943 3960 1985 ne-
4015 1933 4022 1939 ’

2420 2035 2570 2096 gare
2619 2018 2682 2076 in
2726 2019 2886 2079 libro
2915 2017 2986 2079 de
3026 2028 3264 2095 secrete,
3319 2020 3605 2080 membro
3653 2021 3729 2082 11.
3787 2037 3957 2099 111166-

2420 2109 2620 2169 stione
2649 2127 2707 2170 v.
2743 2110 3146 2172 conclusione
3164 2115 3224 2172 5.
3261 2112 3384 2173 Alii
3415 2117 3633 2173 tamen
3664 2129 3961 2172 commu·

2422 2201 2584 2261 niter
2627 2202 2688 2261 id
2721 2203 3109 2274 concedunt;
3172 2204 3322 2282 quia
3366 2205 3553 2266 etiam
3600 2205 3960 2285 adjudices

2418 2293 2743 2355 inferiores
2783 2295 3058 2374 pertinet
3101 2314 3442 2374 procurare
3488 2297 3726 2359 bonum
3785 2316 3964 2358 com-

2420 2405 2632 2463 mune,
2660 2393 2725 2448 et
2751 2388 2838 2448 illi
2869 2392 3247 2467 postponere
3284 2389 3390 2468 jus
3422 2391 3742 2469 privatum
3773 2408 3964 2451 accu-

2419 2479 2664 2540 3610113.
2698 2481 2870 2541 Alias
2884 2481 3096 2561 plures
3125 2500 3348 2542 causas
3379 2483 3620 2561 colligit
3645 2483 3965 2545 611110010-

2422 2573 2594 2633 ribus
2624 2573 2907 2633 Sanchez
2937 2574 3103 2636 dicto
3134 2573 3285 2635 dub.
3321 2592 3448 2636 xxi.
3486 2594 3661 2638 num.
3698 2580 3801 2638 11.

2501 2666 2681 2726 Dices
2704 2686 2720 2740 ;
2754 2684 2903 2745 ergo
2927 2668 3091 2727 nulla
3113 2672 3208 2729 est
3226 2668 3576 2730 differentia
3599 2669 3765 2731 inter
3793 2668 3960 2749 prin-

2423 2758 2624 2836 cipem
2666 2778 3052 2838 supremum,
3096 2764 3159 2822 et
3194 2760 3478 2840 judicem
3526 2761 3894 2823 inferiorem
3939 2782 3954 2824 :

2422 2856 2642 2913 neuter
2670 2852 2834 2911 enim
2867 2853 2999 2913 sine
3033 2872 3224 2915 causa
3244 2858 3451 2931 potest
3477 2854 3828 2932 remittere,
3858 2856 3960 2917 vel

2422 2945 2705 3005 minuere
2735 2964 2988 3023 poenam
3016 2946 3154 3026 lege
3175 2947 3605 3027 praescriptam
3643 2969 3656 3010 :
3692 2953 3963 3028 uterque

2426 3044 2634 3099 autem
2664 3043 2871 3117 potest
2889 3058 3031 3100 cum
3063 3057 3273 3101 causa.

2508 3131 2965 3210 Respondetur,
3020 3151 3155 3195 esse
3183 3152 3483 3214 magnam
3513 3134 3962 3214 differentiam,

2426 3243 2572 3285 nam
2593 3223 2787 3303 judex
2818 3225 3074 3287 inferior
3101 3227 3301 3289 solum
3332 3228 3399 3288 id
3426 3233 3633 3308 potest
3659 3231 3874 3293 1110616
3903 3233 3967 3292 in

2427 3317 2673 3378 casibus
2696 3317 2861 3396 jure,
2896 3319 2994 3378 vel
3024 3320 3480 3381 consuetudine
3506 3323 3835 3402 excepti&
3870 3325 3969 3385 vel

2430 3410 2681 3491 quando
2710 3429 2823 3489 per
2860 3411 3193 3489 epiikeiam
3238 3414 3644 3491 praesumitur
3671 3417 3969 3478 voluutas

2428 3503 2727 3584 principis
2776 3503 3044 3564 nolentis
3082 3523 3199 3566 sua
3241 3505 3382 3584 lege
3426 3507 3709 3586 obligare
3761 3510 3967 3572 inille

2430 3582 2600 3673 0636,
2652 3614 2766 3657 1166
2803 3601 3011 3676 potest
3060 3597 3241 3658 facile
3289 3602 3441 3660 tunc
3484 3599 3566 3659 ad
3612 3601 3967 3681 principem

2429 3689 2690 3750 recurri.
2741 3690 2921 3751 Unde
2952 3694 3127 3752 notat
3155 3693 3389 3753 Suarez
3435 3692 3539 3753 ubi
3568 3712 3707 3773 sup.
3759 3713 3868 3756 nu.
3901 3700 3961 3757 9.

2429 3785 2533 3842 vix
2580 3800 2761 3861 posse
2809 3783 3197 3861 contingere,
3257 3785 3426 3863 quod
3466 3785 3662 3864 judex
3706 3787 3970 3850 infen'or

2429 3876 2627 3956 possit
2678 3876 2958 3936 minuere
3004 3893 3260 3955 poenam
3306 3877 3484 3957 legiS,
3545 3879 3668 3939 nisi
3704 3882 3968 3960 quando

2430 3974 2679 4031 tenetur
2701 3968 2871 4027 illam
2899 3968 3205 4031 minuere.
3240 3972 3322 4031 At
3348 3988 3498 4031 vero
3530 3972 3827 4054 princeps
3859 3994 3970 4053 po-

2431 4068 2552 4123 test
2571 4061 2740 4121 illam
2759 4061 3043 4122 minuere
3060 4061 3482 4140 dispensando
3503 4064 3566 4123 in
3587 4065 3751 4144 lege,
3780 4066 3966 4127 dnm—

2432 4156 2621 4217 modo
2668 4154 2831 4215 adsit
2875 4172 3066 4215 causa
3112 4155 3428 4217 sufficiens
3468 4157 3550 4217 ad
3595 4158 3971 4238 dispensan-

2433 4250 2606 4326 dum,
2642 4248 2842 4328 qualis
2880 4264 3046 4327 saepe
3076 4252 3168 4308 631
3190 4249 3526 4310 conciliare
3546 4251 3792 4314 animos
3820 4255 3971 4315 suh—

2434 4343 2705 4403 ditorum
2757 4339 3105 4401 exercendo
3151 4341 3216 4401 in
3263 4360 3370 4403 eos
3416 4342 3861 4406 liberalitatem
3902 4351 3976 4409 et

2434 4434 2829 4497 clementiam
2882 4453 2895 4493 :
2955 4434 3202 4513 placere
3231 4435 3409 4495 alteri
3459 4436 3726 4517 principi
3754 4438 3818 4498 id
3849 4460 3968 4520 pe-

2431 4528 2608 4604 tenti,
2659 4532 2722 4588 et
2749 4526 2887 4587 aliae
2915 4526 3166 4589 similes.
3229 4530 3394 4589 Raro
3436 4534 3671 4607 tamen,
3722 4538 3785 4593 et
3812 4549 3973 4595 non-

2435 4622 2552 4682 nisi
2599 4638 2674 4680 ex
2711 4620 3082 4699 gravissima
3137 4639 3326 4682 causa
3370 4621 3585 4685 licebit
3625 4625 3819 4685 etiam
3862 4646 3971 4688 su·

2430 4732 2649 4795 premo
2678 4712 2946 4792 principi
2975 4712 3280 4793 ejusmodi
3312 4714 3725 4794 indulgentia,
3762 4737 3976 4799 quau·

2433 4810 2513 4869 do
2543 4826 2688 4887 pars
2716 4806 2864 4866 laesa
2894 4825 3019 4867 non
3050 4807 3395 4884 condonat,
3430 4809 3547 4869 sed
3576 4810 3768 4873 instat
3795 4815 3975 4892 quod

2435 4919 2578 4960 reus
2608 4897 2922 4976 puniatur.
2990 4899 3269 4978 Denique
3298 4901 3593 4980 princeps
3640 4903 3833 4965 etiam
3861 4926 3976 4967 su-

2433 5010 2687 5071 premus
2742 4991 2930 5053 debet
2989 4992 3314 5054 attendere
3373 4995 3451 5054 ad
3505 4994 3742 5056 bonum
3799 5017 3977 5060 com·

2434 5104 2663 5157 mune;
2727 5084 2826 5144 cui
2856 5084 2906 5143 si
2956 5104 3030 5144 ea
3073 5086 3467 5166 indulgentia
3511 5095 3760 5168 noceat,
3820 5095 3981 5172 quia

2434 5177 2748 5238 maleficia
2800 5178 3247 5256 frequentiora,
3285 5185 3498 5258 erunt,
3559 5187 3626 5243 et
3679 5183 3980 5249 homines

2434 5269 2723 5330 scelerati
2770 5269 3206 5331 insolentiores
3235 5272 3407 5348 fient,
3463 5278 3616 5336 tunc
3672 5294 3791 5337 nec
3833 5278 3979 5358 ipse

2436 5362 2725 5441 princeps
2755 5363 2984 5439 poterit
3014 5383 3269 5442 poenam
3297 5365 3580 5428 minuere
3610 5387 3759 5430 cum
3786 5377 3982 5435 nota-

2432 5454 2540 5515 bili
2569 5453 2929 5533 reipublicae
2961 5455 3355 5520 detrimento,

2514 5548 2846 5608 Dubitatur
2875 5548 3100 5626 primo,
3161 5570 3238 5610 an
3269 5551 3482 5628 1111063,
3534 5555 3968 5634 marchiones,

4100 2668 4166 2727 02

4064 2793 4155 2857 equ
4172 2795 4221 2856 a

4071 2861 4221 2903 enm

4049 2916 4223 2957 septam.

4112 5560 4175 5616 93
