4263 6376
521 5580 601 5643 83

757 311 797 370 8
1919 307 2022 366 DE
2064 307 2421 368 JUSTITIA
2463 307 2566 368 ΕΤ
2606 307 2807 368 JURE

757 482 1193 565 praejudicium
1220 483 1451 546 tacenti
1482 496 1498 545 :
1533 500 1727 562 quare
1756 481 1926 560 prior
1941 482 2163 561 regula
2190 499 2291 542 ve·

757 596 832 639 ra
860 577 976 638 erit
1002 576 1064 636 in
1093 577 1515 637 contractibus
1541 574 1881 652 lucrativis,
1902 573 2208 654 posterior
2229 575 2290 635 in

759 669 1058 732 onerosis.
1092 670 1222 749 Ego
1252 668 1527 729 mediam
1554 668 1722 728 viam
1751 671 2052 743 tenerem,
2087 670 2294 745 potest

760 762 927 824 enim
957 762 1321 840 contingere
1349 764 1419 822 ιιι
1444 779 1546 821 res
1576 760 1783 821 oblata
1807 805 1823 835 ,
1876 759 2025 820 lieet
2053 759 2290 819 nullum

761 856 983 915 afferat
1007 853 1441 933 praejudieium
1469 852 1844 931 positivum;
1894 851 2034 912 talis
2079 855 2290 912 tamen

759 939 863 1022 sit,
893 949 963 1008 ιιι
990 946 1067 1006 de
1097 965 1172 1007 ea
1200 944 1353 1005 nihil
1381 945 1481 1004 vel
1524 962 1747 1023 parum
1778 949 1956 1004 curet
1995 943 2046 1003 is
2076 943 2175 1003 cui
2206 943 2292 1004 of·

758 1039 976 1115 fertur,
1010 1058 1069 1099 v.
1103 1057 1165 1118 g.
1201 1037 1254 1098 si
1281 1037 1509 1115 virgini
1539 1055 1576 1096 a
1605 1036 1837 1116 nuptiis
1882 1036 2101 1097 alienae
2148 1054 2292 1114 pro—

760 1132 975 1192 mittas
1020 1130 1491 1192 matrimonium
1511 1130 1884 1207 opulentum
1911 1132 1975 1190 et
2000 1128 2304 1189 honorifi-·

760 1241 926 1300 eum,
977 1223 1146 1302 quod
1194 1222 1449 1303 quidem
1493 1221 1964 1300 matrimonium
2011 1221 2157 1282 licet
2199 1220 2293 1281 af·-

759 1316 921 1377 ierat
980 1315 1447 1376 incommodum
1494 1333 1720 1393 nempe
1772 1313 2291 1394 impedimentum

758 1407 1084 1469 servandae
1131 1407 1544 1486 virginitatis;
1595 1407 1925 1486 promissio
1968 1411 2182 1468 tamen
2232 1410 2295 1466 et

761 1500 1108 1578 acceptatio
1135 1498 1564 1580 promissionis
1593 1517 1768 1559 mera
1797 1500 2036 1560 nullum
2063 1498 2297 1558 incom-

759 1592 1019 1653 modum
1048 1593 1264 1668 affert,
1299 1609 1443 1652 cum
1472 1592 1707 1670 possit,
1757 1591 2000 1670 quoties
2030 1590 2295 1652 voluerit

759 1684 952 1745 fldem
978 1684 1295 1744 remittere
1314 1688 1376 1744 et
1392 1702 1648 1745 manere
1675 1685 1957 1762 innupta.
1984 1685 2158 1745 Idem
2174 1686 2289 1757 est,

759 1776 810 1837 si
868 1776 1157 1856 religioso
1214 1775 1515 1854 perfecto,
1576 1780 1639 1838 et
1691 1776 1946 1838 honoris
1990 1775 2294 1836 mundani

761 1868 1176 1947 contemptori
1203 1868 1536 1946 dignitates
1567 1869 1830 1940 offeras;
1884 1870 1946 1929 in
1976 1868 2206 1947 quibus
2234 1871 2297 1927 et

760 1961 1067 2022 similibus
1096 1960 1344 2021 casibus
1373 1960 1689 2022 silentium
1711 1960 1856 2021 oriri
1874 1966 2080 2040 potest
2094 1979 2169 2021 ex
2193 1978 2289 2036 e0,

762 2053 931 2134 quod
960 2052 1396 2132 promissarius
1425 2053 1503 2112 de
1551 2072 1619 2113 re
1667 2054 1875 2114 oblata
1904 2053 2056 2113 nihil
2094 2056 2290 2129 curet,

762 2164 958 2227 quare
986 2145 1133 2206 lieet
1157 2145 1472 2206 silentium
1494 2164 1618 2207 non
1642 2146 1930 2208 ostendat
1957 2145 2295 2225 positivum

763 2238 1112 2299 dissensum
1140 2241 1203 2300 et
1227 2238 1665 2315 resistentiam,
1697 2257 1821 2300 non
1849 2243 2059 2301 tamen
2090 2237 2299 2318 arguit

760 2348 1135 2392 consensum
1177 2333 1239 2391 et
1286 2331 1782 2410 acceptationem
1818 2351 1832 2393 ε
1875 2330 2080 2410 potuit
2125 2332 2295 2392 enim

760 2427 970 2487 tacere
996 2470 1012 2500 ,
1061 2442 1140 2484 ne
1186 2423 1552 2485 offerentem
1592 2424 2026 2501 contristaret,
2071 2423 2172 2483 vel
2217 2441 2295 2483 ne

762 2515 970 2595 ipsum
1026 2518 1427 2577 contemnere
1474 2515 1826 2593 videretur,
1878 2521 1941 2578 et
1981 2521 2133 2578 tunc
2170 2534 2293 2577 non

762 2608 1164 2688 praesumitur
1204 2627 1280 2669 ex
1318 2608 1561 2669 silentio
1611 2608 1877 2687 positiva
1924 2608 2290 2688 acceptatio.

766 2700 1028 2775 Quando
1073 2719 1223 2761 vero
1254 2719 1354 2761 res
1402 2701 1610 2762 oblata
1639 2701 1739 2760 vel
1780 2700 2087 2780 promissa
2115 2705 2296 2779 grata

765 2798 861 2855 est
888 2793 1326 2873 promissariO,
1357 2812 1475 2854 nec
1517 2794 1862 2872 acceptatio
1894 2793 2089 2853 ullum
2119 2794 2300 2854 affert

762 2886 1256 2963 incommodum,
1289 2884 1604 2946 silentium
1633 2885 1879 2946 videtur
1893 2884 2040 2945 oriri
2072 2903 2148 2944 ex
2167 2902 2297 2946 mo-

766 2978 969 3041 destia
995 2978 1094 3039 vel
1124 2978 1554 3039 erubescentia
1576 3024 1592 3054 ,
1646 2982 1707 3039 et
1734 2982 1884 3038 tunc
1925 2995 2296 3038 consensum

764 3072 1117 3152 significare
1162 3071 1431 3147 videtur,
1491 3073 1562 3131 ut
1615 3070 1664 3130 si
1719 3069 2010 3131 dominus
2063 3069 2296 3131 famulo

765 3163 1091 3245 promittat
1119 3162 1437 3242 pecuniaS,
1473 3162 1572 3223 vel
1614 3162 1825 3223 dotem
1855 3180 1968 3242 pro
1997 3162 2127 3224 filia
2150 3209 2166 3240 ,
2198 3162 2300 3224 vel

767 3257 961 3318 donet
986 3260 1191 3317 vestes
1221 3273 1375 3334 quas
1412 3255 1546 3335 ipse
1592 3254 1864 3315 famulus
1895 3255 2062 3333 apud
2089 3274 2157 3316 se
2188 3255 2301 3314 ha-

766 3350 895 3425 bet,
927 3347 1198 3409 famulus
1232 3351 1447 3408 tacens
1490 3352 1847 3426 acceptasse
1876 3346 2146 3408 videtur.
2183 3349 2301 3408 Po-

766 3444 891 3503 test
917 3443 1125 3501 tamen
1154 3438 1491 3518 aliquando
1513 3439 1897 3518 contingere,
1931 3444 2002 3501 ιιι
2026 3458 2127 3501 res
2154 3458 2303 3520 pro·

766 3533 960 3595 missa
1006 3532 1105 3592 vel
1152 3530 1361 3592 oblata
1410 3535 1590 3610 grata
1631 3531 1712 3592 sit
1753 3531 2154 3610 promissario
2202 3532 2302 3593 vel

770 3623 1121 3701 donatario,
1155 3626 1216 3684 et
1243 3628 1454 3684 tamen
1496 3624 1629 3702 ipse
1676 3628 1922 3701 taceat,
1958 3628 2027 3685 ιιι
2053 3624 2299 3686 silentio

769 3721 1070 3800 appareat
1101 3716 1182 3777 ab
1211 3716 1287 3776 iis
1315 3716 1502 3776 rebus
1529 3716 1811 3793 alienus,
1847 3717 1926 3777 de
1956 3717 2160 3799 iisque
2188 3735 2301 3796 pa-

764 3830 907 3874 rum
931 3826 1153 3873 curare
1185 3830 1197 3870 :
1233 3813 1296 3870 et
1320 3812 1471 3871 tunc
1515 3809 1837 3870 crederem
1882 3810 2127 3871 silentio
2176 3827 2300 3870 non

770 3904 1033 3983 exprimi
1062 3902 1558 3982 acceptationem
1600 3922 1614 3963 :
1648 3921 1840 3982 quare
1869 3903 2015 3965 licet
2043 3903 2301 3965 donata·

768 3998 921 4071 riuS,
952 3995 1054 4058 cui
1081 3999 1326 4058 constat
1354 3996 1431 4055 de
1448 4013 1562 4055 sua
1580 3995 2007 4074 acceptatione
2027 3997 2298 4072 interna,

768 4089 965 4172 possit
1003 4088 1136 4170 jam
1163 4088 1330 4149 licite
1360 4105 1427 4148 re
1469 4088 1573 4147 illa
1600 4088 1692 4147 uti
1720 4092 2023 4167 tanquam
2057 4106 2191 4164 sua,
2228 4105 2300 4149 eo

771 4183 940 4266 quod
969 4181 1030 4242 in
1059 4179 1345 4260 gratuitis
1373 4178 1642 4240 sufficiat
1668 4181 2012 4258 acceptatio
2058 4181 2303 4241 interna

772 4276 852 4337 ad
880 4272 1330 4354 acquirendum
1361 4271 1707 4331 dominium
1731 4318 1746 4346 ,
1798 4276 1868 4332 ut
1910 4290 2099 4351 supra
2146 4272 2305 4332 dixi-

770 4386 911 4442 mus
935 4388 950 4441 ς
984 4366 1252 4427 donator
1278 4368 1486 4426 tamen
1514 4412 1529 4440 ,
1573 4365 1675 4424 vel
1703 4364 2043 4443 promissor
2070 4365 2171 4425 cui
2198 4365 2302 4425 illa

764 4456 1115 4540 'acceptatio
1146 4477 1270 4519 non
1299 4457 1611 4533 constitit,
1646 4457 1875 4536 poterit
1899 4458 2302 4519 donationem

769 4554 871 4615 vel
917 4551 1390 4632 promissionem
1436 4550 1601 4611 licite
1647 4567 1987 4611 revocare:
2036 4549 2184 4628 quia
2221 4549 2304 4611 si-

760 4644 1032 4708 ·lentium
1060 4642 1211 4703 illud
1236 4660 1358 4702 non
1388 4641 1591 4721 potuit
1620 4642 2004 4704 sufficienter
2034 4642 2301 4720 probare

769 4739 870 4800 vel
897 4736 1245 4817 significare
1276 4734 1766 4815 acceptationem
1782 4734 1883 4795 vel
1902 4752 2297 4811 consensum,

751 4842 915 4894 'cum
939 4828 1020 4890 ad
1050 4828 1169 4888 hoc
1203 4828 1408 4905 ipsum
1454 4827 1850 4903 donatarius,
1899 4827 1997 4886 vel
2041 4826 2302 4906 promis-

772 4923 969 4985 sarius
996 4921 1299 4997 tacuerit,
1330 4925 1400 4981 ut
1426 4920 1835 4999 supponimus
1854 4965 1873 4995 ‚
1921 4924 1991 4981 ut
2016 4919 2301 4981 ostende-

771 5020 868 5077 ret
911 5033 977 5075 se
1021 5013 1100 5075 de
1147 5032 1216 5074 re
1267 5012 1412 5088 illa,
1462 5012 1560 5072 vel
1617 5012 2029 5090 promissione
2077 5029 2301 5090 parum

771 5126 1028 5185 curare,
1062 5106 1180 5167 nisi
1211 5106 1369 5167 forte
1400 5105 1885 5167 circumstantiae
1916 5105 2065 5183 ipsae
2095 5109 2303 5166 osten-

770 5202 994 5262 derent
1044 5199 1464 5274 sufficienter,
1546 5202 1609 5259 et
1662 5200 1890 5260 reflexe
1945 5198 2113 5258 hunc
2169 5197 2302 5259 ani-

769 5312 943 5355 mum
971 5291 1255 5370 tacentis,
1290 5295 1353 5352 et
1377 5290 1762 5352 voluntatem
1792 5290 2102 5352 internam
2129 5307 2305 5351 acee-

769 5385 1010 5466 ptandi.

852 5481 942 5542 Ex
987 5478 1107 5540 hoc
1152 5480 1366 5539 autem
1419 5477 1617 5538 oritur
1671 5475 1887 5555 quinta
1940 5476 2298 5554 difficultas,

2391 482 2540 561 quid
2570 481 2908 542 dicendum
2935 483 3033 561 sit,
3067 483 3322 563 quando
3340 485 3533 545 verba
3564 483 3924 564 promitten-
3969 495 4263 561 aufustius„

2389 574 2489 647 tis,
2523 574 2622 634 vel
2651 573 2962 651 donantiS,
2998 579 3060 636 et
3087 575 3222 654 ejus
3248 576 3498 638 animus
3528 595 3654 638 non
3682 576 3800 638 fuit
3828 576 3921 635 in·
3973 555 4254 649 'ffg'nmffig‘ffiffi

2390 666 2672 727 tellectus
2715 685 2752 726 a
2793 667 3192 745 promissario
3246 669 3347 730 vel
3399 669 3724 730 donatario
3750 714 3767 745 ,
3816 667 3921 748 qui
3983 662 4263 765 5332&

2390 758 2596 838 potius
2622 758 2908 835 credidit,
2943 759 3136 820 verba
3163 760 3268 821 illa
3287 778 3402 838 per
3428 760 3665 840 jocum,
3688 764 3800 822 aut
3812 779 3926 840 per

2391 868 2630 911 meram
2658 851 3080 913 urbanitatem
3108 852 3376 931 proferri
3416 854 3548 915 sine
3577 855 3785 915 animo
3816 853 3925 914 do·

2392 942 2583 1004 nandi
2608 943 2708 1003 vel
2737 961 2803 1004 se
2834 944 3192 1023 obligandi?
3219 947 3353 1017 Quo
3382 964 3531 1007 casu
3545 947 3928 1025 responden·

2391 1035 2542 1096 dum
2568 1039 2662 1096 est
2690 1054 2831 1095 cum
2862 1035 3082 1097 Thom.
3137 1037 3367 1099 Sanch.
3414 1039 3581 1100 dicta
3627 1040 3787 1118 disp.
3833 1056 3920 1099 v1.

2392 1146 2564 1188 num.
2593 1130 2688 1189 13.
2722 1146 2847 1189 non
2877 1128 3022 1189 oriri
3055 1128 3500 1207 obligationem
3523 1177 3540 1207 ,
3590 1131 3700 1192 sed
3742 1149 3924 1211 posse

2393 1219 2794 1281 donationem
2814 1221 2911 1281 vel
2934 1221 3414 1299 promissionem
3443 1223 3759 1286 revocari:
3780 1223 3928 1302 quia

2392 1311 2652 1390 perinde
2682 1316 2776 1372 est
2801 1331 2876 1373 ae
2904 1312 2953 1372 si
2996 1312 3191 1374 verba
3236 1313 3590 1376 donationis
3635 1315 3735 1375 vel
3781 1332 3928 1392 pro-

2393 1404 2704 1465 missionis
2733 1404 2900 1466 dicta
2929 1422 3055 1466 non
3083 1405 3345 1468 fuissent
3377 1427 3390 1468 :
3423 1407 3618 1468 verba
3631 1406 3800 1468 enim
3821 1407 3928 1467 illa

2394 1514 2535 1575 quae
2583 1511 2709 1557 non
2753 1496 3095 1558 audiuntur
3138 1497 3239 1558 vel
3293 1515 3418 1560 non
3472 1499 3922 1578 percipiuntur,

2395 1606 2518 1649 non
2548 1593 2881 1650 censentur
2907 1589 3098 1667 dicta,
3130 1591 3292 1652 sicut
3317 1591 3369 1651 si
3396 1592 3587 1652 surdo
3617 1591 3715 1651 vel
3744 1593 3925 1669 igna-

2391 1698 2464 1741 ro
2494 1681 2585 1742 tui
2610 1681 2926 1742 idiomatis
2969 1682 3335 1761 loquereris.
3369 1683 3549 1744 Adde
3588 1689 3834 1760 tamen,
3875 1682 3928 1743 si

2396 1778 2538 1835 ante
2567 1774 3032 1835 revocationem
3058 1775 3442 1853 donatariuS,
3468 1776 3564 1836 vel
3593 1776 3930 1855 promissa-

2391 1866 2523 1926 rius
2575 1870 2794 1944 postea
2839 1867 3212 1946 intelligeret
3255 1886 3507 1929 sensum
3552 1870 3923 1942 verborum,

2397 1976 2537 2037 quae
2564 1958 2681 2019 sibi
2710 1958 2877 2019 dicta
2903 1959 3184 2036 fuerant,
3225 1960 3326 2021 vel
3355 1960 3635 2022 animum
3663 1961 3928 2041 loquen-

2394 2050 2494 2127 tis,
2528 2069 2716 2130 quem
2738 2051 2911 2130 prius
2939 2070 3065 2113 non
3093 2052 3516 2130 intellexerat,
3550 2054 3616 2114 id
3642 2055 3929 2116 sufficere

2396 2148 2465 2205 ut
2490 2149 2702 2223 posset
2727 2149 2947 2222 postea
2971 2150 3300 2224 acceptare
3333 2166 3347 2207 ε
3382 2165 3586 2226 neque
3616 2146 3786 2207 enim
3817 2166 3930 2207 ne·-

2397 2236 2735 2298 cessarium
2764 2237 3013 2298 videtur
3035 2284 3050 2314 ,
3103 2240 3172 2298 ut
3215 2242 3364 2300 tunc
3387 2284 3403 2314 ,
3455 2239 3706 2318 quando
3739 2239 3931 2300 verba

2396 2328 2815 2408 proferuntur,
2849 2330 3316 2408 intelligantur3
3350 2335 3419 2392 ιιι
3447 2335 3692 2392 constat
3718 2331 3784 2391 in
3803 2331 3931 2411 epi·

2396 2421 2576 2498 stola,
2611 2439 2801 2500 quam
2848 2421 2998 2483 licet
3041 2422 3094 2482 is
3136 2422 3221 2483 ad
3264 2440 3452 2502 quem
3496 2422 3763 2484 mittitur
3802 2441 3928 2484 non

2394 2513 2725 2593 intelligat,
2758 2514 3010 2594 quando
3042 2533 3181 2574 eam
3211 2515 3483 2593 primum
3511 2516 3703 2596 legit,
3758 2516 3933 2577 suffi-

2395 2606 2480 2667 cit
2504 2607 2556 2666 si
2584 2609 2804 2685 postea
2832 2605 3116 2669 adhibito
3160 2607 3386 2686 maj0ri
3426 2608 3668 2684 studi0,
3708 2609 3808 2670 vel
3834 2609 3932 2669 in-

2393 2703 2666 2779 terprete
2695 2717 2835 2760 eam
2864 2700 3154 2779 intelligit
3180 2746 3196 2777 ,
3246 2705 3315 2762 ut
3356 2702 3554 2779 possit
3592 2706 3931 2780 tuncpro-

2395 2792 2757 2853 missionem
2784 2792 2883 2852 vel
2912 2792 3317 2854 donationem
3361 2794 3424 2854 in
3454 2812 3530 2855 ea
3570 2798 3930 2856 contentam

2397 2888 2743 2963 acceptare.

2477 2977 2708 3039 Ultimo
2737 2975 3010 3039 dubitari
3038 2977 3235 3052 solet,
3270 2995 3350 3037 an
3378 2977 3457 3038 de
3478 2976 3619 3057 jure
3650 2977 3925 3056 Hispano
4077 2986 4165 3044 84

2398 3069 2633 3148 aliquid
2659 3070 2825 3130 circa
2851 3070 3211 3147 supradicta
3232 3075 3583 3131 correctum
3600 3071 3723 3131 sit?
3748 3069 3926 3132 Multi
3995 3110 4107 3162 Qum
4126 3110 4263 3154 dioen-

2399 3162 2566 3223 enim
2592 3162 2938 3239 affirmant,
2979 3162 3058 3223 de
3080 3162 3225 3242 jure
3253 3162 3360 3224 illo
3391 3180 3517 3224 non
3558 3162 3793 3249 requiri
3821 3180 3930 3225 ac·
3974 3163 4263 3273 dugbssnioff

2398 3255 2816 3335 captationem
2862 3255 3246 3334 promissarii
3300 3255 3381 3316 ad
3435 3255 3928 3317 irrevocabilita-
4233 3248 4245 3259 ⁶

2397 3353 2525 3408 tem
2553 3351 2617 3410 et
2644 3348 3090 3427 obligationem
3120 3347 3579 3427 promissioniS,
3621 3366 3778 3426 quos
3804 3349 3929 3410 late

2399 3440 2683 3520 congerit
2727 3440 2958 3503 Sanch.
3001 3440 3170 3501 dicta
3215 3441 3376 3519 disp.
3412 3458 3499 3502 vr.
3550 3460 3657 3503 nu.
3692 3443 3789 3503 18.
3822 3439 3929 3521 qui

2397 3533 2459 3592 id
2492 3532 2816 3610 probabile
2843 3537 3058 3594 censet
3091 3553 3104 3594 ε
3137 3532 3328 3613 aliqui
3359 3533 3547 3594 etiam
3568 3533 3830 3610 addunt,
3852 3532 3930 3595 de

2393 3624 2536 3704 jure
2562 3624 2667 3686 illo
2695 3641 2879 3705 posse
2906 3624 3288 3704 quemlibet,
3347 3643 3460 3705 pro
3509 3626 3629 3687 alio
3672 3625 3931 3687 absente

2399 3718 2700 3796 stipulari,
2734 3717 2821 3778 ita
2848 3720 2919 3778 ιιι
2945 3716 3426 3796 promissionem
3454 3717 3932 3780 irrevocabilem

2400 3809 2644 3886 reddat,
2676 3827 2833 3889 quos
2862 3808 3054 3870 refert
3079 3809 3249 3869 idem
3277 3809 3507 3871 Sanch.
3541 3809 3703 3889 disp.
3725 3827 3839 3871 vn.
3865 3830 3928 3872 n.

2401 3906 2498 3963 27.
2546 3904 2898 3982 Utrumque
2941 3905 3151 3962 autem
3202 3902 3506 3982 eolligunt
3551 3922 3627 3962 ex
3679 3902 3803 3981 leg.
3853 3905 3929 3965 11.

2400 3994 2496 4055 tit.
2530 4010 2659 4056 xvi.
2711 3994 2818 4054 lib.
2865 4011 2926 4056 v.
2986 4011 3165 4055 novae
3205 3994 3710 4073 recopilationis‚
3757 3994 3935 4075 cujus

2403 4087 2537 4148 haec
2565 4091 2710 4148 sunt
2734 4086 2947 4148 verba.
2974 4108 3002 4143 «
3017 4086 3421 4164 Pareciendo,
3447 4105 3569 4166 que
3588 4087 3822 4167 alguno
3837 4107 3936 4149 se—

2402 4181 2581 4260 quiso
2612 4179 2824 4258 obliga
2864 4197 2899 4239 a
2931 4183 3066 4240 otro
3092 4226 3107 4256 ,
3147 4199 3261 4259 per
3307 4180 3680 4258 promission
3705 4226 3720 4256 ,
3753 4183 3792 4244 ὸ
3818 4199 3936 4260 por

2402 4274 2591 4352 algun
2620 4275 2961 4348 contracto,
2996 4275 3033 4335 ὸ
3063 4289 3139 4332 en
3162 4277 3300 4334 otra
3327 4289 3607 4349 manera,
3633 4290 3743 4334 sea
3767 4273 3936 4334 teni-

2402 4367 2482 4427 do
2512 4366 2592 4426 de
2614 4364 2901 4444 cumplir,
2930 4383 2972 4442 y
3000 4383 3080 4425 no
3115 4364 3319 4442 pueda
3347 4382 3544 4442 poner
3568 4365 3929 4444 excepcion,

2403 4477 2523 4539 que
2554 4476 2634 4518 no
2662 4457 2767 4518 fue
2796 4457 2999 4518 hecha
3025 4457 3060 4518 e
3081 4457 3462 4537 stipulation,
3497 4460 3535 4522 ὸ
3564 4477 3686 4537 que
3714 4458 3816 4519 fre
3832 4458 3938 4519 he-

2401 4552 2521 4613 cho
2553 4551 2609 4612 el
2656 4553 2977 4611 contracto
3023 4555 3200 4611 entre
3244 4550 3536 4612 absentes
3563 4596 3579 4621 .
3614 4554 3652 4614 ὸ
3681 4570 3803 4630 que
3830 4551 3933 4613 fue

2402 4643 2603 4705 hecho
2632 4643 2671 4704 a
2698 4646 2836 4703 otra
2861 4659 3131 4721 persona
3158 4642 3424 4720 privada
3452 4661 3530 4703 en
3561 4643 3824 4704 nombre
3853 4643 3934 4704 de

2402 4740 2571 4798 otros
2624 4738 2800 4796 entre
2861 4733 3172 4796 absentes.
3220 4756 3249 4792 n
3312 4734 3433 4795 Alii
3490 4739 3701 4795 tamen
3755 4734 3936 4797 multi

2400 4834 2737 4907 utrumque
2766 4832 3021 4906 negant,
3057 4845 3213 4907 quos
3240 4827 3364 4887 late
3390 4826 3604 4903 refert,
3638 4832 3701 4890 et
3728 4828 3938 4907 sequi-

2400 4926 2503 4983 tur
2527 4920 2695 4980 idem
2725 4919 2954 4982 Sanch.
2990 4919 3150 4997 disp.
3188 4935 3274 4980 vl.
3309 4935 3372 4979 n.
3409 4921 3507 4980 16.
3542 4924 3608 4980 et
3624 4918 3783 4998 disp.
3815 4936 3930 4980 vn.

2401 5031 2571 5073 num.
2606 5015 2703 5073 28.
2740 5030 2896 5091 quos
2925 5013 3112 5073 etiam
3139 5012 3422 5090 sequitur
3447 5012 3735 5073 Turrian.
3768 5010 3930 5089 disp.

2400 5121 2563 5170 tx1v.
2587 5106 2738 5166 dub.
2775 5122 2860 5166 vl.
2905 5109 2969 5166 et
2994 5104 3143 5165 dub.
3178 5120 3239 5166 x.

2480 5200 2611 5276 Ego
2642 5196 2948 5275 imprimis
2973 5201 3145 5276 puto,
3178 5196 3493 5276 loquendo
3523 5196 3603 5258 de
3631 5195 3933 5276 possibili,

2400 5290 2674 5370 potuisse
2703 5291 2841 5370 lege
2884 5290 3161 5351 humana
3207 5289 3451 5350 excludi
3499 5289 3935 5352 necessitatem

2401 5382 2847 5463 acceptationis
2875 5402 2950 5443 ex
2978 5387 3156 5462 parte
3184 5381 3571 5461 promissarii
3584 5382 3664 5443 ad
3696 5382 3937 5460 obliga-

2402 5476 2637 5539 tionem
2682 5475 3179 5538 irrevocabilem.
3229 5474 3512 5536 Diximus
3540 5475 3708 5536 enim
3740 5493 3935 5556 supra
