4263 6376
99 2697 188 2755 198

72 2820 231 2863 Ιῐωᾶῑπ

72 2929 224 2970 aientia.

1237 289 1705 351 DISPUTATIO
1750 288 1968 363 XXIII,
2016 288 2291 350 SECTIO
2336 288 2437 348 XI.

297 470 352 528 et
373 466 482 526 hac
526 464 881 528 conditione
930 467 1257 546 explicata,
1305 465 1669 527 monasterii
1708 464 1798 525 in-

293 577 520 638 gressus
533 558 737 620 reddit
750 559 1154 620 donationem
1171 559 1608 634 revocabilem,
1633 557 1802 617 idem

294 651 603 712 dicendum
631 656 727 712 est
779 653 1033 731 quando
1082 652 1355 713 conditio
1401 651 1505 711 illa
1547 669 1670 711 non
1702 670 1802 710 ex-

294 743 557 824 plicatur.
613 745 913 816 Quamvis
956 748 1165 806 autem
1195 744 1476 806 Sanchez
1501 743 1589 803 ibi
1617 761 1802 804 cone-

297 842 385 897 tur
407 835 777 914 respondere
807 837 889 897 ad
920 837 1154 899 dictum
1200 855 1337 914 cap.
1371 835 1443 896 In
1457 835 1798 917 proesentia,

294 934 494 991 utnon
521 929 754 991 habeat
777 930 987 991 locum
1011 931 1077 990 in
1108 930 1225 991 hoc
1273 948 1422 990 casu
1451 928 1804 990 donationis

295 1023 364 1082 ab
390 1022 513 1101 ipso
562 1022 859 1101 religioso
907 1026 1095 1083 antea
1139 1022 1342 1093 factae,
1402 1020 1536 1100 ejus
1591 1026 1798 1083 tamen

293 1114 588 1192 responsio
617 1134 765 1175 vere
796 1133 919 1175 non
966 1115 1214 1176 videtur
1249 1114 1584 1175 sufficiens.
1645 1114 1806 1175 Dicit

293 1207 463 1281 enim,
511 1206 984 1285 dispositionem
1013 1207 1175 1268 illius
1211 1211 1415 1269 textus
1444 1225 1578 1267 esse
1604 1224 1641 1266 a
1660 1206 1803 1286 jure

295 1300 750 1375 exorbitantem,
793 1304 863 1360 ut
889 1319 1003 1379 per
1029 1300 1483 1360 monasterium
1514 1299 1807 1360 excluda-

291 1398 383 1453 tur
406 1392 791 1468 substitutus,
842 1398 906 1453 et
930 1391 1071 1452 ideo
1102 1410 1227 1452 non
1270 1410 1404 1452 esse
1432 1391 1807 1452 trahendam

289 1484 346 1543 in
370 1484 871 1563 consequentiam
903 1485 983 1544 ad
1028 1481 1455 1560 donationem,
1516 1502 1644 1564 qua
1671 1484 1805 1562 ipse

295 1576 597 1655 religiosus
627 1582 773 1638 ante
813 1577 1165 1655 ingressum
1211 1577 1471 1637 donavit
1516 1576 1632 1637 sub
1662 1594 1807 1637 con-

293 1669 527 1744 ditione,
582 1669 665 1730 Si
685 1670 808 1730 sine
835 1669 1031 1730 liberis
1058 1668 1369 1730 decederet.
1421 1671 1568 1730 Haec
1595 1673 1806 1731 tamen

291 1762 590 1840 responsio
620 1762 890 1823 difficilis
918 1767 1032 1838 est,
1067 1762 1212 1841 quia
1243 1763 1373 1842 ipse
1396 1762 1675 1823 Sanchez
1699 1762 1805 1823 illo

292 1871 416 1932 cap.
446 1871 570 1915 xw.
605 1854 732 1917 late
762 1855 1157 1933 probaverat,
1210 1854 1592 1915 decisionem
1637 1855 1806 1915 illam

291 1946 521 2007 fundari
548 1948 757 2008 solum
784 1947 847 2006 in
868 1954 1250 2025 praesumpta
1277 1948 1597 2009 voluntate
1618 1952 1805 2009 testa-

292 2039 451 2115 toris,
508 2040 617 2118 qui
645 2040 805 2100 side
851 2040 1232 2101 monasterio
1281 2039 1633 2118 cogitasset,
1684 2058 1808 2100 non

292 2132 480 2193 minus
507 2150 621 2210 per
666 2132 840 2208 illud,
890 2150 1081 2211 quam
1110 2151 1224 2211 per
1266 2132 1496 2193 liberos
1543 2133 1809 2194 haeredis

293 2225 535 2285 instituti
563 2225 811 2285 excludi
833 2224 1133 2286 voluisset
1150 2224 1558 2287 substitutum
1593 2245 1606 2285 ε
1642 2225 1809 2286 idem

293 2336 428 2398 ergo
455 2318 755 2397 praesumi
782 2317 991 2393 debet,
1040 2317 1291 2395 quando
1319 2317 1585 2395 ipsemet
1613 2317 1809 2378 dona-

290 2412 373 2472 vit
395 2411 507 2471 sub
534 2409 916 2482 conditione,
967 2408 1045 2469 Si
1084 2407 1207 2470 sine
1252 2408 1447 2469 liberis
1492 2407 1805 2485 decederet,

294 2503 448 2583 quod
473 2503 523 2564 si
553 2502 633 2563 de
663 2500 1042 2563 monasterio
1065 2501 1419 2580 cogitasset,
1453 2520 1578 2563 non
1607 2501 1812 2561 minus

292 2597 372 2657 illi
397 2596 602 2657 favere
632 2594 952 2671 voluisset,
988 2611 1178 2672 quam
1206 2593 1371 2655 filiis.

368 2688 804 2749 Recedendum
860 2690 1070 2748 tamen
1116 2704 1239 2746 non
1281 2692 1374 2747 est
1418 2706 1455 2746 a
1497 2688 1814 2748 communi

297 2783 607 2858 sententia,
659 2798 802 2841 cum
833 2798 958 2859 qua
986 2797 1216 2858 negare
1263 2797 1596 2857 possumus
1638 2799 1813 2842 revo-

209 2887 226 2916 ³
296 2875 548 2936 eandam
608 2872 1014 2935 donationem
1057 2872 1516 2950 praecedentem
1563 2891 1676 2951 per
1728 2873 1816 2932 in-

295 2986 564 3047 gressum
591 2963 935 3043 religionis,
980 2965 1058 3024 Et
1086 2963 1364 3042 quidem,
1399 2966 1817 3027 communiter

295 3059 615 3139 loquendo,
651 3057 1053 3137 praesumptio
1076 3056 1211 3116 haec
1234 3057 1439 3117 locum
1470 3075 1594 3117 non
1624 3057 1816 3118 habet

295 3154 354 3215 in
398 3154 756 3227 donatione,
806 3149 956 3230 quia
1002 3149 1371 3229 plerumque
1419 3150 1685 3212 donator
1735 3151 1814 3212 de

295 3245 565 3325 ingressu
591 3243 913 3322 religionis
957 3242 1273 3321 cogitavit,
1324 3244 1575 3321 quando
1611 3243 1818 3304 ⁴dona-

294 3340 395 3413 vit,
443 3338 567 3398 imo
597 3336 741 3398 ideo
770 3335 951 3395 facile
995 3334 1209 3411 donat,
1261 3353 1451 3414 seque
1482 3337 1608 3397 suis
1637 3337 1817 3398 bonis

295 3431 526 3509 spoliat,
583 3433 658 3490 ut
695 3427 897 3506 magis
943 3427 1268 3507 expeditus
1316 3428 1399 3488 ad
1451 3428 1817 3507 religionem

295 3527 582 3598 transeat,
632 3525 697 3582 et
724 3521 871 3599 quia
897 3520 1202 3600 praevidet
1228 3538 1293 3580 se
1321 3521 1385 3580 in
1412 3520 1713 3600 religione
1745 3521 1818 3582 iis

297 3615 463 3675 bonis
494 3632 619 3675 non
651 3613 955 3690 indigere.
992 3612 1287 3685 Quamvis
1316 3617 1526 3674 autem
1556 3632 1629 3675 eo
1659 3618 1821 3676 tem-

297 3725 437 3786 pore
463 3725 591 3769 non
630 3705 936 3784 cogitaret
963 3705 1042 3765 de
1086 3709 1250 3767 statu
1296 3705 1611 3783 religioso,
1661 3707 1818 3767 ratio

300 3800 493 3860 adhuc
520 3797 891 3859 differentiae
920 3801 1033 3873 est,
1086 3815 1197 3857 cur
1237 3815 1361 3857 non
1407 3804 1824 3876 praesumatur

298 3911 503 3954 casnm
555 3892 734 3953 illum
787 3890 1154 3963 exclusisse,
1216 3889 1377 3951 sicut
1424 3892 1824 3971 praesumitur

300 3984 620 4045 excludere
648 4001 865 4044 casum
891 3982 1081 4061 prolis
1112 3982 1340 4044 futurae
1394 4003 1407 4043 ε
1462 3984 1610 4062 quia
1637 3984 1824 4044 nimi-

299 4095 429 4138 rum
456 4077 743 4138 homines
774 4075 965 4137 etiam
1012 4075 1352 4153 prudentes
1399 4095 1526 4137 non
1549 4076 1636 4138 ita
1663 4077 1825 4137 solli-

301 4170 396 4231 citi
423 4175 568 4231 sunt
594 4174 666 4230 ut
692 4168 1067 4247 provideant
1092 4169 1498 4246 monasterio,
1533 4170 1702 4249 quod
1733 4170 1823 4229 in-

300 4261 679 4341 gredientur,
712 4260 872 4322 sicut
899 4264 969 4321 ut
996 4260 1369 4338 provideant
1397 4262 1524 4322 suis
1549 4262 1713 4338 filiis,
1759 4266 1829 4324 ut

303 4354 679 4433 experientia
695 4357 981 4428 testatur,
1012 4352 1136 4413 imo
1160 4371 1482 4432 nunquam
1508 4354 1828 4416 liberalius

303 4452 361 4508 et
385 4447 626 4507 facilius
654 4464 755 4507 res
782 4463 929 4505 suas
978 4444 1217 4506 donant
1257 4446 1444 4507 etiam
1492 4448 1823 4523 extraneiS,

305 4558 483 4619 quam
524 4538 778 4620 quando
829 4537 908 4597 de
958 4537 1242 4616 ingressu
1296 4537 1613 4616 religionis
1659 4540 1832 4619 cogi-

306 4637 431 4694 tant
477 4648 492 4693 z
550 4651 585 4692 e
616 4637 835 4693 contra
879 4649 1031 4691 vero
1079 4630 1332 4710 quando
1378 4631 1540 4693 filios
1570 4631 1826 4710 habent,

305 4725 546 4803 parcius
575 4731 641 4786 et
665 4742 809 4785 cum
837 4742 1068 4802 magna
1097 4725 1342 4785 cautela
1369 4724 1535 4785 bona
1563 4744 1677 4785 sua
1705 4726 1833 4786 dis-

307 4818 582 4878 tribuunt
629 4837 642 4878 :
696 4833 820 4876 non
850 4834 999 4894 ergo
1028 4816 1115 4877 ita
1143 4816 1543 4894 praesumitur
1570 4817 1834 4879 donator

308 4911 630 4970 excludere
675 4908 944 4969 voluisse
992 4927 1208 4968 casum
1256 4909 1334 4969 de
1381 4909 1665 4988 ingressu
1695 4910 1835 4971 reli-

309 5002 522 5082 gionis,
573 5001 735 5063 sicut
783 5000 859 5060 de
905 5000 1078 5078 prole
1106 5000 1317 5061 futura
1357 5003 1458 5062 cui
1487 5007 1668 5081 pater
1694 5021 1836 5081 pro-

309 5095 512 5155 videre
540 5094 881 5172 prudenter
910 5093 1116 5170 debet,
1169 5098 1231 5156 et
1260 5112 1595 5172 procurare
1625 5100 1695 5157 ut
1718 5096 1835 5157 bo-

313 5206 525 5249 norum
558 5186 1001 5266 temporalium
1057 5186 1241 5264 copia
1287 5187 1586 5265 ditentur,
1646 5206 1837 5268 quam

312 5281 684 5358 peculiarem
739 5278 1201 5358 providentiam
1256 5298 1408 5358 erga
1461 5298 1645 5340 suum
1702 5298 1840 5341 mo·-

314 5373 649 5435 nasterium
677 5372 955 5433 futurum
985 5389 1109 5431 non
1159 5371 1412 5434 habent.
1475 5372 1566 5434 Ad
1600 5377 1839 5434 textum

314 5485 455 5528 vero
482 5466 546 5525 in
570 5465 738 5526 dieto
768 5482 905 5542 cap.
939 5463 1010 5524 In
1024 5465 1361 5545 proesentia,
1394 5465 1601 5526 dicere
1621 5483 1843 5544 possu-

3353 294 3425 353 51

1897 482 2059 541 muS,
2102 483 2237 525 esse
2266 464 2456 526 etiam
2484 483 2786 545 magnum
2814 465 3149 527 discrimen
3179 468 3430 547 quando

1898 557 2174 619 conditio
2204 558 2332 634 illa,
2383 558 2461 619 Si
2481 558 2603 620 sine
2645 557 2840 619 liberis
2884 557 3067 620 laceres
3107 558 3427 638 decesserit,

1897 650 2235 729 apponitur
2277 669 2317 711 a
2342 652 2526 712 tertio
2553 654 2872 726 testatore,
2922 670 2997 711 ac
3041 652 3291 731 quando
3321 672 3434 733 ap-

1899 742 2154 821 ponitur
2180 742 2295 803 sibi
2326 743 2389 802 in
2438 761 2702 821 persona
2736 743 2987 822 propria
3034 745 3115 805 ab
3155 745 3289 825 ipso
3320 747 3431 808 do·

1902 839 2118 896 natore
2147 835 2244 895 vel
2272 839 2589 898 testatore.
2650 838 2808 896 Nam
2853 837 3106 916 quando
3152 838 3270 900 sibi
3314 840 3433 919 ipsi

1899 928 2163 1009 apponit
2187 928 2358 989 illam
2400 928 2848 1006 conditionem,
2899 936 3189 991 censetur
3235 933 3300 993 id
3346 934 3435 994 fa-

1902 1039 2043 1082 cere
2073 1039 2150 1081 ex
2177 1020 2579 1098 obligatione,
2627 1039 2817 1100 quam
2847 1021 3040 1083 habet
3067 1025 3432 1086 consulendi

1901 1113 2043 1174 filiis
2072 1112 2222 1189 suiS,
2268 1117 2331 1174 et
2358 1114 2721 1185 reservandi
2770 1114 2890 1175 sibi
2914 1115 3085 1176 bona
3114 1117 3340 1195 quibus
3370 1118 3434 1179 id

1902 1206 2108 1266 facere
2137 1205 2335 1285 possit
2363 1225 2376 1265 :
2413 1224 2602 1284 quam
2624 1206 3073 1286 obligationem
3098 1228 3222 1270 non
3243 1210 3434 1272 habet

1905 1298 2269 1360 consulendi
2297 1302 2360 1358 et
2384 1299 2755 1377 providendi
2785 1299 2872 1360 illi
2901 1303 3302 1380 monasterio,
3346 1308 3437 1365 at-

1905 1410 2027 1470 que
2054 1390 2197 1451 ideo
2229 1408 2354 1450 non
2381 1390 2469 1451 ita
2509 1391 2912 1469 praesumitur
2936 1410 3288 1455 reservasse
3317 1395 3433 1456 sibi

1898 1482 2002 1562 jus
2035 1481 2374 1544 revocandi
2402 1482 2805 1544 donationem
2854 1484 2933 1545 ob
2964 1485 3314 1564 ingressum
3344 1507 3437 1547 re-

1903 1574 2152 1653 ligionis
2177 1574 2479 1650 futurum,
2531 1574 2690 1636 sicut
2717 1575 2797 1636 ob
2847 1577 3087 1655 prolem
3133 1578 3431 1641 futuram.

1907 1668 2167 1741 Quando
2212 1685 2362 1727 vero
2410 1666 2675 1727 instituit
2720 1686 2932 1728 secum
2978 1669 3318 1748 haeredem,
3376 1678 3440 1735 et

1906 1759 2227 1821 substituit
2252 1759 2339 1819 illi
2368 1758 2621 1835 Titium,
2656 1760 2708 1820 si
2732 1761 2911 1821 Seius
2939 1761 3072 1823 sine
3093 1763 3303 1824 liberis
3333 1766 3437 1825 de-

1906 1853 2183 1928 cesserit,
2236 1840 2360 1912 non
2390 1851 2454 1911 id
2499 1851 2648 1912 facit
2676 1871 2752 1911 ex
2793 1852 3194 1932 obligatione,
3247 1875 3438 1936 quam

1907 1945 2097 2005 habet
2121 1943 2488 2004 consulendi
2514 1948 2577 2004 et
2594 1944 2964 2022 providendi
2987 1946 3127 2007 filiis
3143 1948 3293 2025 Seii,
3325 1950 3438 2011 sed

1907 2058 1983 2099 ex
2009 2039 2236 2098 affectu
2264 2055 2415 2114 erga
2442 2036 2647 2114 ipsum
2678 2036 2914 2114 Seium,
2966 2039 3067 2099 cui
3107 2042 3439 2118 providere

1906 2130 2060 2204 vult,
2091 2131 2180 2190 ita
2197 2133 2269 2189 ut
2288 2130 2476 2189 etiam
2496 2128 2791 2205 moriens,
2817 2130 2996 2192 Seius
3015 2131 3247 2194 habeat
3273 2133 3441 2196 bona

1907 2241 2020 2302 pro
2072 2221 2214 2282 filiis
2268 2221 2416 2282 suiS.
2491 2223 2647 2282 Cum
2702 2226 2911 2282 autem
2966 2227 3435 2304 monasterium,

1909 2315 2079 2395 quod
2107 2314 2286 2376 Seius
2313 2314 2683 2392 ingreditur,
2734 2318 2797 2376 et
2842 2316 3011 2394 quod
3060 2318 3306 2397 abipso
3335 2320 3443 2380 eli·

1909 2409 2098 2488 gitur,
2131 2406 2405 2467 maximo
2436 2406 2623 2469 etiam
2645 2412 2707 2468 et
2730 2408 3021 2487 religioso
3043 2412 3269 2472 affectu
3297 2430 3442 2473 cum

1911 2501 2136 2562 eodem
2165 2500 2306 2561 Seio
2338 2499 2778 2578 conjungatur,
2829 2504 3229 2579 praesumitur
3258 2509 3443 2566 testa-

1911 2598 2030 2668 tor,
2064 2593 2225 2654 sicut
2251 2592 2410 2652 filios
2429 2592 2575 2667 Seii,
2610 2592 2696 2653 ita
2726 2593 2912 2655 etiam
2941 2597 3443 2659 monasteriuma

1914 2686 2055 2749 Seio
2084 2685 2204 2746 sibi
2231 2684 2588 2763 eligendum
2634 2685 2931 2763 praeferre
2974 2689 3246 2750 voluisse
3274 2691 3438 2751 Titio

1912 2778 2245 2839 substituto
2281 2797 2293 2837 ε
2347 2795 2539 2856 quare
2568 2796 2639 2837 ex
2672 2779 2896 2840 affectu
2923 2798 3073 2859 erga
3103 2781 3315 2843 Seium
3345 2801 3444 2843 ac-

1916 2870 2178 2931 cedente
2207 2870 2557 2947 praesertim
2585 2870 2814 2948 pietate
2845 2871 3187 2951 religioniS,
3220 2875 3443 2936 merito

1914 2961 2314 3043 praesumitur
2355 2965 2619 3023 testator
2663 2981 2789 3025 non
2818 2965 3021 3025 solum
3075 2965 3236 3027 filios
3262 2986 3448 3029 veros

1915 3055 2064 3132 Seii,
2097 3054 2208 3115 sed
2237 3054 2426 3115 etiam
2454 3056 2588 3134 ejus
2607 3058 3057 3118 monasterium
3078 3060 3302 3121 affectu
3333 3079 3446 3122 suo

1913 3147 2275 3227 complexus
2302 3146 2515 3224 fuisse,
2547 3166 2670 3227 quo
2702 3167 2853 3229 erga
2873 3150 3084 3212 Seium
3105 3151 3445 3231 ferebatur,

1915 3246 1978 3303 et
2003 3242 2090 3302 ita
2119 3240 2272 3301 dum
2301 3241 2616 3301 contraria
2645 3242 2934 3304 voluntas
2985 3262 3099 3322 per
3129 3246 3451 3326 conjectu-

1916 3353 2018 3395 ras
2046 3353 2171 3394 non
2201 3333 2568 3410 constiterit,
2596 3334 3014 3413 judicandum
3043 3356 3200 3415 esse,
3234 3339 3454 3400 decer-

1916 3428 2009 3489 nit
2039 3426 2321 3487 Pontifex
2347 3425 2456 3501 ibi,
2510 3426 2671 3487 sicut
2715 3431 2778 3489 et
2820 3428 3235 3507 imperatores
3281 3432 3453 3492 idem

1919 3519 2335 3580 decreverunt
2378 3518 2441 3578 in
2467 3518 2523 3596 5.
2573 3517 2698 3579 Sed
2737 3529 2792 3581 et
2831 3520 2939 3582 hoc
2977 3523 3273 3602 proesenti,
3323 3527 3455 3585 Au-

1918 3611 2118 3673 thent.
2153 3609 2223 3670 de
2263 3610 2637 3671 sanctissimis
2682 3612 2984 3693 episcopis.
3046 3616 3198 3686 Quoe
3243 3621 3455 3677 autem

1921 3705 2297 3783 conjecturae
2325 3704 2703 3765 contrariam
2744 3706 3131 3768 voluntatem
3161 3708 3450 3786 probent,

1922 3801 1986 3858 et
2012 3796 2239 3876 quibus
2269 3795 2516 3856 casibus
2562 3797 2889 3858 limitanda
2934 3798 3016 3860 sit
3064 3798 3296 3860 decisio
3325 3800 3457 3861 illo-

1922 3907 2062 3949 rum
2107 3888 2366 3968 jurium,
2428 3893 2655 3951 tractat
2695 3890 2993 3952 latissime
3024 3892 3306 3954 Sanchez
3353 3894 3456 3955 illo

1923 3999 2061 4060 cap.
2095 3997 2225 4041 xvl.
2258 3999 2371 4059 per
2398 3984 2620 4042 totum.

2002 4074 2335 4135 Dubitatur
2388 4077 2630 4151 octavo,
2691 4094 2773 4135 an
2828 4077 3084 4140 donatio
3130 4079 3296 4141 facta
3349 4081 3458 4140 uni

1923 4168 2050 4229 filio
2080 4166 2365 4228 revocari
2391 4168 2587 4244 possit
2615 4167 2694 4228 ob
2725 4168 2878 4230 alios
2906 4170 3067 4231 tilios
3097 4176 3316 4250 postea
3343 4192 3461 4234 na·-

3606 4095 3719 4154 199

3525 4221 3589 4264 Αιι
3619 4219 3786 4263 donatio

1924 4260 2060 4323 tos?
2088 4258 2542 4338 Respondetur,
2575 4260 2626 4320 si
2656 4265 2835 4339 pater
2862 4261 3100 4326 habens
3122 4264 3274 4325 alios
3299 4266 3460 4326 filios
3508 4274 3614 4318 tacu
3631 4273 3701 4337 uqi
3718 4272 3804 4315 mio

1915 4352 2120 4413 donet
2146 4351 2462 4411 excessivo
2491 4351 2597 4411 uni
2628 4352 2899 4430 illorum,
2951 4354 3355 4417 donationem
3389 4357 3464 4417 il-

1926 4446 2053 4505 lam
2081 4444 2364 4505 revocari
2397 4461 2579 4522 posse
2609 4444 2688 4503 ab
2716 4445 2853 4506 aliis
2879 4445 3043 4522 filiis,
3098 4465 3222 4509 non
3252 4450 3462 4528 quoad

1929 4542 2130 4600 totum
2160 4535 2270 4597 sed
2301 4541 2609 4615 quatenus
2650 4555 2870 4598 eorum
2913 4539 3210 4618 legitimoe
3239 4543 3464 4622 praeju-

1931 4630 2100 4691 dicat
2149 4649 2162 4690 :
2216 4634 2279 4691 et
2305 4629 2470 4691 idem
2501 4630 2839 4691 dicendum
2869 4636 2982 4708 est,
3033 4633 3086 4692 si
3114 4640 3331 4712 postea
3361 4654 3466 4696 na-

1921 4727 2187 4784 scantur
2213 4723 2320 4783 alii
2367 4723 2500 4800 filii,
2561 4723 2624 4783 hi
2658 4724 2824 4784 enim
2874 4744 3175 4787 revocare
3203 4733 3470 4807 possunt

1934 4814 2336 4877 donationem
2366 4815 2825 4895 praecedentem
2869 4818 3107 4895 solum,
3161 4825 3469 4899 quatenus

1936 4926 2153 4969 eorum
2179 4908 2470 4987 legitimis
2501 4912 2704 4985 nocet,
2739 4927 2815 4968 ex
2842 4909 2964 4988 leg.
3003 4909 3080 4970 Si
3104 4919 3276 4988 tota-3,
3312 4913 3466 4975 Cod.

1934 4999 2004 5061 de
2029 5000 2371 5081 inofficiosis
2410 5000 2832 5077 donationibus,
2891 5007 2953 5064 et
2992 5021 3067 5062 ex
3095 5004 3473 5066 Authentica

1934 5093 2005 5154 de
2035 5093 2328 5154 immensis
2368 5092 2566 5155 donat.
2630 5094 2810 5167 Quod
2857 5095 3178 5172 procedit,
3231 5097 3476 5159 etiamsi

1939 5186 2191 5247 donatio
2224 5186 2326 5246 illa
2354 5187 2518 5247 facta
2543 5185 2733 5247 fuerit
2776 5186 2985 5247 animo
3026 5187 3360 5250 fraudandi
3389 5192 3478 5251 le-

1938 5278 2189 5358 gitimas
2217 5279 2479 5339 aliorum
2496 5279 2788 5350 filiorum,
2823 5297 2963 5357 quae
2984 5281 3292 5358 appellari
3320 5284 3478 5346 solet

1941 5371 2196 5432 donatio
2226 5391 2316 5448 re,
2348 5376 2410 5434 et
2436 5371 2694 5432 consilio
2722 5372 3067 5433 inofficiosa
3119 5391 3134 5434 :
3187 5375 3481 5438 videatur

1939 5463 2173 5526 Molina
2202 5464 2367 5526 dicto
2397 5469 2550 5526 tom.
2584 5480 2654 5525 11.
2697 5464 2857 5543 disp.
2891 5468 3029 5526 283.
3096 5466 3305 5539 Quare
3333 5469 3482 5532 licet

3508 4338 3690 4371 ΓΘἿὈΟΙΓΙ

3537 4382 3591 4423 sit
3610 4380 3662 4422 ob
3680 4391 3703 4420 a
3723 4378 3786 4424 ios

3528 4435 3635 4478 filios
3651 4437 3789 4478 natos.
