<?xml version="1.0" encoding="UTF-8"?>
<!DOCTYPE html PUBLIC "-//W3C//DTD XHTML 1.0 Transitional//EN"
    "http://www.w3.org/TR/xhtml1/DTD/xhtml1-transitional.dtd">
<html xmlns="http://www.w3.org/1999/xhtml" xml:lang="en" lang="en">
 <head>
  <title>
</title>
<meta http-equiv="Content-Type" content="text/html;charset=utf-8" />
  <meta name='ocr-system' content='tesseract 3.04.00' />
  <meta name='ocr-capabilities' content='ocr_page ocr_carea ocr_par ocr_line ocrx_word'/>
</head>
<body>
  <div class='ocr_page' id='page_1' title='image "./joannisdelugodi00lugogoog_0745.png"; bbox 0 0 4263 6376; ppageno 0'>
   <div class='ocr_carea' id='block_1_1' title="bbox 1234 358 3482 441">
    <p class='ocr_par' dir='ltr' id='par_1_1' title="bbox 1234 358 3482 441">
     <span class='ocr_line' id='line_1_1' title="bbox 1234 358 3482 441; baseline 0.01 -24"><span class='ocrx_word' id='word_1_1' title='bbox 1234 358 1703 421; x_wconf 75' lang='lat' dir='ltr'><strong>msPU&#39;rA&#39;rlo</strong></span> <span class='ocrx_word' id='word_1_2' title='bbox 1747 362 2047 441; x_wconf 83' lang='lat' dir='ltr'>XXXVII,</span> <span class='ocrx_word' id='word_1_3' title='bbox 2096 366 2371 427; x_wconf 83' lang='lat' dir='ltr'><strong>SECTlO</strong></span> <span class='ocrx_word' id='word_1_4' title='bbox 2416 369 2575 431; x_wconf 83' lang='lat' dir='ltr'><strong>Vlll.</strong></span> <span class='ocrx_word' id='word_1_5' title='bbox 3369 381 3482 439; x_wconf 83' lang='lat'><strong>705</strong></span> 
     </span>
    </p>
   </div>
   <div class='ocr_carea' id='block_1_2' title="bbox 64 530 1853 616">
    <p class='ocr_par' dir='ltr' id='par_1_2' title="bbox 64 530 1853 616">
     <span class='ocr_line' id='line_1_2' title="bbox 64 530 1853 616; baseline 0.002 -21"><span class='ocrx_word' id='word_1_6' title='bbox 64 555 128 608; x_wconf 55' lang='lat' dir='ltr'><strong>aaa</strong></span> <span class='ocrx_word' id='word_1_7' title='bbox 154 555 180 596; x_wconf 66' lang='grc' dir='ltr'><strong>,ε</strong></span> <span class='ocrx_word' id='word_1_8' title='bbox 207 564 275 594; x_wconf 71' lang='lat' dir='ltr'><strong>non</strong></span> <span class='ocrx_word' id='word_1_9' title='bbox 319 533 630 592; x_wconf 87' lang='lat' dir='ltr'><strong>tumacem</strong></span> <span class='ocrx_word' id='word_1_10' title='bbox 659 530 792 591; x_wconf 89' lang='lat' dir='ltr'><strong>sine</strong></span> <span class='ocrx_word' id='word_1_11' title='bbox 821 531 950 593; x_wconf 90' lang='lat' dir='ltr'><strong>ulla</strong></span> <span class='ocrx_word' id='word_1_12' title='bbox 979 550 1089 611; x_wconf 88' lang='lat' dir='ltr'><strong>spe</strong></span> <span class='ocrx_word' id='word_1_13' title='bbox 1120 534 1575 597; x_wconf 77' lang='lat' dir='ltr'><strong>emendationis</strong></span> <span class='ocrx_word' id='word_1_14' title='bbox 1604 537 1796 616; x_wconf 89' lang='lat' dir='ltr'><strong>ipsius</strong></span> <span class='ocrx_word' id='word_1_15' title='bbox 1822 537 1853 598; x_wconf 74' lang='lat'><strong>⁰?</strong></span> 
     </span>
    </p>
   </div>
   <div class='ocr_carea' id='block_1_3' title="bbox 63 608 1852 708">
    <p class='ocr_par' dir='ltr' id='par_1_3' title="bbox 63 589 1852 708">
     <span class='ocr_line' id='line_1_3' title="bbox 63 608 1852 708; baseline 0.005 -27"><span class='ocrx_word' id='word_1_16' title='bbox 63 608 278 706; x_wconf 53' lang='lat' dir='ltr'><strong>ffifflff,</strong></span> <span class='ocrx_word' id='word_1_17' title='bbox 319 625 502 684; x_wconf 85' lang='lat' dir='ltr'><strong>Sotus</strong></span> <span class='ocrx_word' id='word_1_18' title='bbox 530 623 698 684; x_wconf 91' lang='lat' dir='ltr'><strong>enim</strong></span> <span class='ocrx_word' id='word_1_19' title='bbox 729 623 807 683; x_wconf 90' lang='lat' dir='ltr'><strong>de</strong></span> <span class='ocrx_word' id='word_1_20' title='bbox 836 624 943 685; x_wconf 90' lang='lat' dir='ltr'><strong>lib.</strong></span> <span class='ocrx_word' id='word_1_21' title='bbox 979 643 1040 686; x_wconf 84' lang='lat' dir='ltr'><strong>v.</strong></span> <span class='ocrx_word' id='word_1_22' title='bbox 1075 624 1145 685; x_wconf 83' lang='lat' dir='ltr'><strong>de</strong></span> <span class='ocrx_word' id='word_1_23' title='bbox 1161 626 1310 706; x_wconf 77' lang='lat' dir='ltr'><strong>just.</strong></span> <span class='ocrx_word' id='word_1_24' title='bbox 1347 627 1451 689; x_wconf 86' lang='lat' dir='ltr'><strong>ubi</strong></span> <span class='ocrx_word' id='word_1_25' title='bbox 1481 647 1670 708; x_wconf 87' lang='lat' dir='ltr'><strong>supra</strong></span> <span class='ocrx_word' id='word_1_26' title='bbox 1695 675 1711 705; x_wconf 91' lang='lat'>,</span> <span class='ocrx_word' id='word_1_27' title='bbox 1761 630 1852 690; x_wconf 87' lang='lat' dir='ltr'><strong>af-</strong></span> 
     </span>
    </p>
   </div>
   <div class='ocr_carea' id='block_1_4' title="bbox 123 2313 182 2370">
    <p class='ocr_par' dir='ltr' id='par_1_4' title="bbox 123 2313 182 2370">
     <span class='ocr_line' id='line_1_4' title="bbox 123 2313 182 2370; baseline 0 0"><span class='ocrx_word' id='word_1_28' title='bbox 123 2313 182 2370; x_wconf 79' lang='lat'><strong>87</strong></span> 
     </span>
    </p>
   </div>
   <div class='ocr_carea' id='block_1_5' title="bbox 41 2439 1853 2654">
    <p class='ocr_par' dir='ltr' id='par_1_5' title="bbox 41 2439 1853 2654">
     <span class='ocr_line' id='line_1_5' title="bbox 43 2439 264 2492; baseline 0.018 -13"><span class='ocrx_word' id='word_1_29' title='bbox 43 2439 264 2492; x_wconf 63' lang='lat' dir='ltr'><strong>napos-inei,</strong></span> 
     </span>
     <span class='ocr_line' id='line_1_6' title="bbox 41 2493 266 2546; baseline 0.009 -11"><span class='ocrx_word' id='word_1_30' title='bbox 41 2493 266 2546; x_wconf 43' lang='lat' dir='ltr'><strong>&amp;denuntiat</strong></span> 
     </span>
     <span class='ocr_line' id='line_1_7' title="bbox 41 2553 1853 2654; baseline 0.001 -19"><span class='ocrx_word' id='word_1_31' title='bbox 41 2553 267 2643; x_wconf 47' lang='lat' dir='ltr'><strong>&#39;&#39;m&#39;ffl&#39;</strong></span> <span class='ocrx_word' id='word_1_32' title='bbox 311 2574 626 2651; x_wconf 77' lang='lat' dir='ltr'><strong>pr1vatum</strong></span> <span class='ocrx_word' id='word_1_33' title='bbox 656 2574 917 2652; x_wconf 88' lang='lat' dir='ltr'><strong>alicujus</strong></span> <span class='ocrx_word' id='word_1_34' title='bbox 947 2574 1297 2637; x_wconf 83' lang='lat' dir='ltr'><strong>innocentis</strong></span> <span class='ocrx_word' id='word_1_35' title='bbox 1329 2622 1344 2652; x_wconf 91' lang='lat'><strong>‚</strong></span> <span class='ocrx_word' id='word_1_36' title='bbox 1405 2576 1601 2654; x_wconf 83' lang='lat' dir='ltr'><strong>possit</strong></span> <span class='ocrx_word' id='word_1_37' title='bbox 1643 2576 1853 2637; x_wconf 88' lang='lat' dir='ltr'><strong>adhuc</strong></span> 
     </span>
    </p>
   </div>
   <div class='ocr_carea' id='block_1_6' title="bbox 45 2652 251 2759">
    <p class='ocr_par' dir='ltr' id='par_1_6' title="bbox 45 2652 251 2759">
     <span class='ocr_line' id='line_1_8' title="bbox 66 2652 232 2697; baseline 0.018 -3"><span class='ocrx_word' id='word_1_38' title='bbox 66 2652 232 2697; x_wconf 66' lang='lat' dir='ltr'><strong>damnet</strong></span> 
     </span>
     <span class='ocr_line' id='line_1_9' title="bbox 45 2706 251 2759; baseline 0.015 -10"><span class='ocrx_word' id='word_1_39' title='bbox 45 2706 251 2759; x_wconf 59' lang='lat' dir='ltr'><strong>inachum.</strong></span> 
     </span>
    </p>
   </div>
   <div class='ocr_carea' id='block_1_7' title="bbox 74 714 1851 890">
    <p class='ocr_par' dir='ltr' id='par_1_7' title="bbox 74 714 1851 890">
     <span class='ocr_line' id='line_1_10' title="bbox 74 714 1851 813; baseline -0.009 -31"><span class='ocrx_word' id='word_1_40' title='bbox 74 714 259 813; x_wconf 56' lang='lat' dir='ltr'><strong>fflssfl,</strong></span> <span class='ocrx_word' id='word_1_41' title='bbox 316 717 543 776; x_wconf 87' lang='lat' dir='ltr'><strong>firmat.</strong></span> <span class='ocrx_word' id='word_1_42' title='bbox 573 716 696 778; x_wconf 89' lang='lat' dir='ltr'><strong>Alii</strong></span> <span class='ocrx_word' id='word_1_43' title='bbox 724 721 933 777; x_wconf 87' lang='lat' dir='ltr'><strong>tamen</strong></span> <span class='ocrx_word' id='word_1_44' title='bbox 964 718 1172 778; x_wconf 85' lang='lat' dir='ltr'><strong>verius</strong></span> <span class='ocrx_word' id='word_1_45' title='bbox 1193 719 1258 778; x_wconf 91' lang='lat' dir='ltr'><strong>id</strong></span> <span class='ocrx_word' id='word_1_46' title='bbox 1274 724 1527 799; x_wconf 84' lang='lat' dir='ltr'><strong>negant,</strong></span> <span class='ocrx_word' id='word_1_47' title='bbox 1548 739 1691 781; x_wconf 91' lang='lat' dir='ltr'><strong>cum</strong></span> <span class='ocrx_word' id='word_1_48' title='bbox 1713 721 1851 800; x_wconf 73' lang='lat' dir='ltr'><strong>qui-</strong></span> 
     </span>
     <span class='ocr_line' id='line_1_11' title="bbox 118 809 1350 890; baseline -0.006 -15"><span class='ocrx_word' id='word_1_49' title='bbox 118 835 197 865; x_wconf 71' lang='lat' dir='ltr'><strong>m-</strong></span> <span class='ocrx_word' id='word_1_50' title='bbox 316 809 430 869; x_wconf 88' lang='lat' dir='ltr'><strong>bus</strong></span> <span class='ocrx_word' id='word_1_51' title='bbox 458 809 646 871; x_wconf 83' lang='lat' dir='ltr'><strong>sentit</strong></span> <span class='ocrx_word' id='word_1_52' title='bbox 676 811 912 870; x_wconf 81' lang='lat' dir='ltr'><strong>Suarez</strong></span> <span class='ocrx_word' id='word_1_53' title='bbox 954 810 1058 870; x_wconf 90' lang='lat' dir='ltr'><strong>ubi</strong></span> <span class='ocrx_word' id='word_1_54' title='bbox 1089 831 1279 890; x_wconf 90' lang='lat' dir='ltr'><strong>supra</strong></span> <span class='ocrx_word' id='word_1_55' title='bbox 1337 833 1350 873; x_wconf 90' lang='grc'>;</span> 
     </span>
    </p>
   </div>
   <div class='ocr_carea' id='block_1_8' title="bbox 311 813 1855 2561">
    <p class='ocr_par' dir='ltr' id='par_1_8' title="bbox 313 813 1855 2263">
     <span class='ocr_line' id='line_1_12' title="bbox 1412 813 1849 892; baseline -0.002 -18"><span class='ocrx_word' id='word_1_56' title='bbox 1412 813 1559 892; x_wconf 91' lang='lat' dir='ltr'><strong>quia</strong></span> <span class='ocrx_word' id='word_1_57' title='bbox 1586 818 1717 875; x_wconf 88' lang='lat' dir='ltr'><strong>tota</strong></span> <span class='ocrx_word' id='word_1_58' title='bbox 1746 815 1849 874; x_wconf 89' lang='lat' dir='ltr'><strong>illa</strong></span> 
     </span>
     <span class='ocr_line' id='line_1_13' title="bbox 318 902 1844 986; baseline 0.005 -25"><span class='ocrx_word' id='word_1_59' title='bbox 318 902 414 961; x_wconf 77' lang='lat' dir='ltr'><strong>via</strong></span> <span class='ocrx_word' id='word_1_60' title='bbox 443 907 704 980; x_wconf 87' lang='lat' dir='ltr'><strong>paterna</strong></span> <span class='ocrx_word' id='word_1_61' title='bbox 734 919 858 963; x_wconf 88' lang='lat' dir='ltr'><strong>non</strong></span> <span class='ocrx_word' id='word_1_62' title='bbox 889 903 1091 965; x_wconf 86' lang='lat' dir='ltr'><strong>tendit</strong></span> <span class='ocrx_word' id='word_1_63' title='bbox 1117 904 1198 964; x_wconf 88' lang='lat' dir='ltr'><strong>ad</strong></span> <span class='ocrx_word' id='word_1_64' title='bbox 1217 904 1455 965; x_wconf 88' lang='lat' dir='ltr'><strong>bonum</strong></span> <span class='ocrx_word' id='word_1_65' title='bbox 1482 906 1844 986; x_wconf 70' lang='lat' dir='ltr'><strong>punitioniS,</strong></span> 
     </span>
     <span class='ocr_line' id='line_1_14' title="bbox 315 994 1842 1079; baseline 0.005 -25"><span class='ocrx_word' id='word_1_66' title='bbox 315 994 423 1054; x_wconf 86' lang='lat' dir='ltr'><strong>sed</strong></span> <span class='ocrx_word' id='word_1_67' title='bbox 452 994 939 1068; x_wconf 89' lang='lat' dir='ltr'><strong>emendationis;</strong></span> <span class='ocrx_word' id='word_1_68' title='bbox 992 1015 1141 1075; x_wconf 88' lang='lat' dir='ltr'><strong>ergo</strong></span> <span class='ocrx_word' id='word_1_69' title='bbox 1173 1016 1247 1058; x_wconf 90' lang='lat' dir='ltr'><strong>ea</strong></span> <span class='ocrx_word' id='word_1_70' title='bbox 1277 998 1480 1059; x_wconf 91' lang='lat' dir='ltr'><strong>solum</strong></span> <span class='ocrx_word' id='word_1_71' title='bbox 1503 1004 1712 1079; x_wconf 90' lang='lat' dir='ltr'><strong>potest</strong></span> <span class='ocrx_word' id='word_1_72' title='bbox 1736 999 1842 1060; x_wconf 89' lang='lat' dir='ltr'><strong>ad·</strong></span> 
     </span>
     <span class='ocr_line' id='line_1_15' title="bbox 318 1085 1842 1167; baseline 0.006 -22"><span class='ocrx_word' id='word_1_73' title='bbox 318 1085 532 1147; x_wconf 89' lang='lat' dir='ltr'><strong>hibere</strong></span> <span class='ocrx_word' id='word_1_74' title='bbox 562 1106 703 1167; x_wconf 82' lang='lat' dir='ltr'><strong>quae</strong></span> <span class='ocrx_word' id='word_1_75' title='bbox 729 1088 811 1149; x_wconf 88' lang='lat' dir='ltr'><strong>ad</strong></span> <span class='ocrx_word' id='word_1_76' title='bbox 839 1088 1009 1150; x_wconf 89' lang='lat' dir='ltr'><strong>hunc</strong></span> <span class='ocrx_word' id='word_1_77' title='bbox 1033 1091 1224 1151; x_wconf 85' lang='lat' dir='ltr'><strong>finem</strong></span> <span class='ocrx_word' id='word_1_78' title='bbox 1244 1096 1618 1154; x_wconf 78' lang='lat' dir='ltr'><strong>censeantur</strong></span> <span class='ocrx_word' id='word_1_79' title='bbox 1647 1093 1842 1155; x_wconf 87' lang='lat' dir='ltr'><strong>utilia.</strong></span> 
     </span>
     <span class='ocr_line' id='line_1_16' title="bbox 317 1180 1848 1264; baseline 0.005 -25"><span class='ocrx_word' id='word_1_80' title='bbox 317 1180 470 1251; x_wconf 88' lang='lat' dir='ltr'><strong>Quia</strong></span> <span class='ocrx_word' id='word_1_81' title='bbox 523 1185 734 1241; x_wconf 88' lang='lat' dir='ltr'><strong>tamen</strong></span> <span class='ocrx_word' id='word_1_82' title='bbox 777 1182 1148 1260; x_wconf 81' lang='lat' dir='ltr'><strong>regulariter</strong></span> <span class='ocrx_word' id='word_1_83' title='bbox 1193 1184 1432 1262; x_wconf 87' lang='lat' dir='ltr'><strong>sperari</strong></span> <span class='ocrx_word' id='word_1_84' title='bbox 1483 1189 1687 1264; x_wconf 85' lang='lat' dir='ltr'><strong>potest</strong></span> <span class='ocrx_word' id='word_1_85' title='bbox 1724 1187 1848 1247; x_wconf 88' lang='lat' dir='ltr'><strong>fru-</strong></span> 
     </span>
     <span class='ocr_line' id='line_1_17' title="bbox 316 1273 1849 1358; baseline 0.007 -28"><span class='ocrx_word' id='word_1_86' title='bbox 316 1277 449 1333; x_wconf 86' lang='lat' dir='ltr'><strong>ctus</strong></span> <span class='ocrx_word' id='word_1_87' title='bbox 478 1291 555 1332; x_wconf 79' lang='lat' dir='ltr'><strong>ex</strong></span> <span class='ocrx_word' id='word_1_88' title='bbox 585 1273 703 1334; x_wconf 89' lang='lat' dir='ltr'><strong>hac</strong></span> <span class='ocrx_word' id='word_1_89' title='bbox 729 1293 993 1336; x_wconf 83' lang='lat' dir='ltr'><strong>censura</strong></span> <span class='ocrx_word' id='word_1_90' title='bbox 1019 1321 1034 1349; x_wconf 91' lang='lat'><strong>‚</strong></span> <span class='ocrx_word' id='word_1_91' title='bbox 1081 1277 1309 1353; x_wconf 85' lang='lat' dir='ltr'><strong>poterit</strong></span> <span class='ocrx_word' id='word_1_92' title='bbox 1337 1278 1526 1339; x_wconf 86' lang='lat' dir='ltr'><strong>etiam</strong></span> <span class='ocrx_word' id='word_1_93' title='bbox 1554 1278 1849 1358; x_wconf 82' lang='lat' dir='ltr'><strong>proelatus</strong></span> 
     </span>
     <span class='ocr_line' id='line_1_18' title="bbox 317 1365 1848 1449; baseline 0.005 -25"><span class='ocrx_word' id='word_1_94' title='bbox 317 1365 687 1443; x_wconf 80' lang='lat' dir='ltr'><strong>regulariter</strong></span> <span class='ocrx_word' id='word_1_95' title='bbox 713 1370 954 1429; x_wconf 80' lang='lat' dir='ltr'><strong>tentare</strong></span> <span class='ocrx_word' id='word_1_96' title='bbox 1003 1368 1121 1430; x_wconf 87' lang='lat' dir='ltr'><strong>hoc</strong></span> <span class='ocrx_word' id='word_1_97' title='bbox 1160 1369 1440 1430; x_wconf 89' lang='lat' dir='ltr'><strong>medium</strong></span> <span class='ocrx_word' id='word_1_98' title='bbox 1470 1388 1622 1449; x_wconf 88' lang='lat' dir='ltr'><strong>erga</strong></span> <span class='ocrx_word' id='word_1_99' title='bbox 1649 1371 1848 1432; x_wconf 80' lang='lat' dir='ltr'><strong>filium</strong></span> 
     </span>
     <span class='ocr_line' id='line_1_19' title="bbox 316 1454 1847 1544; baseline 0.005 -26"><span class='ocrx_word' id='word_1_100' title='bbox 316 1462 769 1521; x_wconf 82' lang='lat' dir='ltr'><strong>contumacem.</strong></span> <span class='ocrx_word' id='word_1_101' title='bbox 806 1462 1025 1523; x_wconf 88' lang='lat' dir='ltr'><strong>Posset</strong></span> <span class='ocrx_word' id='word_1_102' title='bbox 1050 1454 1239 1522; x_wconf 78' lang='lat' dir='ltr'><strong>etiain</strong></span> <span class='ocrx_word' id='word_1_103' title='bbox 1268 1462 1402 1523; x_wconf 88' lang='lat' dir='ltr'><strong>sine</strong></span> <span class='ocrx_word' id='word_1_104' title='bbox 1421 1482 1530 1544; x_wconf 90' lang='lat' dir='ltr'><strong>spe</strong></span> <span class='ocrx_word' id='word_1_105' title='bbox 1546 1464 1847 1527; x_wconf 90' lang='lat' dir='ltr'><strong>emenda-</strong></span> 
     </span>
     <span class='ocr_line' id='line_1_20' title="bbox 314 1550 1852 1634; baseline 0.004 -22"><span class='ocrx_word' id='word_1_106' title='bbox 314 1550 498 1612; x_wconf 88' lang='lat' dir='ltr'><strong>tionis</strong></span> <span class='ocrx_word' id='word_1_107' title='bbox 527 1552 702 1613; x_wconf 90' lang='lat' dir='ltr'><strong>illum</strong></span> <span class='ocrx_word' id='word_1_108' title='bbox 732 1554 1278 1615; x_wconf 85' lang='lat' dir='ltr'><strong>excommunicare</strong></span> <span class='ocrx_word' id='word_1_109' title='bbox 1299 1602 1314 1632; x_wconf 91' lang='lat'>,</span> <span class='ocrx_word' id='word_1_110' title='bbox 1376 1556 1629 1634; x_wconf 85' lang='lat' dir='ltr'><strong>quando</strong></span> <span class='ocrx_word' id='word_1_111' title='bbox 1661 1557 1725 1617; x_wconf 85' lang='lat' dir='ltr'><strong>id</strong></span> <span class='ocrx_word' id='word_1_112' title='bbox 1756 1576 1852 1618; x_wconf 85' lang='lat' dir='ltr'><strong>es—</strong></span> 
     </span>
     <span class='ocr_line' id='line_1_21' title="bbox 314 1645 1851 1725; baseline 0.004 -22"><span class='ocrx_word' id='word_1_113' title='bbox 314 1648 406 1704; x_wconf 89' lang='lat' dir='ltr'><strong>set</strong></span> <span class='ocrx_word' id='word_1_114' title='bbox 434 1647 856 1705; x_wconf 89' lang='lat' dir='ltr'><strong>necessarium</strong></span> <span class='ocrx_word' id='word_1_115' title='bbox 886 1645 966 1706; x_wconf 89' lang='lat' dir='ltr'><strong>ad</strong></span> <span class='ocrx_word' id='word_1_116' title='bbox 995 1647 1232 1707; x_wconf 89' lang='lat' dir='ltr'><strong>honum</strong></span> <span class='ocrx_word' id='word_1_117' title='bbox 1261 1648 1552 1725; x_wconf 86' lang='lat' dir='ltr'><strong>aliorum,</strong></span> <span class='ocrx_word' id='word_1_118' title='bbox 1587 1655 1657 1711; x_wconf 92' lang='lat' dir='ltr'><strong>ut</strong></span> <span class='ocrx_word' id='word_1_119' title='bbox 1683 1650 1851 1710; x_wconf 89' lang='lat' dir='ltr'><strong>scili-</strong></span> 
     </span>
     <span class='ocr_line' id='line_1_22' title="bbox 314 1737 1845 1820; baseline 0.005 -23"><span class='ocrx_word' id='word_1_120' title='bbox 314 1742 410 1798; x_wconf 91' lang='lat' dir='ltr'><strong>cet</strong></span> <span class='ocrx_word' id='word_1_121' title='bbox 438 1737 517 1798; x_wconf 91' lang='lat' dir='ltr'><strong>ab</strong></span> <span class='ocrx_word' id='word_1_122' title='bbox 546 1738 683 1798; x_wconf 89' lang='lat' dir='ltr'><strong>aliis</strong></span> <span class='ocrx_word' id='word_1_123' title='bbox 701 1744 1102 1817; x_wconf 86' lang='lat' dir='ltr'><strong>separaretur</strong></span> <span class='ocrx_word' id='word_1_124' title='bbox 1120 1741 1474 1802; x_wconf 89' lang='lat' dir='ltr'><strong>membrum</strong></span> <span class='ocrx_word' id='word_1_125' title='bbox 1496 1742 1845 1820; x_wconf 81' lang='lat' dir='ltr'><strong>putridum,</strong></span> 
     </span>
     <span class='ocr_line' id='line_1_23' title="bbox 314 1829 1849 1912; baseline 0.005 -23"><span class='ocrx_word' id='word_1_126' title='bbox 314 1848 390 1889; x_wconf 89' lang='lat' dir='ltr'><strong>ne</strong></span> <span class='ocrx_word' id='word_1_127' title='bbox 421 1829 558 1892; x_wconf 83' lang='lat' dir='ltr'><strong>illos</strong></span> <span class='ocrx_word' id='word_1_128' title='bbox 576 1831 859 1893; x_wconf 81' lang='lat' dir='ltr'><strong>inficeret</strong></span> <span class='ocrx_word' id='word_1_129' title='bbox 890 1852 903 1892; x_wconf 91' lang='lat'>:</span> <span class='ocrx_word' id='word_1_130' title='bbox 939 1831 1057 1893; x_wconf 87' lang='lat' dir='ltr'><strong>hoc</strong></span> <span class='ocrx_word' id='word_1_131' title='bbox 1078 1833 1244 1892; x_wconf 90' lang='lat' dir='ltr'><strong>enim</strong></span> <span class='ocrx_word' id='word_1_132' title='bbox 1277 1833 1354 1892; x_wconf 90' lang='lat' dir='ltr'><strong>ad</strong></span> <span class='ocrx_word' id='word_1_133' title='bbox 1386 1839 1632 1912; x_wconf 83' lang='lat' dir='ltr'><strong>patrem</strong></span> <span class='ocrx_word' id='word_1_134' title='bbox 1662 1836 1849 1897; x_wconf 90' lang='lat' dir='ltr'><strong>etiam</strong></span> 
     </span>
     <span class='ocr_line' id='line_1_24' title="bbox 315 1924 1850 2002; baseline 0.006 -21"><span class='ocrx_word' id='word_1_135' title='bbox 315 1925 383 1982; x_wconf 89' lang='lat' dir='ltr'><strong>ut</strong></span> <span class='ocrx_word' id='word_1_136' title='bbox 410 1926 653 2000; x_wconf 89' lang='lat' dir='ltr'><strong>patrem</strong></span> <span class='ocrx_word' id='word_1_137' title='bbox 684 1927 925 2002; x_wconf 87' lang='lat' dir='ltr'><strong>spectat</strong></span> <span class='ocrx_word' id='word_1_138' title='bbox 975 1943 988 1985; x_wconf 90' lang='lat'>:</span> <span class='ocrx_word' id='word_1_139' title='bbox 1035 1924 1294 2002; x_wconf 82' lang='lat' dir='ltr'><strong>praecise</strong></span> <span class='ocrx_word' id='word_1_140' title='bbox 1330 1929 1541 1986; x_wconf 83' lang='lat' dir='ltr'><strong>tamen</strong></span> <span class='ocrx_word' id='word_1_141' title='bbox 1575 1928 1850 1990; x_wconf 86' lang='lat' dir='ltr'><strong>sistendo</strong></span> 
     </span>
     <span class='ocr_line' id='line_1_25' title="bbox 313 2015 1853 2098; baseline 0.005 -24"><span class='ocrx_word' id='word_1_142' title='bbox 313 2015 374 2074; x_wconf 91' lang='lat' dir='ltr'><strong>in</strong></span> <span class='ocrx_word' id='word_1_143' title='bbox 401 2015 567 2076; x_wconf 87' lang='lat' dir='ltr'><strong>bono</strong></span> <span class='ocrx_word' id='word_1_144' title='bbox 598 2016 962 2095; x_wconf 75' lang='lat' dir='ltr'><strong>punitionis»,</strong></span> <span class='ocrx_word' id='word_1_145' title='bbox 998 2035 1122 2079; x_wconf 92' lang='lat' dir='ltr'><strong>non</strong></span> <span class='ocrx_word' id='word_1_146' title='bbox 1149 2017 1400 2080; x_wconf 87' lang='lat' dir='ltr'><strong>videtur</strong></span> <span class='ocrx_word' id='word_1_147' title='bbox 1427 2021 1740 2098; x_wconf 87' lang='lat' dir='ltr'><strong>pertinere</strong></span> <span class='ocrx_word' id='word_1_148' title='bbox 1769 2020 1853 2081; x_wconf 89' lang='lat' dir='ltr'><strong>ad</strong></span> 
     </span>
     <span class='ocr_line' id='line_1_26' title="bbox 315 2109 1855 2190; baseline 0.003 -20"><span class='ocrx_word' id='word_1_149' title='bbox 315 2113 559 2187; x_wconf 85' lang='lat' dir='ltr'><strong>patrem</strong></span> <span class='ocrx_word' id='word_1_150' title='bbox 605 2110 668 2170; x_wconf 89' lang='lat' dir='ltr'><strong>in</strong></span> <span class='ocrx_word' id='word_1_151' title='bbox 699 2109 802 2170; x_wconf 85' lang='lat' dir='ltr'><strong>via</strong></span> <span class='ocrx_word' id='word_1_152' title='bbox 830 2115 1093 2188; x_wconf 88' lang='lat' dir='ltr'><strong>paterna</strong></span> <span class='ocrx_word' id='word_1_153' title='bbox 1138 2111 1307 2190; x_wconf 91' lang='lat' dir='ltr'><strong>quod</strong></span> <span class='ocrx_word' id='word_1_154' title='bbox 1354 2114 1855 2175; x_wconf 78' lang='lat' dir='ltr'><strong>excommunicet</strong></span> 
     </span>
     <span class='ocr_line' id='line_1_27' title="bbox 315 2201 536 2263; baseline 0.005 -2"><span class='ocrx_word' id='word_1_155' title='bbox 315 2201 536 2263; x_wconf 86' lang='lat' dir='ltr'><strong>filium.</strong></span> 
     </span>
    </p>

    <p class='ocr_par' dir='ltr' id='par_1_9' title="bbox 311 2294 1852 2561">
     <span class='ocr_line' id='line_1_28' title="bbox 393 2294 1851 2378; baseline 0.003 -23"><span class='ocrx_word' id='word_1_156' title='bbox 393 2294 675 2374; x_wconf 90' lang='lat' dir='ltr'><strong>Denique</strong></span> <span class='ocrx_word' id='word_1_157' title='bbox 706 2294 982 2357; x_wconf 88' lang='lat' dir='ltr'><strong>dubitari</strong></span> <span class='ocrx_word' id='word_1_158' title='bbox 1010 2302 1253 2375; x_wconf 87' lang='lat' dir='ltr'><strong>potest,</strong></span> <span class='ocrx_word' id='word_1_159' title='bbox 1289 2301 1498 2359; x_wconf 89' lang='lat' dir='ltr'><strong>utrum</strong></span> <span class='ocrx_word' id='word_1_160' title='bbox 1522 2344 1537 2375; x_wconf 92' lang='lat'>,</span> <span class='ocrx_word' id='word_1_161' title='bbox 1599 2299 1851 2378; x_wconf 91' lang='lat' dir='ltr'><strong>quando</strong></span> 
     </span>
     <span class='ocr_line' id='line_1_29' title="bbox 312 2386 1852 2467; baseline 0.002 -18"><span class='ocrx_word' id='word_1_162' title='bbox 312 2386 700 2450; x_wconf 87' lang='lat' dir='ltr'><strong>denuntiatio</strong></span> <span class='ocrx_word' id='word_1_163' title='bbox 723 2387 1040 2467; x_wconf 82' lang='lat' dir='ltr'><strong>judicialis</strong></span> <span class='ocrx_word' id='word_1_164' title='bbox 1073 2408 1196 2451; x_wconf 91' lang='lat' dir='ltr'><strong>non</strong></span> <span class='ocrx_word' id='word_1_165' title='bbox 1242 2395 1336 2452; x_wconf 88' lang='lat' dir='ltr'><strong>est</strong></span> <span class='ocrx_word' id='word_1_166' title='bbox 1375 2392 1724 2453; x_wconf 87' lang='lat' dir='ltr'><strong>necessaria</strong></span> <span class='ocrx_word' id='word_1_167' title='bbox 1770 2391 1852 2452; x_wconf 91' lang='lat' dir='ltr'><strong>ad</strong></span> 
     </span>
     <span class='ocr_line' id='line_1_30' title="bbox 311 2480 1851 2561; baseline 0.003 -21"><span class='ocrx_word' id='word_1_168' title='bbox 311 2480 785 2559; x_wconf 88' lang='lat' dir='ltr'><strong>impediendum</strong></span> <span class='ocrx_word' id='word_1_169' title='bbox 813 2499 1007 2558; x_wconf 87' lang='lat' dir='ltr'><strong>grave</strong></span> <span class='ocrx_word' id='word_1_170' title='bbox 1035 2482 1337 2544; x_wconf 87' lang='lat' dir='ltr'><strong>damnum</strong></span> <span class='ocrx_word' id='word_1_171' title='bbox 1367 2484 1711 2561; x_wconf 87' lang='lat' dir='ltr'><strong>publicum,</strong></span> <span class='ocrx_word' id='word_1_172' title='bbox 1752 2484 1851 2545; x_wconf 89' lang='lat' dir='ltr'><strong>vel</strong></span> 
     </span>
    </p>
   </div>
   <div class='ocr_carea' id='block_1_9' title="bbox 292 2666 1852 4794">
    <p class='ocr_par' dir='ltr' id='par_1_10' title="bbox 292 2666 1852 4794">
     <span class='ocr_line' id='line_1_31' title="bbox 309 2666 1852 2748; baseline 0.002 -22"><span class='ocrx_word' id='word_1_173' title='bbox 309 2666 607 2746; x_wconf 82' lang='lat' dir='ltr'><strong>praelatus</strong></span> <span class='ocrx_word' id='word_1_174' title='bbox 634 2667 735 2727; x_wconf 94' lang='lat' dir='ltr'><strong>cui</strong></span> <span class='ocrx_word' id='word_1_175' title='bbox 766 2671 1064 2746; x_wconf 81' lang='lat' dir='ltr'><strong>tanquam</strong></span> <span class='ocrx_word' id='word_1_176' title='bbox 1095 2668 1254 2746; x_wconf 87' lang='lat' dir='ltr'><strong>patri</strong></span> <span class='ocrx_word' id='word_1_177' title='bbox 1279 2669 1502 2748; x_wconf 87' lang='lat' dir='ltr'><strong>aliquis</strong></span> <span class='ocrx_word' id='word_1_178' title='bbox 1521 2670 1852 2730; x_wconf 89' lang='lat' dir='ltr'><strong>denuntia-</strong></span> 
     </span>
     <span class='ocr_line' id='line_1_32' title="bbox 308 2758 1848 2837; baseline 0.001 -18"><span class='ocrx_word' id='word_1_179' title='bbox 308 2759 400 2821; x_wconf 89' lang='lat' dir='ltr'><strong>vit</strong></span> <span class='ocrx_word' id='word_1_180' title='bbox 429 2758 723 2821; x_wconf 88' lang='lat' dir='ltr'><strong>delictum</strong></span> <span class='ocrx_word' id='word_1_181' title='bbox 747 2759 1001 2835; x_wconf 87' lang='lat' dir='ltr'><strong>subditi,</strong></span> <span class='ocrx_word' id='word_1_182' title='bbox 1036 2758 1317 2837; x_wconf 82' lang='lat' dir='ltr'><strong>obligare</strong></span> <span class='ocrx_word' id='word_1_183' title='bbox 1347 2780 1492 2821; x_wconf 90' lang='lat' dir='ltr'><strong>eum</strong></span> <span class='ocrx_word' id='word_1_184' title='bbox 1514 2761 1591 2821; x_wconf 89' lang='lat' dir='ltr'><strong>ad</strong></span> <span class='ocrx_word' id='word_1_185' title='bbox 1613 2762 1848 2822; x_wconf 89' lang='lat' dir='ltr'><strong>denun-</strong></span> 
     </span>
     <span class='ocr_line' id='line_1_33' title="bbox 308 2851 1849 2931; baseline 0.001 -18"><span class='ocrx_word' id='word_1_186' title='bbox 308 2852 595 2913; x_wconf 88' lang='lat' dir='ltr'><strong>tiandum</strong></span> <span class='ocrx_word' id='word_1_187' title='bbox 627 2851 745 2914; x_wconf 88' lang='lat' dir='ltr'><strong>hoc</strong></span> <span class='ocrx_word' id='word_1_188' title='bbox 796 2852 1000 2931; x_wconf 89' lang='lat' dir='ltr'><strong>ipsum</strong></span> <span class='ocrx_word' id='word_1_189' title='bbox 1034 2853 1458 2930; x_wconf 83' lang='lat' dir='ltr'><strong>judicialiter?</strong></span> <span class='ocrx_word' id='word_1_190' title='bbox 1513 2857 1580 2914; x_wconf 92' lang='lat' dir='ltr'><strong>P.</strong></span> <span class='ocrx_word' id='word_1_191' title='bbox 1618 2856 1849 2915; x_wconf 87' lang='lat' dir='ltr'><strong>Suarez</strong></span> 
     </span>
     <span class='ocr_line' id='line_1_34' title="bbox 309 2945 1848 3024; baseline 0 -18"><span class='ocrx_word' id='word_1_192' title='bbox 309 2945 418 3006; x_wconf 89' lang='lat' dir='ltr'><strong>ubi</strong></span> <span class='ocrx_word' id='word_1_193' title='bbox 447 2965 586 3024; x_wconf 86' lang='lat' dir='ltr'><strong>sup.</strong></span> <span class='ocrx_word' id='word_1_194' title='bbox 621 2964 759 3024; x_wconf 92' lang='lat' dir='ltr'><strong>cap.</strong></span> <span class='ocrx_word' id='word_1_195' title='bbox 793 2961 879 3007; x_wconf 79' lang='lat' dir='ltr'><strong>x1.</strong></span> <span class='ocrx_word' id='word_1_196' title='bbox 906 2945 969 3005; x_wconf 90' lang='lat' dir='ltr'><strong>in</strong></span> <span class='ocrx_word' id='word_1_197' title='bbox 996 2946 1119 3006; x_wconf 85' lang='lat' dir='ltr'><strong>fine</strong></span> <span class='ocrx_word' id='word_1_198' title='bbox 1137 2946 1307 3019; x_wconf 91' lang='lat' dir='ltr'><strong>dicit,</strong></span> <span class='ocrx_word' id='word_1_199' title='bbox 1335 2946 1683 3008; x_wconf 88' lang='lat' dir='ltr'><strong>timendum</strong></span> <span class='ocrx_word' id='word_1_200' title='bbox 1713 2965 1848 3008; x_wconf 86' lang='lat' dir='ltr'><strong>esse</strong></span> 
     </span>
     <span class='ocr_line' id='line_1_35' title="bbox 308 3040 1846 3119; baseline 0 -18"><span class='ocrx_word' id='word_1_201' title='bbox 308 3040 436 3101; x_wconf 87' lang='lat' dir='ltr'><strong>tale</strong></span> <span class='ocrx_word' id='word_1_202' title='bbox 464 3044 875 3119; x_wconf 86' lang='lat' dir='ltr'><strong>praeceptum,</strong></span> <span class='ocrx_word' id='word_1_203' title='bbox 897 3041 1298 3119; x_wconf 88' lang='lat' dir='ltr'><strong>quantumvis</strong></span> <span class='ocrx_word' id='word_1_204' title='bbox 1314 3041 1610 3119; x_wconf 83' lang='lat' dir='ltr'><strong>proelatus</strong></span> <span class='ocrx_word' id='word_1_205' title='bbox 1641 3041 1846 3101; x_wconf 88' lang='lat' dir='ltr'><strong>minus</strong></span> 
     </span>
     <span class='ocr_line' id='line_1_36' title="bbox 305 3131 1839 3213; baseline 0.001 -20"><span class='ocrx_word' id='word_1_206' title='bbox 305 3133 653 3212; x_wconf 79' lang='lat' dir='ltr'><strong>prudenter</strong></span> <span class='ocrx_word' id='word_1_207' title='bbox 680 3131 831 3193; x_wconf 90' lang='lat' dir='ltr'><strong>illud</strong></span> <span class='ocrx_word' id='word_1_208' title='bbox 859 3131 1142 3212; x_wconf 89' lang='lat' dir='ltr'><strong>imponat</strong></span> <span class='ocrx_word' id='word_1_209' title='bbox 1168 3150 1181 3192; x_wconf 90' lang='lat'>:</span> <span class='ocrx_word' id='word_1_210' title='bbox 1213 3138 1433 3213; x_wconf 86' lang='lat' dir='ltr'><strong>postea</strong></span> <span class='ocrx_word' id='word_1_211' title='bbox 1460 3137 1671 3196; x_wconf 88' lang='lat' dir='ltr'><strong>tamen</strong></span> <span class='ocrx_word' id='word_1_212' title='bbox 1700 3152 1839 3213; x_wconf 88' lang='lat' dir='ltr'><strong>cap.</strong></span> 
     </span>
     <span class='ocr_line' id='line_1_37' title="bbox 305 3225 1844 3307; baseline -0.001 -19"><span class='ocrx_word' id='word_1_213' title='bbox 305 3243 422 3289; x_wconf 85' lang='lat' dir='ltr'><strong>xn.</strong></span> <span class='ocrx_word' id='word_1_214' title='bbox 457 3245 630 3288; x_wconf 90' lang='lat' dir='ltr'><strong>num.</strong></span> <span class='ocrx_word' id='word_1_215' title='bbox 660 3230 762 3288; x_wconf 75' lang='lat'><strong>43.</strong></span> <span class='ocrx_word' id='word_1_216' title='bbox 795 3225 1091 3303; x_wconf 85' lang='lat' dir='ltr'><strong>insinuat,</strong></span> <span class='ocrx_word' id='word_1_217' title='bbox 1151 3228 1272 3287; x_wconf 89' lang='lat' dir='ltr'><strong>tale</strong></span> <span class='ocrx_word' id='word_1_218' title='bbox 1301 3233 1690 3307; x_wconf 83' lang='lat' dir='ltr'><strong>proeceptum</strong></span> <span class='ocrx_word' id='word_1_219' title='bbox 1721 3246 1844 3289; x_wconf 89' lang='lat' dir='ltr'><strong>non</strong></span> 
     </span>
     <span class='ocr_line' id='line_1_38' title="bbox 305 3317 1845 3399; baseline -0.001 -18"><span class='ocrx_word' id='word_1_220' title='bbox 305 3318 590 3399; x_wconf 89' lang='lat' dir='ltr'><strong>obligare</strong></span> <span class='ocrx_word' id='word_1_221' title='bbox 615 3365 630 3395; x_wconf 92' lang='lat'><strong>,</strong></span> <span class='ocrx_word' id='word_1_222' title='bbox 681 3317 829 3398; x_wconf 89' lang='lat' dir='ltr'><strong>quia</strong></span> <span class='ocrx_word' id='word_1_223' title='bbox 858 3317 922 3378; x_wconf 91' lang='lat' dir='ltr'><strong>id</strong></span> <span class='ocrx_word' id='word_1_224' title='bbox 950 3322 1330 3397; x_wconf 81' lang='lat' dir='ltr'><strong>praeceptum</strong></span> <span class='ocrx_word' id='word_1_225' title='bbox 1366 3323 1459 3380; x_wconf 86' lang='lat' dir='ltr'><strong>est</strong></span> <span class='ocrx_word' id='word_1_226' title='bbox 1487 3322 1705 3381; x_wconf 88' lang='lat' dir='ltr'><strong>contra</strong></span> <span class='ocrx_word' id='word_1_227' title='bbox 1734 3320 1845 3380; x_wconf 90' lang='lat' dir='ltr'><strong>bo-</strong></span> 
     </span>
     <span class='ocr_line' id='line_1_39' title="bbox 304 3411 1844 3491; baseline 0 -19"><span class='ocrx_word' id='word_1_228' title='bbox 304 3430 462 3472; x_wconf 90' lang='lat' dir='ltr'><strong>num</strong></span> <span class='ocrx_word' id='word_1_229' title='bbox 475 3411 793 3491; x_wconf 88' lang='lat' dir='ltr'><strong>publicum</strong></span> <span class='ocrx_word' id='word_1_230' title='bbox 821 3432 834 3472; x_wconf 75' lang='grc' dir='ltr'><strong><em>ε</em></strong></span> <span class='ocrx_word' id='word_1_231' title='bbox 860 3430 1007 3472; x_wconf 88' lang='lat' dir='ltr'><strong>nam</strong></span> <span class='ocrx_word' id='word_1_232' title='bbox 1026 3411 1371 3474; x_wconf 87' lang='lat' dir='ltr'><strong>deterreret</strong></span> <span class='ocrx_word' id='word_1_233' title='bbox 1384 3412 1668 3474; x_wconf 87' lang='lat' dir='ltr'><strong>subditos</strong></span> <span class='ocrx_word' id='word_1_234' title='bbox 1687 3430 1726 3473; x_wconf 87' lang='lat' dir='ltr'><strong>a</strong></span> <span class='ocrx_word' id='word_1_235' title='bbox 1741 3412 1844 3473; x_wconf 91' lang='lat' dir='ltr'><strong>de-</strong></span> 
     </span>
     <span class='ocr_line' id='line_1_40' title="bbox 302 3503 1844 3583; baseline -0.002 -17"><span class='ocrx_word' id='word_1_236' title='bbox 302 3505 653 3567; x_wconf 79' lang='lat' dir='ltr'><strong>ferenderis</strong></span> <span class='ocrx_word' id='word_1_237' title='bbox 682 3504 1045 3565; x_wconf 84' lang='lat' dir='ltr'><strong>criminibus</strong></span> <span class='ocrx_word' id='word_1_238' title='bbox 1066 3503 1144 3564; x_wconf 87' lang='lat' dir='ltr'><strong>ad</strong></span> <span class='ocrx_word' id='word_1_239' title='bbox 1161 3504 1510 3582; x_wconf 58' lang='lat' dir='ltr'><strong>praelatum,</strong></span> <span class='ocrx_word' id='word_1_240' title='bbox 1543 3509 1844 3583; x_wconf 85' lang='lat' dir='ltr'><strong>tanquam</strong></span> 
     </span>
     <span class='ocr_line' id='line_1_41' title="bbox 303 3597 1845 3678; baseline -0.002 -18"><span class='ocrx_word' id='word_1_241' title='bbox 303 3599 386 3659; x_wconf 83' lang='lat' dir='ltr'><strong>ad</strong></span> <span class='ocrx_word' id='word_1_242' title='bbox 420 3603 686 3678; x_wconf 81' lang='lat' dir='ltr'><strong>patrem,</strong></span> <span class='ocrx_word' id='word_1_243' title='bbox 719 3597 1003 3658; x_wconf 86' lang='lat' dir='ltr'><strong>videntes</strong></span> <span class='ocrx_word' id='word_1_244' title='bbox 1030 3615 1097 3657; x_wconf 87' lang='lat' dir='ltr'><strong>se</strong></span> <span class='ocrx_word' id='word_1_245' title='bbox 1125 3597 1336 3658; x_wconf 83' lang='lat' dir='ltr'><strong>statim</strong></span> <span class='ocrx_word' id='word_1_246' title='bbox 1367 3597 1718 3675; x_wconf 87' lang='lat' dir='ltr'><strong>obligariad</strong></span> <span class='ocrx_word' id='word_1_247' title='bbox 1741 3598 1845 3658; x_wconf 91' lang='lat' dir='ltr'><strong>de-</strong></span> 
     </span>
     <span class='ocr_line' id='line_1_42' title="bbox 302 3690 1845 3770; baseline -0.002 -17"><span class='ocrx_word' id='word_1_248' title='bbox 302 3692 723 3753; x_wconf 76' lang='lat' dir='ltr'><strong>nuntiandum</strong></span> <span class='ocrx_word' id='word_1_249' title='bbox 745 3690 1162 3770; x_wconf 83' lang='lat' dir='ltr'><strong>judicialiter;</strong></span> <span class='ocrx_word' id='word_1_250' title='bbox 1224 3694 1286 3751; x_wconf 89' lang='lat' dir='ltr'><strong>et</strong></span> <span class='ocrx_word' id='word_1_251' title='bbox 1334 3690 1452 3752; x_wconf 88' lang='lat' dir='ltr'><strong>hoc</strong></span> <span class='ocrx_word' id='word_1_252' title='bbox 1481 3690 1649 3751; x_wconf 89' lang='lat' dir='ltr'><strong>idem</strong></span> <span class='ocrx_word' id='word_1_253' title='bbox 1691 3690 1845 3750; x_wconf 88' lang='lat' dir='ltr'><strong>mihi</strong></span> 
     </span>
     <span class='ocr_line' id='line_1_43' title="bbox 300 3782 1842 3864; baseline -0.002 -18"><span class='ocrx_word' id='word_1_254' title='bbox 300 3785 614 3864; x_wconf 89' lang='lat' dir='ltr'><strong>probatur</strong></span> <span class='ocrx_word' id='word_1_255' title='bbox 634 3830 650 3860; x_wconf 94' lang='lat'><strong>‚</strong></span> <span class='ocrx_word' id='word_1_256' title='bbox 684 3782 1031 3862; x_wconf 79' lang='lat' dir='ltr'><strong>praesertim</strong></span> <span class='ocrx_word' id='word_1_257' title='bbox 1060 3786 1352 3861; x_wconf 84' lang='lat' dir='ltr'><strong>respectu</strong></span> <span class='ocrx_word' id='word_1_258' title='bbox 1381 3783 1622 3862; x_wconf 63' lang='lat' dir='ltr'><strong>praelati</strong></span> <span class='ocrx_word' id='word_1_259' title='bbox 1652 3801 1842 3843; x_wconf 64' lang='lat' dir='ltr'><strong>saecu-</strong></span> 
     </span>
     <span class='ocr_line' id='line_1_44' title="bbox 297 3876 1841 3955; baseline -0.003 -16"><span class='ocrx_word' id='word_1_260' title='bbox 297 3878 474 3955; x_wconf 77' lang='lat' dir='ltr'><strong>lariS,</strong></span> <span class='ocrx_word' id='word_1_261' title='bbox 508 3896 654 3938; x_wconf 88' lang='lat' dir='ltr'><strong>nam</strong></span> <span class='ocrx_word' id='word_1_262' title='bbox 682 3876 987 3955; x_wconf 86' lang='lat' dir='ltr'><strong>regularis</strong></span> <span class='ocrx_word' id='word_1_263' title='bbox 1006 3877 1312 3954; x_wconf 84' lang='lat' dir='ltr'><strong>majorem</strong></span> <span class='ocrx_word' id='word_1_264' title='bbox 1335 3876 1582 3938; x_wconf 89' lang='lat' dir='ltr'><strong>videtur</strong></span> <span class='ocrx_word' id='word_1_265' title='bbox 1610 3876 1841 3936; x_wconf 86' lang='lat' dir='ltr'><strong>habere</strong></span> 
     </span>
     <span class='ocr_line' id='line_1_45' title="bbox 300 3968 1839 4051; baseline -0.003 -18"><span class='ocrx_word' id='word_1_266' title='bbox 300 3974 717 4051; x_wconf 80' lang='lat' dir='ltr'><strong>potestatem,</strong></span> <span class='ocrx_word' id='word_1_267' title='bbox 769 3973 832 4030; x_wconf 87' lang='lat' dir='ltr'><strong>et</strong></span> <span class='ocrx_word' id='word_1_268' title='bbox 876 3968 1079 4046; x_wconf 89' lang='lat' dir='ltr'><strong>magis</strong></span> <span class='ocrx_word' id='word_1_269' title='bbox 1127 3969 1547 4029; x_wconf 85' lang='lat' dir='ltr'><strong>universalem</strong></span> <span class='ocrx_word' id='word_1_270' title='bbox 1589 3988 1661 4029; x_wconf 86' lang='lat' dir='ltr'><strong>ex</strong></span> <span class='ocrx_word' id='word_1_271' title='bbox 1694 3973 1839 4031; x_wconf 75' lang='lat' dir='ltr'><strong>voto</strong></span> 
     </span>
     <span class='ocr_line' id='line_1_46' title="bbox 300 4060 1840 4142; baseline -0.002 -17"><span class='ocrx_word' id='word_1_272' title='bbox 300 4064 681 4125; x_wconf 75' lang='lat' dir='ltr'><strong>obedientiae</strong></span> <span class='ocrx_word' id='word_1_273' title='bbox 714 4078 837 4142; x_wconf 92' lang='lat' dir='ltr'><strong>quo</strong></span> <span class='ocrx_word' id='word_1_274' title='bbox 868 4060 1154 4122; x_wconf 87' lang='lat' dir='ltr'><strong>subditus</strong></span> <span class='ocrx_word' id='word_1_275' title='bbox 1185 4079 1250 4122; x_wconf 88' lang='lat' dir='ltr'><strong>se</strong></span> <span class='ocrx_word' id='word_1_276' title='bbox 1273 4061 1668 4139; x_wconf 85' lang='lat' dir='ltr'><strong>obligavitad</strong></span> <span class='ocrx_word' id='word_1_277' title='bbox 1699 4062 1840 4124; x_wconf 90' lang='lat' dir='ltr'><strong>obe-</strong></span> 
     </span>
     <span class='ocr_line' id='line_1_47' title="bbox 304 4153 1840 4232; baseline -0.002 -14"><span class='ocrx_word' id='word_1_278' title='bbox 304 4156 614 4218; x_wconf 91' lang='lat' dir='ltr'><strong>diendum</strong></span> <span class='ocrx_word' id='word_1_279' title='bbox 642 4155 706 4215; x_wconf 91' lang='lat' dir='ltr'><strong>in</strong></span> <span class='ocrx_word' id='word_1_280' title='bbox 736 4154 1026 4216; x_wconf 89' lang='lat' dir='ltr'><strong>omnibus</strong></span> <span class='ocrx_word' id='word_1_281' title='bbox 1059 4153 1387 4232; x_wconf 77' lang='lat' dir='ltr'><strong>praeceptis</strong></span> <span class='ocrx_word' id='word_1_282' title='bbox 1423 4153 1606 4215; x_wconf 82' lang='lat' dir='ltr'><strong>licitis</strong></span> <span class='ocrx_word' id='word_1_283' title='bbox 1636 4159 1699 4216; x_wconf 91' lang='lat' dir='ltr'><strong>et</strong></span> <span class='ocrx_word' id='word_1_284' title='bbox 1728 4154 1840 4215; x_wconf 89' lang='lat' dir='ltr'><strong>ho-</strong></span> 
     </span>
     <span class='ocr_line' id='line_1_48' title="bbox 299 4247 1839 4328; baseline -0.003 -16"><span class='ocrx_word' id='word_1_285' title='bbox 299 4251 519 4326; x_wconf 73' lang='lat' dir='ltr'><strong>nestiS,</strong></span> <span class='ocrx_word' id='word_1_286' title='bbox 554 4267 695 4328; x_wconf 82' lang='lat' dir='ltr'><strong>quae</strong></span> <span class='ocrx_word' id='word_1_287' title='bbox 726 4266 852 4309; x_wconf 92' lang='lat' dir='ltr'><strong>non</strong></span> <span class='ocrx_word' id='word_1_288' title='bbox 880 4248 1006 4309; x_wconf 91' lang='lat' dir='ltr'><strong>sint</strong></span> <span class='ocrx_word' id='word_1_289' title='bbox 1033 4252 1252 4309; x_wconf 89' lang='lat' dir='ltr'><strong>contra</strong></span> <span class='ocrx_word' id='word_1_290' title='bbox 1280 4247 1378 4307; x_wconf 88' lang='lat' dir='ltr'><strong>vel</strong></span> <span class='ocrx_word' id='word_1_291' title='bbox 1405 4252 1636 4326; x_wconf 80' lang='lat' dir='ltr'><strong>praeter</strong></span> <span class='ocrx_word' id='word_1_292' title='bbox 1664 4248 1839 4309; x_wconf 87' lang='lat' dir='ltr'><strong>insti-</strong></span> 
     </span>
     <span class='ocr_line' id='line_1_49' title="bbox 296 4339 1837 4420; baseline -0.003 -14"><span class='ocrx_word' id='word_1_293' title='bbox 296 4350 509 4407; x_wconf 90' lang='lat' dir='ltr'><strong>tutum</strong></span> <span class='ocrx_word' id='word_1_294' title='bbox 556 4342 872 4420; x_wconf 88' lang='lat' dir='ltr'><strong>regulare;</strong></span> <span class='ocrx_word' id='word_1_295' title='bbox 934 4358 1127 4420; x_wconf 91' lang='lat' dir='ltr'><strong>quare</strong></span> <span class='ocrx_word' id='word_1_296' title='bbox 1177 4339 1254 4400; x_wconf 91' lang='lat' dir='ltr'><strong>de</strong></span> <span class='ocrx_word' id='word_1_297' title='bbox 1305 4345 1618 4419; x_wconf 80' lang='lat' dir='ltr'><strong>praecepto</strong></span> <span class='ocrx_word' id='word_1_298' title='bbox 1657 4359 1837 4420; x_wconf 88' lang='lat' dir='ltr'><strong>supe-</strong></span> 
     </span>
     <span class='ocr_line' id='line_1_50' title="bbox 293 4432 1838 4513; baseline -0.003 -16"><span class='ocrx_word' id='word_1_299' title='bbox 293 4437 485 4498; x_wconf 86' lang='lat' dir='ltr'><strong>rioris</strong></span> <span class='ocrx_word' id='word_1_300' title='bbox 530 4434 835 4513; x_wconf 86' lang='lat' dir='ltr'><strong>regularis</strong></span> <span class='ocrx_word' id='word_1_301' title='bbox 877 4432 939 4493; x_wconf 91' lang='lat' dir='ltr'><strong>in</strong></span> <span class='ocrx_word' id='word_1_302' title='bbox 984 4432 1283 4510; x_wconf 85' lang='lat' dir='ltr'><strong>praedicto</strong></span> <span class='ocrx_word' id='word_1_303' title='bbox 1335 4452 1482 4493; x_wconf 88' lang='lat' dir='ltr'><strong>casu</strong></span> <span class='ocrx_word' id='word_1_304' title='bbox 1523 4433 1726 4511; x_wconf 88' lang='lat' dir='ltr'><strong>magis</strong></span> <span class='ocrx_word' id='word_1_305' title='bbox 1765 4433 1838 4494; x_wconf 90' lang='lat' dir='ltr'><strong>ti-</strong></span> 
     </span>
     <span class='ocr_line' id='line_1_51' title="bbox 293 4526 1838 4604; baseline -0.003 -15"><span class='ocrx_word' id='word_1_306' title='bbox 293 4530 604 4591; x_wconf 86' lang='lat' dir='ltr'><strong>mendum</strong></span> <span class='ocrx_word' id='word_1_307' title='bbox 632 4532 818 4588; x_wconf 89' lang='lat' dir='ltr'><strong>esset.</strong></span> <span class='ocrx_word' id='word_1_308' title='bbox 870 4528 1105 4587; x_wconf 82' lang='lat' dir='ltr'><strong>Coetera</strong></span> <span class='ocrx_word' id='word_1_309' title='bbox 1133 4529 1367 4601; x_wconf 87' lang='lat' dir='ltr'><strong>autem,</strong></span> <span class='ocrx_word' id='word_1_310' title='bbox 1400 4543 1540 4604; x_wconf 86' lang='lat' dir='ltr'><strong>quae</strong></span> <span class='ocrx_word' id='word_1_311' title='bbox 1571 4526 1651 4584; x_wconf 88' lang='lat' dir='ltr'><strong>ad</strong></span> <span class='ocrx_word' id='word_1_312' title='bbox 1682 4526 1838 4587; x_wconf 87' lang='lat' dir='ltr'><strong>obli-</strong></span> 
     </span>
     <span class='ocr_line' id='line_1_52' title="bbox 292 4618 1839 4701; baseline -0.002 -18"><span class='ocrx_word' id='word_1_313' title='bbox 292 4623 628 4701; x_wconf 85' lang='lat' dir='ltr'><strong>gationem</strong></span> <span class='ocrx_word' id='word_1_314' title='bbox 675 4618 1130 4681; x_wconf 84' lang='lat' dir='ltr'><strong>denuntiatoris</strong></span> <span class='ocrx_word' id='word_1_315' title='bbox 1175 4621 1497 4695; x_wconf 88' lang='lat' dir='ltr'><strong>spectant,</strong></span> <span class='ocrx_word' id='word_1_316' title='bbox 1549 4619 1839 4681; x_wconf 88' lang='lat' dir='ltr'><strong>dicentur</strong></span> 
     </span>
     <span class='ocr_line' id='line_1_53' title="bbox 293 4710 1836 4794; baseline -0.001 -18"><span class='ocrx_word' id='word_1_317' title='bbox 293 4714 726 4794; x_wconf 82' lang='lat' dir='ltr'><strong>disputatione</strong></span> <span class='ocrx_word' id='word_1_318' title='bbox 759 4711 1083 4791; x_wconf 86' lang='lat' dir='ltr'><strong>sequenti,</strong></span> <span class='ocrx_word' id='word_1_319' title='bbox 1137 4710 1242 4772; x_wconf 89' lang='lat' dir='ltr'><strong>ubi</strong></span> <span class='ocrx_word' id='word_1_320' title='bbox 1292 4710 1369 4770; x_wconf 92' lang='lat' dir='ltr'><strong>de</strong></span> <span class='ocrx_word' id='word_1_321' title='bbox 1398 4711 1836 4775; x_wconf 88' lang='lat' dir='ltr'><strong>denuntiatore</strong></span> 
     </span>
    </p>
   </div>
   <div class='ocr_carea' id='block_1_10' title="bbox 290 4824 585 4887">
    <p class='ocr_par' dir='ltr' id='par_1_11' title="bbox 290 4824 585 4887">
     <span class='ocr_line' id='line_1_54' title="bbox 290 4824 585 4887; baseline 0 -19"><span class='ocrx_word' id='word_1_322' title='bbox 290 4824 585 4887; x_wconf 80' lang='lat' dir='ltr'><strong>agemus.</strong></span> 
     </span>
    </p>
   </div>
   <div class='ocr_carea' id='block_1_11' title="bbox 622 5552 943 5613">
    <p class='ocr_par' dir='ltr' id='par_1_12' title="bbox 622 5552 943 5613">
     <span class='ocr_line' id='line_1_55' title="bbox 622 5552 943 5613; baseline 0.006 -2"><span class='ocrx_word' id='word_1_323' title='bbox 622 5554 779 5613; x_wconf 72' lang='lat' dir='ltr'><strong>Tou.</strong></span> <span class='ocrx_word' id='word_1_324' title='bbox 813 5552 943 5613; x_wconf 86' lang='lat' dir='ltr'><strong>Vll.</strong></span> 
     </span>
    </p>
   </div>
   <div class='ocr_carea' id='block_1_12' title="bbox 2377 874 3053 969">
    <p class='ocr_par' dir='ltr' id='par_1_13' title="bbox 2377 874 3053 969">
     <span class='ocr_line' id='line_1_56' title="bbox 2377 874 3053 969; baseline 0.016 -11"><span class='ocrx_word' id='word_1_325' title='bbox 2377 874 2786 963; x_wconf 73' lang='lat' dir='ltr'><strong>SECTU)</strong></span> <span class='ocrx_word' id='word_1_326' title='bbox 2876 883 3053 969; x_wconf 85' lang='lat' dir='ltr'><strong>vm.</strong></span> 
     </span>
    </p>
   </div>
   <div class='ocr_carea' id='block_1_13' title="bbox 1957 1177 3487 1371">
    <p class='ocr_par' dir='ltr' id='par_1_14' title="bbox 1957 1177 3487 1371">
     <span class='ocr_line' id='line_1_57' title="bbox 1957 1177 3487 1266; baseline 0.009 -28"><span class='ocrx_word' id='word_1_327' title='bbox 1957 1177 2170 1239; x_wconf 77' lang='lat' dir='ltr'><strong>[strum</strong></span> <span class='ocrx_word' id='word_1_328' title='bbox 2181 1179 2379 1259; x_wconf 72' lang='lat' dir='ltr'><strong>judex</strong></span> <span class='ocrx_word' id='word_1_329' title='bbox 2400 1180 2599 1242; x_wconf 78' lang='lat' dir='ltr'><strong>debeat</strong></span> <span class='ocrx_word' id='word_1_330' title='bbox 2637 1184 2868 1245; x_wconf 80' lang='lat' dir='ltr'><strong>omnino</strong></span> <span class='ocrx_word' id='word_1_331' title='bbox 2879 1184 3158 1266; x_wconf 80' lang='lat' dir='ltr'><strong>judicare</strong></span> <span class='ocrx_word' id='word_1_332' title='bbox 3181 1189 3487 1251; x_wconf 79' lang='lat' dir='ltr'><strong>secundum</strong></span> 
     </span>
     <span class='ocr_line' id='line_1_58' title="bbox 2486 1289 2954 1371; baseline 0.009 -23"><span class='ocrx_word' id='word_1_333' title='bbox 2486 1289 2635 1367; x_wconf 70' lang='lat' dir='ltr'><strong>loyes</strong></span> <span class='ocrx_word' id='word_1_334' title='bbox 2660 1291 2954 1371; x_wconf 75' lang='lat' dir='ltr'><strong>scriptas?</strong></span> 
     </span>
    </p>
   </div>
   <div class='ocr_carea' id='block_1_14' title="bbox 1942 1550 3833 1823">
    <p class='ocr_par' dir='ltr' id='par_1_15' title="bbox 1942 1550 3833 1823">
     <span class='ocr_line' id='line_1_59' title="bbox 2030 1550 3711 1644; baseline 0.008 -34"><span class='ocrx_word' id='word_1_335' title='bbox 2030 1550 2552 1629; x_wconf 87' lang='lat' dir='ltr'><strong>Distinguendum</strong></span> <span class='ocrx_word' id='word_1_336' title='bbox 2588 1558 2682 1616; x_wconf 87' lang='lat' dir='ltr'><strong>est</strong></span> <span class='ocrx_word' id='word_1_337' title='bbox 2710 1554 2787 1615; x_wconf 90' lang='lat' dir='ltr'><strong>de</strong></span> <span class='ocrx_word' id='word_1_338' title='bbox 2825 1556 3038 1635; x_wconf 84' lang='lat' dir='ltr'><strong>judice</strong></span> <span class='ocrx_word' id='word_1_339' title='bbox 3069 1579 3082 1619; x_wconf 93' lang='lat'>:</span> <span class='ocrx_word' id='word_1_340' title='bbox 3134 1559 3291 1620; x_wconf 89' lang='lat' dir='ltr'><strong>alius</strong></span> <span class='ocrx_word' id='word_1_341' title='bbox 3320 1560 3485 1621; x_wconf 89' lang='lat' dir='ltr'><strong>enim</strong></span> <span class='ocrx_word' id='word_1_342' title='bbox 3633 1584 3711 1644; x_wconf 77' lang='lat' dir='ltr'><strong>gg</strong></span> 
     </span>
     <span class='ocr_line' id='line_1_60' title="bbox 1952 1642 3782 1750; baseline 0.008 -48"><span class='ocrx_word' id='word_1_343' title='bbox 1952 1646 2046 1704; x_wconf 88' lang='lat' dir='ltr'><strong>est</strong></span> <span class='ocrx_word' id='word_1_344' title='bbox 2064 1642 2261 1720; x_wconf 83' lang='lat' dir='ltr'><strong>judex</strong></span> <span class='ocrx_word' id='word_1_345' title='bbox 2289 1664 2640 1724; x_wconf 89' lang='lat' dir='ltr'><strong>supremus,</strong></span> <span class='ocrx_word' id='word_1_346' title='bbox 2693 1666 2802 1707; x_wconf 89' lang='lat' dir='ltr'><strong>seu</strong></span> <span class='ocrx_word' id='word_1_347' title='bbox 2834 1650 3124 1729; x_wconf 88' lang='lat' dir='ltr'><strong>princeps</strong></span> <span class='ocrx_word' id='word_1_348' title='bbox 3158 1672 3171 1712; x_wconf 91' lang='lat'>:</span> <span class='ocrx_word' id='word_1_349' title='bbox 3207 1652 3364 1712; x_wconf 87' lang='lat' dir='ltr'><strong>alius</strong></span> <span class='ocrx_word' id='word_1_350' title='bbox 3394 1659 3489 1714; x_wconf 84' lang='lat' dir='ltr'><strong>est</strong></span> <span class='ocrx_word' id='word_1_351' title='bbox 3576 1720 3602 1749; x_wconf 78' lang='lat' dir='ltr'><strong>n</strong></span> <span class='ocrx_word' id='word_1_352' title='bbox 3671 1708 3782 1750; x_wconf 70' lang='lat' dir='ltr'><strong>rim</strong></span> 
     </span>
     <span class='ocr_line' id='line_1_61' title="bbox 1942 1720 3833 1823; baseline 0.005 -29"><span class='ocrx_word' id='word_1_353' title='bbox 1942 1735 2141 1813; x_wconf 86' lang='lat' dir='ltr'><strong>judex</strong></span> <span class='ocrx_word' id='word_1_354' title='bbox 2161 1737 2439 1813; x_wconf 81' lang='lat' dir='ltr'><strong>inferior,</strong></span> <span class='ocrx_word' id='word_1_355' title='bbox 2471 1757 2580 1798; x_wconf 88' lang='lat' dir='ltr'><strong>seu</strong></span> <span class='ocrx_word' id='word_1_356' title='bbox 2602 1740 3067 1818; x_wconf 61' lang='lat' dir='ltr'><strong>subordinatus»,</strong></span> <span class='ocrx_word' id='word_1_357' title='bbox 3103 1745 3320 1823; x_wconf 85' lang='lat' dir='ltr'><strong>quales</strong></span> <span class='ocrx_word' id='word_1_358' title='bbox 3344 1749 3490 1806; x_wconf 88' lang='lat' dir='ltr'><strong>sunt</strong></span> <span class='ocrx_word' id='word_1_359' title='bbox 3536 1720 3833 1814; x_wconf 55' lang='lat' dir='ltr'><strong>possfft’minussf</strong></span> 
     </span>
    </p>
   </div>
   <div class='ocr_carea' id='block_1_15' title="bbox 1924 1830 3489 5609">
    <p class='ocr_par' dir='ltr' id='par_1_16' title="bbox 1952 1830 3488 2169">
     <span class='ocr_line' id='line_1_62' title="bbox 1952 1830 3488 1910; baseline 0.008 -23"><span class='ocrx_word' id='word_1_360' title='bbox 1952 1833 2255 1906; x_wconf 79' lang='lat' dir='ltr'><strong>pastoreS,</strong></span> <span class='ocrx_word' id='word_1_361' title='bbox 2316 1830 2507 1908; x_wconf 82' lang='lat' dir='ltr'><strong>guber</strong></span> <span class='ocrx_word' id='word_1_362' title='bbox 2521 1837 2790 1908; x_wconf 82' lang='lat' dir='ltr'><strong>natoreS,</strong></span> <span class='ocrx_word' id='word_1_363' title='bbox 2851 1840 3192 1910; x_wconf 78' lang='lat' dir='ltr'><strong>senatoreS,</strong></span> <span class='ocrx_word' id='word_1_364' title='bbox 3262 1838 3385 1898; x_wconf 91' lang='lat' dir='ltr'><strong>imo</strong></span> <span class='ocrx_word' id='word_1_365' title='bbox 3425 1841 3488 1899; x_wconf 84' lang='lat' dir='ltr'><strong>et</strong></span> 
     </span>
     <span class='ocr_line' id='line_1_63' title="bbox 1953 1925 3488 2010; baseline 0.008 -30"><span class='ocrx_word' id='word_1_366' title='bbox 1953 1925 2119 1981; x_wconf 88' lang='lat' dir='ltr'><strong>totus</strong></span> <span class='ocrx_word' id='word_1_367' title='bbox 2149 1925 2404 1984; x_wconf 87' lang='lat' dir='ltr'><strong>senatus</strong></span> <span class='ocrx_word' id='word_1_368' title='bbox 2432 1925 2643 2002; x_wconf 86' lang='lat' dir='ltr'><strong>regius</strong></span> <span class='ocrx_word' id='word_1_369' title='bbox 2660 1944 2992 2004; x_wconf 83' lang='lat' dir='ltr'><strong>supremus</strong></span> <span class='ocrx_word' id='word_1_370' title='bbox 3021 1948 3164 1989; x_wconf 91' lang='lat' dir='ltr'><strong>cum</strong></span> <span class='ocrx_word' id='word_1_371' title='bbox 3192 1949 3306 1990; x_wconf 88' lang='lat' dir='ltr'><strong>suo</strong></span> <span class='ocrx_word' id='word_1_372' title='bbox 3328 1948 3488 2010; x_wconf 82' lang='lat' dir='ltr'><strong>prae-</strong></span> 
     </span>
     <span class='ocr_line' id='line_1_64' title="bbox 1954 2013 3481 2103; baseline 0.007 -29"><span class='ocrx_word' id='word_1_373' title='bbox 1954 2013 2120 2086; x_wconf 87' lang='lat' dir='ltr'><strong>side,</strong></span> <span class='ocrx_word' id='word_1_374' title='bbox 2161 2018 2227 2076; x_wconf 91' lang='lat' dir='ltr'><strong>ut</strong></span> <span class='ocrx_word' id='word_1_375' title='bbox 2255 2014 2342 2076; x_wconf 89' lang='lat' dir='ltr'><strong>ait</strong></span> <span class='ocrx_word' id='word_1_376' title='bbox 2370 2018 2709 2079; x_wconf 83' lang='lat' dir='ltr'><strong>Covarruv.</strong></span> <span class='ocrx_word' id='word_1_377' title='bbox 2762 2017 2870 2085; x_wconf 85' lang='lat' dir='ltr'><strong>lib.</strong></span> <span class='ocrx_word' id='word_1_378' title='bbox 2903 2021 2951 2082; x_wconf 91' lang='grc' dir='ltr'><strong>Ι.</strong></span> <span class='ocrx_word' id='word_1_379' title='bbox 3001 2020 3233 2083; x_wconf 75' lang='lat' dir='ltr'><strong>Vam‘ar.</strong></span> <span class='ocrx_word' id='word_1_380' title='bbox 3268 2041 3407 2103; x_wconf 91' lang='lat' dir='ltr'><strong>cap.</strong></span> <span class='ocrx_word' id='word_1_381' title='bbox 3440 2041 3481 2085; x_wconf 91' lang='lat'><strong>1.</strong></span> 
     </span>
     <span class='ocr_line' id='line_1_65' title="bbox 1954 2115 2220 2169; baseline 0.011 -3"><span class='ocrx_word' id='word_1_382' title='bbox 1954 2125 2128 2169; x_wconf 90' lang='lat' dir='ltr'><strong>num.</strong></span> <span class='ocrx_word' id='word_1_383' title='bbox 2160 2115 2220 2169; x_wconf 77' lang='lat'><strong>7.</strong></span> 
     </span>
    </p>

    <p class='ocr_par' dir='ltr' id='par_1_17' title="bbox 1946 2202 3489 3193">
     <span class='ocr_line' id='line_1_66' title="bbox 2035 2202 3484 2288; baseline 0.007 -27"><span class='ocrx_word' id='word_1_384' title='bbox 2035 2203 2167 2261; x_wconf 89' lang='lat' dir='ltr'><strong>Hoc</strong></span> <span class='ocrx_word' id='word_1_385' title='bbox 2195 2202 2540 2281; x_wconf 87' lang='lat' dir='ltr'><strong>supposito,</strong></span> <span class='ocrx_word' id='word_1_386' title='bbox 2590 2209 2831 2266; x_wconf 84' lang='lat' dir='ltr'><strong>certum</strong></span> <span class='ocrx_word' id='word_1_387' title='bbox 2880 2211 2973 2268; x_wconf 90' lang='lat' dir='ltr'><strong>est</strong></span> <span class='ocrx_word' id='word_1_388' title='bbox 3016 2209 3187 2286; x_wconf 87' lang='lat' dir='ltr'><strong>apud</strong></span> <span class='ocrx_word' id='word_1_389' title='bbox 3245 2227 3484 2288; x_wconf 70' lang='lat' dir='ltr'><strong>omnes»,</strong></span> 
     </span>
     <span class='ocr_line' id='line_1_67' title="bbox 1953 2293 3484 2380; baseline 0.008 -28"><span class='ocrx_word' id='word_1_390' title='bbox 1953 2293 2205 2373; x_wconf 89' lang='lat' dir='ltr'><strong>quando</strong></span> <span class='ocrx_word' id='word_1_391' title='bbox 2263 2295 2361 2355; x_wconf 86' lang='lat' dir='ltr'><strong>lex</strong></span> <span class='ocrx_word' id='word_1_392' title='bbox 2419 2297 2650 2376; x_wconf 86' lang='lat' dir='ltr'><strong>scripta</strong></span> <span class='ocrx_word' id='word_1_393' title='bbox 2706 2299 2982 2361; x_wconf 90' lang='lat' dir='ltr'><strong>continet</strong></span> <span class='ocrx_word' id='word_1_394' title='bbox 3026 2302 3132 2379; x_wconf 84' lang='lat' dir='ltr'><strong>jus</strong></span> <span class='ocrx_word' id='word_1_395' title='bbox 3180 2305 3484 2380; x_wconf 87' lang='lat' dir='ltr'><strong>naturale,</strong></span> 
     </span>
     <span class='ocr_line' id='line_1_68' title="bbox 1954 2387 3489 2474; baseline 0.006 -29"><span class='ocrx_word' id='word_1_396' title='bbox 1954 2387 2297 2465; x_wconf 84' lang='lat' dir='ltr'><strong>quemlibet</strong></span> <span class='ocrx_word' id='word_1_397' title='bbox 2334 2387 2617 2467; x_wconf 88' lang='lat' dir='ltr'><strong>judicem</strong></span> <span class='ocrx_word' id='word_1_398' title='bbox 2664 2392 2853 2451; x_wconf 86' lang='lat' dir='ltr'><strong>etiam</strong></span> <span class='ocrx_word' id='word_1_399' title='bbox 2892 2393 3240 2472; x_wconf 89' lang='lat' dir='ltr'><strong>principem</strong></span> <span class='ocrx_word' id='word_1_400' title='bbox 3269 2414 3489 2474; x_wconf 87' lang='lat' dir='ltr'><strong>supre-</strong></span> 
     </span>
     <span class='ocr_line' id='line_1_69' title="bbox 1950 2480 3487 2568; baseline 0.007 -30"><span class='ocrx_word' id='word_1_401' title='bbox 1950 2498 2124 2540; x_wconf 86' lang='lat' dir='ltr'><strong>mum</strong></span> <span class='ocrx_word' id='word_1_402' title='bbox 2175 2480 2405 2541; x_wconf 87' lang='lat' dir='ltr'><strong>dehere</strong></span> <span class='ocrx_word' id='word_1_403' title='bbox 2454 2482 2799 2543; x_wconf 87' lang='lat' dir='ltr'><strong>secundum</strong></span> <span class='ocrx_word' id='word_1_404' title='bbox 2848 2493 3054 2563; x_wconf 81' lang='lat' dir='ltr'><strong>legem</strong></span> <span class='ocrx_word' id='word_1_405' title='bbox 3101 2487 3270 2547; x_wconf 89' lang='lat' dir='ltr'><strong>illam</strong></span> <span class='ocrx_word' id='word_1_406' title='bbox 3314 2487 3487 2568; x_wconf 86' lang='lat' dir='ltr'><strong>judi-</strong></span> 
     </span>
     <span class='ocr_line' id='line_1_70' title="bbox 1950 2573 3485 2658; baseline 0.006 -26"><span class='ocrx_word' id='word_1_407' title='bbox 1950 2590 2116 2649; x_wconf 88' lang='lat' dir='ltr'><strong>care,</strong></span> <span class='ocrx_word' id='word_1_408' title='bbox 2173 2591 2354 2632; x_wconf 91' lang='lat' dir='ltr'><strong>nemo</strong></span> <span class='ocrx_word' id='word_1_409' title='bbox 2412 2573 2579 2634; x_wconf 90' lang='lat' dir='ltr'><strong>enim</strong></span> <span class='ocrx_word' id='word_1_410' title='bbox 2635 2580 2840 2653; x_wconf 88' lang='lat' dir='ltr'><strong>potest</strong></span> <span class='ocrx_word' id='word_1_411' title='bbox 2894 2577 3241 2658; x_wconf 85' lang='lat' dir='ltr'><strong>quidquam</strong></span> <span class='ocrx_word' id='word_1_412' title='bbox 3277 2581 3485 2641; x_wconf 81' lang='lat' dir='ltr'><strong>facere</strong></span> 
     </span>
     <span class='ocr_line' id='line_1_71' title="bbox 1951 2665 3486 2751; baseline 0.006 -26"><span class='ocrx_word' id='word_1_413' title='bbox 1951 2670 2171 2727; x_wconf 88' lang='lat' dir='ltr'><strong>contra</strong></span> <span class='ocrx_word' id='word_1_414' title='bbox 2192 2665 2297 2745; x_wconf 88' lang='lat' dir='ltr'><strong>jus</strong></span> <span class='ocrx_word' id='word_1_415' title='bbox 2326 2671 2590 2728; x_wconf 82' lang='lat' dir='ltr'><strong>naturae.</strong></span> <span class='ocrx_word' id='word_1_416' title='bbox 2623 2668 2965 2731; x_wconf 86' lang='lat' dir='ltr'><strong>Difficultas</strong></span> <span class='ocrx_word' id='word_1_417' title='bbox 2992 2676 3086 2733; x_wconf 89' lang='lat' dir='ltr'><strong>est</strong></span> <span class='ocrx_word' id='word_1_418' title='bbox 3113 2674 3365 2751; x_wconf 89' lang='lat' dir='ltr'><strong>quando</strong></span> <span class='ocrx_word' id='word_1_419' title='bbox 3387 2675 3486 2734; x_wconf 83' lang='lat' dir='ltr'><strong>lex</strong></span> 
     </span>
     <span class='ocr_line' id='line_1_72' title="bbox 1948 2759 3479 2842; baseline 0.007 -25"><span class='ocrx_word' id='word_1_420' title='bbox 1948 2777 2036 2819; x_wconf 71' lang='lat' dir='ltr'><strong>sca</strong></span> <span class='ocrx_word' id='word_1_421' title='bbox 2052 2759 2183 2836; x_wconf 89' lang='lat' dir='ltr'><strong>ipta</strong></span> <span class='ocrx_word' id='word_1_422' title='bbox 2211 2777 2335 2819; x_wconf 86' lang='lat' dir='ltr'><strong>nou</strong></span> <span class='ocrx_word' id='word_1_423' title='bbox 2357 2760 2634 2821; x_wconf 88' lang='lat' dir='ltr'><strong>continet</strong></span> <span class='ocrx_word' id='word_1_424' title='bbox 2653 2780 2895 2822; x_wconf 89' lang='lat' dir='ltr'><strong>merum</strong></span> <span class='ocrx_word' id='word_1_425' title='bbox 2908 2764 3014 2842; x_wconf 85' lang='lat' dir='ltr'><strong>jus</strong></span> <span class='ocrx_word' id='word_1_426' title='bbox 3035 2765 3340 2842; x_wconf 89' lang='lat' dir='ltr'><strong>naturale,</strong></span> <span class='ocrx_word' id='word_1_427' title='bbox 3371 2767 3479 2827; x_wconf 87' lang='lat' dir='ltr'><strong>sed</strong></span> 
     </span>
     <span class='ocr_line' id='line_1_73' title="bbox 1947 2852 3481 2936; baseline 0.006 -25"><span class='ocrx_word' id='word_1_428' title='bbox 1947 2852 2100 2911; x_wconf 91' lang='lat' dir='ltr'><strong>illud</strong></span> <span class='ocrx_word' id='word_1_429' title='bbox 2131 2852 2508 2913; x_wconf 84' lang='lat' dir='ltr'><strong>determinat</strong></span> <span class='ocrx_word' id='word_1_430' title='bbox 2526 2854 2706 2931; x_wconf 81' lang='lat' dir='ltr'><strong>juxta</strong></span> <span class='ocrx_word' id='word_1_431' title='bbox 2734 2856 2940 2916; x_wconf 82' lang='lat' dir='ltr'><strong>varias</strong></span> <span class='ocrx_word' id='word_1_432' title='bbox 2968 2857 3328 2936; x_wconf 68' lang='lat' dir='ltr'><strong>reipublicae</strong></span> <span class='ocrx_word' id='word_1_433' title='bbox 3357 2860 3481 2919; x_wconf 83' lang='lat' dir='ltr'><strong>exi-</strong></span> 
     </span>
     <span class='ocr_line' id='line_1_74' title="bbox 1948 2944 3474 3028; baseline 0.004 -23"><span class='ocrx_word' id='word_1_434' title='bbox 1948 2944 2215 3023; x_wconf 76' lang='lat' dir='ltr'><strong>gentiae,</strong></span> <span class='ocrx_word' id='word_1_435' title='bbox 2269 2949 2338 3006; x_wconf 91' lang='lat' dir='ltr'><strong>ut</strong></span> <span class='ocrx_word' id='word_1_436' title='bbox 2381 2963 2526 3006; x_wconf 89' lang='lat' dir='ltr'><strong>cum</strong></span> <span class='ocrx_word' id='word_1_437' title='bbox 2554 2946 2654 3006; x_wconf 83' lang='lat' dir='ltr'><strong>lex</strong></span> <span class='ocrx_word' id='word_1_438' title='bbox 2680 2949 2965 3026; x_wconf 75' lang='lat' dir='ltr'><strong>praecipit</strong></span> <span class='ocrx_word' id='word_1_439' title='bbox 2992 2949 3159 3011; x_wconf 86' lang='lat' dir='ltr'><strong>fures</strong></span> <span class='ocrx_word' id='word_1_440' title='bbox 3187 2951 3474 3028; x_wconf 86' lang='lat' dir='ltr'><strong>interfici,</strong></span> 
     </span>
     <span class='ocr_line' id='line_1_75' title="bbox 1947 3037 3473 3123; baseline 0.006 -26"><span class='ocrx_word' id='word_1_441' title='bbox 1947 3056 2028 3097; x_wconf 90' lang='lat' dir='ltr'><strong>an</strong></span> <span class='ocrx_word' id='word_1_442' title='bbox 2057 3037 2255 3115; x_wconf 85' lang='lat' dir='ltr'><strong>possit</strong></span> <span class='ocrx_word' id='word_1_443' title='bbox 2274 3038 2471 3116; x_wconf 86' lang='lat' dir='ltr'><strong>judex</strong></span> <span class='ocrx_word' id='word_1_444' title='bbox 2498 3039 2809 3100; x_wconf 86' lang='lat' dir='ltr'><strong>minorem</strong></span> <span class='ocrx_word' id='word_1_445' title='bbox 2837 3060 3092 3119; x_wconf 84' lang='lat' dir='ltr'><strong>poenam</strong></span> <span class='ocrx_word' id='word_1_446' title='bbox 3129 3042 3473 3123; x_wconf 86' lang='lat' dir='ltr'><strong>imponere,</strong></span> 
     </span>
     <span class='ocr_line' id='line_1_76' title="bbox 1946 3130 2419 3193; baseline 0 0"><span class='ocrx_word' id='word_1_447' title='bbox 1946 3134 2008 3193; x_wconf 86' lang='lat' dir='ltr'><strong>ct</strong></span> <span class='ocrx_word' id='word_1_448' title='bbox 2037 3131 2124 3192; x_wconf 89' lang='lat' dir='ltr'><strong>sic</strong></span> <span class='ocrx_word' id='word_1_449' title='bbox 2154 3131 2233 3192; x_wconf 90' lang='lat' dir='ltr'><strong>de</strong></span> <span class='ocrx_word' id='word_1_450' title='bbox 2263 3130 2419 3193; x_wconf 83' lang='lat' dir='ltr'><strong>aliis.</strong></span> 
     </span>
    </p>

    <p class='ocr_par' dir='ltr' id='par_1_18' title="bbox 1924 3225 3479 5536">
     <span class='ocr_line' id='line_1_77' title="bbox 2025 3225 3476 3311; baseline 0.005 -25"><span class='ocrx_word' id='word_1_451' title='bbox 2025 3225 2386 3287; x_wconf 90' lang='lat' dir='ltr'><strong>Communis</strong></span> <span class='ocrx_word' id='word_1_452' title='bbox 2434 3230 2495 3287; x_wconf 86' lang='lat' dir='ltr'><strong>et</strong></span> <span class='ocrx_word' id='word_1_453' title='bbox 2523 3244 2671 3285; x_wconf 83' lang='lat' dir='ltr'><strong>vera</strong></span> <span class='ocrx_word' id='word_1_454' title='bbox 2716 3227 3000 3289; x_wconf 88' lang='lat' dir='ltr'><strong>doctrina</strong></span> <span class='ocrx_word' id='word_1_455' title='bbox 3030 3233 3153 3307; x_wconf 82' lang='lat' dir='ltr'><strong>est,</strong></span> <span class='ocrx_word' id='word_1_456' title='bbox 3197 3230 3476 3311; x_wconf 87' lang='lat' dir='ltr'><strong>judicem</strong></span> 
     </span>
     <span class='ocr_line' id='line_1_78' title="bbox 1945 3317 3475 3402; baseline 0.003 -24"><span class='ocrx_word' id='word_1_457' title='bbox 1945 3317 2305 3378; x_wconf 86' lang='lat' dir='ltr'><strong>inferiorem</strong></span> <span class='ocrx_word' id='word_1_458' title='bbox 2349 3317 2413 3377; x_wconf 86' lang='lat' dir='ltr'><strong>id</strong></span> <span class='ocrx_word' id='word_1_459' title='bbox 2460 3337 2581 3379; x_wconf 90' lang='lat' dir='ltr'><strong>non</strong></span> <span class='ocrx_word' id='word_1_460' title='bbox 2628 3338 2810 3398; x_wconf 87' lang='lat' dir='ltr'><strong>posse</strong></span> <span class='ocrx_word' id='word_1_461' title='bbox 2851 3322 3081 3400; x_wconf 77' lang='lat' dir='ltr'><strong>iacere,</strong></span> <span class='ocrx_word' id='word_1_462' title='bbox 3132 3323 3277 3384; x_wconf 88' lang='lat' dir='ltr'><strong>licet</strong></span> <span class='ocrx_word' id='word_1_463' title='bbox 3303 3324 3475 3402; x_wconf 81' lang='lat' dir='ltr'><strong>plin-</strong></span> 
     </span>
     <span class='ocr_line' id='line_1_79' title="bbox 1945 3411 3479 3494; baseline 0.003 -24"><span class='ocrx_word' id='word_1_464' title='bbox 1945 3429 2092 3490; x_wconf 77' lang='lat' dir='ltr'><strong>ceps</strong></span> <span class='ocrx_word' id='word_1_465' title='bbox 2115 3411 2456 3490; x_wconf 89' lang='lat' dir='ltr'><strong>aliquando</strong></span> <span class='ocrx_word' id='word_1_466' title='bbox 2486 3413 2702 3489; x_wconf 86' lang='lat' dir='ltr'><strong>possit.</strong></span> <span class='ocrx_word' id='word_1_467' title='bbox 2737 3414 2827 3474; x_wconf 89' lang='lat' dir='ltr'><strong>Ita</strong></span> <span class='ocrx_word' id='word_1_468' title='bbox 2859 3416 2922 3476; x_wconf 85' lang='lat' dir='ltr'><strong>S.</strong></span> <span class='ocrx_word' id='word_1_469' title='bbox 2949 3415 3065 3475; x_wconf 87' lang='lat' dir='ltr'><strong>Tb.</strong></span> <span class='ocrx_word' id='word_1_470' title='bbox 3099 3414 3162 3474; x_wconf 92' lang='lat' dir='ltr'><strong>in</strong></span> <span class='ocrx_word' id='word_1_471' title='bbox 3184 3417 3479 3494; x_wconf 83' lang='lat' dir='ltr'><strong>proesenti</strong></span> 
     </span>
     <span class='ocr_line' id='line_1_80' title="bbox 1945 3507 3470 3584; baseline 0.005 -20"><span class='ocrx_word' id='word_1_472' title='bbox 1945 3523 2051 3583; x_wconf 91' lang='lat' dir='ltr'><strong>qu.</strong></span> <span class='ocrx_word' id='word_1_473' title='bbox 2085 3520 2248 3564; x_wconf 73' lang='lat' dir='ltr'><strong>var.</strong></span> <span class='ocrx_word' id='word_1_474' title='bbox 2285 3507 2401 3564; x_wconf 89' lang='lat' dir='ltr'><strong>art.</strong></span> <span class='ocrx_word' id='word_1_475' title='bbox 2423 3507 2483 3565; x_wconf 84' lang='lat'><strong>5.</strong></span> <span class='ocrx_word' id='word_1_476' title='bbox 2518 3508 2580 3565; x_wconf 90' lang='lat' dir='ltr'><strong>et</strong></span> <span class='ocrx_word' id='word_1_477' title='bbox 2608 3523 2713 3584; x_wconf 90' lang='lat' dir='ltr'><strong>qu.</strong></span> <span class='ocrx_word' id='word_1_478' title='bbox 2739 3521 2927 3567; x_wconf 74' lang='lat' dir='ltr'><strong>vau.</strong></span> <span class='ocrx_word' id='word_1_479' title='bbox 2963 3512 3080 3568; x_wconf 90' lang='lat' dir='ltr'><strong>art.</strong></span> <span class='ocrx_word' id='word_1_480' title='bbox 3105 3513 3165 3569; x_wconf 69' lang='lat'><strong>4.</strong></span> <span class='ocrx_word' id='word_1_481' title='bbox 3194 3511 3343 3570; x_wconf 89' lang='lat' dir='ltr'><strong>Soto</strong></span> <span class='ocrx_word' id='word_1_482' title='bbox 3365 3512 3470 3571; x_wconf 90' lang='lat'><strong>111.</strong></span> 
     </span>
     <span class='ocr_line' id='line_1_81' title="bbox 1944 3595 3471 3681; baseline 0.003 -24"><span class='ocrx_word' id='word_1_483' title='bbox 1944 3595 2013 3657; x_wconf 86' lang='lat' dir='ltr'><strong>de</strong></span> <span class='ocrx_word' id='word_1_484' title='bbox 2025 3596 2226 3676; x_wconf 70' lang='lat' dir='ltr'><strong>justit.</strong></span> <span class='ocrx_word' id='word_1_485' title='bbox 2264 3615 2458 3675; x_wconf 80' lang='lat' dir='ltr'><strong>quaes,</strong></span> <span class='ocrx_word' id='word_1_486' title='bbox 2495 3613 2581 3658; x_wconf 90' lang='lat' dir='ltr'><strong>1v.</strong></span> <span class='ocrx_word' id='word_1_487' title='bbox 2617 3601 2736 3659; x_wconf 85' lang='lat' dir='ltr'><strong>art.</strong></span> <span class='ocrx_word' id='word_1_488' title='bbox 2775 3601 2834 3659; x_wconf 88' lang='lat'><strong>3.</strong></span> <span class='ocrx_word' id='word_1_489' title='bbox 2872 3601 3104 3660; x_wconf 85' lang='lat' dir='ltr'><strong>Suarez</strong></span> <span class='ocrx_word' id='word_1_490' title='bbox 3133 3600 3203 3661; x_wconf 80' lang='lat' dir='ltr'><strong>de</strong></span> <span class='ocrx_word' id='word_1_491' title='bbox 3231 3600 3471 3681; x_wconf 68' lang='grc' dir='ltr'><strong>Ιερίὸαε,</strong></span> 
     </span>
     <span class='ocr_line' id='line_1_82' title="bbox 1943 3690 3468 3773; baseline 0.004 -23"><span class='ocrx_word' id='word_1_492' title='bbox 1943 3690 2080 3750; x_wconf 84' lang='lat' dir='ltr'><strong>libr.</strong></span> <span class='ocrx_word' id='word_1_493' title='bbox 2120 3691 2194 3750; x_wconf 91' lang='lat' dir='ltr'><strong>V.</strong></span> <span class='ocrx_word' id='word_1_494' title='bbox 2229 3708 2368 3768; x_wconf 89' lang='lat' dir='ltr'><strong>cap.</strong></span> <span class='ocrx_word' id='word_1_495' title='bbox 2405 3706 2488 3751; x_wconf 81' lang='lat' dir='ltr'><strong>xl.</strong></span> <span class='ocrx_word' id='word_1_496' title='bbox 2524 3690 2702 3752; x_wconf 86' lang='lat' dir='ltr'><strong>Salas</strong></span> <span class='ocrx_word' id='word_1_497' title='bbox 2730 3690 2801 3751; x_wconf 83' lang='lat' dir='ltr'><strong>de</strong></span> <span class='ocrx_word' id='word_1_498' title='bbox 2826 3692 3066 3771; x_wconf 72' lang='lat' dir='ltr'><strong>leqz‘bus,</strong></span> <span class='ocrx_word' id='word_1_499' title='bbox 3102 3694 3332 3773; x_wconf 86' lang='lat' dir='ltr'><strong>disput.</strong></span> <span class='ocrx_word' id='word_1_500' title='bbox 3366 3713 3468 3759; x_wconf 84' lang='lat' dir='ltr'><strong>xv.</strong></span> 
     </span>
     <span class='ocr_line' id='line_1_83' title="bbox 1943 3782 3467 3862; baseline 0.005 -21"><span class='ocrx_word' id='word_1_501' title='bbox 1943 3786 2090 3842; x_wconf 85' lang='lat' dir='ltr'><strong>sect.</strong></span> <span class='ocrx_word' id='word_1_502' title='bbox 2127 3785 2187 3844; x_wconf 82' lang='lat'><strong>8.</strong></span> <span class='ocrx_word' id='word_1_503' title='bbox 2230 3782 2477 3842; x_wconf 88' lang='lat' dir='ltr'><strong>Lessius</strong></span> <span class='ocrx_word' id='word_1_504' title='bbox 2524 3782 2586 3842; x_wconf 90' lang='lat' dir='ltr'><strong>in</strong></span> <span class='ocrx_word' id='word_1_505' title='bbox 2618 3785 2996 3862; x_wconf 38' lang='lat' dir='ltr'><strong>praesentire.</strong></span> <span class='ocrx_word' id='word_1_506' title='bbox 3031 3802 3198 3847; x_wconf 84' lang='lat' dir='ltr'><strong>xxlx.</strong></span> <span class='ocrx_word' id='word_1_507' title='bbox 3252 3787 3380 3847; x_wconf 88' lang='lat' dir='ltr'><strong>dub</strong></span> <span class='ocrx_word' id='word_1_508' title='bbox 3408 3792 3467 3850; x_wconf 84' lang='lat'><strong>5.</strong></span> 
     </span>
     <span class='ocr_line' id='line_1_84' title="bbox 1944 3874 3468 3945; baseline 0.005 -9"><span class='ocrx_word' id='word_1_509' title='bbox 1944 3879 2006 3936; x_wconf 85' lang='lat' dir='ltr'><strong>et</strong></span> <span class='ocrx_word' id='word_1_510' title='bbox 2033 3876 2257 3935; x_wconf 85' lang='lat' dir='ltr'><strong>Thom.</strong></span> <span class='ocrx_word' id='word_1_511' title='bbox 2293 3874 2521 3935; x_wconf 89' lang='lat' dir='ltr'><strong>Sanch.</strong></span> <span class='ocrx_word' id='word_1_512' title='bbox 2584 3875 2690 3935; x_wconf 88' lang='lat' dir='ltr'><strong>lib.</strong></span> <span class='ocrx_word' id='word_1_513' title='bbox 2726 3878 2829 3938; x_wconf 89' lang='lat' dir='ltr'><strong>v1.</strong></span> <span class='ocrx_word' id='word_1_514' title='bbox 2876 3876 3093 3939; x_wconf 79' lang='lat' dir='ltr'><strong>Consil.</strong></span> <span class='ocrx_word' id='word_1_515' title='bbox 3157 3879 3307 3939; x_wconf 89' lang='lat' dir='ltr'><strong>dub.</strong></span> <span class='ocrx_word' id='word_1_516' title='bbox 3340 3896 3468 3945; x_wconf 83' lang='lat' dir='ltr'><strong>xx1.</strong></span> 
     </span>
     <span class='ocr_line' id='line_1_85' title="bbox 1942 3967 3474 4050; baseline 0.005 -22"><span class='ocrx_word' id='word_1_517' title='bbox 1942 3973 2005 4030; x_wconf 88' lang='lat' dir='ltr'><strong>et</strong></span> <span class='ocrx_word' id='word_1_518' title='bbox 2045 3967 2149 4028; x_wconf 90' lang='lat' dir='ltr'><strong>alii</strong></span> <span class='ocrx_word' id='word_1_519' title='bbox 2180 3968 2615 4030; x_wconf 84' lang='lat' dir='ltr'><strong>communiter.</strong></span> <span class='ocrx_word' id='word_1_520' title='bbox 2662 3969 2739 4028; x_wconf 83' lang='lat' dir='ltr'><strong>Et</strong></span> <span class='ocrx_word' id='word_1_521' title='bbox 2767 3969 3021 4048; x_wconf 91' lang='lat' dir='ltr'><strong>quidem</strong></span> <span class='ocrx_word' id='word_1_522' title='bbox 3053 3972 3219 4050; x_wconf 90' lang='lat' dir='ltr'><strong>quod</strong></span> <span class='ocrx_word' id='word_1_523' title='bbox 3251 3973 3474 4035; x_wconf 85' lang='lat' dir='ltr'><strong>attinet</strong></span> 
     </span>
     <span class='ocr_line' id='line_1_86' title="bbox 1942 4061 3470 4144; baseline 0.004 -23"><span class='ocrx_word' id='word_1_524' title='bbox 1942 4062 2018 4122; x_wconf 90' lang='lat' dir='ltr'><strong>ad</strong></span> <span class='ocrx_word' id='word_1_525' title='bbox 2051 4061 2398 4141; x_wconf 89' lang='lat' dir='ltr'><strong>principem</strong></span> <span class='ocrx_word' id='word_1_526' title='bbox 2429 4079 2814 4138; x_wconf 87' lang='lat' dir='ltr'><strong>supremum,</strong></span> <span class='ocrx_word' id='word_1_527' title='bbox 2849 4063 3008 4124; x_wconf 89' lang='lat' dir='ltr'><strong>ratio</strong></span> <span class='ocrx_word' id='word_1_528' title='bbox 3040 4068 3135 4125; x_wconf 88' lang='lat' dir='ltr'><strong>est</strong></span> <span class='ocrx_word' id='word_1_529' title='bbox 3162 4066 3310 4144; x_wconf 89' lang='lat' dir='ltr'><strong>quia</strong></span> <span class='ocrx_word' id='word_1_530' title='bbox 3337 4067 3470 4144; x_wconf 85' lang='lat' dir='ltr'><strong>ipse</strong></span> 
     </span>
     <span class='ocr_line' id='line_1_87' title="bbox 1941 4153 3470 4234; baseline 0.003 -18"><span class='ocrx_word' id='word_1_531' title='bbox 1941 4159 2148 4233; x_wconf 88' lang='lat' dir='ltr'><strong>potest</strong></span> <span class='ocrx_word' id='word_1_532' title='bbox 2186 4173 2259 4213; x_wconf 89' lang='lat' dir='ltr'><strong>ex</strong></span> <span class='ocrx_word' id='word_1_533' title='bbox 2286 4153 2643 4214; x_wconf 86' lang='lat' dir='ltr'><strong>rationabili</strong></span> <span class='ocrx_word' id='word_1_534' title='bbox 2672 4171 2863 4214; x_wconf 89' lang='lat' dir='ltr'><strong>causa</strong></span> <span class='ocrx_word' id='word_1_535' title='bbox 2893 4154 3256 4234; x_wconf 84' lang='lat' dir='ltr'><strong>dispensare</strong></span> <span class='ocrx_word' id='word_1_536' title='bbox 3284 4158 3350 4218; x_wconf 90' lang='lat' dir='ltr'><strong>in</strong></span> <span class='ocrx_word' id='word_1_537' title='bbox 3379 4159 3470 4220; x_wconf 86' lang='lat' dir='ltr'><strong>le-</strong></span> 
     </span>
     <span class='ocr_line' id='line_1_88' title="bbox 1939 4245 3469 4329; baseline 0.003 -22"><span class='ocrx_word' id='word_1_538' title='bbox 1939 4247 2122 4326; x_wconf 87' lang='lat' dir='ltr'><strong>gibus</strong></span> <span class='ocrx_word' id='word_1_539' title='bbox 2151 4245 2463 4325; x_wconf 86' lang='lat' dir='ltr'><strong>positivis;</strong></span> <span class='ocrx_word' id='word_1_540' title='bbox 2517 4264 2665 4324; x_wconf 89' lang='lat' dir='ltr'><strong>ergo</strong></span> <span class='ocrx_word' id='word_1_541' title='bbox 2716 4246 2863 4307; x_wconf 89' lang='lat' dir='ltr'><strong>licet</strong></span> <span class='ocrx_word' id='word_1_542' title='bbox 2904 4246 3003 4306; x_wconf 84' lang='lat' dir='ltr'><strong>lex</strong></span> <span class='ocrx_word' id='word_1_543' title='bbox 3034 4248 3315 4327; x_wconf 88' lang='lat' dir='ltr'><strong>imponat</strong></span> <span class='ocrx_word' id='word_1_544' title='bbox 3341 4269 3469 4329; x_wconf 85' lang='lat' dir='ltr'><strong>poe-</strong></span> 
     </span>
     <span class='ocr_line' id='line_1_89' title="bbox 1939 4338 3472 4418; baseline 0.005 -19"><span class='ocrx_word' id='word_1_545' title='bbox 1939 4357 2087 4399; x_wconf 89' lang='lat' dir='ltr'><strong>nam</strong></span> <span class='ocrx_word' id='word_1_546' title='bbox 2115 4338 2325 4413; x_wconf 87' lang='lat' dir='ltr'><strong>alicui,</strong></span> <span class='ocrx_word' id='word_1_547' title='bbox 2359 4342 2564 4417; x_wconf 88' lang='lat' dir='ltr'><strong>potest</strong></span> <span class='ocrx_word' id='word_1_548' title='bbox 2592 4339 2882 4418; x_wconf 89' lang='lat' dir='ltr'><strong>princeps</strong></span> <span class='ocrx_word' id='word_1_549' title='bbox 2930 4360 3005 4400; x_wconf 85' lang='lat' dir='ltr'><strong>ex</strong></span> <span class='ocrx_word' id='word_1_550' title='bbox 3051 4360 3241 4404; x_wconf 85' lang='lat' dir='ltr'><strong>causa</strong></span> <span class='ocrx_word' id='word_1_551' title='bbox 3281 4345 3472 4406; x_wconf 89' lang='lat' dir='ltr'><strong>ratio-</strong></span> 
     </span>
     <span class='ocr_line' id='line_1_90' title="bbox 1940 4431 3470 4511; baseline 0.003 -17"><span class='ocrx_word' id='word_1_552' title='bbox 1940 4432 2130 4493; x_wconf 88' lang='lat' dir='ltr'><strong>nabili</strong></span> <span class='ocrx_word' id='word_1_553' title='bbox 2161 4431 2524 4508; x_wconf 87' lang='lat' dir='ltr'><strong>dispensare</strong></span> <span class='ocrx_word' id='word_1_554' title='bbox 2566 4431 2630 4492; x_wconf 90' lang='lat' dir='ltr'><strong>in</strong></span> <span class='ocrx_word' id='word_1_555' title='bbox 2678 4432 2782 4492; x_wconf 89' lang='lat' dir='ltr'><strong>illa</strong></span> <span class='ocrx_word' id='word_1_556' title='bbox 2810 4433 2970 4511; x_wconf 91' lang='lat' dir='ltr'><strong>lege.</strong></span> <span class='ocrx_word' id='word_1_557' title='bbox 3028 4437 3094 4494; x_wconf 91' lang='lat' dir='ltr'><strong>In</strong></span> <span class='ocrx_word' id='word_1_558' title='bbox 3127 4437 3330 4497; x_wconf 86' lang='lat' dir='ltr'><strong>causis</strong></span> <span class='ocrx_word' id='word_1_559' title='bbox 3356 4456 3470 4499; x_wconf 86' lang='lat' dir='ltr'><strong>au-</strong></span> 
     </span>
     <span class='ocr_line' id='line_1_91' title="bbox 1938 4524 3466 4609; baseline 0.003 -22"><span class='ocrx_word' id='word_1_560' title='bbox 1938 4530 2064 4587; x_wconf 89' lang='lat' dir='ltr'><strong>tem</strong></span> <span class='ocrx_word' id='word_1_561' title='bbox 2107 4524 2392 4585; x_wconf 88' lang='lat' dir='ltr'><strong>civilibus</strong></span> <span class='ocrx_word' id='word_1_562' title='bbox 2439 4524 2541 4583; x_wconf 80' lang='lat' dir='ltr'><strong>vix</strong></span> <span class='ocrx_word' id='word_1_563' title='bbox 2595 4525 2918 4605; x_wconf 89' lang='lat' dir='ltr'><strong>continget</strong></span> <span class='ocrx_word' id='word_1_564' title='bbox 2974 4546 3177 4605; x_wconf 79' lang='lat' dir='ltr'><strong>casuS,</strong></span> <span class='ocrx_word' id='word_1_565' title='bbox 3237 4530 3300 4590; x_wconf 90' lang='lat' dir='ltr'><strong>in</strong></span> <span class='ocrx_word' id='word_1_566' title='bbox 3343 4548 3466 4609; x_wconf 91' lang='lat' dir='ltr'><strong>quo</strong></span> 
     </span>
     <span class='ocr_line' id='line_1_92' title="bbox 1937 4617 3468 4697; baseline 0.005 -21"><span class='ocrx_word' id='word_1_567' title='bbox 1937 4617 2227 4697; x_wconf 88' lang='lat' dir='ltr'><strong>princeps</strong></span> <span class='ocrx_word' id='word_1_568' title='bbox 2256 4635 2379 4677; x_wconf 92' lang='lat' dir='ltr'><strong>non</strong></span> <span class='ocrx_word' id='word_1_569' title='bbox 2408 4620 2698 4677; x_wconf 87' lang='lat' dir='ltr'><strong>teneatur</strong></span> <span class='ocrx_word' id='word_1_570' title='bbox 2723 4617 2910 4679; x_wconf 84' lang='lat' dir='ltr'><strong>etiam</strong></span> <span class='ocrx_word' id='word_1_571' title='bbox 2933 4619 3221 4697; x_wconf 87' lang='lat' dir='ltr'><strong>judicare</strong></span> <span class='ocrx_word' id='word_1_572' title='bbox 3250 4641 3468 4683; x_wconf 87' lang='lat' dir='ltr'><strong>secun-</strong></span> 
     </span>
     <span class='ocr_line' id='line_1_93' title="bbox 1938 4709 3469 4789; baseline 0.004 -18"><span class='ocrx_word' id='word_1_573' title='bbox 1938 4711 2087 4771; x_wconf 91' lang='lat' dir='ltr'><strong>dum</strong></span> <span class='ocrx_word' id='word_1_574' title='bbox 2135 4711 2340 4789; x_wconf 89' lang='lat' dir='ltr'><strong>legem</strong></span> <span class='ocrx_word' id='word_1_575' title='bbox 2371 4709 2699 4788; x_wconf 88' lang='lat' dir='ltr'><strong>scriptam;</strong></span> <span class='ocrx_word' id='word_1_576' title='bbox 2756 4711 2903 4788; x_wconf 89' lang='lat' dir='ltr'><strong>quia</strong></span> <span class='ocrx_word' id='word_1_577' title='bbox 2948 4712 3234 4774; x_wconf 89' lang='lat' dir='ltr'><strong>subditus</strong></span> <span class='ocrx_word' id='word_1_578' title='bbox 3278 4715 3469 4777; x_wconf 87' lang='lat' dir='ltr'><strong>habet</strong></span> 
     </span>
     <span class='ocr_line' id='line_1_94' title="bbox 1930 4803 3461 4883; baseline 0.003 -18"><span class='ocrx_word' id='word_1_579' title='bbox 1930 4803 2036 4883; x_wconf 86' lang='lat' dir='ltr'><strong>jus</strong></span> <span class='ocrx_word' id='word_1_580' title='bbox 2064 4823 2139 4864; x_wconf 82' lang='lat' dir='ltr'><strong>ex</strong></span> <span class='ocrx_word' id='word_1_581' title='bbox 2166 4804 2305 4883; x_wconf 90' lang='lat' dir='ltr'><strong>lege</strong></span> <span class='ocrx_word' id='word_1_582' title='bbox 2336 4803 2414 4863; x_wconf 91' lang='lat' dir='ltr'><strong>ad</strong></span> <span class='ocrx_word' id='word_1_583' title='bbox 2445 4821 2579 4863; x_wconf 91' lang='lat' dir='ltr'><strong>rem</strong></span> <span class='ocrx_word' id='word_1_584' title='bbox 2610 4822 2798 4882; x_wconf 89' lang='lat' dir='ltr'><strong>quam</strong></span> <span class='ocrx_word' id='word_1_585' title='bbox 2828 4805 2983 4883; x_wconf 87' lang='lat' dir='ltr'><strong>petit</strong></span> <span class='ocrx_word' id='word_1_586' title='bbox 3011 4806 3107 4865; x_wconf 82' lang='lat' dir='ltr'><strong>vel</strong></span> <span class='ocrx_word' id='word_1_587' title='bbox 3137 4806 3416 4871; x_wconf 81' lang='lat' dir='ltr'><strong>defendit</strong></span> <span class='ocrx_word' id='word_1_588' title='bbox 3449 4830 3461 4870; x_wconf 92' lang='lat'>:</span> 
     </span>
     <span class='ocr_line' id='line_1_95' title="bbox 1936 4897 3460 4980; baseline 0.005 -24"><span class='ocrx_word' id='word_1_589' title='bbox 1936 4915 2059 4956; x_wconf 91' lang='lat' dir='ltr'><strong>non</strong></span> <span class='ocrx_word' id='word_1_590' title='bbox 2093 4901 2296 4974; x_wconf 87' lang='lat' dir='ltr'><strong>potest</strong></span> <span class='ocrx_word' id='word_1_591' title='bbox 2324 4913 2474 4975; x_wconf 87' lang='lat' dir='ltr'><strong>ergo</strong></span> <span class='ocrx_word' id='word_1_592' title='bbox 2505 4915 2542 4956; x_wconf 88' lang='lat' dir='ltr'><strong>a</strong></span> <span class='ocrx_word' id='word_1_593' title='bbox 2572 4897 2852 4976; x_wconf 87' lang='lat' dir='ltr'><strong>principe</strong></span> <span class='ocrx_word' id='word_1_594' title='bbox 2895 4897 3125 4975; x_wconf 86' lang='lat' dir='ltr'><strong>privari</strong></span> <span class='ocrx_word' id='word_1_595' title='bbox 3159 4919 3271 4961; x_wconf 88' lang='lat' dir='ltr'><strong>suo</strong></span> <span class='ocrx_word' id='word_1_596' title='bbox 3294 4900 3460 4980; x_wconf 86' lang='lat' dir='ltr'><strong>jure.</strong></span> 
     </span>
     <span class='ocr_line' id='line_1_96' title="bbox 1933 4988 3463 5073; baseline 0.003 -23"><span class='ocrx_word' id='word_1_597' title='bbox 1933 4988 2291 5067; x_wconf 86' lang='lat' dir='ltr'><strong>Aliquando</strong></span> <span class='ocrx_word' id='word_1_598' title='bbox 2321 4992 2529 5049; x_wconf 86' lang='lat' dir='ltr'><strong>tamen</strong></span> <span class='ocrx_word' id='word_1_599' title='bbox 2562 4993 2774 5067; x_wconf 84' lang='lat' dir='ltr'><strong>posset</strong></span> <span class='ocrx_word' id='word_1_600' title='bbox 2802 4990 3052 5050; x_wconf 89' lang='lat' dir='ltr'><strong>evenire</strong></span> <span class='ocrx_word' id='word_1_601' title='bbox 3083 5009 3286 5069; x_wconf 84' lang='lat' dir='ltr'><strong>casus,</strong></span> <span class='ocrx_word' id='word_1_602' title='bbox 3340 5012 3463 5073; x_wconf 89' lang='lat' dir='ltr'><strong>quo</strong></span> 
     </span>
     <span class='ocr_line' id='line_1_97' title="bbox 1933 5080 3465 5163; baseline 0.005 -24"><span class='ocrx_word' id='word_1_603' title='bbox 1933 5082 2225 5160; x_wconf 87' lang='lat' dir='ltr'><strong>princeps</strong></span> <span class='ocrx_word' id='word_1_604' title='bbox 2255 5084 2463 5159; x_wconf 86' lang='lat' dir='ltr'><strong>posset</strong></span> <span class='ocrx_word' id='word_1_605' title='bbox 2492 5099 2616 5141; x_wconf 89' lang='lat' dir='ltr'><strong>non</strong></span> <span class='ocrx_word' id='word_1_606' title='bbox 2638 5080 2983 5142; x_wconf 88' lang='lat' dir='ltr'><strong>secundum</strong></span> <span class='ocrx_word' id='word_1_607' title='bbox 3014 5082 3183 5161; x_wconf 88' lang='lat' dir='ltr'><strong>leges</strong></span> <span class='ocrx_word' id='word_1_608' title='bbox 3203 5085 3465 5163; x_wconf 85' lang='lat' dir='ltr'><strong>scriptas</strong></span> 
     </span>
     <span class='ocr_line' id='line_1_98' title="bbox 1924 5173 3463 5253; baseline 0.005 -21"><span class='ocrx_word' id='word_1_609' title='bbox 1924 5173 2243 5252; x_wconf 85' lang='lat' dir='ltr'><strong>judicare;</strong></span> <span class='ocrx_word' id='word_1_610' title='bbox 2269 5173 2416 5252; x_wconf 90' lang='lat' dir='ltr'><strong>quia</strong></span> <span class='ocrx_word' id='word_1_611' title='bbox 2437 5173 2597 5234; x_wconf 86' lang='lat' dir='ltr'><strong>sicut</strong></span> <span class='ocrx_word' id='word_1_612' title='bbox 2613 5178 2820 5253; x_wconf 85' lang='lat' dir='ltr'><strong>potest</strong></span> <span class='ocrx_word' id='word_1_613' title='bbox 2837 5178 3094 5252; x_wconf 87' lang='lat' dir='ltr'><strong>propter</strong></span> <span class='ocrx_word' id='word_1_614' title='bbox 3117 5175 3463 5239; x_wconf 88' lang='lat' dir='ltr'><strong>dominium</strong></span> 
     </span>
     <span class='ocr_line' id='line_1_99' title="bbox 1931 5265 3464 5348; baseline 0.005 -22"><span class='ocrx_word' id='word_1_615' title='bbox 1931 5267 2128 5327; x_wconf 90' lang='lat' dir='ltr'><strong>altum</strong></span> <span class='ocrx_word' id='word_1_616' title='bbox 2178 5266 2346 5345; x_wconf 87' lang='lat' dir='ltr'><strong>quod</strong></span> <span class='ocrx_word' id='word_1_617' title='bbox 2378 5265 2588 5342; x_wconf 88' lang='lat' dir='ltr'><strong>habet,</strong></span> <span class='ocrx_word' id='word_1_618' title='bbox 2639 5267 2883 5327; x_wconf 84' lang='lat' dir='ltr'><strong>auferre</strong></span> <span class='ocrx_word' id='word_1_619' title='bbox 2931 5267 3268 5348; x_wconf 90' lang='lat' dir='ltr'><strong>aliquando</strong></span> <span class='ocrx_word' id='word_1_620' title='bbox 3298 5271 3464 5333; x_wconf 90' lang='lat' dir='ltr'><strong>bona</strong></span> 
     </span>
     <span class='ocr_line' id='line_1_100' title="bbox 1929 5359 3463 5439; baseline 0.004 -19"><span class='ocrx_word' id='word_1_621' title='bbox 1929 5361 2115 5420; x_wconf 86' lang='lat' dir='ltr'><strong>unius</strong></span> <span class='ocrx_word' id='word_1_622' title='bbox 2146 5359 2400 5435; x_wconf 86' lang='lat' dir='ltr'><strong>subditi,</strong></span> <span class='ocrx_word' id='word_1_623' title='bbox 2451 5364 2514 5421; x_wconf 88' lang='lat' dir='ltr'><strong>et</strong></span> <span class='ocrx_word' id='word_1_624' title='bbox 2541 5359 2693 5420; x_wconf 85' lang='lat' dir='ltr'><strong>dare</strong></span> <span class='ocrx_word' id='word_1_625' title='bbox 2736 5360 2917 5420; x_wconf 87' lang='lat' dir='ltr'><strong>alteri</strong></span> <span class='ocrx_word' id='word_1_626' title='bbox 2945 5366 3201 5439; x_wconf 89' lang='lat' dir='ltr'><strong>propter</strong></span> <span class='ocrx_word' id='word_1_627' title='bbox 3227 5363 3463 5425; x_wconf 88' lang='lat' dir='ltr'><strong>bouum</strong></span> 
     </span>
     <span class='ocr_line' id='line_1_101' title="bbox 1930 5452 3467 5536; baseline 0.003 -22"><span class='ocrx_word' id='word_1_628' title='bbox 1930 5471 2297 5514; x_wconf 86' lang='lat' dir='ltr'><strong>commune:</strong></span> <span class='ocrx_word' id='word_1_629' title='bbox 2357 5452 2445 5513; x_wconf 89' lang='lat' dir='ltr'><strong>ita</strong></span> <span class='ocrx_word' id='word_1_630' title='bbox 2491 5457 2749 5531; x_wconf 87' lang='lat' dir='ltr'><strong>propter</strong></span> <span class='ocrx_word' id='word_1_631' title='bbox 2794 5452 2964 5513; x_wconf 89' lang='lat' dir='ltr'><strong>idem</strong></span> <span class='ocrx_word' id='word_1_632' title='bbox 2990 5452 3228 5516; x_wconf 87' lang='lat' dir='ltr'><strong>bonum</strong></span> <span class='ocrx_word' id='word_1_633' title='bbox 3256 5461 3467 5536; x_wconf 89' lang='lat' dir='ltr'><strong>posset</strong></span> 
     </span>
    </p>

    <p class='ocr_par' dir='ltr' id='par_1_19' title="bbox 3064 5552 3140 5609">
     <span class='ocr_line' id='line_1_102' title="bbox 3064 5552 3140 5609; baseline 0.013 -1"><span class='ocrx_word' id='word_1_634' title='bbox 3064 5552 3140 5609; x_wconf 75' lang='lat'><strong>45</strong></span> 
     </span>
    </p>
   </div>
   <div class='ocr_carea' id='block_1_16' title="bbox 3564 1828 3806 1869">
    <p class='ocr_par' dir='ltr' id='par_1_20' title="bbox 3564 1828 3806 1869">
     <span class='ocr_line' id='line_1_103' title="bbox 3564 1828 3806 1869; baseline 0.004 -12"><span class='ocrx_word' id='word_1_635' title='bbox 3564 1828 3609 1857; x_wconf 85' lang='lat' dir='ltr'><strong>re</strong></span> <span class='ocrx_word' id='word_1_636' title='bbox 3627 1828 3806 1869; x_wconf 62' lang='lat' dir='ltr'><strong>poenam.</strong></span> 
     </span>
    </p>
   </div>
  </div>
 </body>
</html>
