4263 6376
1146 321 1627 385 DlSPU'l'ATIO
1670 324 1917 404 XXXII,
1966 329 2240 394 sEc'rlo
2286 336 2359 398 11.
3205 357 3318 415 541

788 786 843 864 ς.
880 787 1058 849 Unic.

205 1043 475 1122 Quomodo,
497 1054 552 1105 et
577 1046 810 1126 quondo
838 1049 1013 1109 vendi
1028 1051 1219 1132 possit
1240 1054 1456 1150 piqnus
1484 1057 1564 1118 ad
1589 1077 1681 1120 re-

592 1153 985 1234 cuper-andum
1013 1157 1264 1220 debitum

263 1407 337 1466 De
362 1405 469 1466 hoc
494 1405 792 1468 latissime
835 1411 1070 1471 Molina
1121 1413 1353 1494 disput.
1389 1420 1536 1480 538.
1570 1438 1683 1482 nos

196 1496 448 1575 breviter,
462 1517 599 1577 quae
615 1501 816 1579 magis
846 1506 1198 1567 necessaria
1215 1513 1359 1571 sunt
1377 1511 1457 1571 ad
1478 1512 1682 1574 forum

196 1591 581 1668 conscientiae,
633 1594 1070 1659 indicabimus.
1105 1602 1194 1660 De
1242 1607 1424 1680 pacto
1473 1609 1681 1667 autem

195 1683 321 1760 legis
346 1687 777 1747 commissoriae
802 1735 818 1764 ,
856 1695 919 1751 et
957 1694 1273 1769 quomodo
1304 1696 1368 1757 id
1397 1699 1679 1776 prohibi-

194 1782 300 1836 tum
325 1777 414 1852 sit,
445 1777 712 1840 diximus
737 1781 875 1842 loco
891 1802 1080 1863 supra
1101 1787 1287 1850 citato
1315 1809 1328 1850 :
1356 1790 1463 1851 ubi
1490 1793 1680 1853 etiam

193 1869 440 1946 diximuS,
472 1871 640 1950 quod
669 1872 814 1935 licet
834 1894 957 1935 non
972 1877 1178 1940 valeat
1203 1887 1476 1960 pactum,
1512 1885 1681 1965 quod

191 1961 429 2022 debitore
465 1964 732 2026 termino
779 1969 1035 2045 praefixo
1075 1990 1199 2032 non
1248 1975 1561 2052 solvente,
1594 1979 1681 2056 pi-

189 2073 321 2132 gnus
378 2062 625 2119 maneat
680 2060 1002 2122 venditum
1070 2065 1360 2128 creditori
1404 2089 1518 2148 pro
1568 2071 1679 2131 de-

188 2147 311 2219 bito,
339 2148 428 2208 vel
456 2167 568 2227 pro
603 2155 771 2213 certo
802 2154 1023 2231 preti0‚
1058 2156 1291 2219 valebit
1325 2164 1533 2223 tamen
1563 2183 1675 2243 pa-

187 2243 325 2299 ctum
362 2242 522 2320 quod
567 2243 795 2322 pignus
840 2254 1094 2311 maneat
1137 2253 1499 2331 venditum,
1552 2276 1675 2318 non

185 2349 276 2409 pro
302 2331 495 2394 debito
520 2335 635 2395 sed
665 2355 779 2397 nec
824 2357 937 2417 pro
984 2343 1183 2420 pretio
1232 2345 1438 2425 aliquo
1471 2349 1675 2411 deter-

184 2424 402 2502 minato,
432 2427 541 2488 sed
572 2446 687 2507 pro
716 2432 917 2509 pretio
957 2434 1129 2513 justo
1151 2482 1166 2513 ,
1222 2439 1482 2501 arbitrio
1525 2442 1673 2504 boni

184 2535 294 2577 v1r1.

242 2610 481 2672 Licitum
511 2619 610 2675 est
637 2618 846 2677 autem
875 2622 1148 2698 pactum,
1184 2627 1252 2685 ut
1272 2625 1555 2687 debitore
1578 2628 1673 2689 in-

183 2705 257 2762 tra
282 2705 455 2765 talem
481 2709 821 2769 terminum
865 2731 988 2771 non
1030 2715 1347 2794 solvente,
1402 2721 1674 2783 creditor

183 2796 341 2871 possit
364 2798 590 2877 pignus
619 2801 913 2878 vendere,
948 2811 1017 2865 ut
1046 2825 1119 2865 ex
1141 2811 1339 2886 pretio
1362 2813 1477 2873 sibi
1497 2814 1671 2875 satis-

183 2886 336 2951 faciat
359 2910 466 2968 pro
499 2893 739 2970 debite,
775 2900 837 2955 et
873 2896 925 2956 si
954 2899 1103 2976 quid
1136 2910 1419 2981 superest
1445 2907 1672 2971 reddat

183 2980 423 3044 debitori.
458 2987 725 3066 Semper
751 2992 964 3049 tamen
993 2997 1464 3074 praerequiritur
1493 3000 1671 3061 debi-

183 3077 343 3135 torem
370 3096 499 3139 esse
529 3079 597 3139 in
626 3098 804 3141 mora
834 3083 1158 3162 solvendi,
1191 3093 1254 3149 et
1280 3094 1670 3155 transactum

184 3184 285 3227 esse
311 3170 643 3233 terminum
667 3220 682 3250 ,
714 3172 779 3233 in
811 3193 933 3256 quo
966 3176 1099 3239 dies
1126 3181 1370 3243 termini
1406 3204 1530 3247 non
1560 3187 1670 3249 de-

183 3264 259 3322 bet
282 3266 623 3343 computari
647 3313 663 3344 ,
709 3285 852 3328 cum
881 3270 961 3331 sit
988 3274 1247 3334 materia
1278 3277 1497 3340 odiosa
1525 3300 1668 3342 cou-

183 3371 248 3413 ra
274 3355 610 3419 debitorem
640 3362 747 3439 qui
774 3361 979 3441 legem
1010 3365 1127 3425 sibi
1158 3367 1350 3446 dixit,
1404 3376 1465 3433 et
1512 3392 1667 3452 prae-

183 3447 401 3510 mmitur
426 3450 507 3510 ad
533 3452 866 3514 minimum
897 3475 1031 3517 sese
1062 3459 1342 3539 obligare
1372 3465 1639 3529 voluisse

183 3544 219 3598 et
248 3540 544 3622 colligitur
603 3565 677 3605 ex
732 3547 773 3607 1.
825 3547 973 3609 Cum
1026 3551 1332 3628 solvendae,
1382 3558 1445 3618 ff.
1483 3557 1553 3618 de
1577 3559 1668 3620 di-

183 3640 336 3694 ’tract
362 3636 599 3716 piqnor.
634 3640 859 3719 Elapso
891 3647 1102 3704 autem
1131 3648 1419 3726 termino,
1455 3669 1668 3713 cense-

190 3742 249 3782 ur
272 3743 397 3787 esse
441 3728 505 3788 in
547 3749 763 3809 mora,
810 3734 997 3795 etiam
1038 3738 1343 3801 creditore
1390 3760 1514 3803 non
1562 3764 1665 3824 pe-

186 3822 343 3896 ente,
376 3822 523 3901 quia
552 3824 689 3885 dies
716 3844 831 3904 pro
862 3829 1170 3892 creditore
1199 3831 1584 3915 interpellat,
1617 3838 1659 3902 l.

183 3909 432 3990 nuquam,
463 3918 531 3978 C.
566 3916 638 3977 de
664 3919 1074 3999 contrahenda,
1099 3930 1153 3983 et
1177 3927 1429 3992 commit.
1458 3931 1659 4012 stzpul.

183 4003 217 4062 3i
244 4010 437 4068 tamen
466 4009 604 4071 dies
634 4029 759 4072 non
788 4013 904 4074 fuit
930 4018 1352 4096 praescriptus,
1374 4040 1554 4083 mora
1574 4024 1663 4085 in-

184 4095 307 4175 ipit,
335 4102 588 4179 quando
618 4104 827 4183 elapso
856 4107 1210 4171 rationabili
1239 4116 1541 4193 tempore,
1573 4118 1665 4178 in-

183 4192 492 4268 erpellatur
521 4215 560 4256 a
590 4198 899 4260 creditore
922 4246 938 4276 ‚
971 4201 1013 4262 1.
1063 4202 1141 4263 Si
1163 4222 1237 4263 ex
1260 4205 1441 4285 leqati
1463 4228 1656 4287 eausa,

183 4284 210 4343 l.
252 4284 316 4344 de
354 4287 513 4350 verb.
567 4288 743 4371 obliy.
794 4294 883 4353 De
928 4292 1064 4372 jure
1111 4314 1261 4375 ergo
1319 4303 1656 4381 communi,

183 4379 521 4443 ·raecedente
551 4401 627 4444 eo
669 4389 853 4464 pacto
876 4432 891 4463 ,
940 4388 1213 4450 creditor
1255 4393 1524 4455 vendere
1554 4415 1661 4475 po-

183 4475 255 4530 est
278 4472 497 4552 pignus
528 4477 740 4557 elapso
769 4480 1058 4557 termino,
1093 4482 1202 4543 sed
1227 4483 1393 4545 bona
1419 4487 1565 4564 fide,
1600 4495 1661 4552 et

190 4580 258 4622 uo
285 4565 503 4646 maJori
531 4570 736 4648 pretio
766 4573 1040 4650 potuerit
1063 4621 1079 4652 ,
1112 4580 1301 4656 atque
1349 4578 1489 4641 ideo
1517 4582 1660 4642 sub-

189 4658 499 4737 astatione,
533 4662 576 4723 l.
614 4663 725 4724 ult.
760 4666 826 4726 C.
861 4663 932 4725 de
962 4665 1111 4746 jure
1137 4668 1289 4731 dom.
1325 4671 1556 4752 impetr.
1594 4675 1660 4737 Si

184 4765 334 4810 unen
362 4753 613 4816 debitor
647 4755 912 4820 voluerit
957 4760 1088 4838 ipse
1125 4763 1398 4825 vendere
1423 4811 1438 4840 ,
1489 4771 1551 4828 et
1578 4768 1659 4828 ad

186 4859 249 4901 oc
273 4850 440 4922 petat
466 4848 590 4908 sibi
617 4849 844 4929 pignus
873 4854 1138 4931 ostendi,
1173 4855 1360 4920 debet
1387 4860 1660 4922 creditor

183 4938 494 5017 onsentire,
531 4947 793 5021 accepta
818 4945 991 5023 prius
1019 4947 1306 5011 cautione
1327 4996 1342 5026 ,
1377 4952 1474 5012 vel
1502 4952 1658 5015 fide·

183 5033 384 5092 issoria
410 5033 513 5094 vel
553 5036 806 5097 alterius
833 5038 1133 5118 pignoris.

215 5123 273 5183 Si
301 5144 421 5187 non
452 5130 775 5206 praecessit
803 5130 922 5191 hoe
952 5137 1237 5211 pactum,
1275 5155 1389 5197 nec
1419 5141 1654 5202 mentio

183 5217 433 5281 endendi
462 5222 746 5300 pignoris
783 5224 952 5286 facta
996 5226 1150 5305 fuit,
1200 5234 1403 5308 potest
1448 5233 1656 5295 adhuc

183 5310 393 5372 reditor
418 5314 575 5375 illud
621 5317 931 5395 vendere,
981 5324 1044 5381 et
1084 5321 1339 5400 quidem
1386 5325 1464 5385 de
1511 5327 1654 5405 jure

188 5401 521 5480 igestorum
546 5453 562 5484 ,
596 5410 767 5470 nulla
805 5412 1129 5490 praemissa
1158 5415 1649 5498 denuntiatione,

203 5494 275 5555 Si
298 5502 648 5579 convenerit,
682 5520 724 5564 1.
762 5504 823 5564 ff.
857 5502 928 5564 de
964 5505 1246 5586 piqnorat
1284 5510 1544 5587 actione,·
1572 5512 1651 5573 de

1782 500 1924 581 jure
1951 508 2162 567 tamen
2222 511 2454 573 codicis
2509 515 2783 579 novioris
2823 524 3164 602 requiritur
3200 548 3324 590 una

1790 593 2176 662 denuntiatio
2201 648 2216 678 ,
2269 607 2333 664 et
2357 611 2499 683 post
2542 606 2712 670 illam
2743 620 3201 692 expectandum
3230 627 3326 683 est

1786 686 2131 768 biennium,
2167 699 2503 775 antequam
2530 701 2755 780 pignus
2785 708 3045 787 vendat,
3081 719 3151 775 ut
3179 733 3322 775 con-

1786 784 1994 842 statex
2018 784 2186 846 dicta
2206 788 2246 849 l.
2266 790 2374 851 ult.
2394 791 2504 851 Sin
2525 804 2714 856 autem
2736 799 2938 876 nulla,·
2965 807 3130 883 quod
3155 826 3322 868 com-

1786 876 2136 949 putandum
2166 884 2260 941 est
2286 899 2325 942 a
2361 883 2460 943 die
2490 885 2669 948 factae
2701 890 3223 977 denuntiationis,
3268 902 3321 962 si

1786 963 2068 1028 debitum
2097 978 2233 1033 erat
2258 974 2563 1054 liquidum
2587 1025 2602 1054 ‚
2637 982 2913 1064 alioquin
2943 1007 2982 1049 a
3011 993 3320 1054 sententia

1777 1057 2009 1135 judicis
2038 1061 2116 1122 de
2146 1064 2356 1127 debito
2387 1069 2710 1134 solvendo.
2746 1078 2876 1139 Imo
2899 1081 3043 1144 licet
3065 1090 3319 1162 pactum

1784 1148 1990 1225 fuerit,
2026 1157 2196 1232 quod
2225 1160 2500 1222 creditor
2528 1183 2650 1225 nou
2682 1171 2876 1246 possit
2904 1175 3131 1254 pignus
3165 1199 3318 1240 ven-

1785 1241 1956 1320 dere,
1993 1248 2267 1310 validum
2296 1271 2420 1314 non
2448 1261 2561 1333 est,
2595 1277 2738 1320 cum
2767 1265 3062 1330 redderet
3090 1270 3317 1349 pignus

1785 1333 2022 1414 inutile,
2056 1341 2166 1400 sed
2197 1347 2406 1405 tamen
2437 1355 2735 1426 operatur
2762 1358 2931 1434 quod
2958 1365 3319 1441 requiratur

1782 1429 1933 1489 tunc
1958 1430 2122 1492 trina
2153 1434 2562 1517 denuntiatiO,
2605 1450 2674 1505 ut
2699 1448 3016 1528 colligitur
3042 1474 3115 1514 ex
3150 1457 3314 1520 dicta

1781 1519 1822 1581 1.
1844 1519 2274 1588 Siconvenerit.
2296 1531 2372 1592 Et
2399 1532 2588 1597 debet
2604 1538 2682 1597 ad
2705 1539 3033 1605 minimum
3053 1548 3317 1612 interce-

1692 1680 1703 1693 ·
1782 1612 1931 1673 dere
1953 1616 2231 1679 triduum
2259 1622 2422 1683 inter
2450 1645 2639 1688 unam
2670 1638 2732 1693 et
2756 1634 2943 1695 aliam
2984 1639 3316 1703 denuntia-

1781 1705 2036 1785 tionem,
2054 1714 2116 1771 et
2143 1719 2285 1792 post
2310 1715 2446 1777 illas
2477 1720 2747 1801 incipere
2777 1728 2967 1792 debet
2992 1732 3312 1796 biennium

1780 1801 2232 1877 supradictum.
2285 1810 2354 1868 In
2384 1829 2779 1896 quocumque
2825 1827 3036 1884 autem
3085 1834 3312 1890 eventu

1779 1891 2215 1957 admonendus
2245 1906 2339 1961 est
2366 1903 2645 1984 debitor,
2695 1916 2764 1973 ιιι
2808 1915 3057 1980 assistat
3084 1920 3133 1981 si
3165 1922 3314 1984 velit

1776 1985 2144 2065 venditioni,
2179 2010 2256 2051 ne
2285 2000 2502 2071 postea
2530 2002 2880 2081 suspicetur
2898 2008 3208 2091 fraudem,
3243 2021 3313 2078 ut

1777 2078 2090 2157 colligitur
2104 2101 2180 2142 ex
2209 2085 2250 2145 l.
2289 2085 2561 2151 Crede‘tor
2605 2094 2985 2179 hypothecas,
3019 2106 3086 2167 C.
3129 2105 3200 2166 de
3225 2127 3312 2169 re-

1776 2170 1933 2231 miss.
1956 2173 2201 2252 pz'qnor.
2237 2179 2368 2240 Hoc
2398 2186 2607 2245 tamen
2625 2187 2947 2254 biennium
2968 2215 3090 2258 non
3106 2201 3310 2279 requi-

1774 2263 1935 2324 ritur
1961 2266 2039 2325 ad
2072 2270 2495 2335 venditionem
2526 2280 2803 2358 pignoris
2824 2286 3163 2369 judicialiS,
3199 2312 3307 2354 seu

1775 2356 1943 2432 quod
1965 2356 2198 2435 judicis
2220 2362 2398 2441 jussu
2430 2372 2675 2447 capitur
2703 2376 2781 2435 ad
2799 2379 3174 2444 solutionem
3204 2386 3308 2446 de-

1772 2446 1919 2523 biti;
1952 2454 2101 2512 tunc
2150 2456 2316 2515 enim
2346 2477 2382 2516 a
2426 2460 2527 2522 die
2576 2469 2899 2532 sententiae
2946 2482 3312 2555 expectatur

1771 2559 1885 2619 per
1911 2550 2181 2621 quatuor
2209 2567 2458 2612 menses
2505 2562 2844 2638 antequam
2893 2567 3157 2645 pignora
3204 2592 3308 2634 ca-

1770 2632 2041 2710 piantur,
2077 2639 2180 2716 qui
2211 2643 2513 2706 terminus
2543 2667 2578 2707 a
2602 2649 2816 2728 judice
2846 2661 3076 2734 poterit
3104 2683 3176 2723 ex
3200 2665 3307 2744 ju-

1772 2728 1867 2785 sta
1896 2743 2084 2788 causa
2111 2737 2461 2812 prorogari,
2496 2740 2593 2801 vel
2622 2750 2883 2822 arctari,
2932 2752 2972 2812 l.
3009 2770 3076 2815 11.
3113 2763 3176 2819 et
3203 2775 3297 2822 111.

1772 2818 1835 2878 C.
1853 2816 1923 2878 de
1943 2823 2134 2883 usuris
2161 2827 2568 2909 reijude'catoe,
2593 2839 2654 2896 et
2680 2856 2817 2917 cap.
2850 2842 3057 2917 Quoad
3080 2860 3304 2914 consul·

1769 2911 2061 2990 tationem,
2097 2914 2169 2977 de
2190 2923 2467 2982 sententia
2494 2935 2550 2986 et
2575 2947 2639 2988 re
2642 2930 2939 3008 judicata.
2957 2941 3103 3003 Post
3121 2950 3303 3024 capta

1768 3021 1917 3065 vero
1949 3006 2212 3084 pignora
2231 3015 2455 3077 transit
2482 3018 2776 3084 bimestre
2797 3072 2812 3103 ,
2848 3035 3183 3114 antequam
3211 3040 3304 3099 ul·
3400 3107 3403 3110 ,

1765 3095 1921 3157 timo
1950 3101 2325 3182 vendantur,
2359 3107 2400 3168 l.
2437 3109 2829 3197 Debitoribus,
2865 3124 2928 3185 ff.
2962 3125 3032 3186 de
3056 3149 3122 3190 re
3132 3132 3304 3211 judi-

1766 3198 1916 3251 cota.
1977 3194 2249 3272 Legibus
2304 3204 2514 3264 tamen
2572 3214 2841 3289 propriis
2911 3218 3302 3287 diversorum

1764 3301 2103 3362 regnorum
2160 3290 2281 3352 hoc
2326 3298 2572 3375 tempus
2629 3303 2877 3369 brevius
2932 3330 3071 3381 esse,
3121 3320 3298 3386 solet.

1764 3376 2079 3441 Admonet
2118 3388 2328 3445 autem
2369 3389 2600 3453 Molina
2640 3397 2745 3458 ubi
2791 3420 2981 3483 supra
3020 3409 3077 3487 §.
3118 3410 3200 3472 Ut
3225 3414 3307 3474 ad

1646 3514 1662 3545 ,
1753 3470 1994 3549 pzynus,
2027 3492 2172 3535 cum
2203 3480 2500 3558 Gregorio
2529 3487 2735 3567 Lopez
2780 3498 2843 3555 et
2882 3497 3019 3559 aliis
3047 3547 3062 3577 ,
3115 3522 3298 3582 posse

1765 3563 2141 3627 creditorem
2169 3570 2469 3635 reducere
2484 3576 2805 3644 biennium
2827 3591 3195 3666 praedictum
3219 3599 3298 3659 ad

1765 3656 2221 3734 quadrimestre
2245 3709 2261 3739 ,
2294 3667 2393 3726 vel
2423 3678 2720 3736 semestre
2743 3722 2758 3752 ,
2810 3688 3186 3749 recurrendo
3216 3691 3297 3751 ad

1756 3746 2035 3827 judicem
2063 3798 2077 3826 ,
2128 3758 2190 3814 et
2239 3765 2663 3826 convertendo
2709 3769 2937 3848 pignus
2967 3776 3118 3839 illud
3145 3800 3298 3843 con-

1762 3840 2118 3904 ventionale
2161 3846 2222 3905 in
2256 3847 2593 3932 judiciale,
2637 3863 2908 3937 petendo
2956 3873 3024 3931 ιιι
3063 3874 3295 3949 judicis

1763 3935 2133 3997 auctoritate
2164 3941 2450 4019 capiatur
2468 3951 2532 4008 et
2559 3952 2888 4019 vendatur.
3418 4031 3428 4041 ,

1843 4028 1908 4089 Si
1954 4047 2077 4090 non
2133 4032 2518 4116 inveniatur,
2571 4044 2678 4122 qui
2723 4046 2966 4126 justum
3022 4060 3291 4135 pretium
3438 4079 3517 4139 38

1759 4120 1980 4181 saltem
2009 4122 2296 4187 infimum
2323 4133 2547 4195 offerat
2588 4155 2698 4215 pro
2745 4142 3046 4227 pignore,
3094 4152 3288 4232 judex
3405 4204 3446 4246 Ἡ
3507 4204 3518 4216 -

1760 4215 2047 4277 concedit
2071 4218 2434 4285 facultatem
2463 4228 2795 4311 creditori,
2832 4242 2900 4300 ιιι
2924 4240 3057 4320 ipse
3086 4265 3199 4324 per
3223 4269 3291 4311 se
3342 4205 3637 4301 Qffivssniz‘grm

1758 4306 1859 4365 vel
1888 4325 2000 4384 per
2028 4310 2219 4372 alium
2263 4318 2534 4395 pretium
2564 4324 2786 4389 offerat
2830 4330 2998 4409 (sine
3042 4358 3166 4418 qua
3199 4343 3292 4404 fa·
3404 4317 3580 4367 ‘'mm''

1759 4398 1989 4460 cultate
2032 4402 2095 4462 id
2144 4424 2268 4467 non
2315 4412 2564 4493 posset)
2621 4418 2674 4477 si
2714 4439 2863 4484 vero
2912 4445 3115 4509 neque
3158 4435 3290 4514 ipse

1756 4494 2083 4571 perveniat
2118 4499 2199 4558 ad
2245 4505 2515 4580 pretium
2562 4508 2845 4576 infimum
2891 4518 3130 4597 justum
3174 4530 3290 4591 sub

1757 4584 1861 4646 illo
1890 4588 2202 4651 vendendi
2231 4596 2421 4658 modo
2446 4644 2461 4673 ,
2487 4601 2683 4677 judex
2716 4608 3035 4687 adjudicet
3061 4617 3149 4679 illi
3176 4640 3288 4700 pro

1756 4678 1955 4756 pretio
1986 4680 2224 4763 infim0‚
2260 4690 2428 4766 quod
2459 4693 2508 4751 si
2550 4693 2609 4754 id
2657 4701 2951 4765 creditori
2982 4726 3106 4770 non
3152 4715 3286 4792 pla·

1758 4772 1977 4849 cuerit,
2023 4773 2218 4853 judex
2248 4780 2476 4844 timens
2505 4804 2582 4846 ne
2613 4789 2913 4857 debitoris
2943 4800 3127 4882 culpa
3150 4805 3283 4886 fiat,

1757 4863 1927 4942 quod
1955 4884 2138 4928 nemo
2180 4873 2413 4937 audeat
2450 4881 2720 4956 pretium
2754 4885 2994 4964 justum
3038 4896 3284 4978 offerre,

1758 4955 2078 5036 adjudicat
2104 4965 2396 5028 creditori
2427 4989 2542 5049 pro
2573 4974 2805 5056 debito,
2833 4981 2980 5045 data
2994 4986 3287 5054 facultate

1755 5048 2045 5129 debitori,
2082 5060 2150 5116 ιιι
2179 5057 2340 5120 intra
2368 5062 2713 5146 biennium,
2747 5074 2949 5137 soluto
2984 5078 3194 5144 debito
3224 5091 3287 5149 et

1755 5141 2002 5205 damnis
2030 5150 2316 5212 omnibus
2347 5156 2717 5239 subsecutis,
2742 5169 2938 5244 possit
2957 5171 3106 5233 illud
3127 5179 3286 5239 redi-

1755 5253 1957 5298 mere:
1984 5239 2197 5303 sivero
2229 5246 2398 5308 nulla
2426 5249 2762 5318 intervenit
2781 5261 2878 5319 cul
2885 5281 2966 5339 pa
2986 5264 3283 5333 debitoris

1755 5332 1825 5389 ut
1850 5336 2162 5408 emptores
2191 5355 2314 5398 non
2345 5340 2762 5424 inveniantur,
2808 5353 3035 5431 pignus
3081 5355 3285 5424 credi-

1753 5421 1871 5483 tori
1902 5426 2297 5490 retinendum
2327 5451 2439 5510 pro
2463 5436 2914 5517 debito,douec
2930 5448 3285 5518 inveniatur

1752 5515 1858 5594 qui
1880 5515 2121 5598 justum
2151 5525 2422 5600 pretium
2451 5531 2692 5596 offerat.
2726 5536 3063 5607 ItaMolina
3078 5544 3280 5630 magis
