4263 6376
412 534 623 597 Tyrannus
655 548 705 579 an

425 588 536 631 licite
555 594 694 633 utatur

407 642 705 697 iurisdictione.

754 341 870 401 682

754 514 944 577 tacito
974 528 1282 578 consensu
1309 517 1689 598 reipublicae,
1723 535 1864 598 quae
1921 516 1985 578 id
2034 536 2159 580 non
2189 536 2284 579 so·

754 608 887 668 lum
914 609 1238 687 permittit,
1275 610 1386 671 sed
1416 611 1552 672 vult
1580 612 1715 672 fleri
1754 611 1833 672 ad
1863 612 2121 674 vitanda
2149 629 2288 671 ma·-

748 700 890 779 jora
907 701 1094 762 mala.
1128 703 1376 763 Lessius
1407 703 1514 764 ubi
1537 721 1729 782 supra
1754 705 2113 783 respondet,
2148 723 2289 783 pec-

756 804 899 853 care
930 792 1185 872 quidem
1215 793 1320 873 jus
1367 795 1656 873 dicendo,
1691 797 1801 857 sed
1857 797 2008 856 illud
2063 814 2287 874 pecca-

753 889 888 948 tum
917 903 1040 945 non
1072 885 1304 946 addere
1335 905 1561 949 novam
1592 889 1896 950 malitiam
1924 908 2116 968 supra
2146 907 2286 967 pec-

755 981 963 1038 catum
991 979 1353 1056 praecedens
1392 982 1814 1059 usurpationis
1870 982 2280 1062 principatuS,

755 1070 902 1148 quia
930 1070 1133 1149 magis
1154 1078 1446 1155 peccaret
1499 1074 1549 1133 si
1606 1078 1848 1136 retento
1907 1075 2282 1153 principatu,

746 1162 852 1240 jus
883 1181 1007 1223 non
1037 1163 1299 1226 diceret.
1335 1166 1483 1227 Haec
1529 1167 1847 1244 responsio
1904 1167 2173 1227 difficilis
2200 1167 2289 1226 vi-

759 1255 962 1331 detur,
998 1256 1325 1335 quiaillud
1383 1262 1713 1336 peccatum
1766 1260 2156 1338 praecedens,
2189 1259 2288 1319 vel

754 1347 872 1409 fuit
927 1348 1166 1409 invasio
1217 1353 1280 1411 et
1334 1352 1652 1430 usurpatio
1739 1352 2165 1431 principatus;
2227 1356 2290 1414 et

754 1440 1014 1520 quidem
1043 1459 1236 1520 supra
1267 1443 1438 1502 illam
1463 1444 1644 1505 addit
1700 1463 1928 1505 novam
1984 1446 2290 1506 malitiam

753 1532 1116 1594 exercitium
1133 1536 1442 1613 posterius
1463 1536 1939 1615 jurisdictioniS,
1987 1539 2137 1616 quia
2184 1557 2289 1617 pe-

747 1623 853 1704 jus
873 1629 969 1686 est
992 1629 1290 1706 prosequi
1318 1629 1722 1706 tyrannidem
1752 1648 1944 1709 quam
1974 1631 2178 1690 solum
2199 1630 2288 1690 in-

754 1717 1038 1779 choasse.
1075 1719 1186 1778 Vel
1215 1719 1367 1780 illud
1422 1725 1751 1799 peccatum
1784 1722 2148 1800 praecedens
2195 1728 2292 1783 est

754 1810 1020 1872 retentio
1047 1813 1330 1886 actualiS,
1373 1818 1434 1874 et
1463 1815 1931 1893 perseverantia
1962 1815 2024 1874 in
2056 1815 2290 1895 princi-

754 1914 940 1981 patu;
972 1907 1036 1965 et
1071 1905 1191 1965 hoc
1215 1906 1471 1985 quidem
1502 1912 1834 1986 peccatum
1863 1925 1988 1968 non
2044 1909 2290 1969 videtur

755 1996 1054 2075 distingui
1081 1997 1162 2058 ab
1193 1998 1326 2078 ipso
1340 1999 1635 2061 exercitio
1665 2000 2288 2078 iurisdictioniS,nam

752 2089 1021 2151 retinere
1079 2109 1245 2151 nunc
1299 2093 1743 2172 principatum,
1793 2093 1945 2154 nihil
1991 2094 2159 2154 aliud
2195 2098 2290 2156 est

752 2181 867 2242 nisi
897 2200 1116 2261 gerere
1132 2202 1198 2244 se
1231 2203 1397 2246 nunc
1428 2204 1538 2264 pro
1570 2185 1877 2264 principe,
1912 2186 2032 2247 hoc
2073 2191 2287 2248 autem

753 2280 848 2335 est
877 2292 1171 2336 exercere
1198 2282 1342 2338 actu
1373 2296 1446 2337 ea
1471 2296 1735 2339 munera
1770 2279 2093 2357 principiS,
2134 2299 2289 2359 prae·

752 2366 1065 2444 cipiendo,
1104 2367 1488 2445 definiendo,
1515 2371 1621 2448 jus
1649 2370 1941 2447 dicendo,
2005 2376 2125 2433 etc.
2189 2391 2284 2432 er-

752 2477 832 2537 go
868 2459 1103 2521 istimet
1153 2465 1332 2522 actus
1387 2462 1474 2523 ita
1528 2467 1673 2524 sunt
1727 2464 1878 2523 mali
1928 2468 1998 2524 ut
2018 2466 2289 2527 afferant

752 2570 981 2612 novam
1011 2553 1314 2615 malitiam
1377 2574 1567 2635 supra
1619 2562 1878 2635 peccata
1929 2559 2289 2636 praeceden-

750 2643 858 2705 tia.

830 2736 1028 2799 Aliter
1066 2756 1216 2817 ergo
1257 2740 1633 2818 respondeo,
1696 2758 1803 2801 eos
1862 2746 2037 2803 actus
2087 2743 2150 2803 in
2190 2749 2288 2823 ty·-

747 2847 944 2890 ranno
974 2849 1220 2910 semper
1247 2850 1382 2892 esse
1407 2833 1641 2907 malos3
1678 2837 1742 2894 et
1768 2833 1917 2895 licet
1943 2835 2282 2914 aliquando

749 2921 1013 2983 fortasse
1044 2941 1165 2984 non
1187 2924 1426 2986 addant
1454 2944 1683 2985 novam
1711 2926 2038 3003 malitiam,
2100 2948 2280 3007 regu-

748 3015 962 3077 lariter
1005 3034 1145 3076 eam
1176 3017 1410 3077 addere
1440 3038 1452 3079 :
1489 3019 1636 3097 qnia
1668 3024 1832 3096 sunt,
1865 3025 1933 3082 ut
1962 3021 2111 3097 dixi,
2146 3023 2281 3101 ipsa

750 3108 1029 3168 formalis
1057 3108 1447 3171 continuatio
1477 3112 1901 3190 tyrannidiset
1934 3115 2286 3194 usurpatio-

750 3200 847 3262 nis
875 3201 1106 3281 iniquae
1155 3201 1634 3282 jurisdictionis.
1692 3207 1830 3266 Dixi
1889 3211 2122 3284 tamen,
2177 3208 2291 3268 ali-

748 3294 1001 3374 quando
1030 3295 1291 3357 fortasse
1317 3315 1442 3357 non
1479 3297 1712 3358 addere
1767 3316 1999 3360 novam
2050 3300 2289 3360 maliti-

750 3403 854 3447 am
885 3407 901 3460 ς
938 3387 1085 3467 quia
1114 3388 1166 3448 si
1194 3392 1499 3466 tyrannus
1556 3391 1728 3468 prius
1772 3397 1996 3453 natura
2054 3391 2288 3454 habeat

750 3486 959 3542 actum
991 3498 1114 3561 quo
1145 3482 1298 3543 nolit
1328 3482 1490 3543 hanc
1518 3500 1773 3544 causam
1825 3484 1923 3544 vel
1955 3483 2075 3545 hoc
2120 3485 2289 3563 judi-

750 3573 918 3634 cium
944 3574 1260 3636 remittere
1292 3574 1372 3634 ad
1410 3575 1721 3651 legitimos
1743 3576 2012 3655 judiceS,
2065 3582 2127 3638 et
2175 3579 2284 3637 ali-

752 3664 917 3726 unde
947 3670 1169 3745 urgeat
1196 3666 1330 3747 ejus
1359 3668 1591 3729 decisio
1624 3688 1640 3740 ;
1675 3674 1823 3730 tunc
1873 3688 1947 3729 ex
2005 3671 2288 3749 supposi-

747 3759 917 3821 tione
971 3758 1196 3838 prioris
1253 3760 1510 3837 decreti,
1556 3762 1777 3821 melius
1854 3762 1971 3824 erit
2026 3763 2288 3824 definire

750 3870 1006 3913 causam
1027 3851 1196 3932 juste
1228 3871 1340 3931 per
1369 3854 1596 3932 ipsum,
1631 3873 1822 3934 quam
1847 3855 2019 3916 illam
2050 3856 2289 3917 indeci-

747 3963 884 4005 sam
910 3945 1264 4024 relinquere
1296 3946 1356 4005 in
1400 3948 1604 4026 majus
1663 3948 2113 4010 detrimentum
2162 3949 2287 4009 rei-

746 4037 1035 4116 publicae,
1070 4038 1190 4099 hoc
1217 4043 1428 4099 tamen
1457 4039 1662 4119 ipsum
1681 4041 1799 4102 erit
1826 4044 2158 4120 peccatum
2179 4043 2285 4102 de-

747 4129 1128 4190 nominative
1157 4149 1194 4189 a
1221 4130 1411 4209 priori
1442 4131 1718 4209 decreto,
1742 4133 1804 4192 in
1836 4152 1961 4213 quo
1982 4138 2286 4213 tanquam

747 4223 813 4283 in
842 4241 1032 4284 causa
1078 4223 1434 4286 continetur
1483 4226 1723 4286 malitia
1768 4227 2133 4304 posterioris
2178 4227 2284 4288 de-

749 4315 926 4378 creti.

502 4438 579 4497 29
832 4412 1060 4472 Contra
1116 4410 1234 4473 hoc
1290 4409 1584 4490 objicitur
1637 4412 2071 4490 communiter,
2133 4430 2282 4491 ergo

415 4563 451 4605 A
749 4503 856 4582 qui
887 4507 1108 4583 petunt
1160 4522 1200 4564 a
1244 4507 1514 4582 tyranno
1566 4504 1670 4582 jus
1700 4508 1763 4565 et
1816 4506 2190 4566 sententiam
2219 4507 2285 4566 in

444 4570 684 4671 ἒωρῖῗῗῖἲι·
749 4596 876 4657 suis
932 4596 1155 4671 causiS,
1189 4600 1494 4674 peccant:
1529 4614 1652 4656 non
1683 4597 1852 4656 enim
1881 4597 2028 4659 licet
2056 4599 2135 4658 ab
2167 4599 2282 4658 ali-

441 4677 656 4778 5„¹3‘52¹3¹,',¹,{,‚
750 4706 875 4767 quo
906 4691 1115 4766 petere
1135 4687 1197 4748 id
1227 4688 1543 4768 quodipse
1572 4689 1707 4750 sine
1736 4695 1994 4768 peccato
2023 4696 2284 4769 praesta-

746 4795 814 4841 re
845 4799 969 4841 non
998 4785 1239 4859 potest;
1267 4799 1411 4841 nam
1443 4781 1561 4842 hoc
1592 4787 1757 4844 esset
1809 4783 2135 4861 cooperari
2192 4783 2282 4861 ip·

740 4873 867 4933 sius
939 4877 1219 4952 peccato.
1285 4874 1543 4935 Omissis
1590 4875 1779 4935 variis
1840 4875 2278 4952 solutionibus,

743 4965 1095 5045 respondeo
1131 4967 1420 5045 negando
1469 4966 1827 5046 sequelam;
1862 4967 2008 5046 quia
2036 4967 2125 5028 illi
2156 4987 2281 5029 non

741 5062 966 5138 petunt
993 5055 1408 5120 determinate
1447 5060 1551 5138 jus
1587 5078 1624 5119 a
1675 5065 1972 5138 tyranno,
2013 5060 2122 5119 sed
2156 5061 2280 5120 dis-

733 5151 1028 5232 junctim,
1064 5152 1183 5212 hoc
1213 5156 1311 5212 est
1329 5156 1690 5231 proponunt
1726 5152 1814 5212 illi
1845 5169 2104 5214 causam
2136 5172 2277 5233 quae

745 5247 950 5322 urget,
968 5248 1030 5305 et
1058 5247 1278 5323 petunt
1305 5244 1625 5322 implicite,
1678 5250 1748 5307 ut
1801 5245 1899 5305 vel
1954 5246 2280 5325 permittat

743 5336 1055 5414 legitimos
1084 5336 1444 5414 reipublicae
1463 5335 1708 5410 judices
1738 5338 1815 5397 de
1830 5337 1934 5398 illa
1949 5357 2141 5399 causa
2166 5339 2278 5399 de-

744 5446 1025 5506 cernere,
1058 5429 1159 5489 vel
1186 5429 1240 5489 si
1270 5428 1387 5500 hoc
1418 5447 1542 5489 non
1589 5430 1739 5506 vult,
1774 5430 2072 5493 decernat
2109 5433 2273 5509 ipse,

752 5522 872 5585 hoc
899 5520 1069 5581 enim
1125 5523 1333 5583 minus
1360 5521 1598 5582 malum
1646 5527 1742 5583 est
1783 5539 1972 5601 quam
2022 5537 2280 5584 causam

1910 344 2012 403 DE
2052 343 2406 405 JUsTl'rlA
2449 344 2550 404 ΕΤ
2592 343 2793 404 JURE

2383 517 2726 580 indecisam
2745 518 3103 598 relinquere
3129 537 3145 591 ;
3181 522 3387 596 potest
3415 536 3567 598 ergo
3615 521 3931 597 tyrannus

2381 612 2516 673 sine
2557 612 2683 673 ullo
2711 616 2968 690 peccato
2999 615 3301 691 praestare
3352 611 3416 671 id
3447 612 3619 691 quod
3661 612 3925 690 petitur,

2382 704 2678 764 nimirum
2733 704 3151 783 permittendo
3198 704 3512 782 legitimos
3552 704 3803 783 judices
3844 703 3933 763 de

2383 814 2572 857 causa
2602 796 2961 857 decernere.
2989 795 3219 856 Dicunt
3248 797 3462 875 aliqui,
3497 815 3648 875 ergo
3698 796 3933 858 saltem

2383 889 2446 949 in
2469 908 2659 950 causa
2686 889 2993 949 criminali
3022 907 3146 949 non
3165 889 3376 949 licebit
3402 892 3618 968 petere
3630 889 3737 967 jus
3767 907 3803 947 a
3826 892 3934 966 ty-

2385 1000 2605 1057 ranno,
2655 982 2802 1061 quia
2832 982 3001 1042 nullo
3030 981 3221 1043 modo
3252 981 3398 1042 licet
3424 981 3771 1042 vindictam
3821 1000 3936 1041 su-

2383 1092 2555 1134 mere
2586 1093 2698 1153 per
2725 1074 3165 1135 auctoritatem
3211 1075 3544 1153 privatam,
3575 1074 3778 1154 qualis
3829 1078 3934 1135 est

2386 1168 2723 1229 auctoritas
2792 1167 3068 1245 tyranni.
3146 1167 3582 1245 Respondetur
3627 1167 3933 1245 negando

2385 1260 2742 1338 sequelam:
2778 1277 2926 1318 nam
2956 1264 3260 1337 tyrannus
3279 1258 3416 1338 jam
3462 1265 3612 1321 tunc
3639 1278 3764 1320 non
3808 1260 3933 1319 uti·

2386 1356 2489 1414 tur
2516 1352 2884 1413 auctoritate
2916 1353 3161 1431 privata
3205 1352 3314 1411 sed
3365 1353 3637 1429 publica,
3673 1368 3749 1413 ex
3780 1369 3935 1414 con·

2385 1463 2571 1505 sensu
2599 1444 2839 1504 scilicet
2864 1444 3224 1522 reipublicae
3255 1446 3609 1523 praestantis
3643 1444 3737 1505 illi
3765 1444 3937 1506 taci-

2384 1541 2447 1599 te
2477 1555 2655 1596 suam
2686 1536 3125 1598 auctoritatem
3182 1537 3262 1597 ad
3317 1537 3671 1616 puniendos
3724 1536 3935 1596 male-

2386 1630 2678 1705 factoreS,
2711 1647 2785 1688 ex
2816 1628 3245 1707 suppositione
3261 1630 3431 1709 quod
3452 1630 3586 1708 ipse
3605 1629 3940 1691 nolitcau-

2386 1741 2520 1784 sam
2547 1722 2867 1782 remittere
2896 1722 2978 1782 ad
3005 1722 3322 1799 legitimos
3375 1723 3646 1801 judices».
3700 1725 3938 1783 Peccat

2383 1815 2516 1893 ipse
2546 1815 2801 1894 quidem
2830 1832 2956 1875 non
3014 1814 3394 1876 remittendo
3436 1833 3738 1885 causam;
3775 1832 3931 1893 pec-

2386 1913 2488 1969 cat
2508 1907 2852 1987 judicando
2878 1927 2892 1980 ;
2928 1925 3053 1967 non
3082 1911 3294 1967 tamen
3323 1908 3506 1987 punit
3534 1908 3669 1968 sine
3708 1912 3938 1969 aucto-

2385 2001 2566 2061 ritate
2594 2000 2956 2079 reipublicae
3004 2018 3145 2079 quae
3175 2018 3316 2060 eam
3344 2001 3528 2061 offert
3580 2000 3661 2060 ad
3718 1999 3937 2060 minus

2386 2093 2642 2169 malum,
2677 2092 2993 2154 sicutlicet
3010 2093 3235 2153 offerre
3265 2093 3648 2167 occasiones,
3668 2097 3732 2154 et
3752 2090 3939 2151 auxi-

2384 2186 2465 2246 lia
2498 2186 2578 2246 ad
2621 2185 2958 2246 iurandum
3009 2184 3095 2245 illi
3142 2185 3251 2265 qui
3306 2184 3441 2246 vult
3482 2185 3796 2261 occidere,
3829 2183 3935 2244 vel

2385 2279 2598 2339 furari.
2636 2279 2793 2339 Hinc

2464 2372 2666 2433 Infero
2696 2371 2921 2451 primo,
2946 2371 3169 2433 eodem
3200 2370 3388 2431 modo
3411 2370 3753 2432 dicendum
3790 2390 3935 2432 esse

2385 2465 2462 2525 de
2511 2464 2744 2544 judice,
2778 2464 2875 2524 vel
2922 2464 3197 2544 parocho
3240 2464 3473 2524 sciente
3517 2482 3703 2525 suum
3759 2464 3938 2525 defe-

2385 2560 2554 2619 ctum
2584 2557 2917 2633 occultum,
2951 2557 3194 2618 ratione
3225 2555 3404 2635 cujus
3434 2575 3558 2616 non
3599 2556 3795 2618 habet
3823 2576 3936 2616 ve-

2384 2668 2524 2711 rum
2553 2649 2822 2724 titulum,
2840 2649 2951 2710 sed
2979 2650 3181 2710 solum
3199 2650 3547 2710 coloratum
3567 2669 3583 2720 ;
3604 2667 3752 2709 nam
3780 2649 3936 2710 licet

2386 2742 2520 2823 ejus
2548 2742 2873 2803 sententiae
2904 2746 2965 2802 et
2991 2742 3269 2803 actiones
3299 2740 3424 2802 sint
3451 2741 3701 2818 validae,
3737 2746 3811 2802 ut
3837 2742 3933 2801 vi-

2387 2835 2592 2895 dimus
2635 2833 3209 2911 dub.praecedenti,
3258 2833 3374 2913 ipsi
3412 2837 3622 2894 tamen
3664 2840 3939 2912 peccant

2386 2926 2744 3007 usurpando
2770 2925 2886 2987 sibi
2908 2925 3409 3005 jurisdictionem
3439 2944 3624 3005 quarn
3658 2944 3789 2987 non
3819 2927 3936 2986 ha-

2385 3020 2556 3095 bent,
2605 3022 2667 3079 et
2738 3017 3089 3078 exercendo
3162 3018 3438 3079 actiones
3495 3018 3660 3079 illius
3707 3018 3925 3095 officii,

2385 3113 2510 3173 imo
2541 3111 2851 3191 parochus
2878 3111 3268 3191 frequentius
3292 3110 3597 3171 malitiam
3641 3111 3827 3172 addit
3870 3112 3933 3171 in

2386 3205 2677 3266 exercitio
2735 3223 2953 3265 eorum
2998 3208 3274 3279 actuum,
3335 3221 3527 3282 quam
3576 3209 3931 3282 tyrannus;

2386 3298 2532 3378 quia
2560 3301 2868 3375 tyrannus
2896 3315 2967 3356 ex
2999 3296 3426 3376 suppositione
3446 3296 3618 3375 quod
3647 3314 3781 3358 non
3802 3298 3936 3358 vult

2384 3390 2747 3469 permittere
2769 3388 3010 3468 judicia
3037 3389 3315 3468 legitimo
3337 3389 3561 3468 judici,
3582 3390 3814 3450 melius
3843 3390 3934 3450 fa-

2385 3483 2469 3544 cit
2498 3482 2853 3543 definiendo
2883 3500 3106 3541 causas
3146 3499 3336 3560 quam
3376 3499 3484 3541 eas
3530 3482 3927 3561 reliquendo,

2385 3579 2448 3635 et
2490 3574 2844 3654 respublica
2890 3573 3011 3635 hoc
3037 3573 3171 3634 vult
3209 3592 3283 3633 ex
3322 3574 3425 3633 illa
3470 3575 3927 3652 suppositione.

2386 3666 2704 3728 Parochus
2731 3683 2905 3738 vem,
2956 3666 3199 3726 etiamsi
3230 3666 3386 3728 nolit
3407 3667 3768 3746 relinquere
3798 3669 3936 3728 offi-

2383 3760 2573 3835 cium,
2608 3776 2730 3818 non
2758 3762 2967 3819 tamen
3001 3762 3182 3836 urget
3210 3777 3460 3838 semper
3479 3759 3639 3821 adeo
3662 3760 3932 3820 necessi-

2382 3855 2498 3928 taS,
2534 3856 2602 3912 ut
2624 3870 2749 3912 non
2777 3855 2988 3930 posset
3006 3850 3172 3911 licite
3203 3852 3587 3929 suspendere
3617 3853 3721 3913 vel
3756 3851 3934 3913 omit·

2380 3949 2516 4006 tere
2546 3944 2755 4023 plures
2794 3944 3071 4004 actiones
3100 3961 3258 4022 quas
3288 3950 3538 4005 exercet
3575 3945 3715 4005 sine
3754 3945 3932 4022 gravi

2384 4037 2711 4117 dispendio
2757 4035 2907 4096 boni
2949 4035 3346 4097 communis:
3402 4054 3595 4114 quare
3643 4041 3799 4098 tunc
3844 4043 3931 4098 te-

2383 4134 2638 4193 neretur
2666 4129 2857 4190 etiam
2888 4147 2963 4189 ex
2991 4127 3097 4187 illa
3128 4127 3554 4208 suppositione
3594 4147 3724 4189 non
3756 4147 3933 4190 exer-

2382 4241 2524 4285 cere
2555 4238 2658 4283 eos
2688 4227 2865 4284 actus
2905 4221 3188 4301 parochi.
3223 4221 3485 4293 Quando
3524 4225 3744 4282 tamen
3799 4222 3934 4283 haec

2384 4316 2710 4395 suspensio
2742 4314 3130 4376 redundaret
3158 4315 3221 4373 in
3250 4333 3551 4393 magnum
3583 4315 3935 4376 detrimen-

2381 4416 2516 4474 tum
2544 4409 2976 4470 subditorum:
3010 4413 3160 4469 tunc
3187 4408 3468 4469 Ecclesia
3497 4409 3690 4469 vellet
3744 4426 3934 4487 paro·

2383 4503 2573 4564 chum
2593 4520 2667 4562 ex
2697 4501 3146 4579 suppositione,
3181 4500 3350 4580 quod
3382 4519 3507 4561 non
3536 4501 3691 4561 velit
3724 4501 3933 4561 dimit·

2383 4601 2514 4657 tere
2546 4595 2845 4670 officium,
2879 4612 2994 4653 nec
3032 4592 3350 4655 remittere
3393 4612 3467 4653 ea
3510 4611 3651 4672 quae
3709 4612 3933 4654 occur-

2383 4693 2531 4749 runt
2558 4687 2640 4748 ad
2670 4687 2985 4766 legitimos
3014 4690 3078 4747 et
3121 4704 3300 4747 veros
3345 4691 3652 4765 pastores,
3716 4687 3927 4760 vellet,

2383 4781 2663 4860 inquam,
2725 4779 2893 4859 quod
2947 4797 3024 4839 ea
3083 4780 3292 4856 potius
3361 4778 3688 4858 expediret
3739 4797 3933 4860 quam

2383 4873 2736 4951 relinquere
2787 4871 3040 4932 omnino
3105 4872 3238 4931 sine
3299 4870 3722 4949 expeditione,
3772 4871 3933 4933 sicut

2382 4966 2617 5027 dictum
2648 4968 2743 5026 est
2768 4965 2846 5025 de
2889 4969 3180 5042 tyrannm

2462 5059 2665 5120 Infero
2721 5057 3019 5130 secundo,
3066 5057 3469 5118 damnantem
3532 5057 3781 5135 aliquos
3844 5057 3929 5116 ad

2379 5154 2648 5213 mortem
2671 5169 2936 5229 peccare
2966 5154 3229 5228 peccato
3263 5148 3607 5209 homicidii.
3659 5152 3791 5210 Hoc
3832 5153 3932 5210 est

2382 5249 2600 5306 contra
2627 5242 2907 5303 Lessium
2937 5242 3102 5303 dicto
3133 5242 3285 5303 dub.
3324 5258 3410 5302 ix.
3442 5261 3504 5301 n.
3537 5246 3637 5304 76.
3682 5248 3747 5303 et
3786 5259 3931 5302 con-

2380 5341 2478 5399 tra
2507 5337 2685 5399 Salas
2712 5335 2821 5395 ubi
2872 5353 3063 5413 supra
3108 5353 3168 5394 n.
3219 5338 3313 5395 16.
3369 5334 3474 5414 qui
3521 5333 3744 5396 dicunt
3799 5352 3925 5394 non

2381 5449 2516 5492 esse
2545 5429 3082 5505 homicidam‚nec
3108 5427 3306 5489 teneri
3327 5427 3410 5487 ad
3437 5427 3923 5490 restitutionem.

2383 5527 2694 5585 Caeterum
2724 5520 3082 5602 oppositum
3109 5519 3360 5582 videtur
3387 5520 3618 5597 verius,
3647 5519 3816 5601 quia,
3859 5524 3930 5581 ut

4069 5069 4127 5127 3!

4021 5195 4217 5262 Tm,

4018 5238 4182 5289 finam

4025 5299 4217 5358 auidi}

4002 5353 4217 5404 mutuli*
