<?xml version="1.0" encoding="UTF-8"?>
<!DOCTYPE html PUBLIC "-//W3C//DTD XHTML 1.0 Transitional//EN"
    "http://www.w3.org/TR/xhtml1/DTD/xhtml1-transitional.dtd">
<html xmlns="http://www.w3.org/1999/xhtml" xml:lang="en" lang="en">
 <head>
  <title>
</title>
<meta http-equiv="Content-Type" content="text/html;charset=utf-8" />
  <meta name='ocr-system' content='tesseract 3.04.00' />
  <meta name='ocr-capabilities' content='ocr_page ocr_carea ocr_par ocr_line ocrx_word'/>
</head>
<body>
  <div class='ocr_page' id='page_1' title='image "./joannisdelugodi00lugogoog_0125.png"; bbox 0 0 4263 6376; ppageno 0'>
   <div class='ocr_carea' id='block_1_1' title="bbox 61 1032 184 1308">
    <p class='ocr_par' dir='ltr' id='par_1_1' title="bbox 61 1032 184 1308">
     <span class='ocr_line' id='line_1_1' title="bbox 61 1032 184 1308; textangle 90"><span class='ocrx_word' id='word_1_1' title='bbox 61 1170 184 1308; x_wconf 59' lang='grc'>16</span> <span class='ocrx_word' id='word_1_2' title='bbox 61 1032 113 1090; x_wconf 62' lang='lat'>²2</span> 
     </span>
    </p>
   </div>
   <div class='ocr_carea' id='block_1_2' title="bbox 1184 283 2440 358">
    <p class='ocr_par' dir='ltr' id='par_1_2' title="bbox 1184 283 2440 358">
     <span class='ocr_line' id='line_1_2' title="bbox 1184 283 2440 358; baseline 0.006 -15"><span class='ocrx_word' id='word_1_3' title='bbox 1184 283 1654 345; x_wconf 83' lang='lat' dir='ltr'><strong>DISPUTATIO</strong></span> <span class='ocrx_word' id='word_1_4' title='bbox 1699 283 1914 358; x_wconf 84' lang='lat' dir='ltr'>XXIV,</span> <span class='ocrx_word' id='word_1_5' title='bbox 1964 284 2239 348; x_wconf 83' lang='lat' dir='ltr'><strong>SECTIO</strong></span> <span class='ocrx_word' id='word_1_6' title='bbox 2284 291 2440 350; x_wconf 84' lang='lat' dir='ltr'><strong>VIII.</strong></span> 
     </span>
    </p>
   </div>
   <div class='ocr_carea' id='block_1_3' title="bbox 225 458 1775 4641">
    <p class='ocr_par' dir='ltr' id='par_1_3' title="bbox 225 458 1758 986">
     <span class='ocr_line' id='line_1_3' title="bbox 227 458 1755 523; baseline 0.002 -7"><span class='ocrx_word' id='word_1_7' title='bbox 227 458 404 517; x_wconf 88' lang='lat' dir='ltr'>dehet</span> <span class='ocrx_word' id='word_1_8' title='bbox 431 458 650 518; x_wconf 78' lang='lat' dir='ltr'>venire</span> <span class='ocrx_word' id='word_1_9' title='bbox 674 461 752 520; x_wconf 88' lang='lat' dir='ltr'>ad</span> <span class='ocrx_word' id='word_1_10' title='bbox 774 461 1092 521; x_wconf 76' lang='lat' dir='ltr'>Iiaeredem</span> <span class='ocrx_word' id='word_1_11' title='bbox 1121 461 1199 521; x_wconf 88' lang='lat' dir='ltr'>ab</span> <span class='ocrx_word' id='word_1_12' title='bbox 1230 461 1544 523; x_wconf 79' lang='grc'><strong>1111631616.</strong></span> <span class='ocrx_word' id='word_1_13' title='bbox 1578 459 1755 522; x_wconf 83' lang='lat' dir='ltr'>Unde</span> 
     </span>
     <span class='ocr_line' id='line_1_4' title="bbox 225 552 1756 616; baseline 0.002 -7"><span class='ocrx_word' id='word_1_14' title='bbox 225 555 459 611; x_wconf 79' lang='lat' dir='ltr'>constat</span> <span class='ocrx_word' id='word_1_15' title='bbox 488 552 571 611; x_wconf 89' lang='lat' dir='ltr'>ad</span> <span class='ocrx_word' id='word_1_16' title='bbox 602 555 913 615; x_wconf 87' lang='lat' dir='ltr'>rationem</span> <span class='ocrx_word' id='word_1_17' title='bbox 957 555 1279 616; x_wconf 84' lang='lat' dir='ltr'>dubitandi</span> <span class='ocrx_word' id='word_1_18' title='bbox 1342 575 1354 616; x_wconf 92' lang='lat'>:</span> <span class='ocrx_word' id='word_1_19' title='bbox 1419 572 1539 615; x_wconf 88' lang='lat' dir='ltr'>non</span> <span class='ocrx_word' id='word_1_20' title='bbox 1590 552 1756 613; x_wconf 70' lang='lat' dir='ltr'>enim</span> 
     </span>
     <span class='ocr_line' id='line_1_5' title="bbox 225 643 1758 727; baseline 0.001 -24"><span class='ocrx_word' id='word_1_21' title='bbox 225 643 333 704; x_wconf 85' lang='lat' dir='ltr'>fuit</span> <span class='ocrx_word' id='word_1_22' title='bbox 361 644 580 705; x_wconf 84' lang='lat' dir='ltr'>relicta</span> <span class='ocrx_word' id='word_1_23' title='bbox 609 646 718 706; x_wconf 89' lang='lat' dir='ltr'>illa</span> <span class='ocrx_word' id='word_1_24' title='bbox 746 666 892 727; x_wconf 86' lang='lat' dir='ltr'>pars</span> <span class='ocrx_word' id='word_1_25' title='bbox 921 649 1036 709; x_wconf 87' lang='lat' dir='ltr'>sub</span> <span class='ocrx_word' id='word_1_26' title='bbox 1082 648 1458 724; x_wconf 87' lang='lat' dir='ltr'>conditione,</span> <span class='ocrx_word' id='word_1_27' title='bbox 1512 647 1620 706; x_wconf 91' lang='lat' dir='ltr'>sed</span> <span class='ocrx_word' id='word_1_28' title='bbox 1651 646 1758 706; x_wconf 89' lang='lat' dir='ltr'>ab·</span> 
     </span>
     <span class='ocr_line' id='line_1_6' title="bbox 226 736 1757 819; baseline 0.003 -25"><span class='ocrx_word' id='word_1_29' title='bbox 226 736 439 813; x_wconf 85' lang='lat' dir='ltr'>solute,</span> <span class='ocrx_word' id='word_1_30' title='bbox 492 757 643 798; x_wconf 92' lang='lat' dir='ltr'>cum</span> <span class='ocrx_word' id='word_1_31' title='bbox 676 740 940 801; x_wconf 79' lang='lat' dir='ltr'>facultas</span> <span class='ocrx_word' id='word_1_32' title='bbox 982 740 1351 819; x_wconf 90' lang='lat' dir='ltr'>disponendi</span> <span class='ocrx_word' id='word_1_33' title='bbox 1384 740 1461 800; x_wconf 99' lang='grc'>(16</span> <span class='ocrx_word' id='word_1_34' title='bbox 1491 759 1558 798; x_wconf 91' lang='lat' dir='ltr'>re</span> <span class='ocrx_word' id='word_1_35' title='bbox 1590 739 1757 799; x_wconf 90' lang='lat' dir='ltr'>idem</span> 
     </span>
     <span class='ocr_line' id='line_1_7' title="bbox 226 828 1756 910; baseline 0.001 -22"><span class='ocrx_word' id='word_1_36' title='bbox 226 828 301 890; x_wconf 90' lang='lat' dir='ltr'>sit</span> <span class='ocrx_word' id='word_1_37' title='bbox 328 848 399 889; x_wconf 84' lang='lat' dir='ltr'>ac</span> <span class='ocrx_word' id='word_1_38' title='bbox 426 831 835 910; x_wconf 74' lang='lat' dir='ltr'>proprietatis</span> <span class='ocrx_word' id='word_1_39' title='bbox 867 833 1235 908; x_wconf 82' lang='lat' dir='ltr'>dominium,</span> <span class='ocrx_word' id='word_1_40' title='bbox 1289 837 1356 893; x_wconf 92' lang='lat' dir='ltr'>ut</span> <span class='ocrx_word' id='word_1_41' title='bbox 1399 835 1643 894; x_wconf 89' lang='lat' dir='ltr'>constat</span> <span class='ocrx_word' id='word_1_42' title='bbox 1683 850 1756 893; x_wconf 82' lang='lat' dir='ltr'>ex</span> 
     </span>
     <span class='ocr_line' id='line_1_8' title="bbox 228 922 898 986; baseline 0.007 -6"><span class='ocrx_word' id='word_1_43' title='bbox 228 922 580 982; x_wconf 79' lang='lat' dir='ltr'>definitione</span> <span class='ocrx_word' id='word_1_44' title='bbox 612 924 898 986; x_wconf 90' lang='lat' dir='ltr'>dominii.</span> 
     </span>
    </p>

    <p class='ocr_par' dir='ltr' id='par_1_4' title="bbox 228 1015 1771 4337">
     <span class='ocr_line' id='line_1_9' title="bbox 302 1015 1759 1096; baseline 0.004 -22"><span class='ocrx_word' id='word_1_45' title='bbox 302 1017 471 1075; x_wconf 89' lang='lat' dir='ltr'>Nunc</span> <span class='ocrx_word' id='word_1_46' title='bbox 494 1015 635 1096; x_wconf 86' lang='lat' dir='ltr'>jam</span> <span class='ocrx_word' id='word_1_47' title='bbox 685 1018 969 1080; x_wconf 88' lang='lat' dir='ltr'>dicamus</span> <span class='ocrx_word' id='word_1_48' title='bbox 997 1020 1075 1080; x_wconf 90' lang='lat' dir='ltr'>de</span> <span class='ocrx_word' id='word_1_49' title='bbox 1122 1021 1514 1082; x_wconf 81' lang='lat' dir='ltr'>successione</span> <span class='ocrx_word' id='word_1_50' title='bbox 1558 1024 1759 1082; x_wconf 87' lang='lat' dir='ltr'>trans-</span> 
     </span>
     <span class='ocr_line' id='line_1_10' title="bbox 228 1109 1755 1190; baseline 0.005 -23"><span class='ocrx_word' id='word_1_51' title='bbox 228 1109 579 1186; x_wconf 77' lang='lat' dir='ltr'>versalium,</span> <span class='ocrx_word' id='word_1_52' title='bbox 646 1130 753 1171; x_wconf 88' lang='lat' dir='ltr'>seu</span> <span class='ocrx_word' id='word_1_53' title='bbox 807 1113 1258 1174; x_wconf 77' lang='lat' dir='ltr'>collateralium</span> <span class='ocrx_word' id='word_1_54' title='bbox 1315 1114 1393 1174; x_wconf 90' lang='lat' dir='ltr'>ab</span> <span class='ocrx_word' id='word_1_55' title='bbox 1440 1114 1755 1190; x_wconf 85' lang='lat' dir='ltr'>intestatO,</span> 
     </span>
     <span class='ocr_line' id='line_1_11' title="bbox 230 1201 1761 1280; baseline 0.004 -20"><span class='ocrx_word' id='word_1_56' title='bbox 230 1201 329 1280; x_wconf 90' lang='lat' dir='ltr'>qui</span> <span class='ocrx_word' id='word_1_57' title='bbox 357 1201 802 1266; x_wconf 83' lang='lat' dir='ltr'>deficientibus</span> <span class='ocrx_word' id='word_1_58' title='bbox 859 1206 1388 1268; x_wconf 77' lang='lat' dir='ltr'>descendentibus</span> <span class='ocrx_word' id='word_1_59' title='bbox 1442 1211 1504 1267; x_wconf 90' lang='lat' dir='ltr'>et</span> <span class='ocrx_word' id='word_1_60' title='bbox 1550 1225 1761 1267; x_wconf 87' lang='lat' dir='ltr'>ascen·</span> 
     </span>
     <span class='ocr_line' id='line_1_12' title="bbox 230 1295 1761 1379; baseline 0.003 -25"><span class='ocrx_word' id='word_1_61' title='bbox 230 1295 534 1372; x_wconf 83' lang='grc'><strong>(166111163,</strong></span> <span class='ocrx_word' id='word_1_62' title='bbox 570 1297 914 1359; x_wconf 85' lang='lat' dir='ltr'>succedere</span> <span class='ocrx_word' id='word_1_63' title='bbox 947 1299 1199 1361; x_wconf 84' lang='lat' dir='ltr'>debent.</span> <span class='ocrx_word' id='word_1_64' title='bbox 1258 1302 1374 1361; x_wconf 88' lang='lat' dir='ltr'>Pro</span> <span class='ocrx_word' id='word_1_65' title='bbox 1406 1300 1632 1379; x_wconf 86' lang='lat' dir='ltr'>quibus</span> <span class='ocrx_word' id='word_1_66' title='bbox 1663 1319 1761 1359; x_wconf 90' lang='lat' dir='ltr'>re-</span> 
     </span>
     <span class='ocr_line' id='line_1_13' title="bbox 229 1388 1760 1471; baseline 0.003 -23"><span class='ocrx_word' id='word_1_67' title='bbox 229 1388 369 1467; x_wconf 84' lang='lat' dir='ltr'>gula</span> <span class='ocrx_word' id='word_1_68' title='bbox 394 1390 713 1468; x_wconf 85' lang='lat' dir='ltr'>generalis</span> <span class='ocrx_word' id='word_1_69' title='bbox 743 1394 856 1467; x_wconf 89' lang='lat' dir='ltr'>est,</span> <span class='ocrx_word' id='word_1_70' title='bbox 910 1392 1077 1471; x_wconf 83' lang='lat' dir='ltr'>quod</span> <span class='ocrx_word' id='word_1_71' title='bbox 1108 1392 1254 1453; x_wconf 88' lang='grc'><strong>11661</strong></span> <span class='ocrx_word' id='word_1_72' title='bbox 1285 1392 1431 1453; x_wconf 86' lang='lat' dir='ltr'>olim</span> <span class='ocrx_word' id='word_1_73' title='bbox 1463 1393 1760 1453; x_wconf 85' lang='lat' dir='ltr'>differen-</span> 
     </span>
     <span class='ocr_line' id='line_1_14' title="bbox 228 1481 1763 1565; baseline 0.004 -25"><span class='ocrx_word' id='word_1_74' title='bbox 228 1481 310 1541; x_wconf 88' lang='lat' dir='ltr'>tia</span> <span class='ocrx_word' id='word_1_75' title='bbox 337 1488 500 1544; x_wconf 86' lang='lat' dir='ltr'>esset</span> <span class='ocrx_word' id='word_1_76' title='bbox 529 1483 701 1544; x_wconf 86' lang='lat' dir='ltr'>inter</span> <span class='ocrx_word' id='word_1_77' title='bbox 746 1485 1242 1563; x_wconf 83' lang='lat' dir='ltr'>consanguineos</span> <span class='ocrx_word' id='word_1_78' title='bbox 1288 1505 1359 1545; x_wconf 83' lang='lat' dir='ltr'>cx</span> <span class='ocrx_word' id='word_1_79' title='bbox 1391 1490 1567 1565; x_wconf 80' lang='lat' dir='ltr'>parte</span> <span class='ocrx_word' id='word_1_80' title='bbox 1596 1486 1763 1546; x_wconf 91' lang='lat' dir='ltr'>viro-</span> 
     </span>
     <span class='ocr_line' id='line_1_15' title="bbox 230 1576 1763 1658; baseline 0.002 -24"><span class='ocrx_word' id='word_1_81' title='bbox 230 1594 381 1651; x_wconf 84' lang='lat' dir='ltr'>rum,</span> <span class='ocrx_word' id='word_1_82' title='bbox 416 1576 524 1654; x_wconf 85' lang='lat' dir='ltr'>qui</span> <span class='ocrx_word' id='word_1_83' title='bbox 555 1576 857 1638; x_wconf 87' lang='lat' dir='ltr'>dicuntur</span> <span class='ocrx_word' id='word_1_84' title='bbox 883 1579 1117 1656; x_wconf 89' lang='lat' dir='ltr'>agnati,</span> <span class='ocrx_word' id='word_1_85' title='bbox 1179 1582 1242 1640; x_wconf 89' lang='lat' dir='ltr'>et</span> <span class='ocrx_word' id='word_1_86' title='bbox 1268 1598 1343 1638; x_wconf 85' lang='lat' dir='ltr'>ex</span> <span class='ocrx_word' id='word_1_87' title='bbox 1385 1585 1559 1658; x_wconf 79' lang='lat' dir='ltr'>parte</span> <span class='ocrx_word' id='word_1_88' title='bbox 1589 1579 1763 1640; x_wconf 90' lang='lat' dir='ltr'>femi-</span> 
     </span>
     <span class='ocr_line' id='line_1_16' title="bbox 230 1670 1764 1750; baseline 0.003 -24"><span class='ocrx_word' id='word_1_89' title='bbox 230 1687 466 1743; x_wconf 84' lang='lat' dir='ltr'>narum,</span> <span class='ocrx_word' id='word_1_90' title='bbox 521 1670 633 1748; x_wconf 88' lang='lat' dir='ltr'>qui</span> <span class='ocrx_word' id='word_1_91' title='bbox 667 1670 962 1731; x_wconf 84' lang='lat' dir='ltr'>dicuntur</span> <span class='ocrx_word' id='word_1_92' title='bbox 991 1671 1264 1750; x_wconf 89' lang='lat' dir='ltr'>cognati,</span> <span class='ocrx_word' id='word_1_93' title='bbox 1316 1676 1386 1733; x_wconf 88' lang='lat' dir='ltr'>ut</span> <span class='ocrx_word' id='word_1_94' title='bbox 1414 1676 1659 1733; x_wconf 89' lang='lat' dir='ltr'>constat</span> <span class='ocrx_word' id='word_1_95' title='bbox 1688 1691 1764 1731; x_wconf 86' lang='lat' dir='ltr'>ex</span> 
     </span>
     <span class='ocr_line' id='line_1_17' title="bbox 230 1761 1764 1843; baseline 0.002 -22"><span class='ocrx_word' id='word_1_96' title='bbox 230 1761 281 1838; x_wconf 66' lang='grc' dir='ltr'>ἓ.</span> <span class='ocrx_word' id='word_1_97' title='bbox 312 1761 419 1821; x_wconf 86' lang='grc'><strong>611.</strong></span> <span class='ocrx_word' id='word_1_98' title='bbox 453 1763 607 1822; x_wconf 85' lang='lat' dir='ltr'>lust.</span> <span class='ocrx_word' id='word_1_99' title='bbox 645 1761 718 1821; x_wconf 81' lang='lat' dir='ltr'>de</span> <span class='ocrx_word' id='word_1_100' title='bbox 742 1762 1089 1827; x_wconf 78' lang='lat' dir='ltr'>successione</span> <span class='ocrx_word' id='word_1_101' title='bbox 1133 1772 1530 1843; x_wconf 73' lang='lat' dir='ltr'>coynatorum,</span> <span class='ocrx_word' id='word_1_102' title='bbox 1576 1764 1764 1825; x_wconf 88' lang='lat' dir='ltr'>hodie</span> 
     </span>
     <span class='ocr_line' id='line_1_18' title="bbox 232 1854 1765 1932; baseline 0.003 -18"><span class='ocrx_word' id='word_1_103' title='bbox 232 1858 430 1914; x_wconf 87' lang='lat' dir='ltr'>tamen</span> <span class='ocrx_word' id='word_1_104' title='bbox 460 1854 540 1913; x_wconf 84' lang='lat' dir='ltr'>de</span> <span class='ocrx_word' id='word_1_105' title='bbox 566 1854 717 1932; x_wconf 89' lang='lat' dir='ltr'>jure</span> <span class='ocrx_word' id='word_1_106' title='bbox 750 1856 1068 1917; x_wconf 89' lang='lat' dir='ltr'>communi</span> <span class='ocrx_word' id='word_1_107' title='bbox 1097 1856 1527 1919; x_wconf 81' lang='lat' dir='ltr'>indifferenter</span> <span class='ocrx_word' id='word_1_108' title='bbox 1554 1876 1765 1919; x_wconf 88' lang='lat' dir='ltr'>succe-</span> 
     </span>
     <span class='ocr_line' id='line_1_19' title="bbox 234 1945 1766 2029; baseline 0.003 -24"><span class='ocrx_word' id='word_1_109' title='bbox 234 1945 381 2007; x_wconf 88' lang='lat' dir='ltr'>dunt</span> <span class='ocrx_word' id='word_1_110' title='bbox 409 1965 636 2007; x_wconf 87' lang='lat' dir='ltr'>omnes</span> <span class='ocrx_word' id='word_1_111' title='bbox 660 1948 1107 2028; x_wconf 80' lang='lat' dir='ltr'>consanguinei</span> <span class='ocrx_word' id='word_1_112' title='bbox 1125 1968 1324 2029; x_wconf 88' lang='lat' dir='ltr'>usque</span> <span class='ocrx_word' id='word_1_113' title='bbox 1351 1951 1431 2009; x_wconf 91' lang='lat' dir='ltr'>ad</span> <span class='ocrx_word' id='word_1_114' title='bbox 1451 1950 1766 2011; x_wconf 88' lang='lat' dir='ltr'>decimum</span> 
     </span>
     <span class='ocr_line' id='line_1_20' title="bbox 232 2037 1768 2121; baseline 0.003 -23"><span class='ocrx_word' id='word_1_115' title='bbox 232 2041 489 2118; x_wconf 88' lang='lat' dir='ltr'>gradum</span> <span class='ocrx_word' id='word_1_116' title='bbox 535 2041 864 2118; x_wconf 75' lang='lat' dir='ltr'>inclusive,</span> <span class='ocrx_word' id='word_1_117' title='bbox 914 2037 1002 2103; x_wconf 86' lang='lat' dir='ltr'>ita</span> <span class='ocrx_word' id='word_1_118' title='bbox 1031 2045 1099 2104; x_wconf 89' lang='lat' dir='ltr'>ut</span> <span class='ocrx_word' id='word_1_119' title='bbox 1144 2043 1558 2121; x_wconf 65' lang='lat' dir='ltr'>praeferantur</span> <span class='ocrx_word' id='word_1_120' title='bbox 1604 2062 1768 2105; x_wconf 86' lang='lat' dir='ltr'>sem-</span> 
     </span>
     <span class='ocr_line' id='line_1_21' title="bbox 231 2132 1770 2213; baseline 0.003 -20"><span class='ocrx_word' id='word_1_121' title='bbox 231 2151 336 2213; x_wconf 90' lang='lat' dir='ltr'>per</span> <span class='ocrx_word' id='word_1_122' title='bbox 362 2132 470 2210; x_wconf 90' lang='lat' dir='ltr'>illi,</span> <span class='ocrx_word' id='word_1_123' title='bbox 534 2134 649 2213; x_wconf 91' lang='lat' dir='ltr'>qui</span> <span class='ocrx_word' id='word_1_124' title='bbox 692 2133 757 2194; x_wconf 91' lang='lat' dir='ltr'>in</span> <span class='ocrx_word' id='word_1_125' title='bbox 811 2134 1172 2213; x_wconf 79' lang='lat' dir='ltr'>proximiori</span> <span class='ocrx_word' id='word_1_126' title='bbox 1228 2136 1429 2213; x_wconf 87' lang='lat' dir='ltr'>gradu</span> <span class='ocrx_word' id='word_1_127' title='bbox 1471 2139 1638 2212; x_wconf 89' lang='lat' dir='ltr'>sunt,</span> <span class='ocrx_word' id='word_1_128' title='bbox 1699 2140 1770 2197; x_wconf 93' lang='lat' dir='ltr'>ut</span> 
     </span>
     <span class='ocr_line' id='line_1_22' title="bbox 234 2227 1771 2306; baseline 0.002 -19"><span class='ocrx_word' id='word_1_129' title='bbox 234 2245 369 2287; x_wconf 89' lang='lat' dir='ltr'>cum</span> <span class='ocrx_word' id='word_1_130' title='bbox 394 2227 653 2306; x_wconf 87' lang='lat' dir='ltr'>glossis,</span> <span class='ocrx_word' id='word_1_131' title='bbox 716 2232 780 2288; x_wconf 88' lang='lat' dir='ltr'>et</span> <span class='ocrx_word' id='word_1_132' title='bbox 834 2229 1153 2288; x_wconf 89' lang='lat' dir='ltr'>communi</span> <span class='ocrx_word' id='word_1_133' title='bbox 1209 2228 1538 2290; x_wconf 90' lang='lat' dir='ltr'>doctorum</span> <span class='ocrx_word' id='word_1_134' title='bbox 1586 2229 1771 2291; x_wconf 88' lang='grc'><strong>(16661</strong></span> 
     </span>
     <span class='ocr_line' id='line_1_23' title="bbox 233 2319 1768 2400; baseline 0.001 -19"><span class='ocrx_word' id='word_1_135' title='bbox 233 2320 368 2381; x_wconf 85' lang='lat' dir='ltr'>Mol.</span> <span class='ocrx_word' id='word_1_136' title='bbox 414 2319 579 2399; x_wconf 88' lang='lat' dir='ltr'>disp.</span> <span class='ocrx_word' id='word_1_137' title='bbox 618 2337 781 2382; x_wconf 80' lang='lat' dir='ltr'>cmv.</span> <span class='ocrx_word' id='word_1_138' title='bbox 818 2321 881 2380; x_wconf 89' lang='lat' dir='ltr'>in</span> <span class='ocrx_word' id='word_1_139' title='bbox 923 2321 1123 2400; x_wconf 81' lang='lat' dir='ltr'>princ.</span> <span class='ocrx_word' id='word_1_140' title='bbox 1178 2321 1351 2394; x_wconf 88' lang='lat' dir='ltr'>Quod</span> <span class='ocrx_word' id='word_1_141' title='bbox 1399 2322 1768 2400; x_wconf 74' lang='lat' dir='ltr'>intelligitur</span> 
     </span>
     <span class='ocr_line' id='line_1_24' title="bbox 235 2414 1766 2493; baseline 0.001 -19"><span class='ocrx_word' id='word_1_142' title='bbox 235 2414 647 2475; x_wconf 86' lang='lat' dir='ltr'>communiter</span> <span class='ocrx_word' id='word_1_143' title='bbox 674 2414 988 2493; x_wconf 88' lang='lat' dir='ltr'>loquendo</span> <span class='ocrx_word' id='word_1_144' title='bbox 1024 2433 1037 2474; x_wconf 93' lang='lat'>:</span> <span class='ocrx_word' id='word_1_145' title='bbox 1074 2415 1304 2474; x_wconf 91' lang='lat' dir='ltr'>namin</span> <span class='ocrx_word' id='word_1_146' title='bbox 1333 2415 1535 2476; x_wconf 72' lang='lat' dir='ltr'>feudis</span> <span class='ocrx_word' id='word_1_147' title='bbox 1564 2416 1766 2476; x_wconf 90' lang='lat' dir='ltr'>solum</span> 
     </span>
     <span class='ocr_line' id='line_1_25' title="bbox 235 2507 1766 2588; baseline 0.001 -22"><span class='ocrx_word' id='word_1_148' title='bbox 235 2507 571 2567; x_wconf 87' lang='lat' dir='ltr'>succedunt</span> <span class='ocrx_word' id='word_1_149' title='bbox 614 2525 818 2587; x_wconf 90' lang='lat' dir='ltr'>usque</span> <span class='ocrx_word' id='word_1_150' title='bbox 864 2508 945 2568; x_wconf 89' lang='lat' dir='ltr'>ad</span> <span class='ocrx_word' id='word_1_151' title='bbox 992 2509 1323 2588; x_wconf 83' lang='lat' dir='ltr'>septimum</span> <span class='ocrx_word' id='word_1_152' title='bbox 1361 2508 1651 2587; x_wconf 87' lang='lat' dir='ltr'>gradum,</span> <span class='ocrx_word' id='word_1_153' title='bbox 1702 2509 1766 2569; x_wconf 90' lang='lat' dir='ltr'>in</span> 
     </span>
     <span class='ocr_line' id='line_1_26' title="bbox 236 2600 1768 2681; baseline 0.002 -22"><span class='ocrx_word' id='word_1_154' title='bbox 236 2600 641 2678; x_wconf 80' lang='lat' dir='ltr'>majoratibus</span> <span class='ocrx_word' id='word_1_155' title='bbox 696 2618 847 2660; x_wconf 86' lang='lat' dir='ltr'>vero</span> <span class='ocrx_word' id='word_1_156' title='bbox 878 2619 1075 2680; x_wconf 87' lang='lat' dir='ltr'>usque</span> <span class='ocrx_word' id='word_1_157' title='bbox 1120 2600 1200 2660; x_wconf 86' lang='lat' dir='ltr'>ad</span> <span class='ocrx_word' id='word_1_158' title='bbox 1229 2601 1570 2680; x_wconf 87' lang='lat' dir='ltr'>quemlibet</span> <span class='ocrx_word' id='word_1_159' title='bbox 1623 2621 1768 2681; x_wconf 87' lang='lat' dir='ltr'>gra-</span> 
     </span>
     <span class='ocr_line' id='line_1_27' title="bbox 237 2693 1765 2769; baseline 0.001 -17"><span class='ocrx_word' id='word_1_160' title='bbox 237 2693 398 2769; x_wconf 87' lang='lat' dir='ltr'>dum,</span> <span class='ocrx_word' id='word_1_161' title='bbox 432 2693 567 2753; x_wconf 91' lang='lat' dir='ltr'>sine</span> <span class='ocrx_word' id='word_1_162' title='bbox 597 2693 728 2753; x_wconf 90' lang='lat' dir='ltr'>ullo</span> <span class='ocrx_word' id='word_1_163' title='bbox 760 2693 1046 2754; x_wconf 87' lang='lat' dir='ltr'>termino.</span> <span class='ocrx_word' id='word_1_164' title='bbox 1084 2693 1325 2754; x_wconf 89' lang='lat' dir='ltr'>Gradus</span> <span class='ocrx_word' id='word_1_165' title='bbox 1358 2698 1569 2754; x_wconf 89' lang='lat' dir='ltr'>autem</span> <span class='ocrx_word' id='word_1_166' title='bbox 1601 2713 1765 2756; x_wconf 90' lang='lat' dir='ltr'>com-</span> 
     </span>
     <span class='ocr_line' id='line_1_28' title="bbox 237 2785 1768 2867; baseline 0.001 -21"><span class='ocrx_word' id='word_1_167' title='bbox 237 2790 527 2864; x_wconf 88' lang='lat' dir='ltr'>putantur</span> <span class='ocrx_word' id='word_1_168' title='bbox 547 2805 679 2846; x_wconf 89' lang='lat' dir='ltr'>non</span> <span class='ocrx_word' id='word_1_169' title='bbox 709 2790 778 2847; x_wconf 93' lang='lat' dir='ltr'>ut</span> <span class='ocrx_word' id='word_1_170' title='bbox 796 2785 1015 2866; x_wconf 85' lang='lat' dir='ltr'>injure</span> <span class='ocrx_word' id='word_1_171' title='bbox 1047 2787 1370 2864; x_wconf 87' lang='lat' dir='ltr'>canonico,</span> <span class='ocrx_word' id='word_1_172' title='bbox 1403 2787 1467 2846; x_wconf 92' lang='lat' dir='ltr'>in</span> <span class='ocrx_word' id='word_1_173' title='bbox 1489 2807 1611 2867; x_wconf 92' lang='lat' dir='ltr'>quo</span> <span class='ocrx_word' id='word_1_174' title='bbox 1642 2789 1768 2848; x_wconf 90' lang='lat' dir='ltr'>fra-</span> 
     </span>
     <span class='ocr_line' id='line_1_29' title="bbox 239 2879 1769 2958; baseline 0 -18"><span class='ocrx_word' id='word_1_175' title='bbox 239 2884 354 2940; x_wconf 87' lang='lat' dir='ltr'>tres</span> <span class='ocrx_word' id='word_1_176' title='bbox 382 2883 527 2940; x_wconf 86' lang='lat' dir='ltr'>sunt</span> <span class='ocrx_word' id='word_1_177' title='bbox 556 2879 618 2938; x_wconf 90' lang='lat' dir='ltr'>in</span> <span class='ocrx_word' id='word_1_178' title='bbox 653 2879 855 2957; x_wconf 88' lang='lat' dir='ltr'>primo</span> <span class='ocrx_word' id='word_1_179' title='bbox 885 2879 1087 2958; x_wconf 89' lang='lat' dir='ltr'>gradu</span> <span class='ocrx_word' id='word_1_180' title='bbox 1118 2879 1177 2939; x_wconf 90' lang='lat' dir='ltr'>in</span> <span class='ocrx_word' id='word_1_181' title='bbox 1203 2880 1420 2940; x_wconf 88' lang='lat' dir='ltr'>ordine</span> <span class='ocrx_word' id='word_1_182' title='bbox 1439 2879 1520 2940; x_wconf 90' lang='lat' dir='ltr'>ad</span> <span class='ocrx_word' id='word_1_183' title='bbox 1552 2882 1769 2942; x_wconf 88' lang='lat' dir='ltr'>matri-</span> 
     </span>
     <span class='ocr_line' id='line_1_30' title="bbox 238 2972 1768 3054; baseline 0.002 -23"><span class='ocrx_word' id='word_1_184' title='bbox 238 2973 459 3044; x_wconf 86' lang='lat' dir='ltr'>monia,</span> <span class='ocrx_word' id='word_1_185' title='bbox 494 2972 649 3051; x_wconf 87' lang='lat' dir='ltr'>quia</span> <span class='ocrx_word' id='word_1_186' title='bbox 680 2972 880 3032; x_wconf 82' lang='lat' dir='ltr'>solum</span> <span class='ocrx_word' id='word_1_187' title='bbox 909 2972 1250 3034; x_wconf 86' lang='lat' dir='ltr'>attenditur</span> <span class='ocrx_word' id='word_1_188' title='bbox 1278 2973 1595 3048; x_wconf 86' lang='lat' dir='ltr'>distantia,</span> <span class='ocrx_word' id='word_1_189' title='bbox 1642 2993 1768 3054; x_wconf 89' lang='lat' dir='ltr'>qua</span> 
     </span>
     <span class='ocr_line' id='line_1_31' title="bbox 238 3065 1762 3146; baseline 0.002 -22"><span class='ocrx_word' id='word_1_190' title='bbox 238 3065 453 3143; x_wconf 82' lang='lat' dir='ltr'>singuli</span> <span class='ocrx_word' id='word_1_191' title='bbox 485 3065 727 3126; x_wconf 88' lang='lat' dir='ltr'>distant</span> <span class='ocrx_word' id='word_1_192' title='bbox 747 3084 781 3123; x_wconf 88' lang='lat' dir='ltr'>a</span> <span class='ocrx_word' id='word_1_193' title='bbox 801 3069 1021 3126; x_wconf 87' lang='lat' dir='ltr'>trunco</span> <span class='ocrx_word' id='word_1_194' title='bbox 1043 3065 1105 3125; x_wconf 90' lang='lat' dir='ltr'>in</span> <span class='ocrx_word' id='word_1_195' title='bbox 1129 3084 1252 3145; x_wconf 87' lang='lat' dir='ltr'>quo</span> <span class='ocrx_word' id='word_1_196' title='bbox 1275 3067 1762 3146; x_wconf 86' lang='lat' dir='ltr'>conjunguntur,</span> 
     </span>
     <span class='ocr_line' id='line_1_32' title="bbox 242 3157 1768 3239; baseline 0.002 -20"><span class='ocrx_word' id='word_1_197' title='bbox 242 3162 295 3219; x_wconf 86' lang='lat' dir='ltr'>et</span> <span class='ocrx_word' id='word_1_198' title='bbox 320 3157 548 3236; x_wconf 84' lang='lat' dir='ltr'>singuli</span> <span class='ocrx_word' id='word_1_199' title='bbox 576 3157 803 3219; x_wconf 85' lang='lat' dir='ltr'>fratres</span> <span class='ocrx_word' id='word_1_200' title='bbox 858 3157 1094 3220; x_wconf 88' lang='lat' dir='ltr'>distant</span> <span class='ocrx_word' id='word_1_201' title='bbox 1145 3177 1270 3221; x_wconf 92' lang='lat' dir='ltr'>uno</span> <span class='ocrx_word' id='word_1_202' title='bbox 1311 3159 1443 3221; x_wconf 89' lang='lat' dir='ltr'>solo</span> <span class='ocrx_word' id='word_1_203' title='bbox 1499 3160 1701 3239; x_wconf 87' lang='lat' dir='ltr'>gradu</span> <span class='ocrx_word' id='word_1_204' title='bbox 1732 3180 1768 3221; x_wconf 91' lang='lat' dir='ltr'>a</span> 
     </span>
     <span class='ocr_line' id='line_1_33' title="bbox 239 3252 1770 3331; baseline 0.002 -21"><span class='ocrx_word' id='word_1_205' title='bbox 239 3256 427 3329; x_wconf 84' lang='lat' dir='ltr'>patre,</span> <span class='ocrx_word' id='word_1_206' title='bbox 460 3252 525 3310; x_wconf 91' lang='lat' dir='ltr'>in</span> <span class='ocrx_word' id='word_1_207' title='bbox 556 3270 684 3331; x_wconf 88' lang='grc'>666</span> <span class='ocrx_word' id='word_1_208' title='bbox 716 3252 1202 3331; x_wconf 85' lang='lat' dir='ltr'>conjunguntur.</span> <span class='ocrx_word' id='word_1_209' title='bbox 1260 3254 1294 3314; x_wconf 86' lang='lat' dir='ltr'>J</span> <span class='ocrx_word' id='word_1_210' title='bbox 1303 3272 1410 3313; x_wconf 88' lang='lat' dir='ltr'>ure</span> <span class='ocrx_word' id='word_1_211' title='bbox 1443 3256 1653 3314; x_wconf 89' lang='lat' dir='ltr'>autem</span> <span class='ocrx_word' id='word_1_212' title='bbox 1683 3255 1770 3315; x_wconf 86' lang='lat' dir='ltr'>ci-</span> 
     </span>
     <span class='ocr_line' id='line_1_34' title="bbox 243 3345 1769 3427; baseline 0.003 -23"><span class='ocrx_word' id='word_1_213' title='bbox 243 3345 336 3405; x_wconf 76' lang='lat' dir='ltr'>vili</span> <span class='ocrx_word' id='word_1_214' title='bbox 362 3345 598 3424; x_wconf 82' lang='lat' dir='ltr'>gradus</span> <span class='ocrx_word' id='word_1_215' title='bbox 631 3346 695 3404; x_wconf 89' lang='grc'>16</span> <span class='ocrx_word' id='word_1_216' title='bbox 727 3345 1187 3406; x_wconf 80' lang='lat' dir='ltr'>collateralibus</span> <span class='ocrx_word' id='word_1_217' title='bbox 1217 3350 1660 3427; x_wconf 88' lang='lat' dir='ltr'>computantur</span> <span class='ocrx_word' id='word_1_218' title='bbox 1679 3348 1769 3409; x_wconf 94' lang='lat' dir='ltr'>di-</span> 
     </span>
     <span class='ocr_line' id='line_1_35' title="bbox 241 3438 1770 3521; baseline 0.004 -25"><span class='ocrx_word' id='word_1_219' title='bbox 241 3457 409 3498; x_wconf 73' lang='lat' dir='ltr'>verso</span> <span class='ocrx_word' id='word_1_220' title='bbox 440 3438 634 3500; x_wconf 91' lang='lat' dir='ltr'>modo</span> <span class='ocrx_word' id='word_1_221' title='bbox 670 3458 682 3499; x_wconf 94' lang='lat'>:</span> <span class='ocrx_word' id='word_1_222' title='bbox 717 3444 1127 3500; x_wconf 83' lang='lat' dir='ltr'>numerantur</span> <span class='ocrx_word' id='word_1_223' title='bbox 1155 3440 1321 3499; x_wconf 90' lang='lat' dir='ltr'>enim</span> <span class='ocrx_word' id='word_1_224' title='bbox 1341 3439 1598 3518; x_wconf 85' lang='lat' dir='ltr'>gradus,</span> <span class='ocrx_word' id='word_1_225' title='bbox 1633 3442 1770 3521; x_wconf 91' lang='lat' dir='ltr'>qui-</span> 
     </span>
     <span class='ocr_line' id='line_1_36' title="bbox 242 3530 1763 3612; baseline 0.003 -21"><span class='ocrx_word' id='word_1_226' title='bbox 242 3530 350 3591; x_wconf 87' lang='grc'><strong>1163</strong></span> <span class='ocrx_word' id='word_1_227' title='bbox 375 3530 475 3591; x_wconf 86' lang='grc'><strong>1116</strong></span> <span class='ocrx_word' id='word_1_228' title='bbox 505 3531 884 3592; x_wconf 87' lang='lat' dir='ltr'>collateralis</span> <span class='ocrx_word' id='word_1_229' title='bbox 913 3531 1103 3593; x_wconf 89' lang='lat' dir='ltr'>distat</span> <span class='ocrx_word' id='word_1_230' title='bbox 1129 3551 1162 3592; x_wconf 88' lang='lat' dir='ltr'>a</span> <span class='ocrx_word' id='word_1_231' title='bbox 1180 3532 1497 3594; x_wconf 89' lang='lat' dir='ltr'>communi</span> <span class='ocrx_word' id='word_1_232' title='bbox 1520 3538 1763 3612; x_wconf 81' lang='lat' dir='ltr'>truncO,</span> 
     </span>
     <span class='ocr_line' id='line_1_37' title="bbox 244 3624 1771 3705; baseline 0.003 -21"><span class='ocrx_word' id='word_1_233' title='bbox 244 3628 299 3684; x_wconf 85' lang='grc'>61</span> <span class='ocrx_word' id='word_1_234' title='bbox 326 3624 417 3684; x_wconf 89' lang='lat' dir='ltr'>his</span> <span class='ocrx_word' id='word_1_235' title='bbox 445 3625 769 3685; x_wconf 85' lang='lat' dir='ltr'>adduntur</span> <span class='ocrx_word' id='word_1_236' title='bbox 796 3624 1051 3704; x_wconf 86' lang='lat' dir='ltr'>gradus,</span> <span class='ocrx_word' id='word_1_237' title='bbox 1087 3625 1313 3705; x_wconf 83' lang='lat' dir='ltr'>quibus</span> <span class='ocrx_word' id='word_1_238' title='bbox 1334 3626 1435 3686; x_wconf 90' lang='lat' dir='ltr'>ille</span> <span class='ocrx_word' id='word_1_239' title='bbox 1457 3626 1615 3687; x_wconf 88' lang='lat' dir='ltr'>alius</span> <span class='ocrx_word' id='word_1_240' title='bbox 1644 3628 1771 3688; x_wconf 85' lang='lat' dir='ltr'>dis-</span> 
     </span>
     <span class='ocr_line' id='line_1_38' title="bbox 243 3717 1767 3800; baseline 0.003 -22"><span class='ocrx_word' id='word_1_241' title='bbox 243 3722 327 3778; x_wconf 81' lang='lat' dir='ltr'>tat</span> <span class='ocrx_word' id='word_1_242' title='bbox 352 3717 427 3777; x_wconf 84' lang='grc'>611</span> <span class='ocrx_word' id='word_1_243' title='bbox 457 3717 687 3778; x_wconf 80' lang='lat' dir='ltr'>eodem</span> <span class='ocrx_word' id='word_1_244' title='bbox 716 3719 958 3795; x_wconf 86' lang='lat' dir='ltr'>truncO,</span> <span class='ocrx_word' id='word_1_245' title='bbox 1005 3721 1067 3779; x_wconf 89' lang='lat' dir='ltr'>et</span> <span class='ocrx_word' id='word_1_246' title='bbox 1094 3736 1169 3777; x_wconf 84' lang='lat' dir='ltr'>ex</span> <span class='ocrx_word' id='word_1_247' title='bbox 1198 3718 1475 3798; x_wconf 89' lang='lat' dir='ltr'>utrisque</span> <span class='ocrx_word' id='word_1_248' title='bbox 1505 3738 1767 3800; x_wconf 89' lang='lat' dir='ltr'>compu-</span> 
     </span>
     <span class='ocr_line' id='line_1_39' title="bbox 246 3811 1769 3890; baseline 0.002 -18"><span class='ocrx_word' id='word_1_249' title='bbox 246 3815 445 3872; x_wconf 85' lang='lat' dir='ltr'>tantur</span> <span class='ocrx_word' id='word_1_250' title='bbox 470 3811 714 3890; x_wconf 87' lang='lat' dir='ltr'>gradus</span> <span class='ocrx_word' id='word_1_251' title='bbox 734 3811 897 3873; x_wconf 89' lang='lat' dir='ltr'>inter</span> <span class='ocrx_word' id='word_1_252' title='bbox 924 3830 989 3871; x_wconf 88' lang='lat' dir='ltr'>se</span> <span class='ocrx_word' id='word_1_253' title='bbox 1014 3831 1030 3884; x_wconf 79' lang='lat'><em>3</em></span> <span class='ocrx_word' id='word_1_254' title='bbox 1065 3829 1261 3890; x_wconf 90' lang='lat' dir='ltr'>quare</span> <span class='ocrx_word' id='word_1_255' title='bbox 1279 3811 1502 3874; x_wconf 87' lang='lat' dir='ltr'>fratres</span> <span class='ocrx_word' id='word_1_256' title='bbox 1533 3818 1678 3875; x_wconf 90' lang='lat' dir='ltr'>sunt</span> <span class='ocrx_word' id='word_1_257' title='bbox 1706 3816 1769 3876; x_wconf 92' lang='lat' dir='ltr'>in</span> 
     </span>
     <span class='ocr_line' id='line_1_40' title="bbox 246 3904 1769 3986; baseline 0.004 -22"><span class='ocrx_word' id='word_1_258' title='bbox 246 3904 509 3965; x_wconf 90' lang='lat' dir='ltr'>secundo</span> <span class='ocrx_word' id='word_1_259' title='bbox 540 3904 770 3983; x_wconf 85' lang='lat' dir='ltr'>gradu,</span> <span class='ocrx_word' id='word_1_260' title='bbox 805 3905 950 3984; x_wconf 87' lang='lat' dir='ltr'>quia</span> <span class='ocrx_word' id='word_1_261' title='bbox 972 3904 1053 3965; x_wconf 87' lang='grc'>611</span> <span class='ocrx_word' id='word_1_262' title='bbox 1074 3904 1193 3965; x_wconf 86' lang='grc'><strong>1166</strong></span> <span class='ocrx_word' id='word_1_263' title='bbox 1214 3904 1401 3966; x_wconf 86' lang='lat' dir='ltr'>fratre</span> <span class='ocrx_word' id='word_1_264' title='bbox 1418 3906 1498 3966; x_wconf 93' lang='lat' dir='ltr'>ad</span> <span class='ocrx_word' id='word_1_265' title='bbox 1527 3911 1769 3986; x_wconf 89' lang='lat' dir='ltr'>patrem</span> 
     </span>
     <span class='ocr_line' id='line_1_41' title="bbox 247 3995 1770 4076; baseline 0.004 -19"><span class='ocrx_word' id='word_1_266' title='bbox 247 4002 332 4057; x_wconf 82' lang='lat' dir='ltr'>est</span> <span class='ocrx_word' id='word_1_267' title='bbox 359 4015 516 4057; x_wconf 88' lang='lat' dir='ltr'>unus</span> <span class='ocrx_word' id='word_1_268' title='bbox 545 3995 805 4075; x_wconf 79' lang='lat' dir='ltr'>graduS‚</span> <span class='ocrx_word' id='word_1_269' title='bbox 856 4000 918 4057; x_wconf 89' lang='grc'>61</span> <span class='ocrx_word' id='word_1_270' title='bbox 948 4016 984 4057; x_wconf 91' lang='grc'>6</span> <span class='ocrx_word' id='word_1_271' title='bbox 1011 4000 1189 4076; x_wconf 88' lang='lat' dir='ltr'>patre</span> <span class='ocrx_word' id='word_1_272' title='bbox 1220 3998 1299 4058; x_wconf 90' lang='lat' dir='ltr'>ad</span> <span class='ocrx_word' id='word_1_273' title='bbox 1352 3999 1618 4061; x_wconf 84' lang='lat' dir='ltr'>alterum</span> <span class='ocrx_word' id='word_1_274' title='bbox 1645 4002 1770 4063; x_wconf 87' lang='lat' dir='ltr'>fra-</span> 
     </span>
     <span class='ocr_line' id='line_1_42' title="bbox 247 4090 1769 4169; baseline 0.004 -19"><span class='ocrx_word' id='word_1_275' title='bbox 247 4093 395 4150; x_wconf 84' lang='lat' dir='ltr'>trem</span> <span class='ocrx_word' id='word_1_276' title='bbox 423 4094 517 4152; x_wconf 88' lang='lat' dir='ltr'>est</span> <span class='ocrx_word' id='word_1_277' title='bbox 545 4109 712 4150; x_wconf 88' lang='grc'><strong>6663</strong></span> <span class='ocrx_word' id='word_1_278' title='bbox 740 4090 996 4168; x_wconf 68' lang='grc'><strong>316666,</strong></span> <span class='ocrx_word' id='word_1_279' title='bbox 1050 4108 1126 4150; x_wconf 80' lang='lat' dir='ltr'>cx</span> <span class='ocrx_word' id='word_1_280' title='bbox 1181 4090 1406 4169; x_wconf 88' lang='lat' dir='ltr'>quihus</span> <span class='ocrx_word' id='word_1_281' title='bbox 1451 4092 1611 4154; x_wconf 90' lang='lat' dir='ltr'>fiunt</span> <span class='ocrx_word' id='word_1_282' title='bbox 1646 4094 1769 4157; x_wconf 90' lang='grc'><strong>(166</strong></span> 
     </span>
     <span class='ocr_line' id='line_1_43' title="bbox 247 4182 1771 4263; baseline 0.005 -22"><span class='ocrx_word' id='word_1_283' title='bbox 247 4183 491 4260; x_wconf 66' lang='grc'><strong>316663,</strong></span> <span class='ocrx_word' id='word_1_284' title='bbox 553 4182 783 4263; x_wconf 85' lang='grc'><strong>6611163</strong></span> <span class='ocrx_word' id='word_1_285' title='bbox 813 4184 1005 4245; x_wconf 88' lang='lat' dir='ltr'>frater</span> <span class='ocrx_word' id='word_1_286' title='bbox 1034 4183 1225 4245; x_wconf 86' lang='lat' dir='ltr'>distat</span> <span class='ocrx_word' id='word_1_287' title='bbox 1253 4203 1289 4244; x_wconf 90' lang='lat' dir='ltr'>a</span> <span class='ocrx_word' id='word_1_288' title='bbox 1318 4185 1531 4263; x_wconf 89' lang='lat' dir='ltr'>fratre,</span> <span class='ocrx_word' id='word_1_289' title='bbox 1594 4193 1655 4249; x_wconf 87' lang='lat' dir='ltr'>et</span> <span class='ocrx_word' id='word_1_290' title='bbox 1683 4188 1771 4249; x_wconf 87' lang='lat' dir='ltr'>sic</span> 
     </span>
     <span class='ocr_line' id='line_1_44' title="bbox 250 4274 1058 4337; baseline 0 -2"><span class='ocrx_word' id='word_1_291' title='bbox 250 4274 320 4335; x_wconf 91' lang='grc'>(16</span> <span class='ocrx_word' id='word_1_292' title='bbox 348 4275 481 4337; x_wconf 84' lang='grc'><strong>61113</strong></span> <span class='ocrx_word' id='word_1_293' title='bbox 509 4276 1058 4337; x_wconf 79' lang='lat' dir='ltr'>transversalibus.</span> 
     </span>
    </p>

    <p class='ocr_par' dir='ltr' id='par_1_5' title="bbox 252 4369 1775 4641">
     <span class='ocr_line' id='line_1_45' title="bbox 323 4369 1772 4454; baseline 0.005 -26"><span class='ocrx_word' id='word_1_294' title='bbox 323 4369 497 4429; x_wconf 83' lang='lat' dir='ltr'>Circa</span> <span class='ocrx_word' id='word_1_295' title='bbox 555 4369 720 4429; x_wconf 89' lang='lat' dir='ltr'>hanc</span> <span class='ocrx_word' id='word_1_296' title='bbox 764 4370 1181 4430; x_wconf 83' lang='lat' dir='ltr'>universalem</span> <span class='ocrx_word' id='word_1_297' title='bbox 1238 4371 1521 4449; x_wconf 87' lang='lat' dir='ltr'>regulam</span> <span class='ocrx_word' id='word_1_298' title='bbox 1562 4374 1772 4454; x_wconf 88' lang='lat' dir='ltr'>aliqua</span> 
     </span>
     <span class='ocr_line' id='line_1_46' title="bbox 252 4462 1770 4546; baseline 0.005 -25"><span class='ocrx_word' id='word_1_299' title='bbox 252 4462 517 4522; x_wconf 89' lang='lat' dir='ltr'>notanda</span> <span class='ocrx_word' id='word_1_300' title='bbox 544 4466 714 4523; x_wconf 87' lang='lat' dir='ltr'>sunt.</span> <span class='ocrx_word' id='word_1_301' title='bbox 773 4462 979 4524; x_wconf 90' lang='lat' dir='ltr'>Primo</span> <span class='ocrx_word' id='word_1_302' title='bbox 1022 4463 1198 4525; x_wconf 83' lang='lat' dir='ltr'>fratri</span> <span class='ocrx_word' id='word_1_303' title='bbox 1228 4463 1522 4527; x_wconf 89' lang='lat' dir='ltr'>defuncto</span> <span class='ocrx_word' id='word_1_304' title='bbox 1570 4467 1770 4546; x_wconf 87' lang='lat' dir='ltr'>primo</span> 
     </span>
     <span class='ocr_line' id='line_1_47' title="bbox 252 4546 1775 4641; baseline 0.006 -28"><span class='ocrx_word' id='word_1_305' title='bbox 252 4553 377 4615; x_wconf 91' lang='lat' dir='ltr'>loco</span> <span class='ocrx_word' id='word_1_306' title='bbox 406 4546 759 4616; x_wconf 80' lang='lat' dir='ltr'>succedunt</span> <span class='ocrx_word' id='word_1_307' title='bbox 784 4556 1008 4617; x_wconf 89' lang='lat' dir='ltr'>fratres</span> <span class='ocrx_word' id='word_1_308' title='bbox 1054 4555 1216 4641; x_wconf 74' lang='lat' dir='ltr'>illius</span> <span class='ocrx_word' id='word_1_309' title='bbox 1247 4576 1321 4617; x_wconf 82' lang='lat' dir='ltr'>ex</span> <span class='ocrx_word' id='word_1_310' title='bbox 1368 4561 1632 4639; x_wconf 87' lang='lat' dir='ltr'>utroque</span> <span class='ocrx_word' id='word_1_311' title='bbox 1661 4581 1775 4640; x_wconf 88' lang='lat' dir='ltr'>pa-</span> 
     </span>
    </p>
   </div>
   <div class='ocr_carea' id='block_1_4' title="bbox 108 4647 1771 4729">
    <p class='ocr_par' dir='ltr' id='par_1_6' title="bbox 108 4647 1771 4729">
     <span class='ocr_line' id='line_1_48' title="bbox 108 4647 1771 4729; baseline 0.006 -24"><span class='ocrx_word' id='word_1_312' title='bbox 108 4681 176 4717; x_wconf 57' lang='lat' dir='ltr'>m,</span> <span class='ocrx_word' id='word_1_313' title='bbox 252 4651 437 4725; x_wconf 83' lang='lat' dir='ltr'>rente,</span> <span class='ocrx_word' id='word_1_314' title='bbox 472 4647 582 4728; x_wconf 87' lang='lat' dir='ltr'>qui</span> <span class='ocrx_word' id='word_1_315' title='bbox 612 4649 1032 4729; x_wconf 66' lang='lat' dir='ltr'>praeferuntur</span> <span class='ocrx_word' id='word_1_316' title='bbox 1059 4649 1194 4709; x_wconf 88' lang='lat' dir='ltr'>aliis</span> <span class='ocrx_word' id='word_1_317' title='bbox 1222 4649 1518 4712; x_wconf 88' lang='lat' dir='ltr'>fratribus</span> <span class='ocrx_word' id='word_1_318' title='bbox 1544 4672 1619 4713; x_wconf 86' lang='lat' dir='ltr'>ex</span> <span class='ocrx_word' id='word_1_319' title='bbox 1648 4674 1771 4716; x_wconf 91' lang='lat' dir='ltr'>uno</span> 
     </span>
    </p>
   </div>
   <div class='ocr_carea' id='block_1_5' title="bbox 251 4740 1777 5398">
    <p class='ocr_par' dir='ltr' id='par_1_7' title="bbox 251 4740 1777 5398">
     <span class='ocr_line' id='line_1_49' title="bbox 251 4740 1775 4819; baseline 0.007 -19"><span class='ocrx_word' id='word_1_320' title='bbox 251 4740 372 4801; x_wconf 85' lang='lat' dir='ltr'>solo</span> <span class='ocrx_word' id='word_1_321' title='bbox 426 4745 709 4819; x_wconf 89' lang='lat' dir='ltr'>parente,</span> <span class='ocrx_word' id='word_1_322' title='bbox 765 4746 835 4802; x_wconf 89' lang='lat' dir='ltr'>ut</span> <span class='ocrx_word' id='word_1_323' title='bbox 889 4741 1155 4804; x_wconf 85' lang='lat' dir='ltr'>habetur</span> <span class='ocrx_word' id='word_1_324' title='bbox 1207 4742 1269 4802; x_wconf 89' lang='lat' dir='ltr'>in</span> <span class='ocrx_word' id='word_1_325' title='bbox 1300 4744 1675 4809; x_wconf 86' lang='lat' dir='ltr'>Anthentico</span> <span class='ocrx_word' id='word_1_326' title='bbox 1706 4747 1775 4809; x_wconf 85' lang='lat' dir='ltr'>de</span> 
     </span>
     <span class='ocr_line' id='line_1_50' title="bbox 253 4830 1774 4919; baseline 0.006 -26"><span class='ocrx_word' id='word_1_327' title='bbox 253 4830 560 4895; x_wconf 72' lang='lat' dir='ltr'>hcet-edibus</span> <span class='ocrx_word' id='word_1_328' title='bbox 615 4833 687 4894; x_wconf 83' lang='lat' dir='ltr'>ab</span> <span class='ocrx_word' id='word_1_329' title='bbox 740 4834 1008 4895; x_wconf 79' lang='lat' dir='ltr'>intestato</span> <span class='ocrx_word' id='word_1_330' title='bbox 1035 4836 1091 4914; x_wconf 66' lang='grc' dir='ltr'>ἓ.</span> <span class='ocrx_word' id='word_1_331' title='bbox 1152 4835 1230 4895; x_wconf 73' lang='lat' dir='ltr'>Si</span> <span class='ocrx_word' id='word_1_332' title='bbox 1253 4836 1437 4916; x_wconf 78' lang='lat' dir='ltr'>iqz&#39;tur</span> <span class='ocrx_word' id='word_1_333' title='bbox 1471 4836 1774 4919; x_wconf 74' lang='lat' dir='ltr'>defunctus</span> 
     </span>
     <span class='ocr_line' id='line_1_51' title="bbox 254 4926 1775 5008; baseline 0.007 -23"><span class='ocrx_word' id='word_1_334' title='bbox 254 4946 441 5008; x_wconf 81' lang='lat' dir='ltr'>neque.</span> <span class='ocrx_word' id='word_1_335' title='bbox 488 4927 554 4990; x_wconf 90' lang='lat' dir='ltr'>Si</span> <span class='ocrx_word' id='word_1_336' title='bbox 582 4926 791 4988; x_wconf 87' lang='lat' dir='ltr'>adsint</span> <span class='ocrx_word' id='word_1_337' title='bbox 822 4928 1012 4989; x_wconf 89' lang='lat' dir='ltr'>etiam</span> <span class='ocrx_word' id='word_1_338' title='bbox 1042 4928 1149 4988; x_wconf 84' lang='lat' dir='ltr'>filii</span> <span class='ocrx_word' id='word_1_339' title='bbox 1179 4927 1441 5007; x_wconf 85' lang='lat' dir='ltr'>alicujus</span> <span class='ocrx_word' id='word_1_340' title='bbox 1469 4949 1544 4991; x_wconf 86' lang='lat' dir='ltr'>ex</span> <span class='ocrx_word' id='word_1_341' title='bbox 1572 4932 1775 4995; x_wconf 85' lang='lat' dir='ltr'>fratri·-</span> 
     </span>
     <span class='ocr_line' id='line_1_52' title="bbox 252 5017 1775 5101; baseline 0.005 -22"><span class='ocrx_word' id='word_1_342' title='bbox 252 5017 361 5080; x_wconf 83' lang='lat' dir='ltr'>bus</span> <span class='ocrx_word' id='word_1_343' title='bbox 389 5021 683 5100; x_wconf 85' lang='lat' dir='ltr'>utrinque</span> <span class='ocrx_word' id='word_1_344' title='bbox 712 5020 1026 5099; x_wconf 89' lang='lat' dir='ltr'>conjuncti</span> <span class='ocrx_word' id='word_1_345' title='bbox 1051 5020 1187 5101; x_wconf 88' lang='lat' dir='ltr'>jam</span> <span class='ocrx_word' id='word_1_346' title='bbox 1217 5020 1516 5100; x_wconf 85' lang='lat' dir='ltr'>defuncti,</span> <span class='ocrx_word' id='word_1_347' title='bbox 1571 5025 1636 5085; x_wconf 89' lang='lat' dir='ltr'>hi</span> <span class='ocrx_word' id='word_1_348' title='bbox 1665 5028 1775 5087; x_wconf 85' lang='lat' dir='ltr'>filii</span> 
     </span>
     <span class='ocr_line' id='line_1_53' title="bbox 256 5114 1777 5196; baseline 0.007 -25"><span class='ocrx_word' id='word_1_349' title='bbox 256 5118 700 5191; x_wconf 63' lang='lat' dir='ltr'>repraesentant</span> <span class='ocrx_word' id='word_1_350' title='bbox 744 5133 930 5174; x_wconf 89' lang='lat' dir='ltr'>suum</span> <span class='ocrx_word' id='word_1_351' title='bbox 975 5118 1218 5193; x_wconf 89' lang='lat' dir='ltr'>patrem</span> <span class='ocrx_word' id='word_1_352' title='bbox 1248 5114 1311 5174; x_wconf 93' lang='lat' dir='ltr'>in</span> <span class='ocrx_word' id='word_1_353' title='bbox 1341 5114 1459 5177; x_wconf 92' lang='lat' dir='ltr'>hoc</span> <span class='ocrx_word' id='word_1_354' title='bbox 1488 5135 1658 5196; x_wconf 87' lang='lat' dir='ltr'>casu,</span> <span class='ocrx_word' id='word_1_355' title='bbox 1714 5125 1777 5183; x_wconf 90' lang='lat' dir='ltr'>et</span> 
     </span>
     <span class='ocr_line' id='line_1_54' title="bbox 255 5207 1776 5288; baseline 0.007 -23"><span class='ocrx_word' id='word_1_356' title='bbox 255 5208 589 5270; x_wconf 88' lang='lat' dir='ltr'>succedunt</span> <span class='ocrx_word' id='word_1_357' title='bbox 616 5225 758 5268; x_wconf 91' lang='lat' dir='ltr'>cum</span> <span class='ocrx_word' id='word_1_358' title='bbox 786 5208 1026 5288; x_wconf 88' lang='lat' dir='ltr'>patruis</span> <span class='ocrx_word' id='word_1_359' title='bbox 1046 5207 1197 5284; x_wconf 81' lang='lat' dir='ltr'>suiS‚</span> <span class='ocrx_word' id='word_1_360' title='bbox 1231 5209 1339 5287; x_wconf 90' lang='lat' dir='ltr'>qui</span> <span class='ocrx_word' id='word_1_361' title='bbox 1357 5213 1536 5272; x_wconf 90' lang='lat' dir='ltr'>erant</span> <span class='ocrx_word' id='word_1_362' title='bbox 1554 5211 1776 5275; x_wconf 86' lang='lat' dir='ltr'>fratres</span> 
     </span>
     <span class='ocr_line' id='line_1_55' title="bbox 258 5295 1770 5398; baseline 0.007 -42"><span class='ocrx_word' id='word_1_363' title='bbox 258 5295 524 5361; x_wconf 85' lang='lat' dir='ltr'>defuncti</span> <span class='ocrx_word' id='word_1_364' title='bbox 569 5321 582 5362; x_wconf 93' lang='lat'><strong>:</strong></span> <span class='ocrx_word' id='word_1_365' title='bbox 636 5319 761 5361; x_wconf 91' lang='lat' dir='ltr'>non</span> <span class='ocrx_word' id='word_1_366' title='bbox 790 5306 1002 5363; x_wconf 87' lang='lat' dir='ltr'>tamen</span> <span class='ocrx_word' id='word_1_367' title='bbox 1033 5301 1379 5364; x_wconf 89' lang='lat' dir='ltr'>succedunt</span> <span class='ocrx_word' id='word_1_368' title='bbox 1402 5322 1516 5384; x_wconf 82' lang='lat' dir='ltr'>per</span> <span class='ocrx_word' id='word_1_369' title='bbox 1545 5307 1770 5398; x_wconf 73' lang='lat' dir='ltr'>capita,</span> 
     </span>
    </p>
   </div>
   <div class='ocr_carea' id='block_1_6' title="bbox 258 5391 1777 5550">
    <p class='ocr_par' dir='ltr' id='par_1_8' title="bbox 258 5391 1777 5550">
     <span class='ocr_line' id='line_1_56' title="bbox 258 5391 1777 5473; baseline 0.007 -22"><span class='ocrx_word' id='word_1_370' title='bbox 258 5391 359 5452; x_wconf 83' lang='lat' dir='ltr'>sed</span> <span class='ocrx_word' id='word_1_371' title='bbox 386 5413 497 5473; x_wconf 90' lang='lat' dir='ltr'>per</span> <span class='ocrx_word' id='word_1_372' title='bbox 542 5394 837 5473; x_wconf 81' lang='lat' dir='ltr'>stirpem3</span> <span class='ocrx_word' id='word_1_373' title='bbox 897 5398 967 5456; x_wconf 91' lang='lat' dir='ltr'>ut</span> <span class='ocrx_word' id='word_1_374' title='bbox 1015 5393 1285 5457; x_wconf 84' lang='lat' dir='ltr'>habetur</span> <span class='ocrx_word' id='word_1_375' title='bbox 1339 5395 1401 5455; x_wconf 91' lang='lat' dir='ltr'>in</span> <span class='ocrx_word' id='word_1_376' title='bbox 1460 5397 1624 5460; x_wconf 87' lang='lat' dir='ltr'>dicto</span> <span class='ocrx_word' id='word_1_377' title='bbox 1654 5403 1777 5462; x_wconf 91' lang='lat' dir='ltr'>Au-</span> 
     </span>
     <span class='ocr_line' id='line_1_57' title="bbox 565 5490 891 5550; baseline -0.003 0"><span class='ocrx_word' id='word_1_378' title='bbox 565 5490 726 5550; x_wconf 72' lang='lat' dir='ltr'>Ton.</span> <span class='ocrx_word' id='word_1_379' title='bbox 761 5490 891 5550; x_wconf 89' lang='lat' dir='ltr'>Vll.</span> 
     </span>
    </p>
   </div>
   <div class='ocr_carea' id='block_1_7' title="bbox 3277 312 3388 369">
    <p class='ocr_par' dir='ltr' id='par_1_9' title="bbox 3277 312 3388 369">
     <span class='ocr_line' id='line_1_58' title="bbox 3277 312 3388 369; baseline 0.009 -1"><span class='ocrx_word' id='word_1_380' title='bbox 3277 312 3388 369; x_wconf 86' lang='lat'>113</span> 
     </span>
    </p>
   </div>
   <div class='ocr_carea' id='block_1_8' title="bbox 1859 459 3689 1422">
    <p class='ocr_par' dir='ltr' id='par_1_10' title="bbox 1859 459 3397 1200">
     <span class='ocr_line' id='line_1_59' title="bbox 1859 459 3388 554; baseline 0.016 -33"><span class='ocrx_word' id='word_1_381' title='bbox 1859 459 2157 524; x_wconf 83' lang='lat' dir='ltr'>theutico.</span> <span class='ocrx_word' id='word_1_382' title='bbox 2191 466 2246 544; x_wconf 63' lang='grc' dir='ltr'>ξ.</span> <span class='ocrx_word' id='word_1_383' title='bbox 2282 465 2361 527; x_wconf 79' lang='lat' dir='ltr'>Si</span> <span class='ocrx_word' id='word_1_384' title='bbox 2385 477 2574 531; x_wconf 80' lang='lat' dir='ltr'>autem</span> <span class='ocrx_word' id='word_1_385' title='bbox 2611 471 2904 554; x_wconf 73' lang='lat' dir='ltr'>defuncte.</span> <span class='ocrx_word' id='word_1_386' title='bbox 2968 482 3146 542; x_wconf 87' lang='lat' dir='ltr'>Unde</span> <span class='ocrx_word' id='word_1_387' title='bbox 3196 483 3245 543; x_wconf 90' lang='lat' dir='ltr'>si</span> <span class='ocrx_word' id='word_1_388' title='bbox 3277 467 3388 546; x_wconf 85' lang='lat' dir='ltr'>ad·</span> 
     </span>
     <span class='ocr_line' id='line_1_60' title="bbox 1860 553 3393 654; baseline 0.018 -42"><span class='ocrx_word' id='word_1_389' title='bbox 1860 553 1984 615; x_wconf 87' lang='lat' dir='ltr'>sint</span> <span class='ocrx_word' id='word_1_390' title='bbox 2010 558 2293 634; x_wconf 81' lang='lat' dir='ltr'>praedicti</span> <span class='ocrx_word' id='word_1_391' title='bbox 2322 561 2430 621; x_wconf 85' lang='lat' dir='ltr'>filii</span> <span class='ocrx_word' id='word_1_392' title='bbox 2479 563 2686 626; x_wconf 81' lang='lat' dir='ltr'>fratris</span> <span class='ocrx_word' id='word_1_393' title='bbox 2731 570 3021 650; x_wconf 82' lang='lat' dir='ltr'>utrinqne</span> <span class='ocrx_word' id='word_1_394' title='bbox 3074 577 3393 654; x_wconf 85' lang='lat' dir='ltr'>conjuncti</span> 
     </span>
     <span class='ocr_line' id='line_1_61' title="bbox 1861 649 3391 750; baseline 0.018 -45"><span class='ocrx_word' id='word_1_395' title='bbox 1861 663 2004 707; x_wconf 89' lang='lat' dir='ltr'>cum</span> <span class='ocrx_word' id='word_1_396' title='bbox 2035 649 2349 728; x_wconf 83' lang='lat' dir='ltr'>defunctO,</span> <span class='ocrx_word' id='word_1_397' title='bbox 2403 659 2697 720; x_wconf 85' lang='grc'><strong>61661163</strong></span> <span class='ocrx_word' id='word_1_398' title='bbox 2747 662 2825 723; x_wconf 85' lang='grc'>311</span> <span class='ocrx_word' id='word_1_399' title='bbox 2850 663 3046 726; x_wconf 86' lang='lat' dir='ltr'>frater</span> <span class='ocrx_word' id='word_1_400' title='bbox 3093 653 3391 750; x_wconf 84' lang='lat' dir='ltr'>utrinque</span> 
     </span>
     <span class='ocr_line' id='line_1_62' title="bbox 1859 741 3391 842; baseline 0.019 -44"><span class='ocrx_word' id='word_1_401' title='bbox 1859 741 2250 821; x_wconf 72' lang='lat' dir='ltr'>conjunctUS,</span> <span class='ocrx_word' id='word_1_402' title='bbox 2301 746 2523 809; x_wconf 84' lang='lat' dir='ltr'>fratres</span> <span class='ocrx_word' id='word_1_403' title='bbox 2553 770 2628 810; x_wconf 84' lang='lat' dir='ltr'>ex</span> <span class='ocrx_word' id='word_1_404' title='bbox 2670 773 2795 816; x_wconf 90' lang='lat' dir='ltr'>uno</span> <span class='ocrx_word' id='word_1_405' title='bbox 2843 761 3087 820; x_wconf 88' lang='lat' dir='ltr'>tantum</span> <span class='ocrx_word' id='word_1_406' title='bbox 3132 757 3391 842; x_wconf 83' lang='lat' dir='ltr'>parente</span> 
     </span>
     <span class='ocr_line' id='line_1_63' title="bbox 1861 834 3397 937; baseline 0.019 -46"><span class='ocrx_word' id='word_1_407' title='bbox 1861 834 2278 898; x_wconf 85' lang='lat' dir='ltr'>excluduntur</span> <span class='ocrx_word' id='word_1_408' title='bbox 2306 859 2345 899; x_wconf 92' lang='lat' dir='ltr'>a</span> <span class='ocrx_word' id='word_1_409' title='bbox 2371 841 2514 903; x_wconf 88' lang='lat' dir='ltr'>filiis</span> <span class='ocrx_word' id='word_1_410' title='bbox 2559 845 2766 909; x_wconf 85' lang='lat' dir='ltr'>fratris</span> <span class='ocrx_word' id='word_1_411' title='bbox 2813 852 3106 933; x_wconf 85' lang='lat' dir='ltr'>utrinque</span> <span class='ocrx_word' id='word_1_412' title='bbox 3137 857 3397 937; x_wconf 87' lang='lat' dir='ltr'>conjun-</span> 
     </span>
     <span class='ocr_line' id='line_1_64' title="bbox 1861 926 3394 1030; baseline 0.02 -45"><span class='ocrx_word' id='word_1_413' title='bbox 1861 926 1942 986; x_wconf 89' lang='lat' dir='ltr'>cti</span> <span class='ocrx_word' id='word_1_414' title='bbox 1984 927 2283 1009; x_wconf 83' lang='lat' dir='ltr'>defuncti,</span> <span class='ocrx_word' id='word_1_415' title='bbox 2343 935 2490 1014; x_wconf 83' lang='lat' dir='ltr'>quia</span> <span class='ocrx_word' id='word_1_416' title='bbox 2531 936 2594 997; x_wconf 92' lang='lat' dir='ltr'>hi</span> <span class='ocrx_word' id='word_1_417' title='bbox 2641 949 3096 1019; x_wconf 85' lang='lat' dir='ltr'>repraesentant</span> <span class='ocrx_word' id='word_1_418' title='bbox 3149 956 3394 1030; x_wconf 88' lang='lat' dir='ltr'>patrem</span> 
     </span>
     <span class='ocr_line' id='line_1_65' title="bbox 1863 1024 3395 1118; baseline 0.021 -41"><span class='ocrx_word' id='word_1_419' title='bbox 1863 1038 2066 1098; x_wconf 86' lang='lat' dir='ltr'>suum,</span> <span class='ocrx_word' id='word_1_420' title='bbox 2101 1024 2207 1102; x_wconf 88' lang='lat' dir='ltr'>qui</span> <span class='ocrx_word' id='word_1_421' title='bbox 2240 1026 2393 1087; x_wconf 88' lang='lat' dir='ltr'>alios</span> <span class='ocrx_word' id='word_1_422' title='bbox 2421 1029 2647 1094; x_wconf 85' lang='lat' dir='ltr'>fratres</span> <span class='ocrx_word' id='word_1_423' title='bbox 2668 1036 3055 1118; x_wconf 78' lang='lat' dir='ltr'>excluderet,</span> <span class='ocrx_word' id='word_1_424' title='bbox 3105 1047 3177 1106; x_wconf 89' lang='lat' dir='ltr'>ut</span> <span class='ocrx_word' id='word_1_425' title='bbox 3206 1044 3395 1107; x_wconf 86' lang='lat' dir='ltr'>habe-</span> 
     </span>
     <span class='ocr_line' id='line_1_66' title="bbox 1862 1115 2629 1200; baseline 0.018 -28"><span class='ocrx_word' id='word_1_426' title='bbox 1862 1116 1964 1173; x_wconf 88' lang='lat' dir='ltr'>tur</span> <span class='ocrx_word' id='word_1_427' title='bbox 1992 1115 2055 1174; x_wconf 89' lang='lat' dir='ltr'>in</span> <span class='ocrx_word' id='word_1_428' title='bbox 2085 1117 2307 1178; x_wconf 84' lang='lat' dir='ltr'>eodem</span> <span class='ocrx_word' id='word_1_429' title='bbox 2336 1121 2390 1200; x_wconf 63' lang='grc' dir='ltr'>ἓ.</span> <span class='ocrx_word' id='word_1_430' title='bbox 2420 1122 2629 1185; x_wconf 88' lang='grc'><strong>611616.</strong></span> 
     </span>
    </p>

    <p class='ocr_par' dir='ltr' id='par_1_11' title="bbox 1863 1210 3689 1422">
     <span class='ocr_line' id='line_1_67' title="bbox 1942 1210 3658 1312; baseline 0.019 -46"><span class='ocrx_word' id='word_1_431' title='bbox 1942 1210 2300 1271; x_wconf 77' lang='lat' dir='ltr'>Notandum</span> <span class='ocrx_word' id='word_1_432' title='bbox 2324 1217 2621 1295; x_wconf 89' lang='lat' dir='ltr'>secundo,</span> <span class='ocrx_word' id='word_1_433' title='bbox 2644 1219 3079 1287; x_wconf 87' lang='lat' dir='ltr'>deficientibus</span> <span class='ocrx_word' id='word_1_434' title='bbox 3097 1230 3395 1294; x_wconf 83' lang='lat' dir='ltr'>fratribus</span> <span class='ocrx_word' id='word_1_435' title='bbox 3544 1253 3658 1312; x_wconf 78' lang='lat'>185</span> 
     </span>
     <span class='ocr_line' id='line_1_68' title="bbox 1863 1299 3689 1422; baseline 0.019 -64"><span class='ocrx_word' id='word_1_436' title='bbox 1863 1299 2140 1364; x_wconf 87' lang='lat' dir='ltr'>defuncti</span> <span class='ocrx_word' id='word_1_437' title='bbox 2171 1322 2246 1364; x_wconf 79' lang='lat' dir='ltr'>ex</span> <span class='ocrx_word' id='word_1_438' title='bbox 2276 1309 2540 1388; x_wconf 87' lang='lat' dir='ltr'>utroque</span> <span class='ocrx_word' id='word_1_439' title='bbox 2569 1317 2852 1393; x_wconf 86' lang='lat' dir='ltr'>parente,</span> <span class='ocrx_word' id='word_1_440' title='bbox 2888 1321 2951 1379; x_wconf 88' lang='lat' dir='ltr'>et</span> <span class='ocrx_word' id='word_1_441' title='bbox 2978 1338 3196 1383; x_wconf 88' lang='lat' dir='ltr'>eorum</span> <span class='ocrx_word' id='word_1_442' title='bbox 3224 1325 3389 1402; x_wconf 85' lang='lat' dir='ltr'>filiis,</span> <span class='ocrx_word' id='word_1_443' title='bbox 3499 1379 3627 1421; x_wconf 79' lang='lat' dir='ltr'>Exclu</span> <span class='ocrx_word' id='word_1_444' title='bbox 3630 1379 3689 1422; x_wconf 54' lang='lat' dir='ltr'>di,</span> 
     </span>
    </p>
   </div>
   <div class='ocr_carea' id='block_1_9' title="bbox 1862 1393 3745 3833">
    <p class='ocr_par' dir='ltr' id='par_1_12' title="bbox 1862 1393 3741 1857">
     <span class='ocr_line' id='line_1_69' title="bbox 1862 1393 3741 1488; baseline 0.013 -36"><span class='ocrx_word' id='word_1_445' title='bbox 1862 1393 2084 1455; x_wconf 86' lang='lat' dir='ltr'>fratres</span> <span class='ocrx_word' id='word_1_446' title='bbox 2116 1415 2190 1455; x_wconf 79' lang='lat' dir='ltr'>ex</span> <span class='ocrx_word' id='word_1_447' title='bbox 2245 1398 2438 1460; x_wconf 81' lang='lat' dir='ltr'>altero</span> <span class='ocrx_word' id='word_1_448' title='bbox 2471 1407 2716 1465; x_wconf 85' lang='lat' dir='ltr'>tantum</span> <span class='ocrx_word' id='word_1_449' title='bbox 2767 1416 3027 1487; x_wconf 85' lang='lat' dir='ltr'>parente</span> <span class='ocrx_word' id='word_1_450' title='bbox 3059 1417 3397 1483; x_wconf 83' lang='lat' dir='ltr'>excludunt</span> <span class='ocrx_word' id='word_1_451' title='bbox 3444 1433 3615 1488; x_wconf 75' lang='lat' dir='ltr'>quilibet</span> <span class='ocrx_word' id='word_1_452' title='bbox 3653 1435 3741 1475; x_wconf 69' lang='lat' dir='ltr'>sm-</span> 
     </span>
     <span class='ocr_line' id='line_1_70' title="bbox 1863 1490 3714 1594; baseline 0.02 -48"><span class='ocrx_word' id='word_1_453' title='bbox 1863 1505 2079 1549; x_wconf 88' lang='lat' dir='ltr'>omnes</span> <span class='ocrx_word' id='word_1_454' title='bbox 2109 1490 2262 1551; x_wconf 88' lang='lat' dir='ltr'>alios</span> <span class='ocrx_word' id='word_1_455' title='bbox 2291 1494 2699 1576; x_wconf 81' lang='lat' dir='ltr'>collateralcS‚</span> <span class='ocrx_word' id='word_1_456' title='bbox 2736 1506 2804 1563; x_wconf 90' lang='lat' dir='ltr'>ut</span> <span class='ocrx_word' id='word_1_457' title='bbox 2833 1503 2894 1562; x_wconf 89' lang='lat' dir='ltr'>in</span> <span class='ocrx_word' id='word_1_458' title='bbox 2916 1506 3083 1569; x_wconf 88' lang='lat' dir='ltr'>dicto</span> <span class='ocrx_word' id='word_1_459' title='bbox 3104 1511 3162 1589; x_wconf 66' lang='grc' dir='ltr'>ἓ.</span> <span class='ocrx_word' id='word_1_460' title='bbox 3194 1511 3398 1594; x_wconf 72' lang='lat' dir='ltr'>Siiqz&#39;-</span> <span class='ocrx_word' id='word_1_461' title='bbox 3476 1492 3714 1581; x_wconf 53' lang='lat' dir='ltr'>neraffinsnus</span> 
     </span>
     <span class='ocr_line' id='line_1_71' title="bbox 1863 1580 3738 1683; baseline 0.019 -45"><span class='ocrx_word' id='word_1_462' title='bbox 1863 1588 1960 1639; x_wconf 81' lang='lat' dir='ltr'>tw·</span> <span class='ocrx_word' id='word_1_463' title='bbox 1988 1580 2312 1663; x_wconf 78' lang='lat' dir='ltr'>defunctus·</span> <span class='ocrx_word' id='word_1_464' title='bbox 2350 1588 2528 1648; x_wconf 88' lang='lat' dir='ltr'>Unde</span> <span class='ocrx_word' id='word_1_465' title='bbox 2546 1590 2597 1650; x_wconf 88' lang='lat' dir='ltr'>si</span> <span class='ocrx_word' id='word_1_466' title='bbox 2617 1593 2827 1656; x_wconf 87' lang='lat' dir='ltr'>adsint</span> <span class='ocrx_word' id='word_1_467' title='bbox 2856 1597 2964 1658; x_wconf 80' lang='lat' dir='ltr'>filii</span> <span class='ocrx_word' id='word_1_468' title='bbox 2986 1601 3251 1683; x_wconf 88' lang='lat' dir='ltr'>alicujus</span> <span class='ocrx_word' id='word_1_469' title='bbox 3278 1607 3398 1667; x_wconf 89' lang='lat' dir='ltr'>fra·</span> <span class='ocrx_word' id='word_1_470' title='bbox 3466 1594 3738 1637; x_wconf 68' lang='lat'>⁰⁰¹¹²¹‘⁰¹&#39;⁸¹⁰⁸·</span> 
     </span>
     <span class='ocr_line' id='line_1_72' title="bbox 1864 1673 3397 1775; baseline 0.019 -43"><span class='ocrx_word' id='word_1_471' title='bbox 1864 1673 1970 1733; x_wconf 86' lang='lat' dir='ltr'>tris</span> <span class='ocrx_word' id='word_1_472' title='bbox 2001 1693 2075 1734; x_wconf 84' lang='lat' dir='ltr'>ex</span> <span class='ocrx_word' id='word_1_473' title='bbox 2105 1696 2231 1738; x_wconf 87' lang='grc'>666</span> <span class='ocrx_word' id='word_1_474' title='bbox 2283 1682 2529 1741; x_wconf 87' lang='lat' dir='ltr'>tantum</span> <span class='ocrx_word' id='word_1_475' title='bbox 2558 1691 2735 1762; x_wconf 89' lang='lat' dir='ltr'>parte</span> <span class='ocrx_word' id='word_1_476' title='bbox 2786 1687 2923 1768; x_wconf 84' lang='lat' dir='ltr'>jam</span> <span class='ocrx_word' id='word_1_477' title='bbox 2973 1693 3273 1775; x_wconf 87' lang='lat' dir='ltr'>defuncti,</span> <span class='ocrx_word' id='word_1_478' title='bbox 3335 1701 3397 1760; x_wconf 89' lang='lat' dir='ltr'>hi</span> 
     </span>
     <span class='ocr_line' id='line_1_73' title="bbox 1863 1768 3401 1857; baseline 0.02 -32"><span class='ocrx_word' id='word_1_479' title='bbox 1863 1768 2208 1830; x_wconf 90' lang='lat' dir='ltr'>succedunt</span> <span class='ocrx_word' id='word_1_480' title='bbox 2235 1790 2378 1832; x_wconf 90' lang='lat' dir='ltr'>cum</span> <span class='ocrx_word' id='word_1_481' title='bbox 2407 1775 2534 1836; x_wconf 91' lang='lat' dir='ltr'>suis</span> <span class='ocrx_word' id='word_1_482' title='bbox 2581 1780 2821 1857; x_wconf 86' lang='lat' dir='ltr'>patruis</span> <span class='ocrx_word' id='word_1_483' title='bbox 2851 1783 3146 1850; x_wconf 83' lang='lat' dir='ltr'>fratribus</span> <span class='ocrx_word' id='word_1_484' title='bbox 3177 1791 3401 1854; x_wconf 90' lang='lat' dir='ltr'>defun-</span> 
     </span>
    </p>

    <p class='ocr_par' dir='ltr' id='par_1_13' title="bbox 1864 1861 3402 1959">
     <span class='ocr_line' id='line_1_74' title="bbox 1864 1861 3402 1959; baseline 0.019 -39"><span class='ocrx_word' id='word_1_485' title='bbox 1864 1861 1947 1922; x_wconf 89' lang='lat' dir='ltr'>cti</span> <span class='ocrx_word' id='word_1_486' title='bbox 1976 1880 2051 1921; x_wconf 87' lang='lat' dir='ltr'>ex</span> <span class='ocrx_word' id='word_1_487' title='bbox 2082 1882 2206 1923; x_wconf 90' lang='grc'>666</span> <span class='ocrx_word' id='word_1_488' title='bbox 2236 1869 2475 1927; x_wconf 85' lang='lat' dir='ltr'>tantum</span> <span class='ocrx_word' id='word_1_489' title='bbox 2505 1875 2702 1949; x_wconf 89' lang='lat' dir='ltr'>parte,</span> <span class='ocrx_word' id='word_1_490' title='bbox 2756 1876 2903 1953; x_wconf 88' lang='lat' dir='ltr'>quia</span> <span class='ocrx_word' id='word_1_491' title='bbox 2949 1888 3402 1959; x_wconf 74' lang='lat' dir='ltr'>repraesentant</span> 
     </span>
    </p>

    <p class='ocr_par' dir='ltr' id='par_1_14' title="bbox 1864 1958 3394 2058">
     <span class='ocr_line' id='line_1_75' title="bbox 1864 1958 3394 2058; baseline 0.019 -46"><span class='ocrx_word' id='word_1_492' title='bbox 1864 1958 2105 2033; x_wconf 89' lang='lat' dir='ltr'>patrem</span> <span class='ocrx_word' id='word_1_493' title='bbox 2133 1976 2337 2035; x_wconf 89' lang='lat' dir='ltr'>suum,</span> <span class='ocrx_word' id='word_1_494' title='bbox 2395 1962 2505 2022; x_wconf 89' lang='lat' dir='ltr'>sed</span> <span class='ocrx_word' id='word_1_495' title='bbox 2536 1982 2658 2024; x_wconf 92' lang='lat' dir='ltr'>non</span> <span class='ocrx_word' id='word_1_496' title='bbox 2691 1971 3037 2035; x_wconf 89' lang='lat' dir='ltr'>succedunt</span> <span class='ocrx_word' id='word_1_497' title='bbox 3071 1975 3135 2036; x_wconf 91' lang='lat' dir='ltr'>in</span> <span class='ocrx_word' id='word_1_498' title='bbox 3166 1980 3394 2058; x_wconf 84' lang='lat' dir='ltr'>capita,</span> 
     </span>
    </p>

    <p class='ocr_par' dir='ltr' id='par_1_15' title="bbox 1864 2048 3399 2148">
     <span class='ocr_line' id='line_1_76' title="bbox 1864 2048 3399 2148; baseline 0.018 -41"><span class='ocrx_word' id='word_1_499' title='bbox 1864 2048 1973 2108; x_wconf 88' lang='lat' dir='ltr'>sed</span> <span class='ocrx_word' id='word_1_500' title='bbox 2002 2048 2064 2108; x_wconf 90' lang='lat' dir='ltr'>in</span> <span class='ocrx_word' id='word_1_501' title='bbox 2096 2050 2378 2130; x_wconf 88' lang='lat' dir='ltr'>stirpem,</span> <span class='ocrx_word' id='word_1_502' title='bbox 2413 2059 2482 2117; x_wconf 90' lang='grc'>61</span> <span class='ocrx_word' id='word_1_503' title='bbox 2511 2056 2781 2121; x_wconf 85' lang='lat' dir='ltr'>habetur</span> <span class='ocrx_word' id='word_1_504' title='bbox 2811 2063 2875 2124; x_wconf 93' lang='lat' dir='ltr'>in</span> <span class='ocrx_word' id='word_1_505' title='bbox 2908 2064 3076 2129; x_wconf 85' lang='lat' dir='ltr'>dicto</span> <span class='ocrx_word' id='word_1_506' title='bbox 3105 2070 3161 2148; x_wconf 67' lang='grc' dir='ltr'>ἓ.</span> <span class='ocrx_word' id='word_1_507' title='bbox 3196 2071 3276 2132; x_wconf 77' lang='lat' dir='ltr'>Si</span> <span class='ocrx_word' id='word_1_508' title='bbox 3298 2092 3399 2134; x_wconf 81' lang='lat' dir='ltr'>ou-</span> 
     </span>
    </p>

    <p class='ocr_par' dir='ltr' id='par_1_16' title="bbox 1865 2140 2629 2222">
     <span class='ocr_line' id='line_1_77' title="bbox 1865 2140 2629 2222; baseline 0.013 -22"><span class='ocrx_word' id='word_1_509' title='bbox 1865 2149 1977 2201; x_wconf 83' lang='lat' dir='ltr'>tem</span> <span class='ocrx_word' id='word_1_510' title='bbox 2004 2140 2299 2222; x_wconf 80' lang='lat' dir='ltr'>defuneto.</span> <span class='ocrx_word' id='word_1_511' title='bbox 2623 2155 2629 2162; x_wconf 79' lang='grc'><strong>“</strong></span> 
     </span>
    </p>

    <p class='ocr_par' dir='ltr' id='par_1_17' title="bbox 1863 2237 3745 3713">
     <span class='ocr_line' id='line_1_78' title="bbox 1943 2237 3661 2338; baseline 0.02 -44"><span class='ocrx_word' id='word_1_512' title='bbox 1943 2237 2303 2298; x_wconf 86' lang='lat' dir='ltr'>Notandum</span> <span class='ocrx_word' id='word_1_513' title='bbox 2333 2241 2536 2319; x_wconf 83' lang='lat' dir='ltr'>tertio,</span> <span class='ocrx_word' id='word_1_514' title='bbox 2584 2249 2835 2326; x_wconf 87' lang='lat' dir='ltr'>quando</span> <span class='ocrx_word' id='word_1_515' title='bbox 2867 2251 3163 2318; x_wconf 87' lang='lat' dir='ltr'>defuncto</span> <span class='ocrx_word' id='word_1_516' title='bbox 3189 2276 3401 2321; x_wconf 82' lang='grc'><strong>36666-</strong></span> <span class='ocrx_word' id='word_1_517' title='bbox 3547 2279 3661 2338; x_wconf 82' lang='lat'>187</span> 
     </span>
     <span class='ocr_line' id='line_1_79' title="bbox 1865 2327 3659 2448; baseline 0.018 -62"><span class='ocrx_word' id='word_1_518' title='bbox 1865 2327 2023 2389; x_wconf 89' lang='lat' dir='ltr'>dunt</span> <span class='ocrx_word' id='word_1_519' title='bbox 2047 2329 2271 2391; x_wconf 86' lang='lat' dir='ltr'>fratres</span> <span class='ocrx_word' id='word_1_520' title='bbox 2318 2335 2568 2414; x_wconf 87' lang='lat' dir='ltr'>uterini,</span> <span class='ocrx_word' id='word_1_521' title='bbox 2628 2340 2693 2400; x_wconf 92' lang='lat' dir='ltr'>id</span> <span class='ocrx_word' id='word_1_522' title='bbox 2724 2348 2839 2420; x_wconf 91' lang='grc'><strong>631,</strong></span> <span class='ocrx_word' id='word_1_523' title='bbox 2902 2364 2977 2406; x_wconf 82' lang='lat' dir='ltr'>ex</span> <span class='ocrx_word' id='word_1_524' title='bbox 3007 2348 3141 2410; x_wconf 89' lang='lat' dir='ltr'>sola</span> <span class='ocrx_word' id='word_1_525' title='bbox 3170 2357 3392 2432; x_wconf 87' lang='lat' dir='ltr'>matre,</span> <span class='ocrx_word' id='word_1_526' title='bbox 3461 2403 3497 2448; x_wconf 72' lang='lat' dir='ltr'><strong>U</strong></span> <span class='ocrx_word' id='word_1_527' title='bbox 3562 2404 3573 2414; x_wconf 89' lang='lat'><strong>.</strong></span> <span class='ocrx_word' id='word_1_528' title='bbox 3606 2404 3659 2446; x_wconf 59' lang='lat' dir='ltr'>‚f</span> 
     </span>
     <span class='ocr_line' id='line_1_80' title="bbox 1864 2409 3744 2522; baseline 0.016 -40"><span class='ocrx_word' id='word_1_529' title='bbox 1864 2426 1927 2483; x_wconf 88' lang='lat' dir='ltr'>et</span> <span class='ocrx_word' id='word_1_530' title='bbox 1953 2422 2178 2484; x_wconf 88' lang='lat' dir='ltr'>fratres</span> <span class='ocrx_word' id='word_1_531' title='bbox 2223 2426 2426 2487; x_wconf 85' lang='lat' dir='ltr'>solum</span> <span class='ocrx_word' id='word_1_532' title='bbox 2470 2436 2939 2516; x_wconf 80' lang='lat' dir='ltr'>consanguinei,</span> <span class='ocrx_word' id='word_1_533' title='bbox 3001 2439 3118 2502; x_wconf 92' lang='lat' dir='ltr'>hoc</span> <span class='ocrx_word' id='word_1_534' title='bbox 3148 2449 3260 2522; x_wconf 88' lang='lat' dir='ltr'>est,</span> <span class='ocrx_word' id='word_1_535' title='bbox 3322 2467 3397 2507; x_wconf 84' lang='lat' dir='ltr'>ex</span> <span class='ocrx_word' id='word_1_536' title='bbox 3447 2409 3744 2512; x_wconf 52' lang='lat' dir='ltr'>tffissuaerdtso</span> 
     </span>
     <span class='ocr_line' id='line_1_81' title="bbox 1863 2511 3745 2618; baseline 0.019 -45"><span class='ocrx_word' id='word_1_537' title='bbox 1863 2514 1994 2575; x_wconf 90' lang='lat' dir='ltr'>solo</span> <span class='ocrx_word' id='word_1_538' title='bbox 2037 2519 2236 2594; x_wconf 85' lang='lat' dir='ltr'>patre,</span> <span class='ocrx_word' id='word_1_539' title='bbox 2287 2521 2516 2580; x_wconf 90' lang='lat' dir='ltr'>uterini</span> <span class='ocrx_word' id='word_1_540' title='bbox 2561 2527 2983 2602; x_wconf 86' lang='lat' dir='ltr'>praeferuntur</span> <span class='ocrx_word' id='word_1_541' title='bbox 3026 2540 3398 2618; x_wconf 87' lang='lat' dir='ltr'>consangui-</span> <span class='ocrx_word' id='word_1_542' title='bbox 3447 2511 3745 2609; x_wconf 49' lang='grc' dir='ltr'>ωἶῖοᾶἶάιὲἶξιε</span> 
     </span>
     <span class='ocr_line' id='line_1_82' title="bbox 1863 2608 3728 2706; baseline 0.018 -39"><span class='ocrx_word' id='word_1_543' title='bbox 1863 2608 1996 2668; x_wconf 88' lang='grc'><strong>6613</strong></span> <span class='ocrx_word' id='word_1_544' title='bbox 2023 2608 2086 2666; x_wconf 89' lang='grc'>16</span> <span class='ocrx_word' id='word_1_545' title='bbox 2115 2608 2297 2671; x_wconf 90' lang='grc'><strong>116613</strong></span> <span class='ocrx_word' id='word_1_546' title='bbox 2325 2631 2466 2691; x_wconf 86' lang='lat' dir='ltr'>quae</span> <span class='ocrx_word' id='word_1_547' title='bbox 2519 2615 2809 2683; x_wconf 90' lang='lat' dir='ltr'>defuncto</span> <span class='ocrx_word' id='word_1_548' title='bbox 2858 2643 2931 2684; x_wconf 83' lang='lat' dir='ltr'>ex</span> <span class='ocrx_word' id='word_1_549' title='bbox 2960 2632 3138 2706; x_wconf 89' lang='lat' dir='ltr'>parte</span> <span class='ocrx_word' id='word_1_550' title='bbox 3180 2633 3398 2694; x_wconf 87' lang='lat' dir='ltr'>matris</span> <span class='ocrx_word' id='word_1_551' title='bbox 3473 2618 3728 2681; x_wconf 41' lang='grc' dir='ltr'>’ἴσω-Ψ·</span> 
     </span>
     <span class='ocr_line' id='line_1_83' title="bbox 1863 2684 3647 2803; baseline 0.018 -42"><span class='ocrx_word' id='word_1_552' title='bbox 1863 2701 2273 2776; x_wconf 87' lang='lat' dir='ltr'>obvenerunt,</span> <span class='ocrx_word' id='word_1_553' title='bbox 2336 2712 2786 2787; x_wconf 83' lang='lat' dir='ltr'>consanguinei</span> <span class='ocrx_word' id='word_1_554' title='bbox 2842 2734 2877 2776; x_wconf 88' lang='lat' dir='ltr'>e</span> <span class='ocrx_word' id='word_1_555' title='bbox 2910 2725 3128 2783; x_wconf 85' lang='lat' dir='ltr'>eontra</span> <span class='ocrx_word' id='word_1_556' title='bbox 3182 2727 3399 2803; x_wconf 82' lang='lat' dir='ltr'>praefe-</span> <span class='ocrx_word' id='word_1_557' title='bbox 3540 2684 3647 2715; x_wconf 69' lang='lat' dir='ltr'>neas.</span> 
     </span>
     <span class='ocr_line' id='line_1_84' title="bbox 1863 2797 3396 2889; baseline 0.019 -36"><span class='ocrx_word' id='word_1_558' title='bbox 1863 2798 2086 2856; x_wconf 88' lang='lat' dir='ltr'>runtur</span> <span class='ocrx_word' id='word_1_559' title='bbox 2140 2797 2398 2858; x_wconf 87' lang='lat' dir='ltr'>uterinis</span> <span class='ocrx_word' id='word_1_560' title='bbox 2453 2801 2621 2862; x_wconf 88' lang='lat' dir='ltr'>circa</span> <span class='ocrx_word' id='word_1_561' title='bbox 2675 2807 2843 2869; x_wconf 82' lang='grc'><strong>,11666</strong></span> <span class='ocrx_word' id='word_1_562' title='bbox 2891 2828 3034 2889; x_wconf 73' lang='grc'><strong>6661</strong></span> <span class='ocrx_word' id='word_1_563' title='bbox 3066 2815 3396 2881; x_wconf 86' lang='lat' dir='ltr'>defunctus</span> 
     </span>
     <span class='ocr_line' id='line_1_85' title="bbox 1864 2887 3398 2974; baseline 0.018 -27"><span class='ocrx_word' id='word_1_564' title='bbox 1864 2887 2085 2950; x_wconf 87' lang='lat' dir='ltr'>habuit</span> <span class='ocrx_word' id='word_1_565' title='bbox 2112 2907 2187 2949; x_wconf 83' lang='lat' dir='ltr'>ex</span> <span class='ocrx_word' id='word_1_566' title='bbox 2215 2896 2391 2970; x_wconf 82' lang='lat' dir='ltr'>parte</span> <span class='ocrx_word' id='word_1_567' title='bbox 2421 2895 2616 2973; x_wconf 88' lang='lat' dir='ltr'>patris</span> <span class='ocrx_word' id='word_1_568' title='bbox 2677 2918 2690 2959; x_wconf 92' lang='lat'>:</span> <span class='ocrx_word' id='word_1_569' title='bbox 2752 2900 2815 2961; x_wconf 90' lang='lat' dir='ltr'>in</span> <span class='ocrx_word' id='word_1_570' title='bbox 2869 2903 3007 2966; x_wconf 90' lang='lat' dir='ltr'>aliis</span> <span class='ocrx_word' id='word_1_571' title='bbox 3036 2919 3184 2971; x_wconf 83' lang='lat' dir='ltr'>vero</span> <span class='ocrx_word' id='word_1_572' title='bbox 3213 2911 3398 2974; x_wconf 87' lang='lat' dir='ltr'>bonis</span> 
     </span>
     <span class='ocr_line' id='line_1_86' title="bbox 1865 2982 3397 3069; baseline 0.018 -28"><span class='ocrx_word' id='word_1_573' title='bbox 1865 2982 2210 3045; x_wconf 88' lang='lat' dir='ltr'>succedunt</span> <span class='ocrx_word' id='word_1_574' title='bbox 2236 2985 2484 3065; x_wconf 87' lang='lat' dir='ltr'>utrique</span> <span class='ocrx_word' id='word_1_575' title='bbox 2530 2993 2873 3069; x_wconf 85' lang='lat' dir='ltr'>aequaliter.</span> <span class='ocrx_word' id='word_1_576' title='bbox 2934 2999 3013 3060; x_wconf 87' lang='lat' dir='ltr'>Et</span> <span class='ocrx_word' id='word_1_577' title='bbox 3057 3000 3224 3064; x_wconf 91' lang='lat' dir='ltr'>idem</span> <span class='ocrx_word' id='word_1_578' title='bbox 3253 3025 3397 3066; x_wconf 93' lang='lat' dir='ltr'>cum</span> 
     </span>
     <span class='ocr_line' id='line_1_87' title="bbox 1865 3074 3399 3161; baseline 0.019 -28"><span class='ocrx_word' id='word_1_579' title='bbox 1865 3074 2266 3153; x_wconf 79' lang='lat' dir='ltr'>proportione</span> <span class='ocrx_word' id='word_1_580' title='bbox 2295 3077 2631 3143; x_wconf 90' lang='lat' dir='ltr'>dicendum</span> <span class='ocrx_word' id='word_1_581' title='bbox 2664 3084 2738 3146; x_wconf 89' lang='lat' dir='ltr'>de</span> <span class='ocrx_word' id='word_1_582' title='bbox 2767 3088 2907 3150; x_wconf 85' lang='lat' dir='ltr'>filiis</span> <span class='ocrx_word' id='word_1_583' title='bbox 2938 3090 3250 3158; x_wconf 87' lang='lat' dir='ltr'>dictorum</span> <span class='ocrx_word' id='word_1_584' title='bbox 3276 3099 3399 3161; x_wconf 89' lang='lat' dir='ltr'>fra-</span> 
     </span>
     <span class='ocr_line' id='line_1_88' title="bbox 1866 3172 3397 3270; baseline 0.019 -43"><span class='ocrx_word' id='word_1_585' title='bbox 1866 3173 2054 3246; x_wconf 86' lang='lat' dir='ltr'>trum,</span> <span class='ocrx_word' id='word_1_586' title='bbox 2105 3172 2355 3249; x_wconf 84' lang='lat' dir='ltr'>quando</span> <span class='ocrx_word' id='word_1_587' title='bbox 2387 3172 2522 3236; x_wconf 93' lang='lat' dir='ltr'>loco</span> <span class='ocrx_word' id='word_1_588' title='bbox 2555 3182 2831 3255; x_wconf 85' lang='lat' dir='ltr'>parentis</span> <span class='ocrx_word' id='word_1_589' title='bbox 2861 3188 3091 3249; x_wconf 89' lang='lat' dir='ltr'>mortui</span> <span class='ocrx_word' id='word_1_590' title='bbox 3118 3209 3233 3270; x_wconf 90' lang='lat' dir='ltr'>per</span> <span class='ocrx_word' id='word_1_591' title='bbox 3260 3195 3397 3255; x_wconf 86' lang='lat' dir='ltr'>stir-</span> 
     </span>
     <span class='ocr_line' id='line_1_89' title="bbox 1865 3264 3399 3352; baseline 0.02 -32"><span class='ocrx_word' id='word_1_592' title='bbox 1865 3281 2010 3341; x_wconf 89' lang='lat' dir='ltr'>pem</span> <span class='ocrx_word' id='word_1_593' title='bbox 2036 3264 2401 3328; x_wconf 87' lang='lat' dir='ltr'>succedunt.</span> <span class='ocrx_word' id='word_1_594' title='bbox 2449 3271 2542 3329; x_wconf 88' lang='lat' dir='ltr'>Ita</span> <span class='ocrx_word' id='word_1_595' title='bbox 2570 3272 2883 3352; x_wconf 87' lang='lat' dir='ltr'>colligitur</span> <span class='ocrx_word' id='word_1_596' title='bbox 2911 3297 2988 3340; x_wconf 87' lang='lat' dir='ltr'>ex</span> <span class='ocrx_word' id='word_1_597' title='bbox 3016 3282 3057 3343; x_wconf 92' lang='lat' dir='ltr'>l.</span> <span class='ocrx_word' id='word_1_598' title='bbox 3091 3283 3182 3344; x_wconf 88' lang='lat' dir='ltr'>De</span> <span class='ocrx_word' id='word_1_599' title='bbox 3207 3304 3399 3348; x_wconf 84' lang='lat' dir='ltr'>eman·</span> 
     </span>
     <span class='ocr_line' id='line_1_90' title="bbox 1865 3355 3401 3448; baseline 0.018 -32"><span class='ocrx_word' id='word_1_600' title='bbox 1865 3355 2095 3436; x_wconf 72' lang='grc' dir='ltr'>εἰραίίε,</span> <span class='ocrx_word' id='word_1_601' title='bbox 2152 3358 2218 3418; x_wconf 87' lang='lat' dir='ltr'>C.</span> <span class='ocrx_word' id='word_1_602' title='bbox 2251 3356 2320 3418; x_wconf 83' lang='lat' dir='ltr'>de</span> <span class='ocrx_word' id='word_1_603' title='bbox 2365 3359 2525 3440; x_wconf 74' lang='lat' dir='ltr'>leqz&#39;t.</span> <span class='ocrx_word' id='word_1_604' title='bbox 2573 3362 2915 3448; x_wconf 78' lang='lat' dir='ltr'>lzoeredz’bus,</span> <span class='ocrx_word' id='word_1_605' title='bbox 2976 3378 3038 3435; x_wconf 90' lang='lat' dir='ltr'>et</span> <span class='ocrx_word' id='word_1_606' title='bbox 3084 3377 3401 3444; x_wconf 85' lang='lat' dir='ltr'>affirmant</span> 
     </span>
     <span class='ocr_line' id='line_1_91' title="bbox 1867 3449 3392 3539; baseline 0.017 -29"><span class='ocrx_word' id='word_1_607' title='bbox 1867 3449 2281 3510; x_wconf 89' lang='lat' dir='ltr'>communiter</span> <span class='ocrx_word' id='word_1_608' title='bbox 2334 3452 2618 3517; x_wconf 84' lang='lat' dir='ltr'>doctores</span> <span class='ocrx_word' id='word_1_609' title='bbox 2677 3463 2845 3539; x_wconf 90' lang='lat' dir='ltr'>apud</span> <span class='ocrx_word' id='word_1_610' title='bbox 2891 3466 3188 3531; x_wconf 87' lang='lat' dir='ltr'>Molinam</span> <span class='ocrx_word' id='word_1_611' title='bbox 3244 3473 3392 3536; x_wconf 87' lang='lat' dir='ltr'>dict.</span> 
     </span>
     <span class='ocr_line' id='line_1_92' title="bbox 1867 3542 3392 3647; baseline 0.018 -45"><span class='ocrx_word' id='word_1_612' title='bbox 1867 3542 2026 3622; x_wconf 87' lang='lat' dir='ltr'>disp.</span> <span class='ocrx_word' id='word_1_613' title='bbox 2063 3559 2258 3605; x_wconf 68' lang='lat' dir='ltr'>cnxw.</span> <span class='ocrx_word' id='word_1_614' title='bbox 2301 3548 2572 3611; x_wconf 91' lang='lat' dir='ltr'>conclus.</span> <span class='ocrx_word' id='word_1_615' title='bbox 2608 3555 2666 3614; x_wconf 85' lang='grc'>6.</span> <span class='ocrx_word' id='word_1_616' title='bbox 2719 3560 2781 3616; x_wconf 88' lang='grc'>61</span> <span class='ocrx_word' id='word_1_617' title='bbox 2808 3558 3091 3640; x_wconf 85' lang='lat' dir='ltr'>Vasquez</span> <span class='ocrx_word' id='word_1_618' title='bbox 3138 3564 3201 3626; x_wconf 89' lang='lat' dir='ltr'>d.</span> <span class='ocrx_word' id='word_1_619' title='bbox 3255 3586 3392 3647; x_wconf 88' lang='lat' dir='ltr'>cap.</span> 
     </span>
     <span class='ocr_line' id='line_1_93' title="bbox 1868 3636 2417 3713; baseline 0.011 -18"><span class='ocrx_word' id='word_1_620' title='bbox 1868 3652 1953 3696; x_wconf 84' lang='lat' dir='ltr'>1v.</span> <span class='ocrx_word' id='word_1_621' title='bbox 1986 3636 2042 3713; x_wconf 63' lang='grc' dir='ltr'>ἓ.</span> <span class='ocrx_word' id='word_1_622' title='bbox 2083 3639 2143 3697; x_wconf 92' lang='grc'>3.</span> <span class='ocrx_word' id='word_1_623' title='bbox 2178 3657 2283 3699; x_wconf 90' lang='grc'>66.</span> <span class='ocrx_word' id='word_1_624' title='bbox 2318 3642 2417 3701; x_wconf 80' lang='grc'>56.</span> 
     </span>
    </p>

    <p class='ocr_par' dir='ltr' id='par_1_18' title="bbox 1946 3730 3399 3833">
     <span class='ocr_line' id='line_1_94' title="bbox 1946 3730 3399 3833; baseline 0.019 -45"><span class='ocrx_word' id='word_1_625' title='bbox 1946 3730 2302 3791; x_wconf 86' lang='lat' dir='ltr'>Notandum</span> <span class='ocrx_word' id='word_1_626' title='bbox 2332 3739 2577 3812; x_wconf 84' lang='lat' dir='ltr'>quartO,</span> <span class='ocrx_word' id='word_1_627' title='bbox 2611 3741 3043 3817; x_wconf 63' lang='lat' dir='ltr'>praelationem</span> <span class='ocrx_word' id='word_1_628' title='bbox 3070 3748 3255 3829; x_wconf 76' lang='lat' dir='ltr'>illius,</span> <span class='ocrx_word' id='word_1_629' title='bbox 3290 3756 3399 3833; x_wconf 85' lang='lat' dir='ltr'>qui</span> 
     </span>
    </p>
   </div>
   <div class='ocr_carea' id='block_1_10' title="bbox 1865 3772 3664 3918">
    <p class='ocr_par' dir='ltr' id='par_1_19' title="bbox 1865 3772 3664 3918">
     <span class='ocr_line' id='line_1_95' title="bbox 1865 3772 3664 3918; baseline 0.016 -36"><span class='ocrx_word' id='word_1_630' title='bbox 1865 3821 2158 3901; x_wconf 88' lang='lat' dir='ltr'>utrinque</span> <span class='ocrx_word' id='word_1_631' title='bbox 2189 3823 2557 3903; x_wconf 87' lang='lat' dir='ltr'>conjunctus</span> <span class='ocrx_word' id='word_1_632' title='bbox 2597 3835 2691 3892; x_wconf 90' lang='lat' dir='ltr'>est</span> <span class='ocrx_word' id='word_1_633' title='bbox 2738 3835 2894 3914; x_wconf 88' lang='lat' dir='ltr'>aliis,</span> <span class='ocrx_word' id='word_1_634' title='bbox 2948 3841 3054 3918; x_wconf 88' lang='lat' dir='ltr'>qui</span> <span class='ocrx_word' id='word_1_635' title='bbox 3101 3862 3225 3905; x_wconf 91' lang='lat' dir='ltr'>non</span> <span class='ocrx_word' id='word_1_636' title='bbox 3254 3852 3401 3909; x_wconf 88' lang='lat' dir='ltr'>sunt</span> <span class='ocrx_word' id='word_1_637' title='bbox 3548 3772 3664 3831; x_wconf 62' lang='lat'>188</span> 
     </span>
    </p>
   </div>
   <div class='ocr_carea' id='block_1_11' title="bbox 1867 3897 3748 4048">
    <p class='ocr_par' dir='ltr' id='par_1_20' title="bbox 1867 3897 3748 4048">
     <span class='ocr_line' id='line_1_96' title="bbox 1973 3897 3745 3941; baseline 0.009 -16"><span class='ocrx_word' id='word_1_638' title='bbox 1973 3917 1986 3927; x_wconf 90' lang='lat'><strong>.</strong></span> <span class='ocrx_word' id='word_1_639' title='bbox 2315 3917 2327 3928; x_wconf 92' lang='lat'><em>.</em></span> <span class='ocrx_word' id='word_1_640' title='bbox 2488 3921 2499 3934; x_wconf 90' lang='lat'>.</span> <span class='ocrx_word' id='word_1_641' title='bbox 3451 3897 3745 3941; x_wconf 63' lang='grc' dir='ltr'><strong>1116οῶ66131-</strong></span> 
     </span>
     <span class='ocr_line' id='line_1_97' title="bbox 1867 3920 3745 4016; baseline 0.017 -41"><span class='ocrx_word' id='word_1_642' title='bbox 1867 3920 2160 3995; x_wconf 86' lang='lat' dir='ltr'>utrmque</span> <span class='ocrx_word' id='word_1_643' title='bbox 2189 3926 2525 3997; x_wconf 68' lang='lat' dir='ltr'>conjuncti,</span> <span class='ocrx_word' id='word_1_644' title='bbox 2571 3923 2777 3986; x_wconf 91' lang='lat' dir='ltr'>locum</span> <span class='ocrx_word' id='word_1_645' title='bbox 2824 3928 3055 3994; x_wconf 85' lang='lat' dir='ltr'>habere</span> <span class='ocrx_word' id='word_1_646' title='bbox 3102 3937 3303 4000; x_wconf 86' lang='lat' dir='ltr'>solum</span> <span class='ocrx_word' id='word_1_647' title='bbox 3333 3941 3396 4001; x_wconf 91' lang='grc'>16</span> <span class='ocrx_word' id='word_1_648' title='bbox 3451 3957 3745 4016; x_wconf 42' lang='grc'><strong>19566669,-</strong></span> 
     </span>
     <span class='ocr_line' id='line_1_98' title="bbox 3726 4020 3748 4048; baseline 0 0"><span class='ocrx_word' id='word_1_649' title='bbox 3726 4020 3748 4048; x_wconf 71' lang='lat' dir='ltr'>S</span> 
     </span>
    </p>
   </div>
   <div class='ocr_carea' id='block_1_12' title="bbox 1865 4006 3731 5508">
    <p class='ocr_par' dir='ltr' id='par_1_21' title="bbox 1865 4006 3731 5508">
     <span class='ocr_line' id='line_1_99' title="bbox 1866 4006 3731 4110; baseline 0.019 -42"><span class='ocrx_word' id='word_1_650' title='bbox 1866 4008 2162 4070; x_wconf 83' lang='lat' dir='ltr'>fratribus</span> <span class='ocrx_word' id='word_1_651' title='bbox 2191 4013 2252 4070; x_wconf 89' lang='lat' dir='ltr'>et</span> <span class='ocrx_word' id='word_1_652' title='bbox 2279 4028 2495 4072; x_wconf 85' lang='lat' dir='ltr'>eorum</span> <span class='ocrx_word' id='word_1_653' title='bbox 2524 4015 2685 4093; x_wconf 80' lang='lat' dir='ltr'>filiis,</span> <span class='ocrx_word' id='word_1_654' title='bbox 2740 4021 2845 4098; x_wconf 86' lang='lat' dir='ltr'>qui</span> <span class='ocrx_word' id='word_1_655' title='bbox 2875 4041 2989 4101; x_wconf 90' lang='lat' dir='ltr'>per</span> <span class='ocrx_word' id='word_1_656' title='bbox 3016 4027 3275 4110; x_wconf 88' lang='lat' dir='ltr'>stirpem</span> <span class='ocrx_word' id='word_1_657' title='bbox 3304 4054 3397 4095; x_wconf 86' lang='lat' dir='ltr'>re·</span> <span class='ocrx_word' id='word_1_658' title='bbox 3447 4020 3469 4048; x_wconf 56' lang='lat' dir='ltr'>r</span> <span class='ocrx_word' id='word_1_659' title='bbox 3656 4006 3731 4102; x_wconf 54' lang='grc' dir='ltr'>81ἷῖ</span> 
     </span>
     <span class='ocr_line' id='line_1_100' title="bbox 1867 4105 3400 4197; baseline 0.02 -37"><span class='ocrx_word' id='word_1_660' title='bbox 1867 4105 2262 4192; x_wconf 67' lang='grc'><strong>61616661661</strong></span> <span class='ocrx_word' id='word_1_661' title='bbox 2293 4110 2616 4186; x_wconf 78' lang='lat' dir='ltr'>parenteS,</span> <span class='ocrx_word' id='word_1_662' title='bbox 2679 4113 2844 4174; x_wconf 85' lang='lat' dir='ltr'>unde</span> <span class='ocrx_word' id='word_1_663' title='bbox 2886 4115 2948 4176; x_wconf 88' lang='grc'>16</span> <span class='ocrx_word' id='word_1_664' title='bbox 2993 4124 3231 4197; x_wconf 86' lang='lat' dir='ltr'>patruis</span> <span class='ocrx_word' id='word_1_665' title='bbox 3276 4147 3400 4190; x_wconf 92' lang='grc'>666</span> 
     </span>
     <span class='ocr_line' id='line_1_101' title="bbox 1869 4196 3403 4302; baseline 0.02 -47"><span class='ocrx_word' id='word_1_666' title='bbox 1869 4197 2055 4256; x_wconf 88' lang='lat' dir='ltr'>datur</span> <span class='ocrx_word' id='word_1_667' title='bbox 2083 4196 2222 4257; x_wconf 90' lang='lat' dir='ltr'>talis</span> <span class='ocrx_word' id='word_1_668' title='bbox 2250 4199 2552 4278; x_wconf 81' lang='lat' dir='ltr'>praelatio,</span> <span class='ocrx_word' id='word_1_669' title='bbox 2606 4207 2793 4284; x_wconf 87' lang='grc'><strong>61666</strong></span> <span class='ocrx_word' id='word_1_670' title='bbox 2841 4208 2982 4272; x_wconf 86' lang='lat' dir='ltr'>ideo</span> <span class='ocrx_word' id='word_1_671' title='bbox 3022 4215 3072 4274; x_wconf 88' lang='lat' dir='ltr'>si</span> <span class='ocrx_word' id='word_1_672' title='bbox 3101 4236 3261 4281; x_wconf 87' lang='lat' dir='ltr'>unus</span> <span class='ocrx_word' id='word_1_673' title='bbox 3290 4242 3403 4302; x_wconf 90' lang='lat' dir='ltr'>pa·-</span> 
     </span>
     <span class='ocr_line' id='line_1_102' title="bbox 1870 4290 3403 4395; baseline 0.02 -46"><span class='ocrx_word' id='word_1_674' title='bbox 1870 4293 2043 4350; x_wconf 82' lang='lat' dir='ltr'>truus</span> <span class='ocrx_word' id='word_1_675' title='bbox 2074 4293 2209 4350; x_wconf 90' lang='lat' dir='ltr'>erat</span> <span class='ocrx_word' id='word_1_676' title='bbox 2235 4290 2428 4353; x_wconf 84' lang='lat' dir='ltr'>frater</span> <span class='ocrx_word' id='word_1_677' title='bbox 2473 4295 2606 4372; x_wconf 86' lang='lat' dir='ltr'>ejus</span> <span class='ocrx_word' id='word_1_678' title='bbox 2635 4301 2829 4376; x_wconf 86' lang='lat' dir='ltr'>patris</span> <span class='ocrx_word' id='word_1_679' title='bbox 2872 4322 2947 4364; x_wconf 84' lang='lat' dir='ltr'>ex</span> <span class='ocrx_word' id='word_1_680' title='bbox 2998 4313 3262 4392; x_wconf 86' lang='lat' dir='ltr'>utroque</span> <span class='ocrx_word' id='word_1_681' title='bbox 3292 4335 3403 4395; x_wconf 88' lang='lat' dir='ltr'>pa-</span> 
     </span>
     <span class='ocr_line' id='line_1_103' title="bbox 1869 4385 3406 4472; baseline 0.019 -29"><span class='ocrx_word' id='word_1_682' title='bbox 1869 4387 2069 4459; x_wconf 90' lang='lat' dir='ltr'>rente,</span> <span class='ocrx_word' id='word_1_683' title='bbox 2129 4388 2192 4445; x_wconf 89' lang='grc'>61</span> <span class='ocrx_word' id='word_1_684' title='bbox 2218 4385 2375 4445; x_wconf 83' lang='grc'><strong>61161·</strong></span> <span class='ocrx_word' id='word_1_685' title='bbox 2414 4392 2675 4465; x_wconf 88' lang='lat' dir='ltr'>patruus</span> <span class='ocrx_word' id='word_1_686' title='bbox 2722 4393 2998 4461; x_wconf 86' lang='lat' dir='ltr'>defuncti</span> <span class='ocrx_word' id='word_1_687' title='bbox 3048 4409 3184 4467; x_wconf 89' lang='lat' dir='ltr'>erat</span> <span class='ocrx_word' id='word_1_688' title='bbox 3210 4407 3406 4472; x_wconf 87' lang='lat' dir='ltr'>frater</span> 
     </span>
     <span class='ocr_line' id='line_1_104' title="bbox 1873 4474 3404 4582; baseline 0.02 -47"><span class='ocrx_word' id='word_1_689' title='bbox 1873 4474 2156 4555; x_wconf 86' lang='lat' dir='ltr'>ejusdem</span> <span class='ocrx_word' id='word_1_690' title='bbox 2184 4478 2377 4554; x_wconf 87' lang='lat' dir='ltr'>patris</span> <span class='ocrx_word' id='word_1_691' title='bbox 2434 4499 2506 4539; x_wconf 87' lang='lat' dir='ltr'>ex</span> <span class='ocrx_word' id='word_1_692' title='bbox 2538 4502 2663 4543; x_wconf 92' lang='lat' dir='ltr'>una</span> <span class='ocrx_word' id='word_1_693' title='bbox 2719 4487 2921 4550; x_wconf 90' lang='lat' dir='ltr'>solum</span> <span class='ocrx_word' id='word_1_694' title='bbox 2965 4500 3165 4575; x_wconf 83' lang='lat' dir='ltr'>parte,</span> <span class='ocrx_word' id='word_1_695' title='bbox 3226 4519 3404 4582; x_wconf 83' lang='lat' dir='ltr'>aeque</span> 
     </span>
     <span class='ocr_line' id='line_1_105' title="bbox 1872 4569 3403 4668; baseline 0.019 -40"><span class='ocrx_word' id='word_1_696' title='bbox 1872 4569 2251 4644; x_wconf 83' lang='lat' dir='ltr'>succedunt3</span> <span class='ocrx_word' id='word_1_697' title='bbox 2305 4571 2452 4651; x_wconf 87' lang='lat' dir='ltr'>quia</span> <span class='ocrx_word' id='word_1_698' title='bbox 2494 4577 2921 4652; x_wconf 82' lang='lat' dir='ltr'>praelationem</span> <span class='ocrx_word' id='word_1_699' title='bbox 2967 4594 3227 4668; x_wconf 89' lang='lat' dir='ltr'>propter</span> <span class='ocrx_word' id='word_1_700' title='bbox 3254 4612 3403 4656; x_wconf 92' lang='grc'><strong>666-</strong></span> 
     </span>
     <span class='ocr_line' id='line_1_106' title="bbox 1865 4662 3407 4768; baseline 0.021 -48"><span class='ocrx_word' id='word_1_701' title='bbox 1865 4662 2257 4740; x_wconf 88' lang='lat' dir='ltr'>junctionem</span> <span class='ocrx_word' id='word_1_702' title='bbox 2311 4664 2481 4726; x_wconf 86' lang='lat' dir='ltr'>illam</span> <span class='ocrx_word' id='word_1_703' title='bbox 2536 4668 2611 4728; x_wconf 86' lang='grc'>16·</span> <span class='ocrx_word' id='word_1_704' title='bbox 2666 4676 2891 4751; x_wconf 85' lang='grc'><strong>6666611</strong></span> <span class='ocrx_word' id='word_1_705' title='bbox 2945 4683 3150 4757; x_wconf 86' lang='lat' dir='ltr'>gradu</span> <span class='ocrx_word' id='word_1_706' title='bbox 3204 4690 3407 4768; x_wconf 89' lang='lat' dir='ltr'>magis</span> 
     </span>
     <span class='ocr_line' id='line_1_107' title="bbox 1874 4755 3411 4859; baseline 0.021 -46"><span class='ocrx_word' id='word_1_707' title='bbox 1874 4755 2294 4834; x_wconf 80' lang='lat' dir='ltr'>qualificatam</span> <span class='ocrx_word' id='word_1_708' title='bbox 2321 4758 2422 4819; x_wconf 85' lang='lat' dir='ltr'>lex</span> <span class='ocrx_word' id='word_1_709' title='bbox 2450 4766 2756 4828; x_wconf 77' lang='lat' dir='ltr'>concessit</span> <span class='ocrx_word' id='word_1_710' title='bbox 2775 4769 2974 4831; x_wconf 88' lang='lat' dir='ltr'>solum</span> <span class='ocrx_word' id='word_1_711' title='bbox 2997 4774 3312 4859; x_wconf 79' lang='lat' dir='ltr'>fratrihuS,</span> <span class='ocrx_word' id='word_1_712' title='bbox 3348 4787 3411 4846; x_wconf 90' lang='lat' dir='ltr'>et</span> 
     </span>
     <span class='ocr_line' id='line_1_108' title="bbox 1874 4849 3408 4941; baseline 0.021 -36"><span class='ocrx_word' id='word_1_713' title='bbox 1874 4866 2092 4908; x_wconf 87' lang='lat' dir='ltr'>eorum</span> <span class='ocrx_word' id='word_1_714' title='bbox 2120 4849 2284 4927; x_wconf 84' lang='lat' dir='ltr'>filiis,</span> <span class='ocrx_word' id='word_1_715' title='bbox 2321 4854 2571 4930; x_wconf 87' lang='lat' dir='ltr'>quando</span> <span class='ocrx_word' id='word_1_716' title='bbox 2594 4875 2700 4919; x_wconf 90' lang='lat' dir='ltr'>eos</span> <span class='ocrx_word' id='word_1_717' title='bbox 2720 4873 3192 4941; x_wconf 85' lang='lat' dir='ltr'>repraesentant.</span> <span class='ocrx_word' id='word_1_718' title='bbox 3228 4876 3408 4937; x_wconf 91' lang='lat' dir='ltr'>Unde</span> 
     </span>
     <span class='ocr_line' id='line_1_109' title="bbox 1874 4941 3407 5042; baseline 0.02 -42"><span class='ocrx_word' id='word_1_719' title='bbox 1874 4941 2065 5002; x_wconf 87' lang='lat' dir='ltr'>etiam</span> <span class='ocrx_word' id='word_1_720' title='bbox 2092 4948 2352 5022; x_wconf 87' lang='lat' dir='ltr'>patruus</span> <span class='ocrx_word' id='word_1_721' title='bbox 2382 4946 2660 5011; x_wconf 86' lang='lat' dir='ltr'>defuncti</span> <span class='ocrx_word' id='word_1_722' title='bbox 2705 4952 2900 5017; x_wconf 88' lang='lat' dir='ltr'>frater</span> <span class='ocrx_word' id='word_1_723' title='bbox 2928 4959 3062 5038; x_wconf 86' lang='lat' dir='ltr'>ejus</span> <span class='ocrx_word' id='word_1_724' title='bbox 3108 4966 3303 5042; x_wconf 88' lang='lat' dir='ltr'>patris</span> <span class='ocrx_word' id='word_1_725' title='bbox 3334 4988 3407 5029; x_wconf 84' lang='lat' dir='ltr'>ex</span> 
     </span>
     <span class='ocr_line' id='line_1_110' title="bbox 1875 5035 3409 5133; baseline 0.02 -40"><span class='ocrx_word' id='word_1_726' title='bbox 1875 5052 1999 5094; x_wconf 93' lang='lat' dir='ltr'>uno</span> <span class='ocrx_word' id='word_1_727' title='bbox 2036 5035 2239 5095; x_wconf 89' lang='lat' dir='ltr'>solum</span> <span class='ocrx_word' id='word_1_728' title='bbox 2266 5044 2524 5116; x_wconf 88' lang='lat' dir='ltr'>parente</span> <span class='ocrx_word' id='word_1_729' title='bbox 2575 5046 2905 5121; x_wconf 81' lang='lat' dir='ltr'>proefertur</span> <span class='ocrx_word' id='word_1_730' title='bbox 2961 5057 3290 5133; x_wconf 84' lang='lat' dir='ltr'>nepotibus</span> <span class='ocrx_word' id='word_1_731' title='bbox 3336 5082 3409 5123; x_wconf 82' lang='lat' dir='ltr'>ex</span> 
     </span>
     <span class='ocr_line' id='line_1_111' title="bbox 1875 5126 3414 5234; baseline 0.021 -49"><span class='ocrx_word' id='word_1_732' title='bbox 1875 5126 2000 5202; x_wconf 90' lang='lat' dir='ltr'>illo,</span> <span class='ocrx_word' id='word_1_733' title='bbox 2057 5128 2164 5207; x_wconf 88' lang='lat' dir='ltr'>qui</span> <span class='ocrx_word' id='word_1_734' title='bbox 2194 5134 2330 5191; x_wconf 86' lang='lat' dir='ltr'>erat</span> <span class='ocrx_word' id='word_1_735' title='bbox 2355 5132 2546 5193; x_wconf 89' lang='lat' dir='ltr'>frater</span> <span class='ocrx_word' id='word_1_736' title='bbox 2574 5136 2851 5201; x_wconf 86' lang='lat' dir='ltr'>defuncti</span> <span class='ocrx_word' id='word_1_737' title='bbox 2910 5163 2984 5205; x_wconf 83' lang='lat' dir='ltr'>cx</span> <span class='ocrx_word' id='word_1_738' title='bbox 3013 5152 3282 5231; x_wconf 83' lang='lat' dir='ltr'>utroque</span> <span class='ocrx_word' id='word_1_739' title='bbox 3308 5174 3414 5234; x_wconf 91' lang='lat' dir='ltr'>pa-</span> 
     </span>
     <span class='ocr_line' id='line_1_112' title="bbox 1878 5224 3415 5311; baseline 0.021 -32"><span class='ocrx_word' id='word_1_740' title='bbox 1878 5226 2073 5297; x_wconf 88' lang='lat' dir='ltr'>rente,</span> <span class='ocrx_word' id='word_1_741' title='bbox 2125 5224 2273 5302; x_wconf 88' lang='lat' dir='ltr'>quia</span> <span class='ocrx_word' id='word_1_742' title='bbox 2321 5224 2385 5284; x_wconf 82' lang='lat' dir='ltr'>hi</span> <span class='ocrx_word' id='word_1_743' title='bbox 2413 5227 2683 5306; x_wconf 90' lang='lat' dir='ltr'>longiori</span> <span class='ocrx_word' id='word_1_744' title='bbox 2734 5238 2936 5311; x_wconf 83' lang='lat' dir='ltr'>gradu</span> <span class='ocrx_word' id='word_1_745' title='bbox 2979 5240 3211 5307; x_wconf 85' lang='lat' dir='ltr'>distant</span> <span class='ocrx_word' id='word_1_746' title='bbox 3240 5266 3275 5306; x_wconf 91' lang='lat' dir='ltr'>a</span> <span class='ocrx_word' id='word_1_747' title='bbox 3304 5249 3415 5311; x_wconf 89' lang='lat' dir='ltr'>de-</span> 
     </span>
     <span class='ocr_line' id='line_1_113' title="bbox 1879 5313 3415 5407; baseline 0.02 -35"><span class='ocrx_word' id='word_1_748' title='bbox 1879 5313 2091 5375; x_wconf 89' lang='lat' dir='ltr'>functo</span> <span class='ocrx_word' id='word_1_749' title='bbox 2123 5334 2314 5394; x_wconf 88' lang='lat' dir='ltr'>quam</span> <span class='ocrx_word' id='word_1_750' title='bbox 2343 5323 2624 5399; x_wconf 80' lang='lat' dir='ltr'>patruuS,</span> <span class='ocrx_word' id='word_1_751' title='bbox 2676 5328 2738 5385; x_wconf 90' lang='lat' dir='ltr'>et</span> <span class='ocrx_word' id='word_1_752' title='bbox 2767 5329 2913 5407; x_wconf 85' lang='lat' dir='ltr'>quia</span> <span class='ocrx_word' id='word_1_753' title='bbox 2951 5352 3076 5394; x_wconf 93' lang='lat' dir='ltr'>non</span> <span class='ocrx_word' id='word_1_754' title='bbox 3106 5336 3289 5399; x_wconf 88' lang='lat' dir='ltr'>datur</span> <span class='ocrx_word' id='word_1_755' title='bbox 3315 5362 3415 5403; x_wconf 88' lang='lat' dir='ltr'>re-</span> 
     </span>
     <span class='ocr_line' id='line_1_114' title="bbox 1878 5410 3413 5508; baseline 0.023 -43"><span class='ocrx_word' id='word_1_756' title='bbox 1878 5410 2301 5486; x_wconf 79' lang='lat' dir='ltr'>proescntatio‚</span> <span class='ocrx_word' id='word_1_757' title='bbox 2364 5430 2476 5474; x_wconf 91' lang='grc'>666</span> <span class='ocrx_word' id='word_1_758' title='bbox 2519 5417 2801 5492; x_wconf 84' lang='lat' dir='ltr'>praelatio</span> <span class='ocrx_word' id='word_1_759' title='bbox 2854 5442 2927 5483; x_wconf 90' lang='lat' dir='ltr'>ex</span> <span class='ocrx_word' id='word_1_760' title='bbox 2977 5428 3413 5508; x_wconf 87' lang='lat' dir='ltr'>conjunctione</span> 
     </span>
    </p>
   </div>
   <div class='ocr_carea' id='block_1_13' title="bbox 3035 5526 3095 5583">
    <p class='ocr_par' dir='ltr' id='par_1_22' title="bbox 3035 5526 3095 5583">
     <span class='ocr_line' id='line_1_115' title="bbox 3035 5526 3095 5583; baseline 0 0"><span class='ocrx_word' id='word_1_761' title='bbox 3035 5526 3095 5583; x_wconf 87' lang='lat'>·8</span> 
     </span>
    </p>
   </div>
   <div class='ocr_carea' id='block_1_14' title="bbox 3471 4012 3672 4158">
    <p class='ocr_par' dir='ltr' id='par_1_23' title="bbox 3471 4012 3672 4158">
     <span class='ocr_line' id='line_1_116' title="bbox 3471 4012 3635 4048; baseline 0 0"><span class='ocrx_word' id='word_1_762' title='bbox 3471 4012 3576 4048; x_wconf 80' lang='grc'><strong>16161·</strong></span> <span class='ocrx_word' id='word_1_763' title='bbox 3594 4019 3635 4048; x_wconf 78' lang='lat' dir='ltr'>ln</span> 
     </span>
     <span class='ocr_line' id='line_1_117' title="bbox 3476 4062 3672 4104; baseline -0.01 0"><span class='ocrx_word' id='word_1_764' title='bbox 3476 4062 3672 4104; x_wconf 68' lang='lat' dir='ltr'>collater·</span> 
     </span>
     <span class='ocr_line' id='line_1_118' title="bbox 3559 4114 3649 4158; baseline 0.022 -2"><span class='ocrx_word' id='word_1_765' title='bbox 3559 4114 3649 4158; x_wconf 75' lang='lat' dir='ltr'>bus.</span> 
     </span>
    </p>
   </div>
  </div>
 </body>
</html>
