4263 6376
583 987 698 1046 138

509 1110 590 1154 cm·
606 1112 753 1154 debeat

484 1168 582 1207 tunc
602 1167 776 1230 pretium

549 1230 707 1271 angen.

578 5189 693 5248 139

515 5315 753 5423 Jrssfflffffi,
830 5347 1036 5407 tutum
1064 5339 1272 5420 quoad
1292 5337 1531 5418 praxim
1560 5337 1862 5410 futurum,
1889 5334 1939 5395 si
1969 5351 2043 5394 eo
2064 5351 2213 5393 casu
2235 5351 2374 5411 pre·

506 5419 760 5528 iio:·;lgtl'i·i·re

529 5530 755 5571 solvuntur.

822 339 938 399 384

824 516 1078 591 pactum
1106 510 1279 586 illud,
1315 528 1438 570 non
1469 509 1658 571 etiam
1688 512 1871 570 aucto
1902 510 2122 587 preti0,
2156 509 2207 569 si
2236 527 2363 569 em-

825 608 969 683 ptor
992 606 1294 665 statuerat
1322 602 1652 680 pecuniam
1708 620 1959 662 servare
2002 602 2065 661 in
2113 598 2362 680 teinpus

825 696 1000 772 illud,
1031 714 1154 775 quo
1185 695 1320 774 ejus
1348 695 1675 757 aestimatio
1707 695 1997 773 augenda
2026 697 2191 768 erat3
2217 695 2364 774 quia

825 790 1066 850 ratione
1094 788 1247 849 lucri
1279 788 1603 863 cessantis,
1623 789 1722 849 vel
1744 788 1957 848 damni
1986 788 2366 866 emergentis

825 882 1055 961 poterit
1081 880 1281 960 pretio
1308 880 1628 941 communi
1656 899 1916 940 censum
1945 897 2176 941 emere.

907 976 1098 1034 Porro
1127 973 1368 1033 secluso
1398 972 1627 1033 damno
1658 978 2039 1052 emergente,
2069 972 2169 1031 vel
2192 972 2364 1033 lucro

826 1070 1129 1141 cessante,
1157 1066 1386 1125 dehere
1407 1066 1674 1143 pretium
1696 1083 1917 1125 census
1938 1069 2195 1143 propter
2211 1065 2365 1124 illud

826 1163 1079 1238 pactum
1108 1159 1344 1236 augeri,
1392 1157 1660 1236 probant
1714 1157 1996 1235 praedicti
2050 1161 2360 1233 auctoreS,

827 1252 975 1331 quia
1003 1251 1247 1330 quoties
1276 1269 1433 1311 onus
1461 1250 1713 1329 aliquod
1744 1248 2055 1310 venditori
2102 1249 2366 1327 imponi-

825 1351 947 1421 tur,
983 1345 1170 1404 debet
1212 1362 1355 1405 cum
1385 1343 1787 1421 proportione
1818 1343 1877 1402 in
1908 1343 2108 1421 pretio
2141 1360 2361 1403 ascen·

826 1438 912 1514 di,
937 1442 1006 1498 ut
1027 1455 1185 1498 onus
1206 1436 1356 1496 illud
1381 1442 1850 1514 compensetur;
1873 1454 2015 1495 cum
2034 1453 2185 1512 ergo
2208 1452 2366 1495 onus

827 1538 1061 1592 novum
1107 1530 1465 1608 imponatur
1491 1528 1568 1588 de
1609 1527 1931 1589 reddenda
1980 1528 2202 1587 eadem
2229 1545 2366 1587 mo·-

828 1629 972 1684 neta
1000 1623 1062 1682 in
1092 1622 1436 1701 quantitate
1467 1625 1528 1682 et
1555 1621 1761 1699 specie
1786 1640 1802 1693 ;
1862 1619 2049 1680 debet
2094 1620 2367 1698 pretium

826 1715 1045 1795 augeri
1073 1715 1152 1775 ad
1198 1714 1352 1774 illud
1407 1732 1563 1774 onus
1616 1712 2175 1792 compensandum.
2236 1715 2367 1773 Hoc

825 1813 1037 1871 tamen
1068 1811 1439 1887 argumento
1489 1825 1613 1868 non
1668 1811 1832 1883 utor,
1892 1824 2007 1865 nec
2045 1824 2196 1866 usus
2251 1805 2361 1881 fui,

826 1902 975 1982 quia
1002 1901 1225 1980 aliquis
1271 1898 1606 1961 contendet
1652 1918 1808 1960 onus
1856 1898 2010 1958 illud
2059 1917 2184 1959 nou
2232 1916 2366 1958 esse

825 2013 1081 2070 novum,
1117 1992 1227 2054 sed
1269 1993 1474 2071 potius
1522 2011 1655 2052 esse
1703 1991 2107 2052 intrinsecum
2150 1990 2365 2051 censui

825 2086 1184 2162 redimibili,
1237 2091 1307 2147 ut
1332 2085 1447 2145 nisi
1487 2084 1656 2145 aliud
1698 2084 1760 2144 in
1790 2089 2045 2163 pactum
2092 2083 2368 2143 deduca-

824 2187 948 2256 tur,
982 2178 1204 2240 redimi
1252 2178 1481 2239 debeat
1525 2177 1748 2238 eodem
1795 2176 1994 2255 pretio
2024 2175 2369 2236 formaliter

826 2278 1076 2352 sumpto
1102 2292 1118 2345 3
1154 2289 1347 2351 quare
1378 2289 1521 2330 cum
1550 2269 1821 2348 pretium
1853 2269 1932 2330 sit
1958 2268 2127 2328 mille
2158 2267 2367 2328 ducati

828 2366 1130 2445 argentei,
1187 2371 1256 2425 ut
1304 2364 1459 2426 tales
1503 2369 1669 2439 sunt,
1726 2382 1797 2423 ex
1828 2363 1964 2440 ipsa
2010 2364 2368 2422 contractus

826 2465 1049 2522 natura
1079 2457 1199 2518 hoc
1229 2476 1386 2518 onus
1416 2456 1703 2517 habetur.

905 2553 1102 2615 Aliter
1128 2569 1302 2629 ergo,
1334 2549 1480 2610 licet
1506 2549 1569 2608 in
1601 2547 1767 2607 idem
1811 2548 2074 2608 fortasse
2101 2545 2363 2622 recidat,

825 2644 1106 2726 probavi,
1140 2644 1369 2703 debere
1399 2642 1481 2702 ad
1503 2641 1814 2720 justitiam
1843 2644 2202 2700 contractus
2230 2639 2398 2717 pre-'

824 2739 981 2800 tium
1011 2737 1227 2814 augeri
1262 2756 1274 2797 :
1311 2735 1457 2815 quia
1499 2733 1577 2794 de
1613 2732 1755 2813 jure
1800 2736 2039 2793 naturae
2096 2731 2369 2810 pretium

817 2833 1058 2912 justum
1109 2847 1332 2891 census
1404 2827 1607 2906 majus
1656 2826 1845 2887 debet
1888 2844 2024 2886 esse
2066 2825 2129 2885 in
2178 2843 2368 2885 censu

821 2921 1575 3001 irredimihili,'quan1in
1628 2918 1984 2995 redimibili,
2035 2922 2105 2978 ut
2152 2935 2369 2978 omnes

820 3018 1116 3091 fatentur,
1152 3018 1216 3076 et
1260 3014 1324 3073 in
1371 3013 1548 3092 praxi
1605 3012 2000 3085 observatur,
2067 3015 2137 3071 ut
2179 3009 2366 3089 duplo

825 3108 1029 3188 majus
1082 3108 1180 3168 vel
1244 3107 1372 3166 fere
1429 3122 1543 3183 pro
1602 3103 1995 3164 irredimibili
2038 3101 2318 3164 solvatur
2350 3121 2363 3163 ε

826 3220 1020 3283 quare
1048 3200 1453 3281 proportione
1483 3203 1754 3274 servata,
1780 3215 1901 3277 quo
1924 3197 2126 3275 magis
2147 3213 2368 3256 census

825 3295 1072 3358 accedit
1102 3295 1181 3356 ad
1230 3291 1725 3367 irredimibilem,
1762 3295 1824 3350 et
1869 3289 2108 3350 recedit
2136 3308 2172 3348 a
2202 3289 2369 3348 redi-

825 3388 1045 3465 mibili,
1088 3406 1162 3448 eo
1213 3384 1438 3464 majori
1495 3384 1695 3463 pretio
1725 3383 1849 3443 emi
1879 3383 2097 3456 debet;
2150 3386 2214 3442 et
2255 3400 2369 3461 per

826 3498 1217 3560 consequens
1264 3497 1388 3540 non
1447 3478 1566 3539 erit
1594 3476 1865 3556 pretium
1911 3477 2156 3555 justum
2184 3474 2362 3551 illud,

828 3594 952 3656 quo
984 3572 1402 3636 communiter
1441 3571 1564 3631 emi
1611 3570 1815 3631 solent
1851 3588 2074 3629 census
2112 3567 2366 3629 omnino

822 3666 1229 3742 redimibileS,
1261 3664 1314 3726 si
1342 3664 1527 3725 detur
1554 3681 1668 3742 pro
1698 3680 1888 3722 censu
1914 3660 2019 3740 qui
2050 3660 2367 3721 difficilius

823 3761 1049 3823 redimi
1103 3758 1319 3838 possit,
1381 3775 1571 3837 quam
1626 3754 1731 3816 alii
1788 3753 1892 3833 qui
1950 3753 2367 3815 communiter

823 3854 1025 3933 pretio
1054 3853 1162 3913 illo
1193 3855 1509 3926 emuntur,
1560 3848 1768 3910 minor
1797 3847 1965 3907 enim
1994 3845 2368 3906 redimibili-

820 3953 918 4010 tas
946 3947 1096 4008 facit
1116 3964 1373 4006 censum
1391 3942 1647 4023 majoris
1673 3941 1905 4003 valoris
1926 3944 1987 4002 et
2005 3939 2211 4019 pretii.
2262 3942 2367 3999 Αι-

825 4040 928 4120 qui
959 4040 1021 4099 in
1068 4038 1188 4099 illis
1212 4035 1717 4110 circumstantiis,
1759 4034 1823 4093 in
1855 4033 2082 4112 quibus
2111 4035 2369 4110 propter

823 4132 1280 4192 incrementum
1301 4128 1529 4189 valoris
1553 4127 1748 4188 futuri
1773 4127 1836 4186 in
1867 4125 1976 4186 tali
2008 4124 2218 4204 specie
2240 4141 2369 4183 mo-

824 4229 1007 4298 netae,
1040 4222 1426 4303 praevidetur
1442 4219 1756 4280 difficilius
1774 4217 2215 4278 redimendum
2232 4235 2366 4276 esse

824 4334 1081 4379 censum
1103 4315 1324 4375 eadem
1345 4330 1590 4375 summa
1608 4311 1748 4372 talis
1765 4315 2031 4372 monetae
2051 4314 2185 4371 toto
2213 4313 2367 4370 tem·

821 4429 974 4491 pore
995 4407 1303 4487 sequenti,
1333 4425 1558 4467 census
1587 4408 1682 4466 est
1699 4404 2067 4483 simpliciter
2097 4407 2161 4464 et
2186 4402 2367 4464 abso·-

823 4505 951 4565 lute
979 4502 1186 4562 minus
1213 4498 1603 4574 redimibilis,
1644 4516 1833 4578 quam
1889 4502 2050 4559 esset
2116 4497 2189 4557 isi
2243 4495 2367 4557 tale

823 4596 1300 4669 incrementum,
1361 4596 1424 4654 et
1460 4591 1794 4653 difficultas
1825 4609 1903 4651 ex
1944 4609 2018 4651 eo
2048 4593 2188 4650 orta
2243 4606 2367 4650 non

823 4688 1278 4769 praevideretur
1309 4706 1322 4748 :
1348 4704 1497 4764 ergo
1528 4685 1591 4745 in
1621 4684 1696 4744 iis
1724 4682 2210 4744 circumstantiis
2231 4701 2370 4760 pro-

823 4787 965 4864 pter
1008 4782 1317 4842 minorem
1362 4780 1534 4840 illam
1579 4777 2114 4839 redimibilitatem
2146 4774 2371 4854 praevi-

823 4895 959 4938 sam
987 4875 1164 4936 valor
1216 4892 1442 4934 census
1469 4889 1749 4933 crescere
1805 4870 1993 4930 debet
2047 4887 2239 4946 supra
2280 4866 2365 4942 id,

827 4968 997 5050 quod
1027 4969 1284 5043 valeret,
1318 4965 1367 5025 si
1408 4963 1839 5025 redimibilitas
1860 4981 1935 5022 ex
1964 4962 2135 5021 nullo
2167 4960 2368 5039 capite

830 5063 1145 5125 difficilior
1165 5064 1350 5122 esset.

905 5160 1169 5235 Propter
1198 5154 1316 5214 hoc
1362 5155 1804 5231 argumentum
1847 5149 2049 5210 dictus
2078 5150 2149 5208 P.
2183 5146 2372 5209 Ubal-

829 5249 1013 5311 dinus
1042 5250 1098 5326 ἓ.
1132 5248 1231 5308 70.
1291 5247 1495 5306 fassus
1550 5248 1662 5319 est,
1722 5246 2111 5303 contractum
2169 5239 2372 5318 magis

832 5437 992 5499 tium
1022 5438 1357 5512 augeatur;
1408 5429 1586 5491 addit
1630 5432 1863 5503 tamen,
1897 5426 1975 5487 de
2003 5426 2212 5504 rigore
2239 5443 2372 5486 sco-

843 5529 1059 5600 aslioo,
1101 5530 1164 5586 et
1211 5522 1593 5603 speculative
1640 5520 1977 5600 loquvndo,
2014 5538 2136 5579 non
2169 5518 2366 5580 videri

1988 335 2091 394 DE
2133 326 2487 396 JUSTITIA
2533 334 2632 393 ΕΤ
2675 333 2875 395 JURE

2463 513 2873 587 augmentum
2913 508 3094 586 pretii
3144 507 3572 569 necessarium
3599 507 3971 587 adjustitiam

2461 606 2838 677 contractuS,
2879 601 2990 662 sed
3022 620 3206 680 posse
3228 619 3488 661 censum
3517 600 3642 661 emi
3674 600 3861 678 pretio
3886 621 3976 662 or-

2462 694 2728 770 dinarie,
2762 712 2884 773 quo
2914 712 3137 755 census
3183 694 3286 754 alii
3341 693 3726 754 redimibiles
3750 694 3868 753 emi
3891 714 3978 755 se·

2460 787 2610 847 lent.
2648 787 2826 859 Quod
2855 786 3082 865 probat
3109 786 3335 866 prime,
3363 785 3508 867 quia
3536 804 3697 846 onus
3726 785 3868 845 illud
3893 807 3979 846 re-

2464 879 2744 938 dimendi
2772 879 2995 939 eadem
3051 879 3423 957 quantitate,
3459 883 3521 939 et
3549 878 3757 957 specie
3783 897 3980 939 mone-

2462 975 2542 1031 tae
2573 990 2697 1029 non
2727 974 2822 1031 est
2866 970 3252 1031 censendum
3281 989 3538 1046 novum,
3571 970 3682 1030 sed
3710 970 3979 1031 intrinse-

2463 1082 2606 1123 cum
2634 1062 2752 1142 ipsi
2787 1063 3136 1124 contractui
3167 1083 3181 1122 ε
3218 1082 3364 1123 nam
3395 1063 3475 1123 de
3505 1063 3715 1142 rigore
3745 1062 3983 1142 justitiae

2462 1155 2650 1216 debet
2702 1155 3012 1233 venditor,
3046 1156 3096 1215 si
3142 1156 3296 1217 velit
3349 1175 3608 1216 censum
3664 1156 3978 1232 redimere,

2461 1248 2726 1309 reddere
2779 1249 3067 1308 eamdem
3095 1248 3390 1327 speciem,
3446 1253 3510 1309 et
3535 1267 3845 1309 summam
3870 1269 3986 1310 mo·

2464 1345 2625 1401 netae
2640 1341 2972 1402 intrinsece
2994 1342 3391 1418 invariatam,
3411 1342 3659 1421 quoties
3674 1341 3777 1402 illa
3804 1343 3863 1401 in
3889 1343 3983 1403 tali

2463 1450 2729 1509 summa,
2763 1438 2824 1494 et
2851 1434 3058 1511 specie
3081 1451 3194 1511 pro
3215 1434 3414 1513 pretio
3423 1435 3597 1512 justo
3616 1453 3840 1495 census
3857 1435 3988 1496 data

2464 1529 2526 1585 et
2554 1526 2888 1587 constituta
2916 1526 3050 1587 fuit.
3113 1527 3292 1599 Quod
3339 1527 3509 1587 enim
3536 1528 3874 1588 creditores
3900 1548 3990 1587 so-

2462 1617 2633 1679 leant
2660 1618 2998 1698 aliquando
3029 1617 3300 1697 pretium
3322 1619 3383 1679 in
3414 1619 3542 1680 alia
3560 1621 3768 1699 specie
3796 1639 3986 1681 mone-

2463 1713 2543 1771 tae
2578 1710 2879 1790 recipere,
2914 1712 2977 1771 id
3008 1729 3083 1771 ex
3127 1712 3404 1790 ipsorum
3448 1714 3651 1791 gratia
3698 1714 3985 1792 provenit,

2466 1803 2570 1882 qui
2603 1808 2830 1881 posset,
2864 1804 2917 1864 si
2962 1804 3213 1880 vellent,
3264 1823 3491 1883 cogere
3538 1805 3883 1867 debitorem
3919 1806 3990 1866 ad

2466 1897 2833 1957 solvendum
2859 1898 2923 1957 in
2941 1896 3163 1957 eadem
3183 1903 3453 1959 monetae
3474 1899 3686 1977 specie
3707 1898 3785 1958 de
3803 1900 3988 1978 rigore

2457 1987 2715 2068 justitiae
2749 2009 2762 2050 :
2796 2008 2910 2068 per
2955 1990 3075 2050 hoc
3127 1994 3339 2050 autem
3387 2009 3514 2051 non
3569 1991 3663 2067 fit,
3725 1992 3887 2071 quod
3935 1993 3990 2051 in

2465 2100 2678 2157 censu,
2712 2081 2830 2141 nisi
2874 2082 3047 2142 aliud
3077 2082 3437 2160 explicetur,
3475 2103 3600 2145 non
3631 2084 3992 2163 intelligatur

2465 2192 2716 2251 semper
2742 2173 2983 2234 includi
3031 2173 3330 2254 obligatio
3376 2175 3483 2236 illa
3510 2176 3822 2237 reddendi
3845 2196 3994 2237 eam·

2466 2266 2610 2326 dem
2669 2285 2982 2327 summam
3037 2272 3099 2327 et
3149 2267 3428 2347 speciem
3476 2275 3775 2345 monetae,
3822 2288 3993 2348 quam

2467 2359 2713 2421 debitor
2739 2366 3089 2438 acceperat.

2548 2454 2983 2532 Respondetur
3012 2473 3087 2515 ex
3129 2455 3331 2533 dictis,
3390 2455 3666 2535 pretium
3707 2474 3829 2517 non
3874 2476 3993 2516 esse

2466 2546 2824 2624 augendum
2857 2552 3114 2627 propter
3152 2567 3389 2609 novum
3419 2568 3581 2609 onus
3610 2549 3784 2628 quod
3812 2549 3996 2628 impo-

2469 2644 2655 2700 natur
2679 2644 2911 2719 praeter
2959 2646 3248 2701 naturam
3280 2646 3665 2718 contractuS,
3728 2643 3839 2703 sed
3865 2642 3996 2721 quia

2469 2733 2626 2793 illud
2669 2733 2837 2794 idem
2895 2751 3058 2795 onus
3093 2734 3448 2795 redimendi
3489 2736 3719 2795 eadem
3774 2754 3996 2795 summa

2469 2830 2531 2887 et
2584 2827 2792 2905 specie
2842 2832 3137 2904 monetae,
3180 2831 3314 2888 esto
3371 2827 3436 2887 id
3494 2828 3558 2888 in
3619 2828 3763 2889 aliis
3814 2828 3997 2889 censi—

2466 2919 2583 2980 bus
2629 2919 2927 2998 implicite
2957 2919 3554 2999 subintelligeretur,
3592 2921 3656 2980 in
3681 2921 3783 2981 his
3803 2926 3994 2982 tamen

2469 3012 2971 3089 circumstantiiS,
3017 3016 3078 3073 et
3119 3014 3384 3093 praeviso
3415 3020 3760 3093 augmento
3789 3015 3996 3075 valoris

2467 3106 2676 3165 futuro
2724 3105 2790 3166 in
2833 3106 3098 3179 ducatiS,
3133 3107 3281 3168 facit
3309 3126 3569 3168 censum
3599 3109 3921 3169 meliorem
3945 3112 4000 3167 et

2469 3198 2724 3278 majoris
2766 3198 3029 3276 valoris,
3090 3219 3163 3260 eo
3204 3200 3372 3280 quod
3412 3202 3641 3263 reddat
3681 3202 3858 3262 illum
3900 3201 3997 3260 mi·

2467 3311 2584 3352 nus
2639 3291 3079 3368 redimibilem,
3115 3311 3305 3371 quam
3334 3293 3440 3355 alii
3471 3313 3698 3356 census
3726 3313 3997 3356 commu-

2467 3385 2629 3444 niter
2666 3384 2811 3460 sint,
2845 3390 2908 3445 et
2933 3384 3074 3446 ideo
3106 3386 3419 3447 valentem
3452 3388 3786 3467 plusquam
3814 3388 3921 3448 alii
3946 3388 3998 3446 in

2465 3476 2601 3537 aliis
2619 3477 3103 3538 circumstantiis
3123 3475 3399 3540 valeant,
3432 3480 3612 3551 Quod
3627 3500 3664 3539 a
3681 3480 4000 3560 posteriori

2466 3569 2709 3630 ostendi
2755 3574 2979 3649 potest,
3016 3571 3165 3650 quia
3214 3572 3267 3632 si
3313 3577 3552 3650 postea,
3587 3579 3776 3634 aucto
3802 3575 4002 3634 valore

2466 3662 2859 3739 ducatorum,
2893 3669 3141 3743 emptor
3164 3665 3354 3726 vellet
3381 3684 3640 3726 censum
3668 3665 3849 3726 illum
3882 3667 4000 3725 aliis

2464 3754 2737 3815 vendere
2767 3756 2905 3833 plus
2934 3757 3243 3818 inveniret
3269 3776 3382 3837 pro
3414 3778 3605 3821 censu
3634 3759 3740 3820 illo
3760 3763 4004 3837 propter

2465 3846 2778 3926 majorem
2834 3849 3266 3911 difficultatem
3297 3870 3489 3930 quam
3534 3854 3668 3931 jam
3727 3852 3922 3913 habet
3947 3857 4002 3911 ut

2465 3941 2837 4017 redimatur,
2899 3946 2962 4003 et
2981 3942 3150 4022 juste
3195 3949 3410 4023 posset
3435 3946 3629 4023 pluris
3655 3945 3842 4006 illum
3871 3964 4000 4006 ven·

2465 4034 2614 4094 dere
2644 4041 2903 4114 propter
2947 4036 3119 4096 illam
3160 4037 3507 4098 rationem:
3540 4057 3692 4116 ergo
3749 4038 4006 4099 circum·

2465 4128 2709 4188 stantiae
2738 4128 2861 4187 illae
2884 4128 2987 4188 ille
3017 4128 3291 4191 reddunt
3336 4149 3593 4191 censum
3633 4131 4006 4211 major-isra·

2463 4219 2633 4296 loriS,
2669 4239 2858 4300 quam
2915 4221 2979 4280 in
3027 4222 3163 4282 aliis
3192 4222 3673 4284 circumstantiis
3730 4224 4004 4298 haberet,

2466 4316 2528 4373 et
2555 4331 2670 4390 per
2698 4331 3091 4393 consequens
3121 4314 3183 4374 in
3212 4316 3421 4395 prima
3448 4317 3637 4377 etiam
3664 4318 4001 4391 creatione,

2465 4404 2729 4484 praeviso
2778 4406 2889 4467 tali
2916 4407 3301 4469 incremento
3333 4408 3541 4470 futuro
3574 4414 3635 4470 et
3662 4408 3990 4484 duraturo,

2468 4498 2606 4576 plus
2636 4498 2889 4573 valebit,
2943 4504 3006 4561 et
3052 4500 3302 4561 nonnisi
3339 4502 3564 4580 majori
3593 4503 3795 4580 pretio
3851 4503 4006 4583 juste

2467 4591 2701 4669 poterit
2731 4593 3104 4670 comparari.

2551 4684 2839 4744 Secundo
2887 4686 3067 4764 argui
3126 4691 3334 4765 potest
3369 4706 3445 4748 ex
3485 4688 3679 4767 praed.
3730 4695 4001 4760 auctore,

2469 4776 2618 4855 quia
2665 4780 2921 4854 pactum
2970 4779 3048 4838 de
3079 4797 3206 4840 non
3262 4780 3630 4841 redimendo
3677 4801 3879 4843 censu
3909 4801 4006 4862 per

2468 4873 2700 4949 parteS‚
2735 4870 2846 4930 sed
2892 4870 3158 4938 reddito,
3183 4872 3430 4951 integro
3454 4874 3672 4952 pretio,
3709 4893 3844 4936 non
3872 4875 4004 4935 facit

2471 4962 2638 5040 quod
2707 4981 2832 5022 non
2887 4965 3083 5041 possit
3134 4984 3360 5026 census
3426 4968 3622 5045 pretio
3694 4968 4005 5028 ordinario

2471 5054 2615 5129 emi,
2649 5054 2794 5115 licet
2852 5055 2956 5115 alii
3011 5075 3236 5118 census
3266 5077 3344 5119 ex
3396 5060 3856 5121 consuetudine
3909 5079 4007 5139 per

2468 5150 2678 5226 partes
2726 5147 2952 5208 redimi
2998 5157 3303 5228 possent:
3338 5156 3400 5212 et
3445 5159 3656 5213 tamen
3716 5154 3872 5214 illud
3927 5161 4006 5212 est

2472 5258 2629 5301 onus
2657 5240 2929 5302 reddens
2958 5260 3217 5303 censum
3248 5244 3422 5304 illum
3467 5247 3673 5306 minus
3703 5248 3891 5308 facile
3924 5267 4006 5305 re—

2473 5332 2817 5394 dimibilem
2848 5354 3036 5413 quam
3094 5337 3248 5397 alios
3280 5357 3294 5398 :
3329 5357 3477 5418 crgo
3535 5344 3794 5416 pactum
3822 5343 3902 5400 de
3927 5359 4004 5399 rr-

2473 5425 2829 5504 demptione
2884 5427 2947 5487 in
3003 5430 3113 5490 tali
3160 5430 3362 5492 solum
3410 5432 3619 5509 specie
3672 5440 3739 5495 et
3776 5451 4004 5494 summa

2473 5523 2735 5578 inuncta·
2773 5539 2891 5579 non
2923 5521 3224 5600 obligalsnit
3248 5523 3324 5583 acl
3357 5525 3715 5602 augendum
3753 5527 4000 5605 prelium
