4263 6376
504 2851 722 2917 Contraria

508 2912 712 2949 sententia

826 300 946 363 292

820 483 997 557 empt.
1022 481 1079 535 et
1104 470 1270 534 vend.
1304 472 1413 533 ubi
1440 473 1621 533 caute
1648 468 1955 549 legendus
1982 471 2115 545 est,
2150 487 2256 529 nu.
2289 470 2351 530 4.

819 568 1071 631 videtur
1123 565 1292 626 enim
1345 564 1620 626 tribuere
1665 562 1914 624 Molinae
1968 559 2139 641 quod
2193 560 2356 621 hanc

820 658 1195 722 sententiam
1223 657 1449 720 dixerit
1473 654 1973 736 improbabilem,
1996 652 2107 715 scd
2134 670 2357 715 revera

816 752 1050 815 Molina
1078 769 1204 811 non
1230 749 1505 831 loquitur
1531 749 1610 810 de
1640 748 1760 810 hac
1786 746 2116 823 sententia,
2136 744 2247 807 sed
2276 745 2355 805 de

815 844 925 907 illa
975 861 1116 924 quae
1163 843 1316 905 dicit
1367 856 1550 923 posse
1597 841 1720 903 emi
1774 840 2004 901 minori
2028 840 2229 920 pretio
2276 838 2357 899 ab

815 936 951 1016 ipso
982 936 1173 998 etiam
1200 934 1506 1011 debitore,
1539 935 1618 995 de
1647 953 1774 1014 qua
1801 936 2019 1012 postea
2046 931 2350 1007 dicemus,

815 1028 976 1091 etde
1003 1029 1124 1089 hac
1149 1028 1413 1090 tortasse
1439 1028 1685 1090 locutus
1712 1030 1807 1088 est
1836 1025 2015 1088 Salas
2038 1069 2055 1102 ,
2107 1025 2220 1086 sed
2248 1024 2358 1086 ob-

815 1140 1019 1184 scure.

895 1213 1399 1276 Fundamentum
1420 1212 1807 1292 praecipuum
1821 1210 2010 1291 hujus
2030 1207 2355 1272 sententiae

815 1312 930 1384 est,
989 1307 1137 1387 quia
1165 1307 1251 1368 ibi
1280 1325 1407 1369 non
1463 1305 1797 1368 intervenit
1837 1310 2125 1367 mutuum
2165 1301 2353 1363 etiam

814 1400 1102 1476 virtuale,
1154 1400 1266 1461 sed
1294 1398 1571 1460 venditio
1594 1418 1609 1472 ;
1636 1415 1785 1458 nam
1814 1396 1876 1458 in
1907 1395 2190 1477 quolibet
2217 1413 2354 1454 mu-

813 1493 1121 1555 tuatarius
1149 1496 1363 1552 manet
1389 1491 1704 1569 obligat-us
1734 1488 1816 1550 ad
1844 1489 2080 1569 aliquid
2109 1488 2351 1549 solven-

813 1586 966 1647 dum
1033 1605 1048 1648 ε
1105 1586 1169 1646 in
1217 1584 1338 1645 hoc
1384 1588 1595 1645 autem
1649 1601 1800 1644 casu
1847 1582 1927 1641 ad
1956 1581 2110 1641 nihil
2138 1583 2352 1640 manet

812 1678 1145 1757 obligatae,
1192 1678 1303 1738 sed
1332 1677 1548 1738 vendit
1577 1695 1702 1737 non
1734 1675 1989 1754 quidem
2017 1673 2349 1754 pecuniam

810 1775 1031 1851 postea
1055 1789 1095 1832 a
1122 1769 1407 1832 debitore
1459 1769 1847 1844 solvendam,
1910 1767 2022 1828 sed
2044 1766 2150 1846 jus
2180 1764 2349 1846 quod

810 1862 1004 1925 habet
1031 1863 1111 1923 ad
1138 1862 1311 1924 illam
1371 1881 1385 1923 :
1447 1879 1640 1941 quare
1681 1860 1825 1921 licet
1855 1859 2101 1921 debitor
2130 1862 2350 1937 postea

809 1955 962 2016 nihil
994 1955 1217 2032 solvat,
1265 1954 1557 2016 venditor
1599 1953 1756 2013 nihil
1785 1952 1993 2028 debet,
2044 1951 2193 2031 quia
2213 1950 2349 2031 jam

809 2048 986 2109 dedit
1013 2047 1280 2127 emptori
1308 2050 1506 2109 totam
1553 2065 1689 2107 rem
1716 2045 2059 2122 venditam,
2115 2062 2346 2122 nempe

802 2139 907 2222 jus
935 2141 1017 2203 ad
1046 2140 1198 2201 illud
1224 2140 1527 2202 debitum.
1562 2142 1696 2201 Hoc
1716 2142 1926 2200 autem
1940 2136 2044 2219 jus
2067 2140 2348 2217 emptum

808 2233 927 2295 fuit
944 2232 1112 2313 justo
1142 2232 1364 2314 pretio)
1420 2232 1567 2314 quia
1588 2231 1694 2313 jus
1718 2231 1926 2292 minus
1966 2230 2136 2293 valet
2159 2248 2349 2311 quam

805 2345 910 2389 res
938 2327 1018 2387 ad
1048 2343 1239 2406 quam
1268 2331 1362 2389 est
1380 2325 1506 2407 jue,
1541 2329 1604 2387 et
1633 2325 1780 2406 quia
1812 2323 2084 2405 pretium
2103 2322 2347 2402 justum

807 2418 973 2482 illius
990 2418 1153 2498 juris
1179 2422 1292 2496 est,
1327 2418 1497 2499 quod
1524 2436 1638 2498 pro
1674 2418 1778 2479 illo
1808 2415 2228 2479 communiter
2256 2416 2348 2476 in·

809 2510 1012 2573 veniri
1037 2514 1266 2590 potest,
1300 2530 1413 2592 pro
1436 2510 1580 2591 jure
1608 2515 1821 2573 autem
1837 2509 1941 2571 illo
1964 2527 2149 2571 nemo
2173 2508 2350 2571 dabit

808 2604 1082 2685 pretium
1110 2605 1351 2684 aequale
1379 2603 1499 2683 ipsi
1526 2604 1760 2665 debito.

891 2698 1217 2760 Contraria
1263 2701 1477 2758 tamen
1522 2695 1831 2758 sententia
1876 2694 2227 2758 communis
2255 2699 2349 2757 est

812 2793 876 2853 et
900 2809 1071 2868 vera,
1103 2807 1294 2871 quam
1322 2794 1539 2851 tenent
1565 2789 1800 2851 Molina
1825 2794 1889 2851 et
1913 2790 2162 2850 Lessius
2190 2789 2345 2850 locis

810 2884 1035 2960 citatis,
1071 2884 1247 2945 Salas
1276 2883 1341 2943 in
1369 2887 1636 2963 utroque
1664 2885 1936 2943 tractatu
1971 2882 2185 2959 citato,
2218 2883 2346 2943 Me-

809 2978 978 3051 dina‚
1015 2978 1222 3052 Sotus,
1258 2974 1576 3052 Silvester,
1629 2974 1895 3049 Gabriel,
1947 2979 2011 3037 et
2035 2975 2144 3036 alii
2167 2975 2347 3036 innu-

807 3069 965 3131 meri
997 3068 1165 3147 apud
1197 3068 1373 3129 Salas
1404 3068 1466 3130 d.
1502 3067 1652 3128 dub.
1686 3084 1881 3130 xxvn.
1929 3067 2156 3148 quibus
2184 3067 2346 3128 adde

810 3161 1256 3242 Reginaldum,
1289 3160 1662 3238 Valentiam,
1693 3161 2090 3240 Turrianum‚
2126 3160 2345 3222 Rebel-

804 3256 984 3331 lium,
1032 3259 1095 3317 et
1122 3254 1277 3315 alios
1305 3254 1475 3332 apud
1503 3255 1768 3315 Dianam
1797 3255 1859 3316 d.
1892 3256 2079 3315 resol.
2114 3257 2214 3316 49.
2264 3256 2346 3317 Et

806 3347 1063 3428 quidem
1115 3365 1231 3426 ego
1260 3347 1542 3432 existimo
1591 3347 1759 3427 quod
1809 3347 1943 3408 haec
1983 3352 2347 3410 controver-

805 3441 903 3503 sia
918 3440 1121 3520 magis
1140 3440 1223 3501 sit
1239 3440 1625 3519 speculativa
1644 3458 1835 3520 quam
1860 3441 2160 3519 practica,
2196 3441 2344 3521 quia

804 3533 868 3594 in
904 3533 1080 3611 praxi
1106 3532 1211 3594 vix
1238 3551 1516 3612 unquam
1559 3537 1855 3594 emuntur
1896 3532 2206 3614 ejusmodi
2235 3534 2342 3594 de·

802 3625 958 3703 bita,
1010 3626 1160 3706 quin
1188 3624 1561 3687 interveniat
1604 3626 1953 3704 periculum
2001 3625 2342 3688 exactionis

804 3719 1025 3781 saltem
1078 3719 1144 3780 in
1197 3718 1516 3779 communi
1573 3718 2030 3781 existimatione
2061 3764 2078 3795 ,
2136 3723 2340 3781 metus

803 3811 1233 3873 molestiarum
1260 3815 1323 3873 et
1365 3814 1763 3891 sumptuum,
1809 3812 2112 3872 damnum
2142 3830 2339 3873 emer-

801 3923 980 3985 gens,
1011 3904 1256 3966 lucrum
1285 3922 1559 3981 cessans,
1607 3908 1670 3966 et
1694 3904 1924 3965 similia
1951 3924 2090 3984 quae
2111 3904 2341 3985 justifi-

801 4001 947 4061 cant
1002 3997 1382 4077 emptionem
1436 3996 1667 4058 minori
1716 3997 1916 4077 pretio
1940 4043 1956 4076 ‚
2017 4016 2209 4078 quam
2261 4000 2342 4061 sit

799 4091 1007 4171 ipsum
1049 4089 1353 4152 debitum.
1414 4090 1535 4152 Ubi
1582 4090 1748 4151 enim
1792 4092 2105 4171 reperitur
2150 4092 2339 4154 hodie

800 4184 1083 4246 debitum
1108 4184 1197 4245 ita
1223 4182 1288 4242 in
1317 4187 1451 4244 tuto
1473 4185 1767 4262 positum,
1806 4190 1877 4246 ut
1904 4184 1968 4245 in
1998 4185 2335 4248 securitate

801 4276 1174 4357 aequivaleat
1200 4275 1481 4353 pecuniae
1510 4276 1843 4356 praesenti?

878 4372 1037 4430 Dato
1066 4372 1281 4430 tamen
1326 4368 1429 4429 illo
1460 4387 1633 4446 casu,
1686 4369 1856 4448 quod
1902 4388 1978 4429 ex
2016 4370 2189 4431 nullo
2222 4371 2337 4432 ho-

801 4480 943 4524 rum
972 4461 1247 4539 capitum
1277 4461 1549 4538 pretium
1579 4462 1924 4538 decrescat,
1955 4462 2211 4541 probari
2240 4482 2336 4525 so-

796 4556 886 4617 let
910 4555 1047 4616 haec
1073 4553 1381 4615 sententia
1410 4572 1485 4614 ex
1512 4554 1800 4615 absurdis
1832 4572 1972 4633 quae
2000 4553 2359 4634 sequetem-⁸

797 4651 920 4724 tur,
981 4647 1034 4708 si
1057 4665 1170 4726 pro
1193 4647 1338 4726 jure
1391 4647 1474 4707 ad
1502 4647 1783 4708 debitum
1839 4651 2083 4708 certum
2122 4655 2334 4727 posset

797 4740 932 4801 dari
976 4740 1183 4800 minus
1211 4756 1401 4818 quam
1443 4738 1523 4799 sit
1551 4738 1755 4818 ipsum
1798 4738 2081 4801 debitum
2133 4756 2148 4803 ε
2209 4740 2332 4802 hoc

796 4834 965 4894 enim
990 4832 1179 4895 modo
1219 4836 1666 4894 excusarentur
1712 4851 1930 4894 omnes
1976 4836 2332 4895 contractus

796 4926 1086 5004 usurarii,
1133 4924 1280 5005 quia
1308 4930 1601 4985 mutuans
1630 4924 1867 4988 diceret
1910 4945 1924 4988 ε
1976 4925 2114 5005 qu
2144 4944 2267 4987 emo
2295 4947 2331 4987 α

797 5027 852 5081 te
871 5021 966 5097 jus
992 5018 1071 5080 ad
1096 5019 1230 5080 100.
1253 5025 1392 5098 post
1434 5037 1648 5077 annum
1670 5038 1783 5098 pro
1830 5017 1919 5078 his
1946 5020 2046 5081 90.
2092 5024 2156 5082 et
2183 5038 2330 5081 ven-

793 5112 949 5173 dens
978 5110 1215 5172 credito
1236 5128 1475 5170 merces
1497 5129 1607 5187 pro
1629 5110 1829 5188 pretio
1849 5128 2038 5189 supra
2054 5109 2324 5190 justum,

792 5205 1030 5266 diceret
1084 5221 1150 5264 se
1203 5202 1477 5263 vendere
1531 5202 1670 5262 illas
1716 5221 1841 5263 non
1896 5221 2007 5280 pro
2062 5203 2330 5281 pecunia

790 5298 1004 5360 danda
1030 5297 1139 5359 sed
1166 5314 1278 5375 pro
1302 5295 1445 5375 jure
1473 5295 1556 5355 ad
1584 5296 1778 5357 illam.
1840 5298 1988 5356 Hoec
2016 5300 2230 5358 tamen
2263 5301 2326 5358 et

792 5391 1018 5454 similia
1046 5393 1303 5468 possent
1326 5387 1587 5449 fortasse
1629 5389 1786 5450 solvi
1814 5389 1893 5450 ab
1921 5389 2320 5466 adversariiS,

791 5502 865 5547 eo
894 5482 1065 5565 quod
1091 5480 1514 5546 mutuatarius
1541 5484 1606 5545 et
1632 5487 1878 5563 emptor
1904 5500 2031 5547 non
2059 5489 2327 5563 possunt

1984 291 2088 352 DE
2129 288 2481 354 JUSTITIA
2526 287 2629 350 ΕΤ
2669 286 2869 350 JURE

2454 465 2606 528 dare
2632 466 2753 547 jus,
2814 464 2966 546 quin
3021 480 3087 525 se
3117 462 3398 542 obligent
3450 459 3531 521 ad
3559 457 3765 538 ipsam
3791 471 3984 535 pecu-

2452 559 2623 620 niam
2650 558 2949 635 dandam,
3006 560 3195 637 atque
3250 554 3390 616 ideo
3419 571 3546 616 non
3600 551 3806 613 solum
3831 547 3985 609 dant

2450 670 2563 733 pro
2593 656 2834 729 mutuo,
2880 651 2981 712 vel
3005 669 3121 730 pro
3149 648 3464 710 mercibus
3485 648 3614 727 jus,
3647 642 3758 705 sed
3786 658 3979 722 pecu-

2453 745 2588 807 nias
2615 744 2784 825 ipsas
2839 762 2996 824 quas
3050 762 3126 804 ex
3178 744 3506 804 contractu
3557 738 3664 799 illo
3694 736 3846 796 dare
3875 733 3981 793 de-

2452 836 2624 913 bent,
2684 854 2824 916 quae
2848 835 3146 916 {pecuniae
3197 833 3508 896 excedunt
3545 834 3860 892 mutuum,
3883 824 3986 888 vel

2453 930 2757 991 mercium
2796 930 3076 992 valorem
3135 948 3150 990 ε
3208 928 3273 988 in
3321 930 3528 989 nostro
3578 926 3788 985 autem
3835 937 3985 981 casu

2452 1023 2743 1085 venditor
2795 1024 3002 1086 solum
3046 1023 3155 1084 dat
3192 1021 3318 1101 jus,
3372 1023 3434 1082 et
3478 1018 3648 1079 nullo
3694 1012 3884 1075 modo
3915 1029 3984 1072 se

2452 1116 2690 1195 obligat
2733 1115 2813 1177 ad
2856 1115 3156 1197 pecunias
3216 1113 3460 1175 debitas
3488 1109 3734 1173 dandas
3761 1104 3986 1169 vendi-

2450 1210 2593 1272 tori.

2527 1303 2674 1364 Ideo
2705 1301 2946 1363 facilius
2972 1300 3226 1381 probari
3281 1317 3464 1381 posse
3509 1295 3781 1370 videtur,
3833 1291 3986 1371 quia

2446 1394 2512 1456 in
2541 1394 2616 1455 iis
2645 1393 3125 1457 circumstantiis
3171 1412 3295 1454 non
3325 1395 3611 1454 servatur
3655 1385 3984 1467 aequalitas

2447 1488 2631 1568 pretii
2680 1506 2824 1550 cum
2851 1507 2919 1549 re
2949 1493 3161 1567 empta
3212 1507 3226 1549 :
3281 1504 3429 1547 nam
3470 1482 3751 1545 debitum
3795 1478 3986 1557 liqui-

2446 1581 2599 1643 dum
2626 1586 2878 1643 centum
2905 1598 3264 1656 aureorum,
3297 1580 3361 1639 in
3391 1595 3516 1658 quo
3546 1570 3983 1653 recuperando

2448 1674 2620 1735 nulla
2649 1677 2746 1735 est
2791 1673 3127 1735 difficultas
3154 1671 3253 1732 vel
3281 1669 3589 1745 molestia,
3639 1684 3756 1727 nec
3782 1664 3987 1725 ullum

2446 1766 2814 1845 periculum,
2862 1766 3032 1828 valet
3075 1764 3331 1845 quidem
3361 1766 3612 1824 centum
3642 1776 3867 1820 aureos
3891 1756 3986 1816 in-

2443 1864 2654 1937 tegros
2712 1873 2729 1921 :
2786 1858 2839 1918 si
2868 1875 3018 1937 ergo
3060 1876 3173 1938 pro
3204 1875 3277 1919 eo
3324 1857 3555 1917 dantur
3581 1869 3747 1914 nunc
3775 1850 3984 1912 solum

2445 1951 2787 2031 nonaginta
2852 1969 2980 2013 non
3043 1951 3230 2012 datur
3269 1949 3540 2029 pretium
3582 1946 3826 2027 justum
3867 1943 3983 2005 sed

2443 2044 2774 2125 inaequale.
2827 2044 3286 2125 Consequentia
3313 2046 3408 2104 est
3434 2043 3604 2104 clara
3661 2060 3675 2102 :
3735 2041 3983 2100 antece-

2444 2137 2601 2199 dens
2628 2137 2693 2198 in
2723 2156 2845 2217 quo
2878 2138 3005 2200 solo
3056 2156 3191 2199 esse
3221 2140 3428 2218 potest
3474 2132 3809 2196 difficultas
3837 2147 3982 2210 pro-

2443 2230 2630 2292 batur
2685 2231 2910 2310 primo,
2974 2231 3124 2311 quia
3176 2229 3230 2291 si
3284 2229 3566 2291 debitum
3606 2224 3761 2287 illud
3808 2223 3982 2304 quod

2444 2323 2677 2385 emitur
2702 2342 2829 2385 non
2856 2324 3076 2385 fuisset
3120 2321 3499 2403 exigendum
3527 2322 3674 2400 post
3701 2334 3977 2390 annum;

2444 2415 2558 2478 sed
2585 2434 2753 2477 nunc
2777 2420 2840 2478 et
2865 2416 2986 2478 hoc
3013 2416 3149 2477 sine
3179 2416 3305 2477 ulla
3334 2415 3701 2476 difficultate
3731 2414 3843 2472 aut
3869 2428 3983 2488 pe-

2443 2509 2672 2588 riculo,
2725 2527 2910 2571 nemo
2941 2508 3108 2571 dicet
3135 2508 3305 2589 quod
3333 2527 3458 2569 non
3487 2507 3697 2568 valeat
3724 2506 3984 2565 centum

2443 2621 2668 2665 aureos
2712 2624 2726 2665 ε
2780 2604 2893 2665 sed
2923 2622 3000 2664 ex
3027 2603 3163 2665 sola
3192 2602 3491 2663 dilatione
3521 2598 3846 2677 temporiS,
3880 2615 3984 2657 se-

2445 2697 2614 2758 cluso
2641 2696 2809 2757 omni
2855 2697 2979 2758 alio
3025 2696 3325 2775 periculo,
3387 2699 3498 2755 aut
3537 2693 3792 2768 damno,
3851 2708 3982 2751 non

2442 2793 2650 2871 potest
2676 2790 2875 2850 minui
2903 2788 3038 2869 ejus
3064 2790 3271 2862 valor;
3303 2787 3582 2867 alioquin
3602 2804 3797 2847 usura
3814 2788 3987 2845 esset

2442 2883 2646 2956 licita3
2677 2883 2730 2943 si
2759 2881 2926 2943 enim
2955 2886 3207 2944 centum
3237 2880 3561 2943 reddenda
3578 2884 3722 2959 post
3741 2895 3986 2939 annum

2445 2994 2569 3037 non
2597 2976 2826 3052 valent,
2883 2979 3189 3056 quantum
3241 2979 3494 3038 centum
3538 2973 3730 3034 hodie
3758 2976 3983 3033 mutuo

2444 3071 2722 3148 accepta,
2755 3074 2967 3148 posset
2993 3068 3256 3148 obligari
3286 3068 3704 3131 mutuatarius
3732 3066 3814 3127 ad
3841 3064 3987 3126 red-

2443 3162 2653 3224 denda
2683 3164 2817 3224 110.
2844 3166 2988 3243 post
3014 3180 3273 3239 annum,
3306 3163 3748 3224 utservaretur
3767 3176 3986 3239 aequa·

2441 3256 2583 3318 litas
2612 3256 2773 3317 inter
2792 3256 3008 3318 datum
3038 3261 3101 3318 et
3118 3259 3446 3336 acceptum
3480 3276 3494 3317 ε
3529 3258 3593 3316 et
3616 3253 3697 3314 ad
3719 3253 3839 3315 hoc
3870 3252 3985 3313 ad·

2441 3347 2588 3410 duci
2615 3352 2877 3428 possunt
2906 3366 3122 3409 omnes
3172 3349 3446 3410 rationes
3487 3346 3716 3426 quibus
3768 3363 3985 3406 usurae

2440 3441 2679 3503 malitia
2731 3440 3055 3520 probatur,
3116 3458 3258 3521 quse
3285 3458 3503 3502 omnes
3541 3437 3887 3500 fundantur
3913 3439 3983 3498 in

2442 3533 2562 3595 hoc
2590 3532 2759 3613 quod
2786 3539 3046 3613 propter
3064 3535 3262 3594 solam
3281 3532 3581 3612 temporis
3609 3532 3984 3594 dilationem

2439 3625 2616 3687 valor
2630 3627 2914 3706 pecuniae
2930 3626 3158 3689 debitae
3178 3645 3304 3689 non
3326 3626 3663 3688 minuatur.
3689 3625 3805 3688 Vel
3825 3643 3981 3704 ergo

2439 3717 2765 3779 fatendum
2807 3723 2902 3781 est
2953 3718 3110 3780 illud
3139 3719 3540 3796 antecedenS,
3599 3718 3699 3780 vel
3739 3734 3983 3797 negan-

2441 3810 2592 3871 dum
2624 3829 2883 3873 usuram
2912 3829 3047 3872 esse
3069 3811 3214 3892 jure
3243 3815 3482 3873 naturae
3511 3810 3816 3872 illicitam.
3864 3811 3985 3872 Se-

2440 3904 2668 3980 cundo,
2741 3904 3048 3984 probatur
3105 3904 3276 3965 idem
3345 3904 3756 3981 antecedens,
3826 3905 3986 3984 quia

2440 3997 2691 4079 quando
2720 4014 2834 4076 pro
2863 4001 3118 4058 centum
3145 3997 3487 4058 reddendis
3514 3996 3779 4076 Neapoli
3806 3996 3984 4057 acci·

2437 4089 2534 4168 pis
2562 4089 2824 4151 totidem
2852 4092 3088 4167 Romae,
3140 4093 3499 4152 contractus
3546 4093 3641 4151 est
3683 4089 3976 4168 aequalis,

2436 4201 2552 4244 nec
2578 4187 2786 4262 potest
2813 4183 2948 4262 plus
3003 4184 3138 4244 dari
3180 4185 3278 4244 vel
3321 4184 3543 4262 accipi,
3604 4183 3722 4243 nisi
3748 4183 3852 4243 vel
3881 4202 3985 4243 ra-

2434 4276 2604 4338 tione
2619 4275 2946 4355 inaequalis
2961 4276 3192 4337 valoris
3210 4276 3494 4356 pecuniae
3508 4276 3572 4335 in
3589 4275 3785 4337 altero
3807 4276 3977 4351 loc0,

2432 4369 2531 4430 vel
2576 4368 2820 4430 ratione
2871 4367 3254 4448 trajectionis
3298 4369 3580 4450 pecuniae
3627 4373 3691 4429 et
3735 4387 3975 4448 operae,

2431 4462 2532 4522 vel
2561 4461 2842 4540 periculi,
2894 4462 2994 4523 vel
3022 4462 3179 4522 lucri
3225 4462 3546 4538 cessantiS,
3599 4465 3710 4523 aut
3755 4461 3983 4522 damni

2434 4553 2834 4632 emergentiS,
2893 4559 2964 4618 ut
3003 4553 3355 4616 videbimus
3400 4555 3564 4615 infra
3603 4561 3864 4634 agentes
3894 4555 3983 4616 de

2433 4647 2713 4724 cambiiS,
2766 4651 2829 4708 et
2856 4666 3073 4710 omnes
3119 4648 3183 4708 id
3211 4648 3564 4710 concedunt
3620 4669 3635 4709 :
3693 4667 3845 4727 ergo
3867 4650 3982 4728 jus

2429 4741 2583 4802 illud
2631 4740 2801 4820 quod
2848 4741 3032 4803 datur
3083 4741 3431 4820 campsario
3487 4741 3568 4801 ad
3609 4741 3988 4819 recipienda

2430 4838 2683 4897 centum
2734 4834 2991 4913 Neapoli
3039 4834 3119 4895 ab
3177 4834 3296 4895 alio
3348 4837 3698 4898 mercatore
3720 4879 3739 4910 ,
3806 4835 3986 4897 valet

2429 4930 2735 5006 quantum
2779 4927 3044 4989 totidem
3087 4930 3338 4988 centum
3380 4927 3530 4989 data
3558 4929 3770 4988 Romae
3802 4946 3983 4989 cam-

2427 5019 2598 5097 psori
2647 5039 2661 5080 :
2715 5037 2864 5099 ergo
2896 5019 3181 5081 similiter
3214 5019 3319 5100 jus
3348 5018 3430 5080 ad
3481 5019 3790 5099 exigenda
3817 5038 3983 5082 cen-

2425 5113 2560 5173 tum
2590 5115 2731 5189 post
2758 5130 2993 5172 annum
3022 5112 3156 5173 sine
3185 5113 3310 5173 ullo
3335 5112 3636 5191 pericu10,
3670 5118 3780 5175 aut
3809 5113 3987 5174 diffi-

2427 5204 2656 5265 cultate
2686 5204 2854 5266 valet
2878 5209 3153 5283 centum,
3189 5222 3305 5266 nec
3342 5206 3513 5284 juste
3540 5209 3804 5286 possunt
3840 5206 3980 5266 emi

2425 5296 2571 5357 solis
2598 5298 2958 5377 nonaginta.

2504 5390 2683 5452 Unde
2730 5391 2811 5451 ad
2865 5391 3345 5454 fundamentum
3398 5392 3744 5472 principale
3773 5393 3971 5475 Caje-

2423 5481 2555 5545 tani
2583 5501 2776 5563 supra
2801 5483 3171 5562 adductum,
3203 5484 3543 5548 dicendum
3573 5492 3686 5562 est,
3718 5486 3864 5550 licet
3889 5488 3974 5551 in
