4263 6376
1229 211 1698 274 DISPUTATIO
1743 209 1933 286 XXV,
1980 211 2255 272 SECTIO
2300 212 2402 271 lv.

260 390 506 466 dex-andi,
558 388 727 449 unde
785 406 999 448 rursus
1028 405 1231 466 neque
1280 392 1374 447 est
1396 405 1586 446 usura
1616 405 1752 465 spe·

258 504 379 545 rare
405 482 560 561 quod
590 480 1004 542 mutuatarius
1026 498 1101 539 ex
1132 479 1501 540 liberalitate
1525 484 1585 539 et
1611 498 1755 557 gra·

261 577 492 639 titudine
539 575 793 653 aliquod
822 573 1057 632 donum
1104 572 1412 633 mutuanti
1444 571 1757 631 conferret

261 672 374 731 sine
402 669 598 727 debito
630 671 739 727 aut
768 671 972 745 pacta,
1026 666 1150 726 imo
1183 665 1302 726 hac
1331 684 1439 743 spe
1470 670 1531 725 et
1559 665 1756 724 inten-

3260 215 3373 272 177

1847 387 1977 446 lum
2005 386 2085 448 sit
2114 386 2313 465 magis
2354 387 2720 466 principale,
2780 387 2891 448 sed
2938 387 3167 450 sufficit
3212 388 3379 468 quod

1852 480 1930 539 sit
1956 480 2214 556 malum,
2252 487 2312 542 et
2341 480 2748 560 prohibitum.

1932 573 2111 633 Unde
2140 592 2356 632 rursus
2385 574 2686 652 sequitur,
2722 574 2888 653 quod
2922 575 3176 635 intentio
3195 574 3384 635 etiam

1855 665 2045 725 solius
2073 664 2251 742 lucri,
2300 667 2467 744 quod
2500 673 2709 727 tamen
2741 687 2866 729 non
2896 687 2970 727 ex
2999 668 3232 743 debito,
3276 666 3386 726 sed

3535 593 3611 652 29

3482 718 3548 759 Αη
3567 717 3689 759 liceat

259 763 405 824 tione
447 763 645 839 potest
698 759 934 837 absque
981 776 1172 817 usura
1216 763 1504 818 mutuum
1552 755 1757 817 offerri
1858 777 1931 817 ex
1961 758 2329 819 liberalitate
2352 764 2415 819 et
2440 760 2823 837 gratitudine
2845 759 3389 822 mutuatariioria-
3483 771 3693 812 intendere

260 853 491 934 principi
521 851 847 929 indigenti,
880 858 949 912 ut
968 851 1098 928 ipse
1123 869 1196 910 ex
1215 849 1594 927 gratitudine
1624 848 1762 908 offi-

261 948 401 1007 cium
424 946 523 1005 tibi
547 944 847 1020 conferat,
878 943 976 1004 vel
1000 943 1373 1002 beneficium
1396 941 1762 1003 ecclesiasti-

261 1058 384 1101 cum
411 1037 515 1098 tibi
544 1044 655 1097 aut
700 1037 822 1097 tuis
850 1040 1161 1114 procuret,
1214 1034 1381 1113 quod
1412 1035 1600 1095 etiam
1629 1033 1762 1092 sine

261 1131 499 1193 simonia
522 1129 663 1188 fieri
692 1133 917 1206 potest,
952 1146 1095 1188 cum
1125 1126 1364 1187 nullum
1390 1125 1765 1187 interveniat

262 1227 486 1304 pactum
514 1222 878 1301 explicitum
907 1221 1004 1280 vel
1036 1219 1425 1298 implicitum,
1460 1219 1568 1279 sed
1590 1235 1765 1278 mera

260 1336 384 1395 spes
408 1313 823 1393 gratitudinis,
883 1313 1228 1372 Videantur
1256 1311 1506 1387 Molina,
1563 1315 1626 1371 et
1654 1311 1767 1371 Sa-

259 1410 340 1469 las
362 1408 503 1468 locis
524 1406 630 1468 cit.
662 1408 832 1467 Less,
870 1405 1015 1466 dub.
1054 1423 1113 1466 ν.
1145 1404 1431 1466 Turrian.
1458 1403 1617 1483 disp.
1644 1419 1761 1462 Lxl.

260 1501 393 1560 dub.
427 1504 479 1560 1.
512 1504 577 1560 et
602 1499 709 1559 alii
739 1516 953 1558 omnes
981 1498 1393 1572 recentiores,
1445 1495 1549 1576 qui
1581 1496 1644 1555 in
1674 1494 1770 1554 his

261 1592 525 1654 omnibus
555 1592 956 1652 conveniunt.
1016 1593 1231 1669 Neque
1279 1589 1486 1669 quoad
1531 1588 1649 1649 hoc
1678 1589 1773 1648 est

260 1685 591 1745 differentia
617 1684 784 1745 inter
827 1684 1130 1745 motivum
1185 1682 1527 1762 principale
1576 1685 1639 1741 et
1664 1678 1774 1739 mi-

260 1797 363 1838 nus
389 1776 751 1856 principale,
790 1776 884 1836 vel
913 1777 1076 1837 inter
1103 1792 1357 1835 cansam
1387 1774 1690 1835 motivam
1710 1776 1775 1833 et

258 1870 661 1950 impulsivam.
724 1868 901 1942 Quod
949 1867 1117 1928 enim
1147 1866 1506 1927 desiderare
1553 1884 1774 1944 possu-

258 1981 404 2037 muS,
460 1961 787 2022 intendere
834 1961 1021 2021 etiam
1051 1977 1380 2039 possumus
1426 1977 1539 2038 per
1567 1956 1777 2017 media

260 2054 423 2116 nobis
458 2073 580 2114 .2on
610 2052 925 2132 prohibita
976 2073 989 2112 ε
1041 2072 1072 2112 e
1105 2056 1319 2112 contra
1368 2070 1539 2127 vcr0,
1593 2050 1643 2110 si
1681 2050 1776 2110 in-

258 2147 436 2208 tentio
482 2151 652 2206 esset
679 2145 756 2204 de
806 2147 975 2205 lucro
1005 2149 1303 2222 tanquam
1351 2142 1583 2220 debito,
1632 2142 1779 2203 licet

258 2246 408 2301 esset
433 2240 745 2300 motivum
766 2239 971 2297 minus
993 2236 1356 2315 principale,
1391 2237 1626 2297 faceret
1646 2255 1777 2295 mu-

259 2336 421 2394 tuum
451 2331 810 2393 usurarium
860 2349 875 2389 ε
928 2330 1007 2390 ad
1053 2329 1347 2390 malitiam
1382 2329 1547 2389 enim
1575 2329 1780 2388 refun-

258 2425 515 2486 dendam
546 2443 674 2485 non
703 2423 1063 2502 requiritur,
1114 2421 1283 2501 quod
1312 2422 1615 2483 motivum
1642 2440 1783 2482 ma-

324 2725 378 2779 S.
426 2725 713 2793 Congreg.
762 2739 832 2776 ex
876 2723 1159 2776 audientia
1227 2722 1431 2775 summi
1499 2719 1785 2776 pontificis

262 2798 342 2851 Pii
363 2813 480 2850 vm.
507 2794 699 2850 audita
723 2793 974 2849 relatione
1004 2791 1326 2885 superiorum
1365 2791 1655 2848 dubiorum.
1678 2808 1786 2846 una

257 2885 362 2923 eam
373 2874 480 2920 voto
490 2865 1038 2921 eminentissimorum
1051 2863 1415 2933 Lar-dinatum,
1428 2862 1788 2935 inquisitorum

259 2939 594 3011 quinalium,
618 2937 908 3007 respondit
930 2937 1017 2988 die
1047 2935 1111 2989 18
1133 2935 1377 3004 Augusti
1404 2934 1557 2999 1830,
1572 2935 1642 2987 ad
1706 2934 1785 2986 ri-

262 3028 422 3074 mum,
449 3027 554 3063 non
579 3024 698 3062 esse
724 3005 1131 3080 inquietandos:
1160 3006 1230 3062 ad
1270 3007 1576 3060 secundum
1603 3023 1615 3057 :
1696 3020 1788 3060 ra-

260 3081 422 3136 visum
449 3079 509 3135 in
527 3080 730 3151 ‹pr-imo.

328 3151 389 3206 D.
420 3152 605 3205 Denat
628 3150 926 3221 presbyter
947 3147 1232 3202 societatis
1255 3147 1309 3202 S.
1339 3147 1583 3219 Sulpitii,
1612 3147 1669 3201 in
1694 3163 1787 3199 se-

264 3224 492 3278 minario
518 3221 888 3290 Lugdunensi
932 3220 1233 3287 theologiae
1267 3221 1572 3289 professor,
1599 3219 1669 3271 ad
1695 3234 1788 3270 sa-

264 3312 408 3348 cram
493 3293 984 3346 Poenitenuariam
1067 3307 1357 3343 recursum
1438 3291 1634 3344 babuit
1699 3289 1788 3341 die

261 3366 327 3419 ὦ
350 3365 479 3417 maii
510 3364 674 3427 1830,
710 3363 872 3432 eique
916 3361 1175 3431 exposuit
1218 3361 1364 3431 quod
1411 3361 1562 3414 circa
1606 3360 1791 3413 omnia

262 3438 423 3489 dubia
446 3436 517 3487 de
544 3435 655 3488 bac
683 3432 933 3495 materia,
961 3433 1017 3485 S.
1047 3433 1323 3498 Congreg.
1358 3449 1461 3501 pro
1494 3432 1644 3486 omni
1668 3447 1789 3483 res-

300 3508 524 3560 onsione
550 3505 845 3558 remittere
885 3503 1093 3557 soleret
1122 3502 1191 3555 ad
1239 3503 1549 3556 doctrinam
1589 3500 1792 3554 summi

262 3526 548 3632 {ontificis
576 3574 868 3628 Benedicti
893 3590 1001 3642 xiv,
1019 3579 1079 3627 ut
1103 3577 1231 3642 pote
1257 3573 1466 3626 claram
1491 3580 1548 3627 et
1570 3572 1790 3643 perspi-

265 3665 420 3701 cuam
444 3648 515 3700 iis
540 3646 645 3716 qui
670 3645 888 3698 sincero
912 3644 1076 3697 corde
1111 3644 1398 3696 veritatem
1424 3644 1788 3714 inquirerent.

264 3719 364 3774 Sed
416 3718 701 3789 quosdam
747 3733 868 3768 esse
913 3716 1269 3785 presbyteros
1315 3716 1411 3783 qni
1455 3714 1795 3768 contendunt

264 3791 473 3844 licitum
497 3805 627 3840 esse
653 3787 940 3857 percipere
966 3786 1278 3838 auctarium
1301 3783 1336 3836 5
1358 3803 1460 3855 pro
1490 3784 1606 3838 100.
1623 3784 1795 3836 solius

266 3863 315 3914 vi
334 3860 499 3928 legis.
527 3860 749 3927 absque
773 3859 882 3910 alio
906 3856 1069 3910 titulo
1094 3855 1177 3907 vel
1201 3855 1390 3908 damni
1434 3855 1792 3924 emergentis,

266 3933 343 3985 vel
368 3930 514 3983 lucri
536 3929 836 3989 cessantis,
864 3926 1008 3999 quia,
1042 3926 1301 3994 inquiunt
1321 3924 1407 3979 lex
1433 3926 1691 3996 principis
1720 3934 1799 3980 esc

263 4001 440 4056 titulus
468 3998 744 4069 leqitimus
786 4016 901 4053 cum
922 3997 1214 4067 transferat
1234 3994 1517 4052 dominium
1547 3995 1797 4058 auctarii,

263 4074 395 4128 sicut
419 4070 693 4140 transfert
727 4069 1005 4123 dominium
1034 4069 1089 4121 in
1113 4067 1528 4137 praescriptione.

334 4146 544 4197 Orator
590 4141 973 4209 subjungebat
1014 4139 1198 4205 legem
1243 4138 1483 4192 divinam
1529 4144 1587 4192 et
1615 4138 1799 4206 legem

267 4212 715 4269 ecclesiasticam
741 4229 864 4282 qnae
897 4227 1099 4263 usuras
1123 4208 1423 4278 prohibent
1465 4211 1545 4263 sic
1569 4224 1801 4279 prorsus

267 4283 592 4345 annihilari,
622 4298 795 4351 seque
829 4282 1237 4335 existimantem
1282 4281 1434 4333 nullo
1479 4286 1642 4351 pacto
1675 4279 1801 4331 lici-

268 4364 380 4411 tum
405 4371 532 4407 esse
560 4354 829 4405 recedere
855 4372 888 4405 a
912 4352 1165 4405 doctrina
1190 4350 1475 4405 Benedicti
1497 4367 1607 4412 xw,
1636 4352 1803 4404 abso-

268 4429 536 4482 lutionem
562 4424 1031 4477 sacramentalem
1054 4423 1332 4488 denegare
1354 4420 1666 4492 presbyteris
1716 4422 1806 4492 qui

266 4499 352 4572 qui
371 4493 713 4553 contendunt
741 4494 796 4562 le,
824 4514 903 4549 em
929 4492 1130 4548 civilem
1157 4507 1265 4545 esse
1310 4492 1517 4547 titulum
1544 4491 1805 4563 sufficien-

268 4580 367 4625 tem
393 4564 733 4639 percipiendi
759 4583 790 4619 a
817 4566 835 4618 ι’
874 4564 970 4620 uid
991 4582 1151 4636 supro
1200 4568 1409 4629 sortem,
1440 4563 1631 4635 absque
1659 4562 1807 4617 titulo

269 4642 413 4697 lucri
461 4637 748 4705 cessantis,
783 4585 867 4690 ve?
907 4637 1085 4691 damni
1133 4640 1457 4703 emerqentis.
1485 4637 1667 4705 Atque
1713 4651 1807 4687 sa-

270 4731 421 4768 cram
471 4709 966 4762 Poenitentiariam
1010 4706 1301 4760 humiliter
1350 4706 1703 4776 supplicabat
1747 4709 1809 4758 ut

269 4780 569 4855 sequentia
595 4780 769 4831 dubia
791 4780 1029 4832 solveret
1057 4797 1068 4830 ε
1104 4778 1149 4830 1“
1184 4773 1367 4831 Utrum
1393 4775 1561 4847 possit
1590 4776 1648 4829 in
1691 4792 1811 4829 con·

267 4854 489 4910 scientia
552 4848 935 4903 absolutionem
967 4846 1230 4921 impertiri
1261 4849 1542 4923 praedictis
1598 4845 1813 4917 presby·

271 4927 419 4990 teris,-
460 4926 518 4978 2·
570 4920 758 4977 Utrum
779 4919 976 4975 debeat.

343 5018 373 5049 «ι
418 4999 601 5051 Sacra
654 4993 1096 5055 poenitentiariis,
1138 4994 1438 5061 diligenter
1486 5006 1550 5042 ac
1595 4992 1811 5042 mature

273 5069 571 5140 perpensis
622 5064 806 5117 dubiis
852 5065 1157 5142 propositis
1202 5060 1647 5133 respondendum
1681 5075 1814 5111 cen-

273 5141 385 5193 suit
399 5158 412 5192 t
426 5137 780 5210 presbyteros
802 5133 863 5187 de
875 5137 1065 5205 qui-bus
1089 5136 1267 5207 agitur
1278 5150 1383 5187 non
1397 5148 1503 5186 esse
1516 5129 1814 5202 inquietan-

273 5209 363 5265 dos
378 5210 723 5283 quoadusque
752 5203 947 5260 sanctu
974 5203 1131 5261 Sedes
1159 5204 1483 5277 definitivam
1510 5201 1816 5255 decisionem

272 5282 525 5343 emiserit,
542 5279 637 5337 eui
646 5277 831 5347 parati
849 5276 957 5330 sint
978 5294 1033 5332 se
1043 5276 1310 5349 subjicere.
1334 5274 1544 5346 ideoque
1556 5271 1689 5327 nihil
1706 5274 1818 5326 obs·

273 5360 382 5407 tare
400 5369 591 5407 coriam
619 5347 928 5405 absolutioni
948 5348 1006 5402 in
1029 5349 1152 5420 foro
1173 5345 1514 5421 poenitentioe.
1554 5366 1577 5392 ι
1617 5344 1818 5396 Datum

278 5424 469 5479 Romae
495 5424 559 5477 in
590 5420 1038 5483 Poenitentiaria,
1067 5420 1155 5472 die
1190 5420 1252 5473 16
1274 5418 1545 5489 septemb.
1580 5413 1732 5467 1830.

602 5507 765 5567 Tou.
799 5506 931 5570 vll.

3468 824 3626 866 lucrum
3657 837 3709 867 ex

1860 857 1981 926 tur,
2036 869 2159 910 non
2189 851 2337 911 facit
2366 871 2641 926 usuram,
2693 854 2756 913 in
2789 873 2911 933 quo
2944 854 3131 915 etiam
3162 871 3391 913 conve-
3455 877 3719 933 mascusius.

1861 944 2042 1003 niunt
2069 961 2285 1003 omnes
2315 944 2597 1022 praedicti
2639 951 2956 1017 auctores,
3009 952 3070 1006 et
3116 947 3271 1007 ratio
3300 948 3394 1006 est

1862 1037 2050 1110 clara,
2086 1036 2235 1115 quia
2256 1055 2441 1096 usura
2463 1037 2873 1099 essentialiter
2893 1038 3165 1117 pertinet
3195 1037 3276 1098 ad
3304 1038 3393 1097 in-

1855 1126 2164 1208 justitiam
2224 1148 2237 1188 :
2300 1148 2425 1188 non
2472 1133 2676 1206 potest
2715 1136 2925 1192 autem
2978 1149 3111 1190 esse
3140 1130 3390 1209 injuria,

1865 1221 1971 1282 ubi
2000 1221 2064 1280 id
2095 1221 2264 1299 quod
2293 1221 2499 1296 datur,
2549 1223 2802 1283 omnino
2834 1222 3182 1283 voluntarie
3213 1223 3399 1283 datur

1865 1314 1997 1373 sine
2028 1313 2153 1373 ulla
2180 1313 2549 1375 admistione
2580 1315 2977 1375 involuntarii
3013 1335 3026 1375 :
3073 1320 3260 1394 prout
3287 1315 3400 1374 da·-

1865 1409 1988 1483 tur,
2022 1406 2274 1484 quando
2305 1424 2380 1465 ex
2407 1406 2539 1466 sola
2565 1406 2948 1484 gratitudine
2979 1407 3166 1468 datur
3207 1426 3222 1466 :
3274 1424 3399 1467 non

1868 1517 2019 1576 ergo
2049 1499 2320 1577 pertinet
2348 1500 2471 1559 ullo
2503 1498 2690 1560 modo
2722 1502 2981 1561 affectus
3009 1500 3111 1559 ille
3142 1500 3221 1559 ad
3253 1518 3402 1559 usu-

1866 1609 2024 1666 ram,
2065 1591 2213 1652 licet
2238 1591 2577 1670 aliquando
2609 1593 2804 1670 possit
2849 1612 2922 1652 ex
2967 1593 3229 1653 avaritia
3257 1610 3404 1670 pro·-

1869 1684 2115 1759 cedere,
2151 1684 2400 1761 quando
2432 1684 2721 1744 nolumus
2749 1691 3035 1747 mutuum
3067 1685 3240 1762 dare,
3284 1683 3404 1746 nisi

1869 1777 1944 1838 iis
1974 1795 2129 1855 quos
2159 1781 2370 1854 gratos
2398 1777 2639 1838 futuros
2687 1795 3033 1855 speramuS.
3094 1780 3406 1840 caeterum

1873 1868 2081 1929 adhuc
2123 1867 2188 1927 in
2246 1887 2317 1928 eo
2369 1887 2517 1929 casu
2567 1870 2761 1947 gratis
2818 1869 3037 1930 damus
3089 1872 3400 1946 mutuum,

1873 1979 2016 2021 cum
2046 1959 2279 2019 nullam
2311 1961 2757 2039 obligationem
2778 2007 2793 2038 ,
2845 1968 2953 2022 aut
2983 1962 3252 2039 pretium
3282 1962 3406 2021 exi-

1874 2071 2119 2131 gamus,
2167 2053 2272 2112 sed
2304 2053 2623 2114 beneficiis
2650 2071 3065 2133 provocamus
3094 2054 3304 2129 alium,
3338 2058 3409 2115 ut

1876 2151 1939 2206 et
1966 2145 2095 2223 ipse
2126 2145 2189 2204 in
2221 2163 2334 2206 nos
2380 2145 2697 2206 beneficus
2726 2146 2804 2206 sit
2843 2151 2905 2207 et
2930 2146 3126 2224 gratis
3171 2147 3406 2226 aliquid

1876 2237 2160 2299 redonet.

1962 2330 2140 2403 Quod
2169 2348 2318 2390 vero
2351 2329 2629 2390 Christus
2658 2329 2831 2405 dixit,
2862 2329 3007 2390 Luc.
3036 2348 3121 2407 vr,
3153 2333 3252 2391 35.
3285 2350 3407 2391 mu-

1883 2432 2045 2483 tuum
2064 2421 2221 2499 date,
2253 2421 2405 2482 nihil
2428 2421 2560 2482 inde
2576 2431 2892 2502 sperantes,
2926 2423 3025 2483 vel
3044 2423 3410 2501 intelligitur

1957 2724 2108 2776 Idem
2135 2722 2420 2793 professor
2442 2721 2511 2774 ad
2538 2738 2755 2774 sacram
2793 2721 3270 2775 Poenitentiariam
3302 2722 3411 2775 ite-

1885 2812 2008 2848 rum
2042 2794 2270 2863 scripsit
2312 2793 2400 2845 die
2447 2792 2516 2845 24
2562 2795 2831 2863 septemb.
2866 2791 3019 2858 1830,
3046 2809 3305 2846 asserens
3352 2809 3412 2846 se

1884 2881 2154 2935 responso
2177 2867 2301 2932 ejus
2326 2863 2618 2916 humiliter
2639 2864 3015 2933 acquiescere.

1960 2955 2008 2987 α.
2035 2937 2315 2995 Attamen,
2342 2934 2580 2995 dicebat,
2609 2935 2757 2987 salvo
2770 2951 2944 2987 sacrae
2977 2934 3412 2987 poenitentiarius

1887 3023 2155 3077 responso
2187 3005 2444 3075 praefato,
2471 3006 2739 3058 consultis
2785 3005 3107 3059 auctoribus
3140 3006 3409 3075 probatis,

1887 3084 1944 3131 et
1966 3081 2181 3131 attenta
2205 3077 2458 3129 doctrina
2475 3077 2719 3128 omnium
2746 3076 3170 3128 seminariorum
3196 3075 3410 3138 Galliae,

1887 3166 1953 3203 ac
1976 3149 2291 3219 praesertim
2316 3164 2509 3201 eorum
2535 3164 2659 3217 quae
2684 3165 2717 3200 a
2741 3147 3082 3218 presbyteris
3107 3163 3418 3216 congregar-

1889 3221 2055 3274 tionis
2080 3220 2135 3272 S.
2164 3219 2406 3289 Sulpitiii
2432 3219 2771 3285 diriguntur,
2787 3219 3062 3272 sententia
3082 3236 3205 3289 quae
3233 3218 3418 3287 rejicit

1888 3292 2112 3346 titulum
2161 3290 2374 3343 civilem
2425 3295 2688 3359 tanquam
2736 3288 3160 3342 insufficientem
3200 3286 3419 3342 videtur

1887 3364 2054 3430 longe
2066 3361 2427 3431 probabilior,
2442 3361 2759 3413 securioret
2778 3361 2964 3412 solain
2983 3361 3143 3430 praxi
3157 3360 3414 3423 tenenda,

1890 3434 2062 3486 donec
2087 3436 2282 3484 sancta
2326 3431 2496 3483 Sedes
2542 3430 2834 3484 definierit.
2865 3430 3217 3501 Quapropter
3238 3431 3419 3484 fideli-

1891 3506 1996 3558 bus
2021 3503 2115 3573 qui
2162 3519 2196 3554 a
2219 3518 2307 3553 me
2333 3502 2622 3554 consilium
2649 3506 2863 3571 petunt,
2892 3508 3080 3554 utrum
3106 3502 3418 3554 auctarium

1891 3575 2109 3645 possint
2131 3573 2420 3644 percipere
2444 3589 2511 3624 ex
2538 3582 2747 3634 mutuo,
2765 3576 2821 3625 et
2852 3572 2947 3641 qui
2975 3573 3188 3624 nullum
3213 3572 3422 3625 habent

1892 3645 2115 3698 titulum
2142 3661 2175 3696 a
2197 3643 2478 3710 theologis
2509 3643 2879 3695 communiter
2908 3643 3232 3705 admissum,
3269 3658 3419 3714 prae-

1893 3722 1982 3770 ter
2004 3715 2228 3767 titulum
2251 3714 2396 3779 legis
2421 3714 2614 3777 civilis,
2643 3713 2951 3782 respondeo
2985 3730 3079 3765 eos
3114 3730 3222 3765 non
3256 3730 3420 3783 posse

1894 3786 2192 3857 praefatum
2217 3784 2526 3837 auctarium
2554 3784 2860 3854 percipere,
2876 3788 2933 3836 et
2956 3784 3169 3851 denego
3195 3783 3422 3836 absolu-

1895 3858 2103 3911 tionem
2128 3855 2588 3908 sacramentalem
2614 3855 2660 3905 si
2686 3854 2932 3921 exigant.
2963 3854 3185 3907 Pariter
3207 3855 3423 3922 denego

1896 3927 2300 3981 absolutionem
2348 3925 2435 3977 his
2469 3925 2583 3994 qui.
2613 3924 2891 3994 perceptis
2932 3924 3253 3993 hujusmodi
3286 3941 3423 3977 usu-

1896 3998 1994 4059 riS,
2024 3997 2077 4049 id
2124 4002 2212 4049 est
2255 3996 2307 4047 vi
2352 3994 2523 4048 solius
2563 3995 2713 4048 tituli
2759 3994 2979 4063 legalis,
3028 3996 3223 4049 nolunt
3268 3996 3428 4049 resti-

1896 4075 2074 4122 tuere.

1971 4139 2257 4200 Quaeritur
2284 4134 2539 4191 l⁰Utrum
2565 4134 2755 4189 durius
2782 4141 2832 4190 et
2852 4138 3082 4192 severius
3110 4154 3185 4191 me
3215 4135 3430 4192 habeam

1901 4226 2031 4280 erqa
2059 4206 2352 4279 hujusmodi
2373 4206 2548 4277 fideles
2565 4208 2651 4269 ,⁰2⁰
2663 4206 2786 4272 Quae
2810 4207 3002 4277 aqendi
3029 4209 3170 4263 ratio
3203 4209 3258 4262 in
3269 4207 3430 4280 praxi

1900 4280 2120 4334 tenmda
2154 4296 2276 4350 erqo
2305 4278 2484 4349 fideles
2514 4279 2670 4332 donec
2696 4290 2883 4335 sancta
2903 4275 3064 4335 Sedes
3103 4278 3432 4352 definitivam

1901 4354 2207 4407 sententiam
2235 4351 2484 4405 emiserit.

1979 4422 2346 4492 Responsum.
2406 4421 2578 4473 Sacra
2648 4420 3088 4484 Poenitentiaria,
3140 4424 3432 4492 perpensis

1905 4493 2090 4546 dubiis
2114 4509 2239 4562 quae
2266 4493 2334 4545 ab
2360 4498 2586 4545 auctore
2609 4497 3017 4570 proponuntur,
3046 4495 3346 4563 respondet
3371 4512 3384 4546 :

1976 4565 2059 4616 Ad
2086 4564 2345 4633 primum,
2373 4562 2676 4643 affirmatum
2708 4580 2724 4616 :
2772 4562 3182 4635 quondoquidem
3208 4580 3272 4617 ex
3314 4564 3435 4618 daeo

1905 4652 1938 4688 a
1964 4650 2116 4689 sacra
2149 4632 2545 4688 Poenitenttoria
2573 4650 2833 4703 responso,
2864 4632 3023 4706 liquet
3046 4633 3224 4704 fideles
3253 4634 3437 4707 hujus-

1906 4703 2063 4771 modi,
2097 4704 2190 4777 qm‘
2217 4704 2346 4758 bona
2371 4704 2472 4775 fide
2503 4704 2580 4758 ita
2619 4721 2672 4757 se
2720 4712 2922 4775 yet-unt,
2955 4721 3064 4757 non
3093 4723 3204 4760 esse
3231 4707 3437 4779 inquie-

1907 4777 2111 4831 tandos.
2148 4774 2234 4829 Ad
2279 4775 2579 4838 secundum,
2635 4777 2896 4844 provisum
2941 4775 2996 4828 in
3049 4778 3252 4847 primo:
3305 4775 3438 4831 unde

1909 4854 2089 4902 orator
2110 4846 2286 4917 priori
2304 4863 2466 4901 sacroe
2492 4846 2900 4901 Poenitentiarioe
2929 4863 3188 4917 responso,
3218 4849 3322 4902 sud
3352 4849 3439 4906 die

1914 4916 1981 4972 16
2007 4916 2309 4989 septembris
2343 4916 2499 4986 1830,
2528 4935 2638 4972 sese
2673 4920 2731 4972 in
2774 4915 2931 4987 praxi
2974 4918 3297 4989 conformare
3323 4927 3438 4974 stu-

1910 4989 2052 5044 deae.
2090 4990 2289 5043 Datum
2317 4990 2507 5042 Romae
2532 4989 2621 5040 die
2650 4986 2704 5040 Il
2738 4989 2873 5042 Nov.
2908 4987 3060 5041 1830.

1984 5060 2192 5113 Eodem
2222 5077 2387 5112 sensu
2412 5076 2574 5112 sacra
2599 5058 3019 5112 poenitentias-ia
3042 5062 3330 5130 respondit
3352 5062 3440 5114 die

1917 5130 1983 5184 14
2006 5132 2249 5198 Augusti
2278 5130 2403 5183 1831
2435 5131 2699 5199 episcopo
2725 5129 3044 5181 Veronensi.

1987 5202 2296 5271 Episcopus
2328 5201 2684 5262 vivariensis,
2713 5200 3072 5269 responsione
3124 5202 3193 5255 ad
3233 5204 3446 5274 episco-

1918 5290 2051 5344 pum
2078 5272 2501 5325 Rhedonensem
2547 5271 2654 5324 sibi
2699 5271 2943 5337 cognita,
2971 5270 3161 5340 plures
3205 5276 3448 5345 subjecit

1917 5345 2333 5397 observationes
2365 5357 2635 5409 congreg.
2661 5340 2718 5394 S.
2749 5339 2945 5403 Officii,
2974 5358 3099 5412 quae
3125 5360 3228 5414 per
3249 5346 3447 5400 decre-

1917 5419 2033 5467 tum
2064 5414 2176 5468 diei
2198 5413 2260 5466 31
2292 5412 2533 5480 Augusti
2560 5410 2713 5475 1831,
2742 5428 2776 5464 a
2803 5410 2858 5463 S.
2891 5411 3045 5482 Papa
3066 5412 3339 5485 Gregorio
3359 5435 3448 5471 xvi

3097 5502 3174 5558 12
