4263 6376
1178 299 1649 363 DISPUTA'PIO
1692 303 1940 379 XXVII,
1989 304 2265 367 sEc'rlo
2311 306 2413 369 111.

221 471 425 533 minori
452 471 624 551 copia
663 472 967 551 pecuniae,
1013 477 1077 535 et
1121 478 1588 554 opportunitate
1618 497 1722 538 ne-

218 564 494 642 gotiandi,
525 569 631 625 aut
657 565 906 625 emendi
927 584 1029 626 res
1050 568 1203 627 alias
1223 568 1595 647 fructiferaS,
1622 590 1723 631 so-

220 655 293 718 let
315 675 598 717 censuum
620 658 885 735 pretium
916 677 1038 718 non
1061 660 1262 720 solum
1286 662 1589 738 naturale,
1610 663 1721 723 sed

218 752 385 811 etiam
410 749 602 827 legale
632 749 946 810 diversum
977 770 1136 813 esse.
1169 752 1349 814 Unde
1382 754 1718 833 aliquando

215 844 455 922 pretium
480 841 541 900 in
563 860 748 902 censu
780 848 1080 922 perpetuo
1110 845 1444 906 redimibili
1472 847 1588 908 fuit
1615 848 1718 908 de-

216 954 339 996 cem
382 953 486 1013 pro
513 952 638 995 unc
668 953 898 1011 annuc,
950 941 1168 1013 postea
1214 937 1582 1018 plerumque
1612 958 1718 1000 au-

215 1034 363 1091 ctum
390 1031 479 1087 est
520 1027 789 1105 pretium
838 1027 916 1087 ad
950 1031 1044 1089 13.
1070 1030 1169 1090 vel
1202 1034 1296 1091 14.
1333 1037 1442 1093 aut
1471 1035 1568 1093 15.
1603 1051 1715 1111 pro

214 1141 320 1182 uno
351 1142 363 1182 :
394 1124 453 1180 et
477 1120 730 1180 demum
761 1124 824 1181 et
850 1126 1169 1184 crescente
1193 1143 1454 1185 numero
1477 1130 1717 1204 empto-

213 1232 366 1290 rum,
417 1217 476 1273 et
525 1213 925 1275 decrescente
981 1233 1238 1278 numero
1291 1219 1711 1296 venditorum,

211 1312 437 1386 propter
460 1305 765 1384 maj0rem
811 1307 1092 1384 pecuniae
1122 1309 1391 1387 copiam,
1443 1310 1715 1390 pretium

210 1404 434 1460 auctum
461 1404 553 1459 est
579 1399 663 1459 ad
711 1401 808 1459 20.
844 1417 957 1478 pro
989 1419 1111 1461 uno
1142 1420 1377 1479 annuo,
1411 1408 1474 1465 et
1509 1403 1715 1483 quoti-

205 1494 291 1554 die
304 1493 597 1566 videmus„
620 1498 734 1551 noc
752 1492 943 1552 etiam
969 1493 1238 1570 pretium
1257 1496 1496 1573 augeri,
1515 1515 1713 1575 quan-

206 1586 275 1645 do
302 1602 508 1646 census
525 1584 587 1642 in
609 1582 788 1643 bonis
816 1602 890 1644 ac
917 1584 1150 1646 securis
1169 1586 1537 1666 hypothecis
1565 1607 1714 1649 con-

204 1677 470 1739 stituitur.
528 1674 737 1737 Variae
767 1680 977 1736 autem
1022 1677 1195 1756 leges
1227 1698 1366 1758 quae
1397 1680 1564 1740 circa
1593 1681 1713 1742 hoc

204 1771 442 1848 pretium
486 1768 671 1829 editae
718 1769 953 1829 suntin
1000 1770 1186 1830 variis
1233 1772 1591 1850 provinciiS,
1624 1773 1711 1834 vi-

202 1861 316 1921 deri
341 1865 594 1939 possunt
620 1859 789 1938 apud
831 1860 1111 1922 Lessium
1159 1880 1297 1941 cap.
1331 1864 1518 1925 XXII.
1554 1865 1704 1925 dub.

200 1970 310 2015 xiv.
340 1957 398 2013 et
422 1952 597 2014 Salas
626 1951 777 2012 dub.
818 1968 970 2013 xxu.
1022 1954 1131 2033 qui
1174 1955 1530 2033 advertunt,
1565 1975 1707 2036 pre-

199 2047 333 2108 tium
359 2064 576 2107 census
625 2046 909 2123 perpetui
947 2045 1371 2108 irredimibilis
1418 2049 1709 2110 constitui

199 2140 405 2218 optime
432 2158 506 2198 ex
552 2138 959 2217 proportione
988 2139 1172 2218 pretii
1203 2158 1416 2200 rerum
1436 2141 1707 2203 fructife-

195 2250 402 2292 rarum.
435 2233 595 2291 Nam
624 2247 746 2309 quo
778 2231 977 2307 pretio
1009 2231 1132 2291 emi
1155 2236 1358 2309 potest
1384 2250 1484 2293 res
1498 2233 1708 2294 fructi-

196 2325 329 2401 fera,
359 2342 516 2404 quae,
550 2322 839 2383 deductis
861 2324 1171 2402 expensiS,
1204 2323 1430 2386 reddat
1456 2331 1707 2387 centum

195 2435 394 2477 aureos
421 2433 683 2490 annum,
732 2415 977 2491 eodem,
1029 2419 1217 2495 atque
1246 2417 1433 2476 etiam
1482 2418 1709 2479 minori

193 2510 300 2570 emi
325 2512 523 2588 potest
568 2526 794 2568 census
832 2507 1276 2586 irredimibilis‚
1313 2510 1416 2588 qui
1460 2511 1705 2588 pensio-

192 2621 315 2662 nem
344 2605 591 2663 centum
621 2619 955 2661 aureorum
983 2601 1244 2662 reddat:
1268 2603 1416 2681 quia
1444 2603 1581 2681 plus
1613 2610 1707 2666 est

192 2695 397 2755 habere
425 2695 684 2773 plenum
709 2693 797 2754 rei
816 2694 1703 2775 dominium,quamjussolum

189 2788 546 2867 percipiendi
585 2786 982 2848 tantumdem
1028 2787 1341 2849 fructuum
1371 2807 1446 2848 ex
1475 2808 1543 2849 rc
1572 2790 1697 2851 illa.

188 2882 346 2954 Quod
372 2886 585 2943 tamen
636 2881 701 2940 in
730 2881 1096 2940 universum
1147 2900 1271 2941 non
1299 2881 1549 2944 videtur
1591 2901 1699 2942 ve·

185 2993 309 3034 rum
332 2994 345 3035 ε
371 2975 516 3053 quia
543 2973 694 3035 licet
721 2973 920 3051 pretio
942 2972 1044 3034 illo
1076 2973 1426 3052 emiposset
1452 2973 1697 3052 domus,

185 3086 237 3128 v.
265 3087 321 3147 g.
355 3087 491 3147 quae
534 3066 730 3128 locari
772 3070 984 3145 posset
1037 3070 1288 3127 centum
1319 3071 1381 3128 et
1419 3067 1702 3146 pluribus

185 3162 368 3222 aureis
395 3160 659 3234 annuis;
715 3178 937 3221 census
984 3164 1192 3221 tamen
1226 3160 1515 3222 eamdem
1552 3179 1698 3240 pen·

185 3256 399 3316 sionem
426 3254 698 3315 reddens
726 3253 1098 3314 constitutus
1128 3271 1252 3312 non
1281 3254 1481 3314 solum
1511 3273 1703 3332 super

183 3347 274 3408 illa
298 3347 500 3423 domo,
538 3346 650 3407 sed
680 3364 870 3424 super
897 3344 1033 3405 aliis
1059 3345 1573 3423 possessionibus,
1599 3348 1699 3408 vel

182 3439 389 3515 fundiS‚
420 3440 617 3501 tutior
643 3437 893 3497 videtur
923 3441 986 3497 et
1027 3437 1375 3497 minoribus
1405 3437 1697 3517 periculis

183 3532 511 3610 expositus;
560 3548 705 3592 cum
734 3529 957 3589 domus
985 3529 1229 3589 facilius
1265 3530 1430 3590 dirui
1472 3531 1692 3610 possit,

178 3625 354 3684 velex
383 3625 518 3684 aliis
568 3620 1054 3683 circumstantiis
1097 3620 1334 3682 inutilis
1363 3622 1461 3683 vel
1490 3623 1696 3683 minus

178 3716 326 3777 utilis
364 3717 543 3777 reddi
581 3734 594 3776 ε
628 3733 852 3775 census
899 3719 1109 3775 autem
1157 3715 1552 3793 permanebit
1577 3716 1695 3777 sal-

175 3813 307 3885 tem,
339 3808 641 3889 quamdiu
700 3825 916 3867 omnes
964 3806 1336 3885 hypothecae
1365 3808 1689 3886 speciale8‚

174 3901 229 3960 in
277 3903 494 3981 quibus
552 3904 646 3962 est
698 3899 1090 3975 constitutum,
1144 3918 1269 3961 non
1317 3900 1693 3979 defecerint,

177 4013 347 4072 quare
377 3995 514 4055 haec
542 3993 734 4054 etiam
760 3991 962 4072 major
990 3992 1310 4069 securitaS,
1353 4012 1463 4054 seu
1490 3994 1698 4055 minor

174 4087 589 4148 defectibilitas
645 4084 1100 4146 consideranda
1159 4089 1222 4146 et
1273 4087 1699 4165 computanda

172 4179 277 4241 erit
300 4180 378 4240 ad
419 4179 731 4259 justitiam
761 4178 944 4255 pretii
979 4197 992 4238 ε
1029 4178 1445 4239 communiter
1485 4184 1696 4241 tamen

172 4272 389 4349 optima
416 4271 638 4350 regula
686 4269 1034 4331 desumitur
1062 4288 1137 4329 ex
1188 4272 1502 4331 communi
1532 4273 1697 4333 aesti-

171 4365 426 4427 matione
456 4370 520 4425 et
549 4383 685 4439 usu,
721 4380 843 4441 quo
865 4363 1100 4423 similes
1131 4380 1356 4423 census
1387 4364 1693 4425 irredimi-

172 4456 309 4517 biles
334 4459 458 4518 emi
487 4457 709 4518 solent.
743 4458 831 4515 De
877 4457 1079 4533 pretio
1109 4460 1318 4517 autem
1347 4454 1516 4533 justo
1546 4475 1694 4517 cen-

169 4568 261 4610 sus
307 4549 553 4612 vitalitii
608 4549 875 4608 diximus
929 4547 1203 4608 sectione
1273 4548 1687 4627 praecedenti,

170 4648 406 4720 agentes
439 4643 517 4703 :ie
547 4643 682 4721 ejus
703 4640 968 4720 justitia.

238 4738 363 4797 Hoc
390 4735 738 4814 supposito,
772 4732 1001 4811 duplex
1029 4736 1123 4794 est
1149 4731 1501 4793 difficultas.
1566 4734 1689 4794 Pri-

168 4846 259 4887 ma
287 4833 398 4905 est,
431 4847 516 4889 an
545 4845 769 4887 census
813 4823 1200 4901 redimibilis,
1246 4823 1348 4884 vel
1376 4823 1689 4885 irredimi-

123 4943 128 4950 ·
166 4920 296 4981 bilis
351 4920 547 4981 semel
602 4918 976 4980 constitutus
1001 4963 1016 4993 ,
1079 4920 1141 4978 et
1195 4919 1442 4994 emptus
1479 4916 1689 4996 aliquo

124 5061 125 5064 η
168 5015 374 5090 pretio,
426 5032 488 5073 v.
540 5031 602 5090 g.
657 5015 906 5072 centum
960 5027 1072 5088 pro
1121 5009 1397 5088 quinque
1437 5010 1682 5087 annuis,

168 5106 348 5184 possit
373 5109 593 5185 postea
640 5104 765 5163 erni
811 5102 1039 5163 minori
1084 5102 1311 5180 pretio,
1358 5101 1455 5161 vel
1497 5103 1684 5163 vendi

163 5199 410 5276 majore,
436 5215 629 5277 quam
656 5196 862 5257 fuerat
874 5195 1046 5274 prius
1075 5195 1470 5256 constitutus.
1505 5195 1685 5267 Quod

161 5289 411 5350 dubium
438 5288 695 5351 tractari
741 5291 967 5365 potest,
998 5287 1098 5348 vel
1138 5286 1453 5367 loquendo
1482 5287 1684 5348 solum

161 5383 232 5444 de
253 5383 391 5462 jure
426 5387 685 5457 naturae,
717 5381 818 5440 vel
845 5379 1158 5460 loquendo
1188 5380 1266 5441 de
1298 5379 1440 5459 jure
1468 5380 1686 5459 positi-

160 5493 252 5538 vo.
308 5478 375 5537 In
403 5477 606 5556 primo
646 5491 794 5552 ergo
836 5492 1020 5535 sensu
1063 5478 1302 5534 certum
1331 5471 1598 5550 videtur,
1630 5474 1684 5534 si

3239 320 3352 379 351

1822 496 2046 539 census
2066 481 2261 541 semel
2288 483 2661 546 constitutus
2691 486 3359 553 decrescatintrinsece

1819 570 1884 630 in
1913 573 2125 633 valore
2157 579 2409 653 propter
2437 576 2748 639 desectum
2779 582 3129 644 securitatis
3159 584 3361 664 hypo-

1818 664 2042 739 theom,
2076 667 2173 724 vel
2209 666 2637 729 difficultatem
2684 672 2972 751 exigendi
3003 683 3355 756 pensioneS,

1820 757 1917 815 vel
1947 756 2134 815 aliam
2161 757 2594 838 variationem,
2628 782 2811 842 posse
2842 766 2920 827 ab
2949 768 3070 830 alio
3092 771 3215 830 emi
3244 772 3358 832 mi-

1819 848 1957 908 nori
1985 850 2183 926 pretio
2216 869 2405 930 quam
2435 854 2620 916 fuerit
2647 859 3016 920 constitutus
3050 882 3064 922 :
3099 864 3245 942 quia
3274 865 3358 925 si-

1817 943 1925 1002 cut
1948 959 2049 1000 res
2079 940 2215 1001 aliae
2258 946 2451 1005 semel
2505 966 2629 1008 uno
2686 950 2883 1027 pretio
2940 960 3165 1034 empta}
3214 978 3357 1037 pos-

1817 1036 1962 1094 sunt
2012 1038 2229 1112 postea
2302 1037 2530 1098 minori
2583 1042 2728 1118 emi,
2803 1052 3061 1123 propter
3138 1068 3355 1113 earum

1815 1126 2095 1186 valorem
2114 1127 2447 1206 variatum,
2480 1133 2569 1192 sic
2597 1136 2826 1211 poterit
2845 1142 2908 1197 et
2935 1157 3177 1219 census,
3212 1163 3355 1205 cum

1814 1217 1879 1278 in
1908 1236 1980 1278 eo
2012 1220 2200 1280 etiam
2229 1222 2406 1283 valor
2449 1226 2689 1287 attendi
2719 1228 2966 1308 debeat,
3012 1252 3134 1294 non
3166 1255 3352 1315 quem

1816 1311 2036 1373 habuit
2061 1312 2172 1372 sed
2203 1333 2389 1393 quem
2414 1318 2603 1379 modo
2634 1318 2844 1397 habet,
2867 1326 3116 1402 quando
3138 1348 3356 1391 secun-

1814 1404 1894 1464 do
1952 1405 2201 1466 emitur.
2272 1408 2472 1481 Quare
2528 1410 2696 1470 idem
2757 1413 3092 1478 dicendum
3149 1429 3350 1501 esset,

1814 1496 2054 1558 etiamsi
2084 1499 2260 1559 valor
2288 1500 2366 1560 ab
2397 1504 2742 1565 extrinseca
2764 1507 3229 1573 circumstantia
3248 1534 3353 1576 va-

1811 1590 2006 1650 riatus
2061 1597 2246 1666 esset,
2295 1612 2353 1653 v.
2386 1613 2448 1672 g.
2502 1601 2757 1675 propter
2793 1601 3037 1679 copiam
3066 1606 3351 1669 vendito-

1812 1700 1972 1758 rum,
2033 1688 2096 1744 et
2147 1683 2462 1746 defectum
2518 1693 2873 1767 emptorum
2915 1694 3014 1753 vel
3069 1700 3351 1774 pecuniae

1812 1775 2165 1852 praesentis;
2196 1794 2357 1854 qum,
2384 1782 2446 1839 et
2465 1779 2692 1840 similia
2719 1782 2957 1846 faciunt
2985 1786 3349 1854 decrescere

1810 1866 2086 1926 valorem
2116 1869 2229 1943 rei,
2265 1886 2404 1946 quae
2430 1872 2744 1935 venditur.

1889 1958 2235 2021 Difficultas
2265 1978 2401 2020 esse
2430 1968 2660 2041 posset,
2711 1985 2792 2026 an
2821 1988 2946 2030 non
2992 1972 3160 2034 solus
3189 1976 3348 2039 alius
3492 1987 3571 2045 46

1807 2050 2048 2127 tertius,
2081 2051 2192 2111 sed
2223 2053 2412 2114 etiam
2441 2055 2705 2133 ipsemet
2745 2060 3009 2141 debitor,
3061 2068 3166 2145 qui
3196 2087 3344 2130 cen·
3437 2111 3501 2152 A„
3576 2114 3652 2156 „u

1807 2160 1947 2201 sum
1976 2144 2280 2221 vendidit,
2305 2154 2514 2223 posset
2533 2152 2682 2211 tunc
2710 2152 2790 2212 ob
2808 2153 3184 2219 diminutum
3204 2179 3346 2222 cen·
3396 2123 3693 2232 ωἰηοηρῗγοῑίο

1808 2252 1913 2295 sus
1939 2235 2220 2296 valorem
2247 2257 2504 2300 censum
2526 2244 2834 2306 redimere
2863 2248 3091 2311 minori
3120 2254 3344 2333 pretio,
3414 2219 3676 2317 ‘QQW

1807 2344 1997 2406 quam
2025 2329 2389 2408 accepisset,
2434 2336 2860 2399 consentiente
2891 2341 3196 2405 creditore
3214 2345 3245 2406 ⁸?
3272 2347 3351 2409 Et

1806 2419 2082 2498 quidem,
2143 2421 2455 2501 loquendo
2505 2425 2581 2486 de
2613 2429 2835 2490 eodem
2883 2433 3027 2511 jure
3081 2441 3344 2516 naturae,

1805 2530 1930 2573 non
1974 2519 2235 2592 apparet
2280 2534 2392 2576 cur
2420 2537 2545 2579 non
2600 2528 2856 2599 possent
2882 2524 2962 2584 ab
2990 2527 3167 2590 initio
3197 2549 3348 2592 con-

1803 2604 2124 2666 trahentes
2170 2608 2423 2685 pacisci,
2491 2612 2657 2689 quod
2688 2633 2912 2677 census
2940 2620 3345 2685 redimendus

1804 2702 1986 2774 esset,
2019 2716 2142 2759 non
2175 2700 2372 2778 pretio
2406 2703 2578 2782 prius
2608 2705 2774 2784 datu,
2826 2709 2936 2770 sed
2967 2715 3164 2790 pretio
3197 2735 3346 2778 cur-

1801 2794 1976 2851 rente
2005 2795 2067 2851 et
2101 2790 2283 2869 juxta
2323 2794 2603 2856 valorem
2650 2818 2836 2878 quem
2877 2803 3142 2869 haberet
3180 2813 3343 2870 tem-

1800 2900 1953 2960 pore
2019 2884 2469 2964 redemptionis
2499 2888 2585 2949 ita
2626 2896 2714 2967 ut,
2776 2894 2826 2953 si
2873 2901 3024 2958 tunc
3079 2918 3335 2981 census,

1800 2979 1986 3052 prout
2038 2994 2206 3056 saepe
2261 2980 2566 3059 contingit
2627 2984 2822 3063 pluris
2894 2989 3335 3073 aestimaretur,

1799 3067 2026 3145 maj0ri
2075 3069 2276 3147 pretio
2332 3077 2494 3134 esset
2567 3076 3009 3154 redimendus;
3080 3084 3131 3144 si
3186 3104 3338 3149 vero

1796 3158 2002 3220 minus
2045 3161 2304 3240 valeret,
2351 3164 2579 3226 minori
2624 3168 2816 3230 etiam
2874 3174 3080 3252 pretio
3126 3183 3341 3256 posset

1796 3252 2042 3330 redimi,
2077 3258 2146 3316 ut
2174 3272 2316 3315 cum
2331 3257 2542 3322 Lessio
2574 3263 2862 3325 concedit
2892 3266 3070 3328 Salas
3085 3268 3147 3329 d.
3181 3271 3331 3333 dub.

1794 3360 1907 3405 ΧΗ.
1942 3364 2112 3406 num.
2146 3351 2205 3409 9.
2241 3348 2387 3428 quia
2414 3348 2478 3408 in
2501 3354 2815 3431 emptione
2832 3356 3098 3419 aliarum
3124 3380 3340 3424 rerum

1794 3441 2049 3515 pactum
2088 3441 2575 3503 retrovendendi
2602 3445 2722 3507 hoc
2750 3448 2940 3511 modo
2967 3450 3208 3515 licitum
3245 3460 3341 3519 est

1795 3534 1865 3590 ut
1883 3529 2155 3592 vidimus
2177 3532 2337 3612 disp.
2372 3537 2772 3617 praecedenti,
2798 3559 2941 3602 cum
2963 3544 3118 3606 nihil
3139 3547 3332 3626 aliud,

1792 3622 1910 3683 nisi
1931 3622 2172 3702 justum
2219 3627 2491 3706 pretium
2520 3630 2584 3690 in
2639 3636 3174 3700 retrovenditione
3206 3641 3336 3702 exi-

1794 3720 2001 3794 gatur.

1878 3808 2224 3871 Difficultas
2251 3815 2461 3890 potest
2488 3832 2647 3892 esse,
2681 3835 2761 3877 an
2792 3822 3047 3898 quando
3074 3824 3199 3886 tale
3228 3844 3336 3904 pa·
3480 3846 3555 3902 47

1794 3904 1963 3963 ctum
1996 3919 2119 3962 non
2167 3906 2509 3983 praecessit,
2566 3908 2677 3968 sed
2718 3911 2921 3972 solum
2959 3917 3333 3980 constitutus

1792 3994 1910 4056 fuit
1936 4012 2159 4054 census
2206 3996 2573 4059 redimibilis
2621 4019 2807 4079 quem
2850 4007 3140 4070 venditor
3184 4029 3331 4089 pos·

1795 4091 1891 4147 set
1926 4085 2150 4147 eodem
2206 4088 2407 4166 pretio
2451 4091 2783 4170 redimere,
2842 4105 3057 4176 posset
3109 4109 3331 4181 postea

1794 4179 1964 4239 idem
2017 4179 2330 4257 venditor,
2389 4182 2551 4246 sicut
2603 4186 2866 4266 quilibet
2918 4192 3099 4271 aliuS,
3158 4197 3331 4257 redi-

1792 4290 1986 4348 mere,
2033 4290 2144 4333 seu
2179 4291 2387 4334 emere
2417 4294 2454 4335 a
2480 4278 2789 4341 creditore
2817 4300 3074 4346 censum
3103 4289 3331 4351 minori

1791 4366 2016 4443 preti0,
2068 4382 2142 4425 eo
2174 4367 2343 4444 quod
2372 4369 2548 4430 valor
2575 4389 2798 4434 census
2844 4393 2921 4435 ex
2949 4379 3139 4440 variis
3168 4383 3330 4443 acci·

1792 4455 2082 4517 dentibus
2110 4457 2452 4522 diminutus
2479 4461 2601 4523 sit?
2642 4467 2843 4545 Negat
2869 4469 2934 4529 in
2964 4472 3327 4534 universum

1790 4549 2013 4609 Thom.
2068 4550 2350 4612 Sanchez
2397 4553 2503 4615 lib.
2539 4556 2585 4615 1.
2637 4556 2856 4621 Consil.
2913 4580 2968 4623 c.
3004 4581 3115 4624 vn.
3169 4565 3321 4629 dub.

1788 4644 1888 4703 20.
1944 4642 2052 4721 qui
2099 4643 2311 4720 addit,
2373 4644 2495 4706 hoc
2540 4646 2744 4726 ipsum
2793 4653 3060 4716 sensisse
3108 4658 3328 4719 Henri-

1790 4752 1968 4813 quez,
2021 4738 2084 4796 et
2119 4735 2277 4796 alios
2307 4736 2526 4799 doctos
2554 4744 2932 4805 recentiores
2961 4747 3041 4808 ab
3071 4767 3145 4810 eo
3176 4768 3326 4812 con-

1787 4826 2004 4888 sultos.

1866 4921 2197 4997 Caeterum,
2258 4922 2404 4986 licet
2460 4924 2578 4986 hoc
2630 4945 2851 4989 verum
2907 4930 3006 5008 sit,
3069 4935 3322 5012 quando

1785 5029 2009 5072 census
2036 5013 2214 5073 valor
2243 5012 2521 5078 decrevit
2550 5017 2630 5078 ob
2651 5019 2901 5098 culpam
2930 5023 3124 5101 ipsius
3144 5026 3322 5089 debi-

1783 5103 1959 5179 toris,
1990 5106 2053 5164 et
2079 5104 2159 5164 ob
2188 5104 2619 5170 difficultatem
2652 5130 2776 5190 qua
2803 5113 2883 5173 ab
2913 5113 3048 5193 ipso
3077 5120 3322 5196 pensio·

1784 5214 1895 5255 nes
1923 5195 2329 5274 recipiuntur,
2364 5218 2436 5260 eo
2468 5202 2637 5279 quod
2657 5222 2771 5263 sua
2791 5207 3183 5287 auctoritate,
3218 5213 3316 5274 vel

1784 5287 2149 5349 morositate
2218 5289 2535 5352 difficilem
2590 5294 2800 5358 reddit
2853 5301 3245 5364 exactionem
3296 5325 3311 5368 :

1782 5383 1933 5443 tunc
1960 5379 2126 5441 enim
2154 5381 2465 5461 obligatur
2485 5387 2691 5464 potius
2711 5389 2960 5453 debitor
2977 5393 3059 5454 ad
3088 5395 3317 5459 facien·

1783 5474 1957 5549 dum,
2020 5492 2097 5533 ne
2146 5493 2261 5535 sua
2304 5477 2488 5555 culpa
2534 5496 2758 5543 census
2803 5484 3011 5547 minus
3056 5489 3308 5555 valeat:

3380 3966 3500 4022 Ouid,
3520 3971 3679 4025 quando

3381 4023 3498 4064 valor
3530 4037 3678 4068 census

3422 4076 3642 4120 intrinsece

3433 4128 3629 4174 decrevit.
