4263 6376
183 2396 226 2583 ÷v21

1248 309 1721 370 DISPUTATIO
1766 309 2037 382 XXVIII,
2088 308 2364 368 SECTIO
2410 309 2482 368 V.

266 503 441 566 quam
467 489 770 565 tanquam
798 503 1031 546 novum
1073 484 1388 561 debitum,
1439 488 1503 546 et
1546 503 1775 544 novam

266 580 578 656 pecuniam
609 578 867 656 Neapoli
895 577 1246 656 campsario
1277 578 1491 638 datam
1512 576 1588 636 ad
1614 595 1782 637 cam-

263 670 422 732 bium
471 673 687 731 Romae
727 671 1127 746 solvendum,
1183 670 1446 731 remittit
1493 670 1573 729 ad
1617 688 1783 731 cam-

264 780 496 842 psorem
522 809 538 838 ,
599 772 671 823 ut
725 765 936 823 Romae
991 763 1376 823 recambium
1430 762 1700 840 accipiat
1744 780 1785 822 a

264 854 594 935 campsario
624 873 769 915 cum
799 873 962 915 novo
994 855 1414 915 emolumento
1445 872 1521 913 ex
1562 872 1786 914 secun-

266 948 337 1007 do
364 947 625 1009 cambio.
662 949 730 1008 ln
779 947 1088 1008 solutione
1138 951 1348 1009 autem
1393 946 1785 1025 respondens

264 1040 587 1118 campsoris
615 1040 891 1102 detrahit
919 1058 994 1100 ex
1021 1044 1154 1101 tota
1181 1056 1431 1098 summa
1461 1057 1605 1098 suas
1634 1056 1785 1118 pro-

263 1132 512 1192 visiones
543 1150 657 1209 pro
687 1132 921 1207 labore,
956 1149 1097 1211 quae
1127 1135 1274 1191 sunt
1301 1131 1464 1206 bini,
1496 1132 1595 1191 vel
1624 1130 1786 1192 terni

262 1223 417 1283 aurei
444 1242 555 1301 pro
586 1225 845 1303 singuiis
873 1224 1258 1285 millenariis,
1291 1224 1543 1284 Litterae
1596 1224 1785 1284 etiam

263 1335 404 1395 quas
431 1335 719 1396 campsor
747 1318 859 1377 dat
885 1318 1236 1395 campsario
1262 1362 1276 1392 ,
1325 1321 1396 1377 ut
1424 1316 1778 1394 pecuniam,

262 1427 316 1467 v.
346 1427 403 1486 g.
436 1410 696 1488 Neapoli
739 1409 1040 1488 recipiat,
1088 1409 1427 1488 aliquando
1457 1408 1783 1469 continent

263 1501 547 1562 utstatim
577 1521 651 1563 ac
681 1509 950 1582 receptae
977 1503 1209 1562 fuerint
1235 1502 1480 1577 litterae,
1514 1502 1782 1579 pecunia

264 1595 592 1671 campsario
644 1596 1087 1673 consignetur;
1121 1594 1461 1674 aliquando
1495 1612 1640 1654 vero
1666 1641 1681 1670 ,
1716 1579 1786 1654 {st

264 1704 373 1745 non
400 1686 628 1762 statim,
663 1687 774 1746 sed
803 1690 947 1765 post
968 1687 1325 1765 quindecim
1348 1687 1502 1762 dies,
1524 1687 1623 1746 vel
1645 1690 1786 1764 post

262 1796 521 1838 mensem
547 1798 587 1839 a
614 1780 718 1839 die
750 1797 874 1859 quo
907 1780 1130 1840 litterae
1159 1784 1645 1858 praesentantur,
1679 1797 1782 1838 so-

263 1870 399 1930 lutio
443 1872 577 1942 fiat3
620 1878 686 1933 et
734 1871 854 1933 hoc
899 1871 1033 1931 fieri
1077 1872 1235 1932 solet
1291 1876 1357 1933 ut
1396 1872 1785 1950 respondens

264 1963 585 2041 campsoris
600 1964 841 2042 absque
862 1962 1259 2023 incommodo
1281 1964 1479 2042 possit
1499 1981 1783 2042 quaerere

265 2055 575 2132 pecuniam
604 2055 657 2115 si
686 2056 846 2117 forte
874 2056 939 2115 in
985 2059 1280 2135 promptu
1320 2074 1444 2116 non
1479 2056 1688 2131 habet,
1724 2058 1787 2116 et

264 2147 481 2225 absque
508 2148 880 2226 gravamine
910 2152 1130 2226 postea
1158 2149 1379 2210 solvat.

336 2242 560 2299 Rursus
586 2240 919 2301 sciendum
950 2247 1066 2316 est,
1101 2259 1236 2301 esse
1260 2241 1427 2301 aliud
1460 2260 1659 2319 genus
1676 2241 1784 2302 ho-

268 2333 520 2408 minum,
567 2333 679 2412 qui
704 2334 894 2411 vulgo
926 2332 1255 2409 banchieri,
1288 2335 1388 2393 vel
1438 2332 1780 2414 banqueros,

268 2426 663 2503 appellantur,
701 2426 809 2504 qui
838 2426 1017 2504 quasi
1045 2427 1112 2485 in
1139 2426 1425 2505 deposito
1470 2427 1782 2506 recipiunt

267 2517 415 2596 apud
442 2537 508 2577 se
555 2519 860 2596 pecunias
898 2524 1323 2579 mercatorum
1368 2519 1469 2578 vel
1514 2518 1784 2579 aliorum

266 2610 710 2687 custodiendas,
730 2630 961 2690 easque
983 2615 1198 2689 postea
1225 2611 1495 2671 dominis
1519 2612 1784 2672 reddere

265 2707 555 2779 tenentur,
590 2704 692 2764 vel
720 2704 795 2764 iis
822 2704 1048 2783 quibus
1077 2704 1193 2783 ipsi
1224 2704 1642 2783 praescribunt
1673 2723 1687 2767 :
1724 2710 1788 2767 et

266 2795 321 2854 hi
347 2796 576 2872 solent,
611 2803 956 2876 antequam
987 2797 1067 2857 ad
1099 2798 1218 2857 boc
1257 2797 1535 2857 officium
1564 2797 1785 2859 admit-

265 2892 475 2962 tantur,
504 2889 910 2968 fidejussores
939 2889 1089 2949 dare
1114 2936 1129 2962 ‚
1169 2895 1232 2950 et
1271 2890 1611 2967 legitimam
1641 2907 1785 2949 cau-

263 2979 477 3039 tionem
506 2982 890 3060 reipublicae,
923 2982 986 3041 in
1017 2981 1223 3061 quaid
1245 3000 1474 3042 munus
1494 3000 1784 3042 exercere

265 3073 479 3134 volunt.
511 3074 823 3135 Differunt
849 3079 1059 3135 autem
1085 3093 1125 3135 a
1142 3075 1332 3134 meris
1361 3074 1778 3152 depositariis,

266 3165 415 3244 quod
441 3165 503 3226 bi
530 3167 824 3228 Bancarii
855 3186 999 3228 vere
1030 3169 1185 3230 fiant
1222 3167 1461 3228 domini
1502 3168 1784 3247 pecuniae

266 3264 517 3338 acceptae
540 3306 556 3336 ,
609 3264 802 3340 atque
847 3260 990 3321 ideo
1018 3279 1131 3321 suo
1161 3260 1392 3321 damno
1424 3261 1625 3339 perit,
1658 3279 1782 3322 non

265 3351 649 3428 deponentis;
687 3371 881 3432 quare
910 3354 1112 3431 magis
1133 3352 1428 3413 videntur
1447 3354 1785 3431 pecuniam

264 3445 524 3522 precario
551 3450 772 3506 mutuo
803 3445 1086 3523 accipere
1110 3491 1126 3521 ,
1169 3444 1478 3505 reddituri
1509 3445 1783 3523 quoties-

265 3554 510 3616 cumque
553 3539 841 3616 exigetur
864 3555 900 3597 a
930 3537 1307 3616 deponente.
1354 3537 1785 3599 Communiter

266 3634 477 3705 tamen,
525 3630 797 3710 pecunia
843 3630 948 3689 illa
989 3630 1240 3691 interim
1290 3630 1693 3707 negotiantur
1722 3635 1785 3692 et

264 3719 582 3799 lucrantur,
602 3723 736 3783 sive
751 3723 830 3782 ad
849 3722 1166 3783 cambium
1194 3722 1428 3798 dando,
1462 3721 1592 3782 sive
1610 3723 1780 3784 aliud

268 3815 683 3891 negotiationis
703 3834 904 3892 genus
924 3815 1295 3876 exercendo.
1330 3818 1567 3875 Horum
1588 3816 1782 3895 aliqui

267 3905 319 3964 in
342 3906 411 3965 iis
438 3907 588 3967 locis
614 3907 726 3968 ubi
774 3908 1072 3967 nundinae
1115 3908 1523 3969 solemniores
1554 3914 1616 3970 et
1655 3911 1779 3970 fre-

267 4001 601 4076 quentiores
617 4001 1040 4076 celebrantur,
1060 4000 1372 4080 recipiunt
1387 4002 1683 4080 pecunias
1699 4004 1779 4064 ad

267 4092 555 4154 nundinas
582 4094 1060 4170 confluentium,
1095 4099 1158 4154 et
1186 4097 1404 4172 postea
1421 4095 1660 4156 litteras
1680 4114 1755 4157 eo
1773 4130 1786 4142 ·

267 4186 531 4246 rumdem
559 4186 1011 4263 deponentium
1037 4187 1307 4264 solvunt,
1334 4187 1625 4247 habitain
1656 4188 1782 4253 suis

266 4276 422 4338 libris
446 4279 688 4340 ratione
717 4278 845 4339 dati
876 4283 939 4340 et
967 4279 1230 4356 accepti,
1266 4284 1453 4358 atque
1484 4280 1563 4339 ad
1592 4282 1782 4340 finem

268 4371 669 4433 nundinarum
698 4370 1080 4448 stipendium
1109 4371 1365 4450 aliquod
1405 4371 1500 4432 sui
1546 4373 1781 4434 laboris

268 4463 337 4521 ab
363 4482 734 4543 unoquoque
764 4464 1212 4541 deponentium
1255 4465 1574 4542 accipiunt
1594 4511 1609 4540 ‚
1643 4466 1781 4543 plus

268 4555 354 4614 vel
378 4555 597 4632 minuS,
633 4575 747 4635 pro
777 4556 1002 4635 majori
1022 4556 1121 4616 vel
1136 4557 1360 4617 minori
1383 4558 1779 4636 negotiorum

270 4666 505 4710 numero
526 4696 541 4725 ‚
592 4668 672 4709 ex
701 4650 929 4728 quibus
976 4649 1302 4729 stipendiis
1332 4669 1455 4710 non
1487 4651 1780 4729 exiguam

268 4739 449 4802 solent
483 4744 757 4803 conflare
789 4741 1072 4819 pecuniae
1101 4761 1412 4802 summam
1432 4789 1447 4818 ‚
1483 4743 1781 4804 nimirum

268 4832 578 4912 aliquando
626 4835 709 4894 ad
740 4837 916 4896 1500.
949 4834 1049 4895 vel
1075 4838 1255 4896 2000.
1290 4853 1550 4911 aureOS,
1606 4841 1676 4897 ut
1703 4856 1776 4896 ex

268 4924 534 4987 Mercede
564 4928 758 4989 refert
784 4927 1013 4988 Melina
1055 4928 1216 5005 disp.
1246 4930 1389 4989 408.
1425 4947 1531 4988 nu.
1564 4931 1622 4989 6.
1660 4930 1776 5000 Qui

267 5016 408 5078 bene
434 5020 722 5096 advertit,
756 5020 1067 5099 ejusmodi
1093 5021 1425 5081 bancarios
1468 5021 1780 5100 deposita-

268 5110 379 5170 rios
402 5114 967 5192 peccaregraviter
989 5159 1005 5189 ,
1056 5117 1119 5174 et
1153 5113 1383 5173 damno
1414 5114 1772 5191 subsecutO,

269 5219 394 5263 cum
412 5207 786 5285 obligatione
820 5206 1188 5268 restituendi
1216 5225 1329 5285 pro
1346 5207 1600 5280 damae,
1623 5225 1775 5285 quo-

269 5295 371 5356 ties
404 5317 475 5358 ex
519 5300 801 5378 pecuniis
838 5299 1006 5377 apud
1059 5318 1128 5360 se
1183 5298 1481 5377 depositis
1535 5303 1775 5361 tantam

270 5405 554 5452 summam
582 5394 664 5454 ad
701 5412 847 5454 suas
862 5393 1318 5471 negotiationes
1338 5397 1678 5471 exponunt,
1711 5396 1782 5454 ιιι

270 5478 550 5546 inhabiles
578 5489 880 5547 maneant
906 5485 986 5546 ad
1015 5485 1384 5546 solvendum
1416 5485 1779 5563 deponenti·

3302 306 3413 367 411

1879 484 2020 559 bus,
2056 484 2310 562 quando
2339 502 2454 545 suo
2509 489 2793 562 tempore
2826 483 3097 562 exigent.
3145 484 3223 543 Et
3249 481 3420 543 idem

1879 583 1973 638 est
1986 577 2502 655 sinegotiationes
2513 578 2669 637 tales
2688 576 3165 655 aggrediantur,
3187 594 3264 636 ex
3284 575 3419 655 qui-

1880 670 1997 730 bus
2026 669 2373 748 periculum
2403 669 2503 745 sit,
2529 688 2607 729 ne
2635 674 2853 748 postea
2875 669 2951 728 ad
2985 672 3419 748 paupertatem

1879 761 2118 823 redacti
2159 762 2458 840 pecunias
2503 766 2794 840 acceptas
2824 761 3092 821 reddere
3123 779 3250 821 non
3278 778 3416 838 pos-

1881 854 2023 929 sint,
2056 874 2118 914 v.
2153 873 2214 932 g.
2250 855 2300 914 si
2334 860 2596 915 eventus
2626 873 2700 914 ex
2738 854 3140 933 navigatione
3168 852 3418 931 pericu-

1881 948 2014 1007 losa
2043 946 2434 1024 dependeat,
2482 947 2546 1006 in
2587 966 2713 1025 qua
2753 945 2930 1006 navis
2959 945 3233 1007 hostium
3257 991 3272 1021 ,
3315 944 3415 1004 vel

1881 1039 2189 1118 naufragii
2222 1039 2499 1117 periculo
2531 1039 2811 1116 exposita
2840 1039 2959 1114 sit,
3007 1056 3132 1117 qua
3166 1037 3416 1117 jactura

1883 1135 2116 1208 secuta,
2164 1151 2242 1192 ne
2290 1150 2366 1191 ex
2421 1132 2674 1210 proprio
2733 1131 2990 1212 quidem
3038 1128 3413 1211 patrimonio

1881 1224 2123 1285 solvere
2156 1226 2414 1302 possint,
2449 1224 2561 1283 sed
2591 1224 2654 1283 in
2685 1223 3072 1284 creditorum
3087 1221 3414 1303 fidejusso-

1882 1336 2022 1378 rum
2051 1317 2353 1377 damnum
2384 1317 2607 1377 cedere
2633 1316 2839 1378 debet.

1962 1410 2300 1472 Sciendum
2330 1416 2634 1488 praeterea
2664 1414 2794 1487 est,
2846 1409 3180 1488 dupliciter
3206 1406 3408 1468 solere

1881 1503 2178 1582 pecunias
2208 1502 2521 1563 bancariis
2550 1503 2932 1580 consignari,
2967 1519 3192 1579 nempe
3219 1500 3318 1560 vel
3345 1499 3410 1560 in

1880 1595 2147 1674 pecunia
2180 1600 2529 1671 numerata,
2562 1596 2662 1655 vel
2689 1595 2893 1656 solum
2921 1595 2983 1654 in
3011 1593 3232 1656 litteris
3246 1610 3413 1653 cam-

1880 1687 2001 1763 bii,
2037 1706 2303 1766 quarum
2350 1688 2591 1748 ratione
2634 1688 2900 1750 debetur
2935 1687 3069 1765 jam
3111 1685 3410 1747 bancario

1883 1781 1962 1840 ab
1990 1780 2092 1839 illo
2118 1825 2133 1854 ‚
2170 1780 2249 1839 ad
2279 1797 2465 1858 quern
2494 1780 2719 1841 litterae
2749 1780 2871 1839 illae
2900 1780 3277 1859 diriguntur,
3309 1777 3411 1838 vel

1883 1892 1919 1932 a
1949 1890 2072 1951 quo
2102 1873 2457 1948 mittuntur,
2505 1890 2752 1932 summa
2780 1872 2885 1933 illa
2911 1873 2976 1933 in
3018 1872 3236 1934 litteris
3262 1889 3414 1931 con-

1882 1969 2074 2025 tenta.
2140 1964 2438 2025 Similiter
2491 1963 2827 2025 bancarius
2872 1965 3205 2043 dupliciter
3256 1964 3416 2024 solet

1883 2057 2124 2117 solvere
2152 2075 2264 2117 sua
2296 2057 2529 2133 debita,
2563 2077 2787 2137 nempe
2806 2059 2905 2118 vel
2933 2059 2997 2117 in
3018 2057 3284 2137 pecunia
3303 2075 3414 2117 nu-

1882 2154 2145 2225 merata,
2177 2150 2276 2210 vel
2304 2150 2366 2209 in
2395 2150 2617 2211 litteris
2647 2169 2802 2230 quas
2827 2151 3102 2212 creditor
3121 2150 3249 2226 dat,
3271 2167 3414 2210 con-

1881 2242 2223 2302 tinentibus
2250 2242 2421 2302 illam
2448 2261 2760 2303 summam
2790 2243 2853 2303 in
2884 2243 3007 2304 alio
3036 2243 3197 2318 loce,
3229 2242 3329 2302 vel
3351 2242 3414 2301 in

1884 2334 2106 2395 eodem
2146 2335 2226 2395 ab
2286 2334 2424 2395 aliis
2470 2335 2856 2397 debitoribus
2909 2335 3295 2396 solvendam.
3345 2336 3414 2395 In

1884 2428 2196 2507 aliquibus
2226 2433 2436 2487 autem
2466 2427 2618 2489 locis
2647 2447 2796 2489 usus
2824 2428 3113 2505 obtinuit,
3137 2433 3207 2489 ιιι
3226 2446 3418 2507 quan-

1884 2520 1964 2581 do
1993 2520 2324 2581 bancarius
2343 2521 2779 2582 solvitlitteras
2793 2520 3020 2581 cambii
3054 2521 3116 2581 in
3147 2520 3416 2599 pecunia

1884 2618 2236 2688 numerata,
2269 2612 2531 2689 recipiat
2556 2613 2636 2672 ab
2666 2630 2739 2671 eo
2769 2613 2869 2672 cui
2892 2612 3100 2687 solvit,
3135 2612 3413 2691 quinque

1885 2711 1994 2766 aut
2020 2724 2129 2764 sex
2159 2722 2269 2783 pro
2300 2703 2559 2782 singulis
2602 2703 2999 2775 millenariis;
3051 2707 3119 2764 ut
3147 2723 3222 2763 ex
3257 2706 3416 2766 Mer·

1884 2798 2040 2858 cado
2066 2843 2080 2872 ‚
2117 2799 2300 2873 Sot0,
2348 2800 2411 2857 et
2437 2799 2718 2857 Navarro
2764 2797 2956 2857 refert
2993 2797 3224 2857 Melina
3251 2796 3412 2875 disp.

1880 2895 2019 2952 409.
2062 2909 2169 2950 nu.
2204 2894 2262 2950 7.
2295 2908 2477 2950 secus
2505 2907 2677 2965 vero,
2712 2888 2765 2948 si
2795 2889 2898 2949 ille
2924 2890 3025 2950 cui
3054 2889 3275 2951 litterae
3296 2890 3419 2971 sol-

1883 2983 2105 3044 vendae
2136 2987 2345 3057 erant,
2389 3000 2513 3043 non
2541 2982 2806 3060 recipiat
2833 2983 3163 3061 pecuniam
3197 3000 3419 3042 nume-

1881 3079 2107 3149 ratam,
2141 3073 2251 3133 sed
2282 3074 2590 3134 creditum
2611 3074 2761 3134 illud
2784 3074 3110 3153 consignet
3137 3074 3271 3136 aliis
3290 3073 3418 3135 suis

1883 3167 2315 3244 creditoribus,
2350 3166 2645 3228 bancario
2675 3167 3215 3247 consignationem
3245 3167 3415 3227 illam

1881 3265 2288 3339 acceptante3
2340 3266 2530 3340 atque
2571 3261 2660 3322 ita
2700 3262 2945 3340 primus
2990 3261 3282 3337 creditor,
3316 3258 3418 3320 cui

1881 3374 1957 3414 ex
1985 3355 2207 3416 litteris
2251 3354 2481 3414 cambii
2523 3354 2860 3415 bancarius
2904 3354 3074 3414 mille
3121 3353 3411 3427 debebat,

1878 3448 2122 3525 integra
2151 3447 2319 3507 mille
2352 3449 2682 3524 recuperat
2709 3446 3144 3525 consignando
3166 3446 3272 3506 illa
3288 3443 3417 3506 suis

1881 3539 2322 3613 creditoribuS,
2357 3542 2428 3599 ut
2455 3557 2529 3598 ea
2551 3557 2587 3597 a
2615 3538 2913 3600 bancario
2934 3538 3258 3617 recipiant.
3296 3540 3413 3598 Po-

1880 3639 2013 3693 stea
2043 3637 2253 3692 tamen
2284 3631 2642 3707 bancarius,
2675 3632 2930 3710 quando
2955 3631 3074 3692 illis
3090 3629 3414 3692 creditori·

1877 3726 1993 3786 bus
2021 3726 2083 3784 in
2110 3724 2376 3803 pecunia
2407 3729 2738 3786 numerata
2763 3724 2989 3800 solvit,
3023 3723 3297 3785 detrahit
3325 3722 3415 3783 eis

1878 3818 1984 3878 illa
2015 3817 2325 3895 quinque,
2360 3822 2469 3877 aut
2496 3835 2603 3876 sex
2634 3835 2746 3894 pro
2775 3816 3122 3876 millenario
3144 3863 3159 3892 ,
3191 3816 3353 3876 sicut
3377 3833 3416 3875 a

1880 3909 2070 3989 priori
2102 3908 2414 3969 creditore
2444 3908 2836 3983 detraxisset,
2869 3907 2918 3967 si
2952 3908 3011 3967 ei
3039 3907 3325 3969 solvisset
3351 3907 3414 3966 in

1881 4000 2148 4079 pecunia
2176 4005 2524 4061 numerata.
2560 4000 2738 4062 Unde
2754 4000 3134 4076 venditores,
3160 3999 3413 4079 quando

1880 4096 2155 4173 pretium
2184 4094 2265 4154 ab
2304 4097 2584 4174 emptore
2624 4111 2747 4154 non
2807 4098 2951 4155 sunt
2996 4093 3308 4172 recepturi
3352 4092 3417 4153 in

1880 4188 2150 4267 pecunia
2177 4191 2525 4261 numerata,
2560 4186 2672 4246 sed
2703 4185 2765 4245 in
2795 4186 3018 4247 litteris
3046 4186 3313 4258 cambii,
3350 4190 3419 4248 ut

1880 4300 1918 4340 a
1946 4280 2246 4340 bancario
2277 4280 2530 4358 exigant
2554 4325 2569 4354 ‚
2616 4279 2823 4340 carius
2853 4279 3133 4340 vendunt
3175 4297 3417 4341 merces

1881 4391 2026 4433 suas
2049 4419 2064 4448 ‚
2100 4377 2169 4434 ιιι
2196 4372 2284 4434 ita
2312 4372 2625 4434 redimant
2651 4391 2718 4432 se
2746 4373 2826 4433 ab
2871 4373 2975 4433 illo
3014 4373 3415 4435 decremento

1881 4465 2047 4545 quod
2077 4455 2294 4543 postea
2336 4465 2399 4524 in
2427 4464 2784 4542 receptione
2814 4465 3096 4544 pecuniae
3123 4484 3164 4527 a
3191 4466 3417 4526 banca-

1878 4559 1972 4619 rio
2003 4557 2248 4635 passuri
2278 4563 2440 4618 sunt.
2476 4558 2738 4629 Quando
2768 4577 2920 4618 vero
2963 4558 3188 4638 aliquis
3231 4577 3418 4637 pecu-

1881 4651 2015 4711 nias
2044 4650 2296 4710 realiter
2325 4649 2619 4727 deposuit
2647 4651 2816 4729 apud
2858 4651 3258 4726 bancarium‚
3307 4669 3415 4730 po-

1880 4747 2014 4804 stea
2046 4743 2299 4821 quando
2330 4761 2436 4802 eas
2465 4743 2731 4820 repetit,
2778 4743 3113 4804 bancarius
3152 4762 3276 4805 non
3305 4743 3417 4803 de-

1875 4836 2068 4898 trahit
2096 4835 2476 4914 quidquam,
2528 4835 2674 4896 licet
2704 4835 2843 4896 illas
2890 4836 2953 4895 in
3001 4836 3269 4915 pecunia
3297 4855 3413 4896 nu—

1875 4932 2116 4988 merata
2146 4928 2348 4988 solvat
2376 4928 2487 5006 ipsi
2519 4927 2856 5006 deponenti
2882 4974 2899 5004 ,
2933 4928 3032 4987 vel
3066 4928 3246 4987 alteri
3275 4926 3411 5006 ejus

1869 5022 2050 5099 jussu
2085 5040 2098 5081 :
2134 5020 2258 5081 imo
2288 5019 2518 5080 alicubi
2558 5020 2894 5080 bancarius
2941 5019 3179 5098 aliquid
3219 5037 3412 5096 supra

1877 5113 1939 5174 id
1974 5113 2143 5192 quod
2172 5113 2415 5192 accepit
2437 5159 2452 5187 ,
2501 5112 2733 5172 addere
2762 5114 2921 5174 solet
2948 5115 3204 5191 propter
3225 5113 3413 5173 bene-

1878 5207 2090 5267 ficium
2113 5225 2156 5268 a
2181 5207 2534 5285 deponente
2560 5210 2911 5285 acceptum,
2947 5210 3011 5267 et
3040 5210 3109 5267 ut
3143 5205 3298 5266 alios
3328 5206 3412 5265 al-

1876 5300 2048 5361 liciat
2073 5300 2155 5360 ad
2185 5299 2589 5376 deponendas
2618 5299 2703 5359 ibi
2733 5317 2879 5360 suas
2903 5299 3223 5379 pecuniaS‚
3253 5304 3320 5361 ut
3335 5317 3412 5359 ex

1879 5395 2028 5455 Soto
2060 5439 2075 5469 ,
2110 5398 2173 5454 et
2201 5393 2337 5453 aliis
2366 5393 2554 5454 refert
2590 5392 2758 5453 idem
2795 5392 3028 5455 Molina
3070 5393 3178 5453 ubi
3217 5412 3410 5472 supra

1880 5505 1984 5547 nu.
2017 5491 2077 5547 7.
2110 5486 2277 5565 quod
2311 5504 2390 5545 an
2420 5485 2585 5548 licite
2615 5504 2650 5545 a
2681 5485 3062 5566 depositario
3094 5486 3408 5566 accipian-

3557 1415 3637 1475 62

3512 1541 3617 1594 Quid
3653 1540 3706 1584 de

3461 1594 3614 1651 pretio,
3647 1594 3756 1649 quod

3501 1649 3648 1703 accipit
3665 1647 3720 1690 ob

3488 1701 3735 1757 dopositum.
