4263 6376
1167 333 1639 395 DISPUTATIO
1686 333 1874 406 XXX,
1924 331 2199 392 SECTIO
2244 333 2319 392 V.

194 514 448 596 pendent
489 532 566 573 ex
616 511 822 573 verbis
870 509 1153 591 ejusdem
1181 507 1485 582 formulae,
1521 524 1701 587 opor-

196 608 327 670 tebit
356 624 498 666 eam
546 605 648 666 bic
676 621 1017 683 apponere,
1065 620 1205 682 quae
1237 601 1379 662 talis
1417 604 1530 661 est.
1576 601 1700 660 «In

196 699 424 761 nomine
448 697 718 774 Domini,
753 700 870 757 etc.
925 699 1041 756 Per
1068 712 1342 773 praesens
1381 692 1700 772 publicum

195 794 678 866 instrumentum,
713 793 775 849 et
798 789 944 864 mei,
979 793 1096 848 etc.
1121 786 1530 864 personaliter
1558 802 1701 844 con-

196 884 367 946 stituti
399 883 632 945 domini
663 885 882 942 Petrus
928 883 1001 942 N.
1047 879 1206 940 sacri
1238 877 1456 940 Palatii
1501 879 1703 955 Apos-

196 976 338 1037 tolici
387 992 719 1036 causarum
765 973 1043 1035 notarius
1072 990 1146 1031 ex
1194 989 1339 1046 una,
1374 973 1436 1029 et
1474 967 1701 1030 Paulus

198 1088 257 1128 ex
278 1068 475 1129 altera
503 1072 681 1146 parte
712 1069 953 1145 sponte,
987 1068 1105 1126 etc.
1140 1063 1416 1123 inierunt
1443 1061 1607 1122 inter
1633 1080 1700 1121 se

199 1161 539 1221 societatem
592 1177 782 1238 super
837 1157 1002 1218 dicto
1072 1155 1275 1216 officio
1331 1153 1697 1229 notariatuS,

199 1270 364 1332 quam
418 1255 632 1313 tenere
688 1259 751 1311 et
805 1249 1032 1309 durare
1089 1248 1420 1308 voluerunt
1468 1246 1548 1305 ad
1594 1264 1703 1305 sex

198 1362 424 1404 menses
449 1343 733 1423 proxime
761 1345 1059 1402 venturos
1093 1359 1106 1400 :
1141 1342 1204 1401 et
1233 1338 1460 1398 deinde
1488 1338 1568 1398 ad
1598 1337 1702 1397 be-

199 1436 553 1515 neplacitum
587 1433 914 1494 ambarum
941 1432 1236 1512 partium,
1261 1449 1404 1492 cum
1440 1431 1705 1492 disdicta

198 1527 656 1588 etintimatione
689 1543 792 1587 xv.
845 1525 1088 1585 dierum
1116 1524 1531 1603 praecedente,
1564 1541 1704 1602 quae

199 1618 306 1677 fieri
353 1619 553 1698 possit
580 1618 837 1679 dimissa
868 1616 1039 1677 domi
1069 1616 1246 1695 copia
1292 1636 1304 1677 :
1351 1616 1414 1674 in
1456 1633 1578 1694 qua
1606 1633 1707 1675 so-

199 1711 401 1772 cietate
455 1711 656 1772 dictus
714 1710 940 1771 Paulus
985 1708 1195 1786 posuit
1234 1711 1411 1768 scuta
1456 1709 1592 1768 200.
1641 1707 1706 1766 in

201 1823 352 1880 auro,
416 1822 556 1883 qua:
612 1803 816 1864 dictus
870 1804 1089 1863 Petrus
1142 1800 1223 1861 ab
1270 1800 1492 1861 eodem
1539 1799 1704 1860 dicto

199 1897 368 1958 Paulo
393 1901 703 1975 praesente
735 1895 798 1954 in
826 1912 967 1954 mea
995 1893 1246 1969 notarii,
1281 1897 1397 1953 etc.
1432 1910 1709 1970 praesen-

199 1990 269 2051 tia
303 1988 366 2048 in
421 1990 736 2066 promptu,
772 1989 835 2047 et
863 1989 1192 2046 numerata
1220 1985 1506 2063 pecunia,
1540 2002 1707 2044 rece-

200 2082 290 2161 pit,
338 2085 408 2140 et
444 2080 527 2140 ad
563 2098 630 2139 se
667 2079 856 2140 traxit
888 2096 900 2140 :
938 2079 1017 2139 de
1056 2078 1304 2157 quibuS,
1339 2083 1456 2139 etc.
1493 2095 1711 2156 excep·

197 2174 384 2248 tioniS,
422 2177 540 2234 etc.
597 2176 661 2232 et
688 2171 791 2230 illa
819 2171 1146 2232 restituere
1175 2170 1462 2249 promisit
1506 2170 1709 2230 eidem

199 2266 370 2326 Paulo
401 2263 716 2344 praesenti,
749 2267 866 2324 etc.
902 2282 1010 2323 seu
1042 2263 1142 2323 cui
1162 2263 1293 2341 ipse
1325 2261 1551 2323 Paulus
1580 2281 1711 2322 ces-

199 2360 345 2435 serit,
385 2359 453 2418 in
481 2357 670 2418 simili
699 2357 930 2436 specie,
973 2356 1183 2416 statim
1213 2355 1387 2416 finita
1418 2356 1711 2433 praesenti

198 2452 501 2528 societate,
526 2450 762 2529 absque
778 2449 1173 2528 exceptione:
1200 2452 1261 2508 et
1288 2448 1392 2508 illa
1419 2448 1705 2525 durante,

198 2545 386 2604 facere
418 2541 788 2620 participem
817 2541 1051 2601 dictum
1083 2540 1345 2601 Paulum
1393 2540 1453 2600 in
1502 2540 1710 2602 fructi·

199 2636 295 2696 hus
334 2634 697 2708 ordinariiS,
742 2638 805 2693 et
853 2633 1362 2694 extraordinariis
1421 2633 1569 2694 dicti
1617 2633 1710 2693 ot-

198 2728 322 2804 ficii,
385 2745 500 2806 pro
555 2731 691 2787 rata
746 2729 924 2804 parte
970 2745 983 2784 :
1032 2744 1222 2804 quam
1276 2730 1517 2805 partem
1571 2744 1713 2805 pro-

198 2825 318 2899 pter
368 2817 882 2880 incertitudinem
954 2818 1269 2878 fructuum
1324 2818 1470 2879 dicti
1528 2819 1716 2878 officii

201 2919 251 2973 et
283 2911 536 2973 fastidia
584 2913 1044 2990 computorum,
1096 2928 1236 2988 quae
1267 2910 1538 2989 desuper
1566 2911 1713 2971 oriri

201 3013 252 3066 et
276 3024 408 3066 esse
439 3006 726 3083 possent;
783 3002 985 3062 dictus
1017 3003 1245 3063 Paulus
1292 3002 1590 3064 conduxit
1635 3004 1714 3064 ab

199 3099 406 3158 eodem
461 3099 647 3157 Petro
679 3095 758 3155 ad
785 3094 1091 3155 rationem
1121 3098 1439 3156 scutorum
1476 3095 1718 3156 duode-

201 3192 305 3251 cim
357 3188 663 3251 similium
718 3206 831 3268 pro
899 3187 1181 3266 quolibet
1234 3188 1594 3250 centenario
1653 3188 1716 3248 in

201 3302 371 3360 anno,
423 3301 571 3362 quae
614 3281 768 3342 solvi
811 3279 1083 3341 debeant
1111 3280 1188 3341 de
1218 3282 1500 3343 semestri
1530 3282 1593 3341 in
1623 3302 1722 3342 sc-

201 3380 440 3452 mestre,
477 3379 544 3436 et
572 3375 634 3433 in
662 3373 967 3452 principio
998 3374 1334 3453 cujuslibet
1361 3375 1715 3435 semestris:

202 3474 255 3530 et
279 3469 400 3530 sint
425 3468 633 3529 libera
679 3470 741 3527 et
769 3470 1059 3545 exempta
1088 3468 1168 3527 ab
1199 3468 1369 3528 omni
1401 3486 1589 3528 onere
1620 3485 1722 3527 or-

201 3562 430 3622 dinario
463 3566 530 3621 et
558 3560 1077 3629 extraordinari0‚
1112 3559 1379 3637 decima,
1415 3560 1716 3635 subsidiO,

197 3653 612 3733 impositione,
645 3651 864 3731 quavis
894 3651 1264 3713 auctoritate
1312 3651 1615 3731 impositis
1664 3655 1726 3713 et

201 3745 593 3824 imponendis
629 3746 694 3804 in
724 3749 1017 3804 eventum
1047 3744 1214 3821 belli,
1261 3744 1471 3823 pestiS,
1519 3744 1724 3806 obitus

202 3839 536 3915 PontificiS,
589 3837 869 3912 Concilii,
920 3836 1108 3897 etiam
1157 3837 1292 3916 ipso
1337 3838 1501 3897 dicto
1540 3840 1723 3898 Petro

201 3932 471 3992 officium
529 3929 875 4005 amittente,
935 3948 1044 3989 seu
1115 3929 1487 4005 dimittente,
1545 3936 1608 3992 et
1662 3929 1726 3989 in

199 4039 628 4103 quoscumque
692 4021 846 4081 alios
901 4040 1104 4099 casuS,
1165 4026 1228 4082 et
1280 4026 1560 4099 eventuS,
1620 4022 1726 4101 qui

200 4134 327 4176 esse
379 4117 675 4194 possent;
736 4132 877 4173 cum
926 4118 1109 4193 pacto
1143 4114 1311 4193 quod
1350 4114 1514 4175 dicta
1553 4118 1730 4176 scuta

199 4208 533 4269 duodecim
559 4206 781 4268 similia
809 4225 1058 4285 semper
1084 4210 1338 4268 currant
1366 4211 1429 4269 et
1457 4206 1733 4268 debean-

199 4305 295 4361 tur
337 4301 419 4362 ad
469 4299 759 4359 eamdem
801 4300 1109 4361 rationem
1156 4299 1217 4359 in
1268 4318 1484 4360 omnes
1532 4300 1731 4359 dictos

203 4396 496 4464 eventum
547 4410 621 4451 ac
650 4395 792 4472 post
828 4392 1090 4467 finitam,
1125 4410 1233 4452 seu
1269 4392 1599 4453 disdictam
1632 4410 1734 4452 so-

203 4486 499 4546 cietatem
529 4503 726 4563 usque
757 4483 833 4542 ad
866 4483 1199 4561 integram,
1234 4487 1297 4543 et
1325 4484 1560 4544 realem
1594 4483 1730 4543 dic-

203 4580 411 4637 torum
458 4579 600 4636 200.
667 4579 990 4636 scutorum
1045 4575 1525 4651 restitutionem,
1594 4575 1734 4635 loco

202 4670 603 4743 damnorum,
637 4671 699 4728 et
727 4668 1042 4742 interesse,
1078 4684 1217 4747 quae
1235 4667 1315 4726 ad
1343 4666 1735 4729 tantumdem

204 4762 352 4823 dicti
397 4760 845 4821 contrahentes
887 4760 1275 4821 aestimarunt
1318 4762 1380 4819 et
1417 4763 1731 4820 taxarunt.

203 4856 412 4934 Super
438 4856 640 4914 morte
673 4855 883 4912 autem
922 4854 1371 4928 convenerunt,
1406 4850 1574 4930 quod
1603 4868 1739 4910 mo-

202 4946 406 5006 riente
463 4945 629 5006 dicto
662 4945 853 5006 Paulo
884 4948 1027 5004 ante
1055 4943 1290 5005 dictum
1319 4945 1596 5019 Petrum,
1631 4943 1742 5002 du-

204 5043 384 5099 rante
420 5037 718 5099 societate
747 5036 1131 5115 hujusmodi,
1165 5039 1364 5096 morte
1394 5039 1604 5096 tamen
1636 5053 1740 5095 na-

204 5130 422 5206 turali,
464 5148 588 5189 non
633 5128 929 5203 violenta,
980 5147 1104 5188 non
1135 5128 1218 5204 vi,
1271 5127 1457 5205 ferro,
1492 5146 1606 5188 uec
1635 5146 1741 5187 ve-

207 5242 400 5297 nen0,
464 5241 571 5281 seu
618 5222 1073 5300 alitereumque
1120 5220 1354 5282 inflicta
1380 5220 1461 5281 ab
1491 5219 1743 5280 homine

206 5316 543 5387 violenter,
578 5313 745 5393 quod
778 5313 980 5373 dictus
1029 5316 1245 5374 Petrus
1274 5314 1549 5374 lucretur
1577 5313 1746 5375 dicta

206 5410 348 5469 200.
387 5408 458 5465 et
497 5409 785 5466 teneatur
811 5409 1058 5468 tantum
1105 5407 1186 5466 ad
1214 5405 1586 5468 solutionem
1614 5404 1746 5465 fru-

209 5504 437 5561 ctuum
484 5497 888 5560 decursorum
935 5518 1060 5559 non
1105 5499 1471 5561 solutorum.
1517 5500 1586 5559 In
1617 5516 1746 5558 om-

3215 331 3331 393 485

1804 525 1917 567 nes
1947 509 2160 568 autem
2202 507 2357 569 alios
2395 525 2597 584 casus,
2649 511 2711 569 et
2739 511 2999 570 eventus
3039 505 3207 567 idem
3246 505 3336 567 di-

1806 602 1942 661 ctus
1998 602 2218 661 Petrus
2264 603 2554 662 teneatur
2600 600 2679 659 ad
2728 600 2961 661 dictam
3015 604 3334 663 scutorum

1801 695 1939 753 200.
1975 691 2370 769 solutionem,
2402 696 2466 755 et
2492 692 2972 753 restitutionem.
3008 694 3085 753 Et
3131 691 3334 752 dictus

1803 785 2033 845 Paulus
2061 786 2303 862 sponte,
2354 788 2472 845 ete.
2507 784 2830 845 confessus
2878 784 2997 845 fuit
3038 783 3333 844 habuisse

1803 876 2037 937 dictam
2077 880 2279 936 ratam
2328 880 2569 955 partem
2617 877 3017 952 conductam,
3052 895 3161 937 seu
3206 876 3334 935 fru-

1804 974 1940 1029 etus
1967 968 2152 1047 primi
2201 969 2519 1029 semestris
2561 969 2640 1028 ab
2672 969 2897 1029 eodem
2927 969 3093 1030 dicto
3126 971 3330 1044 PetrO,

1804 1060 1882 1120 de
1918 1060 2168 1139 quibus»,
2202 1064 2319 1121 etc.
2369 1061 2641 1122 Ulterius
2683 1064 3130 1137 convenerunt,
3166 1060 3334 1140 quod

1804 1153 2005 1213 dictus
2079 1152 2379 1213 Dominus
2452 1155 2679 1214 Paulus
2746 1153 2943 1231 possit
3010 1153 3334 1214 nominare

1805 1246 1992 1306 aliam
2041 1263 2398 1324 personam,
2433 1249 2494 1306 et
2522 1245 2585 1306 in
2630 1264 2768 1306 eam
2798 1245 3141 1325 periculum
3171 1263 3336 1305 mor-

1805 1337 1906 1414 tis,
1939 1355 2014 1398 ac
2043 1337 2211 1397 dicta
2240 1341 2417 1398 scuta
2447 1341 2584 1399 200.
2612 1356 2754 1399 cum
2775 1338 2945 1399 omni
2963 1339 3132 1416 jure,
3166 1335 3336 1417 quod

1806 1429 1999 1490 habet
2025 1430 2254 1490 virtute
2284 1430 2610 1507 praesentis
2657 1430 3080 1509 obligationiS,
3116 1433 3179 1490 et
3214 1429 3334 1489 ins-

1804 1521 2123 1598 trumenti,
2166 1525 2296 1582 tam
2344 1522 2729 1600 conjunctim
2779 1539 2971 1601 quam
3029 1521 3331 1582 divisim:

1806 1614 2128 1693 dictasque
2161 1613 2458 1693 pecunias
2487 1613 2547 1673 in
2576 1617 2799 1691 totum,
2834 1633 2942 1674 seu
2973 1614 3037 1673 in
3067 1618 3332 1693 partem,

1807 1706 2062 1768 arbitrio
2107 1724 2220 1766 suo
2265 1707 2624 1784 transferre,
2660 1712 2816 1768 etse
2862 1707 2925 1767 in
2978 1712 3201 1783 totum,
3235 1706 3335 1766 vel

1806 1799 1869 1859 in
1914 1802 2160 1877 partem
2204 1799 2557 1875 excludere,
2614 1817 2753 1879 qum
2798 1818 3069 1878 persona
3114 1799 3332 1878 possit,

1808 1895 1870 1952 et
1897 1891 2103 1952 valeat
2135 1891 2222 1952 uti
2241 1891 2532 1972 praesenti
2557 1892 2996 1969 instrumento,
3031 1895 3093 1953 et
3119 1895 3337 1952 contra

1808 2002 2236 2064 quoscumque
2267 1984 2428 2044 illius
2457 1983 2687 2046 virtute
2717 2003 2928 2063 agere,
2964 1988 3026 2045 et
3070 1983 3338 2064 experiri

1807 2077 1869 2137 in
1893 2077 2154 2157 judicio,
2189 2080 2251 2137 et
2279 2081 2476 2152 extra,
2530 2076 2592 2137 in
2622 2078 2935 2151 omnibuS,
2970 2080 3033 2138 et
3060 2095 3175 2157 per
3203 2095 3340 2137 om·-

1808 2169 1933 2245 nia‚
1979 2174 2167 2249 prout
2208 2169 2339 2248 ipse
2390 2169 2616 2230 Paulus
2646 2174 2879 2248 posset,
2928 2169 2978 2228 si
3007 2169 3184 2229 illum
3213 2188 3337 2229 non

1810 2261 2194 2323 nominasset
2253 2280 2266 2322 :
2328 2260 2571 2340 adjecto
2651 2265 2858 2340 pacto,
2920 2261 3087 2341 quod
3134 2261 3339 2322 dictus

1776 2405 1779 2409 ,
1812 2354 2039 2415 Paulus
2094 2357 2381 2414 teneatur
2420 2353 2708 2413 eamdem
2750 2353 3242 2415 nominationem
3281 2356 3343 2414 et

1810 2445 2284 2508 translationem
2310 2445 2621 2521 intimare,
2657 2449 2719 2505 et
2737 2445 2949 2505 virere
2979 2464 3094 2524 per
3122 2445 3341 2505 decem

1813 2539 1944 2599 dies
1985 2540 2128 2615 post
2174 2538 2403 2597 factam
2450 2537 2941 2610 intimationem:
2976 2555 3121 2616 quae
3153 2537 3341 2598 etiam

1810 2632 2017 2691 valeat
2062 2629 2232 2689 domi
2277 2629 2530 2690 dimissa
2579 2629 2782 2707 copia.
2834 2631 2911 2690 Et
2938 2629 3093 2690 item
3140 2628 3342 2690 dictus

1814 2725 2032 2784 Petrus
2062 2721 2349 2799 promisit
2376 2721 2528 2782 dare
2550 2722 2612 2782 in
2642 2721 3045 2801 fidejussores
3067 2721 3213 2782 huic
3242 2739 3343 2781 so-

1811 2814 2042 2891 cietati,
2079 2813 2187 2893 qui
2218 2814 2629 2892 personaliter
2674 2814 2998 2889 accedent,
3047 2815 3119 2875 D.
3156 2815 3228 2874 D.
3263 2816 3338 2874 N.

1813 2912 1876 2971 et
1916 2909 1989 2968 N.
2042 2924 2199 2985 quos
2237 2906 2382 2967 licet
2424 2907 2737 2982 absentes,
2784 2925 2886 2966 me
2917 2906 3183 2983 notario,
3219 2908 3341 2967 etc.

1813 3000 2142 3062 indemnes
2192 2998 2473 3059 relevare
2515 2999 2858 3078 promisit:
2920 3001 2982 3059 et
3037 2998 3345 3078 promisit,

1816 3092 1985 3174 quod
2037 3091 2365 3168 moriente,
2430 3110 2541 3152 seu
2589 3091 3015 3153 conditionem
3080 3090 3348 3153 deterio-

1816 3190 1990 3248 rente
2012 3203 2161 3261 nno,
2190 3203 2298 3245 seu
2324 3184 2600 3263 quolibet
2628 3183 2929 3264 ipsorum,
2964 3182 3139 3245 dabit
3157 3183 3348 3244 alium

1817 3299 1926 3341 seu
1975 3278 2129 3339 alios
2169 3297 2346 3358 aeque
2389 3278 2671 3355 idoneOS,
2733 3277 2838 3356 qui
2894 3276 3118 3338 eodem
3160 3277 3348 3338 modo

1820 3371 2142 3433 accedant.
2175 3370 2347 3431 Alias
2374 3370 2708 3432 voluerunt
2729 3370 2877 3431 dicti
2906 3369 3351 3430 contrahentes

1820 3463 1987 3546 quod
2015 3464 2148 3543 ipse
2178 3463 2381 3524 dictus
2432 3465 2654 3524 Petrus
2681 3465 2975 3524 teneatur
3002 3460 3082 3521 ad
3105 3461 3352 3522 restitu-

1819 3558 2074 3634 tionem,
2109 3559 2173 3617 et
2214 3555 2588 3617 solutionem
2636 3555 2942 3631 omnium,
2979 3554 3057 3614 ad
3088 3571 3228 3634 quae
3259 3557 3348 3615 te-

1819 3654 2094 3726 neretur,
2128 3649 2176 3708 si
2202 3648 2464 3709 societas
2494 3651 2657 3708 esset
2684 3647 2889 3721 finita:
2939 3646 3354 3725 praesentibus

1819 3743 2104 3816 testibus,
2140 3745 2258 3802 ete.
2292 3764 2319 3798 υ
2359 3744 2506 3801 Haec
2537 3744 2631 3801 est
2650 3740 2852 3800 forma
2882 3738 3235 3800 communis
3262 3738 3355 3798 in-

1821 3832 2173 3909 strumenti,
2222 3834 2284 3892 in
2316 3852 2440 3912 qua
2476 3835 2688 3894 tamen
2717 3831 2930 3911 aliqua
2968 3829 3221 3908 variari,
3254 3829 3356 3891 vel

1822 3925 1969 3987 addi
2001 3924 2224 4000 solent,
2258 3928 2328 3986 ut
2354 3924 2731 3985 videbimus·

1905 4021 2141 4079 Rursus
2169 4016 2492 4078 sciendum
2522 4020 2638 4094 est,
2661 4015 2866 4078 varias
2896 4014 3169 4077 extitisse
3197 4016 3356 4076 Pon·-

1825 4110 2065 4175 tificum
2104 4109 2308 4170 bullas
2349 4108 2514 4170 circa
2562 4109 2674 4170 hos
2725 4112 3108 4185 contractuS,
3165 4110 3229 4169 et
3256 4125 3357 4168 so-

1830 4386 2122 4464 occurrit,
2158 4387 2305 4465 quia
2334 4386 2395 4446 in
2430 4386 2634 4465 prima
2664 4384 2817 4445 nihil
2864 4386 3181 4465 peculiare
3212 4404 3364 4447 con-

1831 4481 2084 4542 tinetur.
2120 4478 2410 4541 Secunda
2429 4497 2578 4539 vero
2608 4481 2900 4539 revocata
2928 4478 3044 4539 fuit
3065 4476 3225 4541 aPio
3254 4479 3358 4539 IV.

1833 4591 1945 4651 per
1972 4572 2160 4632 aliam
2189 4571 2447 4647 bullam,
2481 4571 2577 4631 cui
2602 4569 2894 4632 standum
2926 4574 3039 4646 est,
3066 4570 3210 4631 etin
3241 4588 3367 4649 qua

1833 4666 2034 4726 solum
2063 4664 2238 4742 petit,
2274 4664 2441 4743 quod
2473 4665 2803 4724 societates
2832 4680 2977 4723 cum
3004 4661 3204 4744 pactis
3232 4663 3367 4724 liui-

1829 4757 1911 4819 tis
1959 4761 2020 4818 et
2065 4757 2342 4817 honestis
2387 4756 2561 4831 fiant,
2614 4758 2675 4816 et
2719 4774 2842 4815 non
2884 4755 3047 4816 ultra
3089 4756 3368 4816 valorem

1837 4850 2049 4926 officii,
2109 4852 2296 4928 atque
2344 4848 2485 4908 ideo
2530 4847 2699 4927 quod
2747 4847 3028 4908 officialis
3081 4850 3371 4909 teneatur

1839 4942 1917 5003 ad
1992 4941 2464 5019 requisitionem
2533 4939 2955 5001 contrahentis
3023 4938 3370 5020 exprimere

1839 5032 2191 5112 specialiter
2220 5032 2280 5092 in
2313 5033 2446 5112 ipso
2477 5036 2801 5093 contractu
2830 5031 2985 5092 alias
3016 5031 3367 5108 societateS,

1839 5127 1890 5187 si
1919 5143 2058 5205 quae
2107 5130 2446 5188 contractae
2495 5129 2640 5186 sunt
2668 5144 2858 5205 super
2887 5124 3111 5185 eodem
3140 5123 3369 5199 officio,

1841 5238 1996 5300 quas
2068 5216 2118 5278 si
2174 5219 2330 5279 falso
2387 5217 2733 5298 negaverit,
2792 5218 3070 5279 incurrat
3119 5234 3374 5298 poenam

1840 5311 2207 5393 privationis
2254 5312 2417 5373 illius
2458 5311 2668 5387 officii,
2711 5311 2842 5371 sine
2881 5310 3248 5391 praejudicio
3277 5314 3372 5370 ta-

1843 5423 1985 5465 men
2018 5404 2422 5481 creditorum,
2457 5404 2506 5465 si
2536 5404 2624 5464 eis
2654 5402 2904 5465 aliunde
2935 5402 3223 5464 satisfieri
3252 5419 3376 5461 non

1845 5496 2063 5578 possit.
2100 5499 2249 5572 Quoe
2273 5497 2654 5575 constitutiO,
2677 5496 2841 5557 sicut
2855 5500 2917 5559 et
2936 5496 3043 5559 illa
3064 5495 3237 5560 Pauli
3267 5496 3371 5557 IV.

3502 4046 3581 4103 52

1829 4204 2084 4265 cietates
2112 4201 2481 4264 officiorum.
2519 4201 2727 4263 Prima
2755 4201 2873 4263 fuit
2897 4201 3122 4262 Leonis
3150 4201 3227 4263 X.
3260 4219 3359 4261 se·
3432 4169 3676 4266 3522?qu

1830 4296 2033 4358 cunda
2076 4294 2254 4356 Pauli
2300 4296 2402 4356 IV.
2439 4294 2517 4354 de
2562 4294 2787 4373 quibus
2818 4293 2974 4353 nihil
3022 4292 3359 4355 dicendum
3408 4278 3704 4320 ¹¹⁰⁰⁰⁰¹¹¹¹¹⁸⁶¹⁰
