4263 6376
94 1138 196 1339 {aa

94 2868 162 2923 12ss

94 3045 226 3086 §thien

99 4613 176 4672 {27

1229 264 1697 326 DlSPUTA'I'IO
1740 265 1929 339 XXV,
1978 265 2251 326 SECTIO
2295 266 2425 325 Vll.

258 440 351 514 sit,
384 439 635 517 quando
665 444 1068 517 augmentum
1101 440 1374 501 notabile
1411 441 1634 501 valoris
1656 460 1779 501 non

260 532 602 592 estfactum
634 533 769 609 lege
816 533 1043 609 stabili,
1095 533 1201 592 sed
1254 533 1334 592 ad
1379 539 1649 612 tempuS‚
1682 534 1780 594 vel

260 624 495 706 quando
525 625 722 684 oritur
768 643 843 683 ex
899 625 1384 686 deterioratione
1440 625 1778 686 intrinseca

259 724 644 779 monetarum
683 718 1070 793 inferiorum,
1103 724 1332 780 tractat
1355 719 1480 779 late
1505 721 1780 797 Lapoam

258 810 358 871 lib.
391 811 490 870 111.
542 817 624 870 tr.
662 827 752 870 111.
802 816 963 889 part.
998 827 1042 871 1.
1078 829 1217 889 cap.
1253 830 1313 871 v.
1356 828 1414 871 a.
1468 829 1637 870 num.
1679 814 1776 873 16.

263 904 357 983 qui
387 902 585 962 videri
615 906 841 981 potest.

335 995 673 1055 Difficultas
717 1002 814 1056 est
841 996 1067 1073 prima,
1120 1015 1201 1056 an
1244 1002 1538 1058 mutuans
1583 995 1783 1074 possit

260 1087 319 1147 in
376 1092 624 1165 pactum
674 1088 1031 1165 explicitum
1091 1088 1400 1148 deducere
1452 1092 1521 1149 ut
1556 1087 1780 1148 solutio

195 1211 219 1221 -
259 1180 361 1241 fiat
385 1180 446 1238 in
476 1179 700 1239 eadem
730 1186 1004 1241 moneta.
1038 1182 1106 1240 ln
1137 1180 1256 1240 hoc
1285 1180 1609 1240 servandas
1638 1182 1783 1240 sunt

259 1274 477 1351 regulae
520 1291 715 1350 supra
747 1273 1076 1351 assignata}
1108 1273 1273 1333 circa
1304 1278 1554 1351 pactum
1585 1290 1778 1351 appo-

259 1366 431 1427 situm
476 1365 784 1424 reddendi
833 1371 1119 1426 mutuum
1165 1366 1429 1425 aliarum
1477 1384 1682 1425 rerum
1718 1365 1778 1423 in

261 1460 469 1519 eadem
496 1476 819 1518 mensura.
874 1459 937 1519 Si
969 1458 1134 1518 onim
1165 1459 1404 1537 aequale
1432 1459 1513 1519 sit
1541 1458 1780 1537 pericu-

259 1552 375 1612 lum
399 1551 773 1612 incrementi
802 1556 866 1612 et
906 1552 1290 1612 decrementi
1332 1552 1562 1613 valoris
1595 1570 1778 1630 pecu-

260 1646 387 1719 niae,
436 1649 643 1722 potest
690 1644 918 1704 deduci
966 1645 1028 1704 in
1061 1650 1313 1722 pactum
1353 1649 1418 1705 ut
1459 1645 1782 1705 solvantur

257 1741 340 1798 tot
364 1736 597 1796 nummi
645 1738 824 1797 aurei
862 1742 1017 1816 quot
1059 1737 1291 1797 dantnr
1323 1758 1336 1798 :
1372 1738 1421 1797 si
1452 1755 1600 1798 vero
1646 1755 1779 1796 cre-

258 1829 429 1890 datur
444 1828 774 1907 augendus
803 1830 997 1905 valor,
1024 1830 1253 1907 poterit
1281 1830 1467 1891 etiam
1498 1830 1557 1888 id
1577 1829 1775 1888 dedu-

258 1922 329 1995 ci,
372 1922 619 2000 quando
662 1927 958 1982 mutuans
1005 1928 1366 1983 servaturus
1410 1927 1545 1983 erat
1593 1941 1777 2001 pecu-

259 2015 413 2075 niam
440 2015 520 2075 ad
551 2014 707 2074 illud
740 2019 1005 2092 tempus,
1037 2018 1111 2076 Et
1138 2016 1425 2094 quamvis
1456 2016 1633 2076 Salas
1663 2034 1769 2074 nu.

259 2110 310 2167 1.
342 2107 566 2168 indicet
593 2106 1056 2166 detrahendum
1089 2126 1225 2168 esse
1256 2108 1492 2186 aliquid
1524 2126 1636 2186 pro
1672 2126 1780 2185 pe-

259 2199 459 2273 riculo,
511 2198 684 2278 quod
743 2200 1010 2277 pecunia
1060 2200 1168 2258 illa
1216 2201 1382 2279 apud
1455 2200 1778 2260 dominum

260 2292 435 2366 furto,
469 2292 565 2351 vel
612 2292 738 2351 alio
793 2291 981 2351 modo
1031 2291 1282 2369 periret,
1347 2311 1471 2353 non
1526 2293 1779 2352 videtur

261 2384 316 2444 id
350 2383 802 2444 considerabile
831 2402 965 2443 esse
994 2384 1056 2442 in
1080 2385 1345 2462 pecunia
1374 2404 1512 2464 quae
1542 2385 1778 2462 absque

261 2477 381 2537 aliis
408 2478 718 2555 expensiS,
767 2482 832 2538 et
868 2495 1100 2554 magna
1142 2496 1292 2537 cura
1339 2478 1634 2539 custodiri
1668 2496 1779 2557 po-

260 2573 385 2632 test.
443 2570 710 2641 Quando
758 2588 906 2629 vero
937 2570 1226 2629 dominus
1258 2589 1382 2629 non
1430 2574 1564 2631 erat
1609 2569 1778 2629 illam

261 2667 623 2738 servaturuS,
679 2663 1059 2722 servandum
1106 2663 1396 2743 estquod
1439 2663 1516 2722 de
1564 2666 1779 2722 mutuo

262 2755 431 2817 tritici
459 2756 698 2817 dictum
730 2760 841 2816 est.

335 2849 616 2909 Secunda
647 2848 978 2909 difficultas
1009 2853 1122 2923 est,
1157 2848 1408 2928 quando
1439 2853 1689 2928 pactum
1710 2848 1781 2908 fit

267 2943 416 3021 quod
467 2949 762 3004 mutuum
813 2942 1116 3003 reddatur
1154 2943 1218 3002 in
1261 2943 1484 3002 eadem
1528 2947 1780 3002 moneta

267 3054 378 3113 qua
403 3035 727 3112 accipitur,
762 3054 840 3094 an
871 3035 948 3095 sit
987 3035 1282 3113 obligatio
1330 3034 1634 3093 reddendi
1670 3053 1781 3111 po-

266 3133 405 3203 stca,
434 3134 616 3188 aucto
649 3128 884 3203 valore,
919 3127 1179 3188 totidem
1210 3145 1454 3203 aureos,
1475 3146 1555 3188 an
1578 3127 1779 3187 solum

266 3221 547 3281 reddendi
577 3240 807 3282 aureos
839 3222 1115 3300 quidem,
1137 3221 1245 3281 sed
1269 3220 1595 3300 pauciores
1617 3220 1778 3279 adae-

267 3319 509 3392 quantes
540 3314 845 3389 valorem,
872 3332 1058 3392 quem
1090 3314 1262 3392 prius
1293 3313 1611 3374 habebant
1639 3313 1776 3391 plu-

268 3423 355 3464 res
381 3411 590 3467 mutuo
624 3406 889 3485 accepti.
923 3406 1156 3466 Molina
1182 3407 1236 3485 ἓ.
1274 3404 1542 3466 Secunda
1557 3405 1782 3465 conclu-

266 3496 359 3572 sio,
389 3516 568 3577 quem
611 3499 899 3577 sequitur
927 3498 1103 3559 Salas
1149 3517 1322 3558 num.
1354 3502 1413 3559 2.
1447 3497 1595 3559 satis
1624 3498 1779 3556 veri-

268 3590 528 3651 similiter
555 3591 780 3665 crcdit,
814 3597 964 3652 tunc
1007 3591 1196 3652 etiam
1244 3591 1611 3652 solvendum
1642 3608 1777 3650 esse

268 3684 446 3743 solum
492 3685 677 3762 juxta
723 3683 994 3762 priorem
1035 3684 1336 3759 valorem,
1389 3682 1778 3743 detrahendo

269 3776 336 3835 de
363 3795 610 3837 numero
671 3780 1064 3836 monetarum
1101 3782 1509 3854 augmentum
1552 3774 1779 3835 valoris

270 3869 428 3929 novi:
461 3870 604 3948 quia
618 3868 936 3928 verbailla
967 3869 1152 3946 pacti,
1189 3869 1303 3927 nisi
1332 3868 1500 3928 aliud
1531 3869 1609 3928 de
1639 3885 1778 3927 con-

271 3962 627 4022 trahentium
682 3965 892 4021 mente
940 3965 1198 4032 constet,
1261 3961 1461 4021 solum
1491 3960 1781 4021 videntur

273 4054 461 4114 addita
491 4055 568 4113 ad
599 4054 745 4130 hoc,
777 4057 847 4114 ut
871 4054 1095 4114 solutio
1127 4072 1250 4113 non
1280 4054 1469 4114 fiatin
1502 4054 1623 4113 alia
1649 4071 1779 4112 mo-

273 4153 412 4206 neta}
450 4147 680 4224 specie,
716 4166 854 4224 quae
901 4147 1101 4224 magis
1149 4147 1358 4224 gravis
1386 4151 1493 4206 aut
1519 4147 1781 4205 molesta

273 4237 342 4297 sit
364 4240 688 4300 mutuanti.
725 4240 896 4300 Circa
915 4239 1078 4318 quod
1098 4241 1437 4300 advertunt
1459 4257 1580 4298 non
1599 4256 1779 4316 posse

275 4329 325 4388 in
353 4337 591 4409 pactum
623 4332 873 4408 adduci,
908 4337 975 4392 ut
1003 4332 1278 4392 solvatur
1299 4333 1358 4391 in
1390 4332 1510 4391 alia
1533 4336 1780 4391 moneta

275 4422 510 4485 diversae
569 4426 833 4486 rationis
885 4425 1104 4485 rariori
1157 4430 1263 4486 aut
1317 4424 1579 4500 meliori,
1633 4425 1781 4502 quia

278 4514 381 4576 hoc
407 4523 562 4580 esset
591 4519 825 4578 addere
857 4536 1013 4578 onus
1045 4537 1276 4579 novum
1305 4518 1709 4579 mutuatario.

348 4610 512 4670 Circa
541 4611 659 4672 hoc
690 4615 895 4688 potest
930 4629 1064 4670 csse
1110 4611 1295 4672 tertia
1341 4610 1696 4688 difficultaS,
1729 4610 1782 4671 si

3292 264 3409 324 215

1880 442 2195 520 prohibito
2235 443 2447 504 valore
2490 444 2631 505 talis
2662 448 2955 519 monetae,
3015 462 3136 503 non
3170 441 3412 502 satisfa-

1880 534 2162 595 ciateam
2192 536 2493 596 solvendo
2529 556 2542 597 :
2579 536 2768 598 debet
2797 538 2961 596 enim
2994 534 3411 595 mutuatarius

1879 628 2118 687 solvere
2165 633 2484 688 monetam
2526 628 2681 690 tanti
2716 629 2965 702 valoriS‚
3028 627 3247 707 quanti
3278 630 3413 685 erat

1876 719 1983 779 illa
2013 737 2204 798 quam
2257 727 2633 799 acceperat:
2669 721 2719 781 si
2776 740 2926 800 ergo
2977 722 3111 801 jam
3158 724 3412 781 moneta

1877 812 1984 871 illa
2039 812 2280 871 nullum
2337 813 2527 874 habet
2574 813 2871 891 valorem,
2933 833 3055 875 non
3113 810 3413 873 satisfacit

1878 922 2008 964 suae
2040 904 2430 982 obligationi.

1959 997 2159 1074 Magis
2177 1001 2381 1074 potest
2404 998 2962 1077 dubitari,quando
2985 1002 3239 1076 pactum
3260 996 3412 1055 fuis-

1881 1092 1976 1149 set
2003 1089 2080 1149 de
2110 1090 2418 1151 solutione
2448 1092 2734 1151 facienda
2765 1092 2828 1150 in
2860 1091 3082 1151 eadem
3129 1095 3405 1164 moneta,

1879 1182 1966 1242 ita
1991 1186 2058 1241 ut
2085 1201 2199 1260 pro
2232 1187 2481 1243 centum
2530 1185 2736 1244 aureis
2781 1185 3053 1262 acceptis
3094 1182 3268 1243 reddi
3303 1182 3411 1241 de-

1878 1273 2071 1333 beant
2123 1276 2381 1335 totidem
2436 1276 2608 1336 aurci
2667 1275 2946 1353 ejusdem
3002 1275 3296 1336 bonitatis
3350 1279 3413 1335 ct

1878 1366 2195 1445 ponderis,
2231 1386 2305 1425 an
2340 1368 2654 1447 prohibito
2684 1368 2896 1429 valore
2928 1369 3088 1427 illius
3116 1372 3405 1442 monetae,

1880 1459 2108 1520 debeat
2135 1459 2343 1519 adhuc
2372 1460 2646 1520 creditor
2673 1479 2812 1520 eam
2843 1466 3189 1538 acceptare.
3225 1460 3411 1520 Affir-

1877 1551 2335 1611 matMalderus
2353 1552 2515 1613 dicto
2531 1571 2668 1631 cap.
2692 1555 2793 1614 ΙΙΙ.
2815 1553 2884 1613 de
2899 1561 3117 1628 mutuo,
3139 1562 3193 1612 et
3232 1571 3411 1611 usura

1879 1644 2032 1705 dub.
2064 1661 2164 1704 xx.
2200 1644 2247 1703 si
2278 1646 2694 1706 mutuatarius
2741 1665 2866 1706 non
2896 1646 3114 1706 fuisset
3142 1646 3202 1704 in
3233 1663 3410 1704 mora

1877 1737 2182 1811 solvendi,
2229 1742 2566 1816 antequam
2612 1740 2878 1817 pecunia
2924 1739 3028 1798 illa
3057 1758 3093 1797 a
3129 1736 3409 1817 principe

1876 1829 2340 1907 reprobaretur.
2394 1832 2524 1890 Hoc
2571 1836 2778 1890 tamen
2836 1850 2958 1891 non
2986 1831 3235 1891 videtur
3280 1849 3407 1890 cer-

1875 1925 2034 1996 tum,
2069 1922 2290 1981 saltem
2320 1921 2373 1981 si
2418 1924 2686 1999 pecunia
2715 1927 2878 1984 esset
2907 1943 2982 1982 ex
3010 1923 3114 1984 tali
3145 1922 3409 1982 materia

1877 2031 2016 2093 quae
2049 2032 2121 2073 ex
2154 2032 2242 2088 se,
2290 2015 2529 2075 secluso
2559 2016 2767 2075 valore
2798 2016 3003 2094 legali,
3055 2015 3281 2074 nullius
3314 2014 3407 2076 vel

1875 2108 2003 2167 fere
2051 2108 2280 2167 nullius
2328 2109 2755 2169 aestimationis
2801 2113 3008 2172 esset:
3042 2127 3187 2168 nam
3233 2126 3408 2167 mens

1876 2199 2383 2261 contrahentium
2430 2219 2502 2259 ea
2531 2201 2780 2262 videtur
2811 2220 2966 2277 esse,
3017 2206 3085 2261 ut
3115 2202 3277 2261 intra
3304 2218 3407 2278 ge-

1877 2312 1993 2353 nus
2022 2293 2304 2371 pecunia}
2335 2312 2459 2353 non
2481 2293 2622 2369 alia,
2657 2295 2765 2354 sed
2795 2295 2895 2354 illa
2918 2294 3182 2373 pecunia
3210 2294 3406 2354 solva-

1875 2390 1978 2446 tur
2012 2403 2025 2447 :
2063 2386 2317 2464 quando
2366 2392 2573 2446 autem
2597 2386 2732 2465 jam
2762 2406 2872 2465 per
2900 2387 3405 2465 reprobationem

1877 2485 2039 2539 esset
2068 2483 2241 2537 extra
2271 2497 2468 2553 genus
2498 2480 2800 2556 pecuniae‚
2823 2498 2946 2539 non
2975 2479 3224 2540 videtur
3251 2477 3405 2539 solvi

1873 2575 2162 2631 mutuum
2190 2572 2491 2649 pecuniae,
2524 2572 2847 2647 reddendo
2879 2572 3045 2631 aliud
3079 2570 3247 2650 quod
3277 2589 3403 2629 non

1877 2668 1971 2725 est
1997 2663 2282 2741 pecunia.
2342 2664 2661 2742 Multoque
2718 2665 2923 2724 minus
2970 2664 3029 2724 id
3091 2664 3407 2723 sufficeret

1878 2756 2127 2836 quando
2161 2761 2412 2833 pactum
2457 2756 2605 2815 illud
2661 2756 2879 2817 fuisset
2907 2758 3141 2817 factum
3169 2757 3231 2814 in
3262 2773 3404 2833 gra-

1869 2849 2025 2913 tiam
2055 2848 2437 2925 mutuatarii,
2470 2851 2538 2908 ut
2566 2867 2688 2908 non
2720 2849 3103 2927 obligaretur
3124 2847 3201 2908 ad
3233 2864 3407 2925 quae-

1878 2941 2140 3000 rendam
2189 2940 2517 3018 pecuniam
2572 2942 2828 3019 majoris
2855 2942 3104 3016 valoriS,
3157 2940 3205 2999 si
3248 2941 3404 2999 forte

1878 3034 1982 3094 illa
2027 3034 2092 3093 in
2140 3033 2350 3093 valore
2407 3034 2805 3108 decrevisset,
2860 3035 2968 3093 sed
3024 3034 3408 3094 satisfaceret

1877 3126 2175 3188 solvendo
2192 3125 2451 3186 totidem
2474 3145 2763 3186 nummos
2782 3126 3060 3206 ejusdem
3082 3126 3360 3187 materiae
3389 3145 3401 3185 :

1876 3238 2125 3298 semper
2154 3224 2362 3278 tamen
2392 3219 2641 3280 videtur
2686 3221 2953 3299 supponi
2983 3220 3148 3298 quod
3180 3219 3408 3278 debeat

1876 3312 2139 3373 reddere
2162 3329 2486 3386 nummos;
2500 3313 2702 3390 posita
2719 3320 2922 3373 autem
2940 3312 3400 3390 reprobatione,

1870 3404 2004 3484 jam
2034 3404 2120 3463 illi
2165 3423 2288 3464 non
2335 3409 2479 3464 sunt
2527 3405 2762 3464 nummi
2811 3423 2923 3465 nec
2954 3405 3239 3484 pecunia,
3296 3403 3406 3463 sed

1877 3498 2199 3558 metallum
2243 3498 2524 3575 simplex.
2562 3498 2735 3558 Sicut
2762 3517 2909 3577 ergo
2942 3517 3065 3558 non
3090 3497 3406 3558 satisface-

1877 3596 1972 3651 ret
2017 3589 2343 3649 reddendo
2404 3591 2796 3651 tantumdem
2846 3591 3126 3669 ejusdem
3172 3588 3410 3649 metalli

1876 3702 1998 3743 non
2030 3683 2388 3760 sigillatum,
2425 3683 2570 3761 quia
2599 3683 2703 3742 illa
2732 3702 2854 3743 non
2886 3688 2979 3744 est
3008 3683 3293 3762 pecunia,
3320 3681 3405 3740 ita

1876 3794 1992 3836 nec
2008 3775 2413 3849 satisfaceret,
2434 3775 2632 3853 posita
2648 3776 3082 3854 reprobatione
3097 3793 3206 3853 per
3218 3791 3405 3852 quam

1879 3868 2143 3928 materia
2186 3868 2289 3926 illa
2334 3868 2652 3928 moraliter
2683 3868 2964 3945 privatur
3005 3868 3204 3945 sigillo
3237 3864 3405 3945 quod

1879 3960 2190 4031 habebat;
2248 3961 2506 4037 perinde
2538 3960 2703 4019 enim
2750 3981 2815 4020 se
2847 3961 3037 4020 habet
3066 3978 3138 4020 ac
3168 3960 3216 4018 si
3249 3962 3412 4018 esset

1878 4054 1999 4114 alia
2028 4053 2291 4112 materia
2320 4071 2445 4112 non
2473 4052 2761 4128 sigillata,
2784 4071 2925 4113 cum
2956 4052 3227 4130 sigillum
3246 4055 3409 4111 essct

1872 4146 2004 4225 jam
2036 4164 2146 4223 per
2198 4145 2698 4223 reprobationem
2743 4146 3064 4207 moraliter
3108 4143 3401 4204 deletum.

1877 4239 2223 4300 Dicendum
2254 4257 2401 4316 ergo
2429 4242 2577 4298 tunc
2608 4244 2771 4299 esset
2798 4237 2875 4298 de
2905 4243 3087 4317 pacto
3103 4237 3230 4312 illo,
3250 4236 3411 4297 sicut

1880 4333 1930 4391 si
1989 4335 2115 4392 tota
2163 4331 2260 4389 illa
2305 4330 2571 4408 pecunia
2624 4336 2993 4409 consumpta
3043 4331 3294 4404 fuisset,
3346 4332 3408 4388 et

1882 4443 2002 4484 non
2058 4423 2443 4484 inveniretur
2483 4424 2607 4483 ullo
2653 4424 2866 4501 modo,
2901 4442 3022 4503 quo
3066 4441 3212 4483 casu
3241 4425 3409 4481 certe

1880 4518 2128 4578 debitor
2155 4535 2279 4576 non
2327 4507 2610 4576 maneret
2636 4516 2813 4593 liber,
2860 4516 2969 4576 sed
2999 4515 3259 4576 debcrot
3288 4513 3410 4573 alia

1878 4609 2144 4690 pecunia
2182 4608 2575 4687 aequivalenti
2607 4610 2868 4671 solvere.

1960 4703 2192 4775 Quarta
2222 4701 2553 4761 difficultas
2609 4720 2743 4761 esse
2773 4705 3005 4779 potest,
3047 4719 3125 4761 an
3159 4700 3263 4779 qui
3294 4698 3410 4759 scit

1880 4799 2097 4873 postea
2124 4794 2531 4854 minuendum
2564 4813 2696 4854 esse
2727 4795 3003 4855 valorem
3033 4794 3172 4854 talis
3192 4791 3409 4852 mone-2
3457 4848 3531 4901 0¹¹3
3548 4847 3624 4890 “a
3639 4843 3753 4888 brevi

1880 4892 1984 4963 tae,
2018 4886 2214 4965 possit
2239 4887 2403 4948 licite
2435 4888 2743 4965 ignoranti
2772 4892 2834 4948 et
2859 4887 3090 4967 petenti
3121 4889 3407 4946 mutuum
3477 4899 3736 4943 minuendum

1884 4981 2034 5040 darc
2065 4999 2140 5039 ex
2195 4980 2320 5056 illa,
2374 4984 2444 5040 ut
2485 4980 2707 5041 liberet
2757 4999 2822 5040 se
2854 5000 2889 5039 a
2921 4981 3148 5039 damno
3197 4978 3409 5037 decre·
3459 4957 3756 5067 {fii‘ss‘ffiffiss

1882 5073 2073 5134 menti
2104 5072 2332 5132 valoris
2389 5073 2598 5148 futuri,
2659 5077 2720 5134 et
2764 5073 2957 5151 possit
2983 5076 3199 5149 postea
3227 5069 3413 5129 aliam
3461 5058 3759 5158 ζξιξζζξζῇἑξ

1884 5166 2214 5246 pecuniam
2257 5165 2512 5246 majoris
2540 5166 2770 5227 valoris
2800 5185 2838 5226 a
2868 5164 3246 5225 mutuatario
3268 5162 3421 5222 reci·

1885 5277 2032 5337 perc
2107 5260 2308 5337 Negat
2353 5258 2686 5320 Abulensis
2728 5258 2896 5337 apud
2928 5259 3104 5318 Salas
3149 5274 3320 5317 num.
3354 5258 3420 5320 3.

1886 5351 1983 5412 cui
2018 5369 2089 5411 ex
2144 5357 2317 5430 parto
2369 5353 2763 5412 consentiunt
2793 5351 2978 5413 Gabr.
3014 5350 3309 5429 AngeluS,
3365 5355 3426 5409 ct

1889 5445 1994 5506 alii
2040 5446 2209 5525 apud
2266 5446 2579 5522 eumdem,
2639 5446 2918 5507 dicentes
2965 5463 3098 5506 esse
3150 5463 3425 5521 usuram,

94 4740 144 4782 ,ἡ
174 4741 200 4781 ,ἦ
284 4703 647 4777 praecedente
670 4721 744 4762 eo
772 4708 956 4781 pacto
986 4702 1063 4762 de
1109 4703 1410 4763 solvendo
1446 4703 1509 4762 in
1558 4702 1780 4763 cadem

95 4793 233 4888 ἔξω
283 4800 526 4866 moneta,
558 4795 804 4857 interim
835 4801 1085 4855 moneta
1113 4796 1214 4855 illa
1244 4795 1673 4875 prohibeatur,
1699 4815 1781 4856 an

98 4907 228 4942 mu.
284 4885 590 4948 satisfaciat
617 4887 866 4948 debitor
892 4887 1189 4948 solvendo
1221 4887 1425 4948 adhuc
1447 4888 1508 4947 in
1531 4892 1782 4948 moneta

283 4976 397 5052 illa,
452 4983 512 5040 et
574 4981 847 5041 creditor
899 4985 1187 5042 teneatur
1228 4999 1366 5040 eam
1413 4981 1783 5059 acceptare?

283 5070 775 5151 Distinguendum
805 5078 934 5146 est;
991 5093 1136 5134 nam
1165 5074 1217 5132 si
1260 5079 1514 5153 pactum
1544 5073 1660 5133 fuit
1688 5092 1781 5134 so-

284 5160 396 5220 lum
423 5164 496 5224 de
533 5166 830 5227 solvendo
862 5167 924 5226 in
953 5166 1060 5226 illa
1110 5166 1318 5245 specie
1346 5172 1614 5227 monetae
1643 5166 1783 5227 tali-

283 5257 384 5330 ter,
412 5262 477 5317 ut
526 5258 815 5320 habenda
845 5264 1009 5320 esset
1053 5261 1212 5320 ratio
1256 5259 1621 5319 incrementi
1669 5264 1780 5320 aut

287 5344 634 5411 decrementi
667 5352 916 5424 valoriS,
961 5353 1041 5413 ad
1092 5352 1426 5412 solvendos
1457 5352 1784 5429 pauciores

287 5439 374 5499 vel
413 5442 608 5520 plures
646 5463 970 5523 nummosi,
1036 5451 1277 5507 certum
1325 5446 1573 5506 videtur
1618 5445 1785 5524 quod

3555 4721 3670 4782 128
