4263 6376
513 2471 809 2581 conutifflbglgat

602 4121 682 4180 64

504 4245 803 4395 3388.οὲιὶᾱὲἓῖ
854 4290 1227 4353 constituive
1274 4308 1400 4350 non
1429 4308 1616 4369 posse
1643 4336 1659 4367 ,
1708 4292 1827 4351 nisi
1856 4291 1920 4352 in
1956 4311 2025 4353 re
2054 4293 2384 4373 immobili,

504 4406 803 4511 οἱπὲᾌριῗέοκῑι
853 4388 962 4445 661
990 4401 1132 4463 quae
1162 4401 1274 4462 pro
1300 4383 1608 4444 immobili
1638 4383 1981 4462 habeatur,
2017 4391 2078 4448 et
2118 4405 2260 4466 quae
2310 4389 2389 4450 de

544 4512 758 4558 consumi.

838 310 957 371 358

2009 306 2112 367 DE
2153 304 2507 369 JUS'rl'rlA
2549 305 2653 369 ΕΤ
2692 304 2893 369 JURE

841 487 939 548 sat
983 483 1427 565 praesumptio?
1490 482 1832 565 Loquendo
1879 486 2091 545 autem
2133 483 2210 544 (16
2256 481 2376 544 hac
2472 485 2669 559 mant,
2693 486 2958 562 uterque
2979 481 3232 558 Molina‚
3254 482 3360 559 Sa,
3393 479 3713 557 Rebellus,
3747 475 4010 554 hessius,

841 579 1049 655 bulla,
1102 577 1293 657 aliqui
1320 576 1573 654 dicunt,
1625 576 2014 638 conditiones
2040 576 2282 657 aliquas
2311 576 2376 637 in
2473 576 2747 653 Medma,
2780 575 3089 652 Valentia,
3125 580 3189 637 et
3216 575 3343 651 alii,
3387 593 3546 655 quos
3576 576 3792 647 affert,
3826 575 3891 632 et
3929 588 4014 631 66-

846 690 920 733 66
950 674 1275 731 contentas
1319 669 1554 749 requiri
1598 670 1801 730 solum
1846 669 1911 730 in
1951 670 2087 731 foro
2119 673 2374 732 externo

847 764 929 824 ad
955 763 1277 825 vitandam
1305 763 1862 842 praesumptionem
1908 762 2227 842 injustitiae
2260 782 2273 824 ε
2313 762 2377 822 16

845 856 979 917 foro
1033 858 1247 916 autem
1287 856 1682 917 conscientias
1721 855 2000 917 validum
2046 874 2182 916 esse
2231 873 2381 917 con-

845 953 1136 1024 tractum,
1168 948 1222 1008 si
1249 947 1526 1027 alioquin
1548 947 1757 1028 justus
1784 949 1933 1026 fuit,
1966 968 2029 1011 v.
2062 968 2124 1027 g.
2159 949 2213 1010 si
2237 966 2381 1010 con-

848 1046 1085 1104 tractus
1114 1059 1238 1102 non
1268 1041 1387 1102 fuit
1413 1059 1625 1102 coram
1652 1041 1988 1104 tabellione
2018 1042 2219 1104 factus
2242 1086 2259 1118 ,
2294 1039 2383 1103 ita

846 1134 1130 1210 AzoriuS‚
1164 1133 1482 1211 Valentia,
1516 1133 1750 1196 Molina
1775 1179 1790 1209 ‚
1823 1135 2070 1196 Lessius
2094 1180 2109 1211 ,
2146 1136 2384 1194 Navar-

844 1246 975 1303 rus‚
1009 1226 1411 1304 ReginalduS‚
1445 1229 1508 1287 et
1534 1225 1658 1302 alii,
1682 1244 1838 1305 quos
1866 1228 2047 1288 affert
2064 1227 2384 1289 Bonacina

846 1320 985 1381 loco
1018 1319 1205 1381 citato
1227 1365 1242 1396 ,
1289 1318 1501 1379 dicens
1531 1337 1656 1379 non
1686 1338 1821 1379 esse
1851 1320 1915 1380 id
1943 1320 2381 1398 improbabile,

850 1416 914 1474 et
967 1413 1121 1473 alios
1167 1411 1375 1489 plures
1429 1411 1620 1473 refert
1666 1413 1841 1473 Salas
1887 1411 2053 1474 dicto
2085 1412 2234 1475 dub.
2267 1429 2380 1475 v11.

854 1506 976 1567 Alii
1003 1523 1152 1566 vero
1186 1550 1202 1581 ,
1260 1504 1486 1584 quibus
1515 1506 1831 1566 Bonacina
1860 1506 2196 1567 assentitur
2221 1552 2241 1579 ,
2293 1505 2389 1566 di-

852 1602 1025 1674 cunt,
1058 1597 1447 1659 conditiones
1470 1597 1605 1658 illas
1632 1598 1868 1678 requiri
1895 1602 1966 1660 ut
1992 1599 2258 1659 formam
2278 1644 2294 1676 ,
2327 1602 2390 1662 et

854 1710 1073 1753 earum
1125 1691 1374 1752 defectu
1401 1690 1609 1752 vitiari
1664 1694 2055 1753 contractum
2095 1692 2284 1753 etiam
2323 1691 2389 1753 in

853 1786 988 1846 foro
1017 1783 1451 1845 conscientiae:
1486 1783 1564 1843 de
1592 1802 1715 1864 quo
1743 1788 1957 1846 tamen
1987 1784 2257 1845 diximus
2287 1804 2391 1845 su-

852 1898 969 1958 pra
998 1879 1254 1956 agentes
1284 1876 1362 1936 de
1391 1877 1815 1938 contractibus
1845 1878 1909 1937 in
1938 1878 2278 1954 communi,
2308 1896 2389 1939 66

855 1990 929 2032 ex
973 1971 1222 2032 defectu
1263 1969 1674 2032 solemnitatis
1716 1990 1755 2030 a
1779 1970 2025 2048 legibus
2071 1970 2389 2050 requisitae

857 2063 1153 2125 vitientur
1182 2062 1373 2124 etiam
1401 2061 1460 2121 in
1492 2063 1627 2123 foro
1662 2064 2094 2140 conscientiae,
2129 2082 2210 2122 an
2239 2082 2389 2125 vero

858 2154 922 2215 in
950 2155 1084 2216 soro
1114 2154 1317 2215 solum
1346 2157 1599 2215 externo
1624 2200 1639 2232 ,
1691 2155 1799 2216 ubi
1836 2159 2112 2219 nostram
2141 2159 2392 2219 senten-

857 2248 1010 2309 tiam
1037 2247 1163 2308 late
1195 2247 1626 2324 explicuimus,

940 2341 1048 2401 His
1074 2340 1349 2401 breviter
1375 2341 1729 2420 suppositiS,
1762 2342 2136 2403 accedamus
2148 2343 2282 2424 jam
2311 2343 2392 2404 ad

860 2434 1136 2512 singulas
1165 2432 1552 2495 conditiones
1582 2433 2001 2512 explicandas
2045 2437 2134 2496 De
2164 2436 2393 2515 quibus

858 2532 1071 2589 tamen
1100 2526 1392 2603 adverte,
1426 2544 1551 2586 non
1578 2526 1922 2606 procedere
1952 2528 2068 2588 nisi
2099 2528 2163 2589 in
2193 2528 2395 2590 censi-

855 2620 1008 2698 bus,
1061 2620 1167 2699 qui
1212 2622 1533 2681 contractu
1588 2637 1850 2681 oneroso
1906 2622 2388 2700 constituuntur,

859 2732 985 2773 non
1013 2731 1160 2773 vero
1189 2712 1394 2788 iniis,
1438 2712 1546 2790 qui
1575 2711 1944 2790 donatione,
1991 2717 2386 2792 testamentO,

856 2806 958 2865 vel
984 2805 1105 2866 alio
1136 2804 1323 2865 simili
1354 2804 1527 2866 titulo
1558 2810 1871 2882 creantur,
1906 2807 1970 2866 in
2000 2807 2227 2886 quibus
2260 2808 2394 2889 qui·

854 2897 1009 2960 libet
1061 2902 1267 2976 potest
1321 2915 1386 2958 66
1436 2900 1624 2977 prout
1649 2899 1919 2962 voluerit
1946 2900 2225 2979 obligare
2250 2947 2265 2978 ,
2324 2906 2395 2965 ut

857 3008 1001 3050 cum
1033 2990 1167 3050 aliis
1197 2992 1370 3051 notat
1394 2990 1640 3051 Lessius
1668 3008 1840 3053 num.
1874 2995 1973 3054 96.
2033 2994 2110 3055 Ε1
2137 2995 2391 3071 quidem

859 3083 1190 3145 Pontifices
1220 3083 1325 3143 alii
1363 3086 1509 3146 ante
1542 3083 1720 3144 Pium
1748 3086 1822 3147 V.
1856 3087 2062 3147 varias
2092 3087 2395 3149 conditio-

857 3194 969 3236 nes
1016 3175 1482 3255 explicuerunt,
1533 3194 1690 3255 quas
1732 3177 1922 3241 refert
1959 3178 2207 3241 Lessius
2235 3179 2384 3245 dub.

855 3285 968 3331 ΧΠ.
1010 3288 1115 3330 66.
1149 3271 1248 3330 75.
1308 3287 1464 3348 quas
1526 3288 1652 3330 non
1707 3275 1954 3349 oportet
2007 3274 2386 3349 examinare,

858 3361 1006 3441 quia
1034 3361 1181 3422 licet
1207 3361 1252 3421 ii
1279 3361 1610 3424 Pontifices
1640 3363 2133 3442 declaraverint,
2166 3365 2390 3428 census

858 3473 1002 3515 cum
1033 3454 1109 3515 iis
1138 3454 1598 3516 conditionibus
1628 3455 1830 3518 licitos
1860 3476 2017 3534 esse,
2051 3459 2130 3519 de
2160 3460 2388 3539 quibus

855 3547 1003 3608 solis
1047 3547 1411 3626 interrogati
1456 3547 1740 3622 fuerant;
1792 3567 1918 3610 non
1958 3554 2171 3612 tamen
2218 3552 2392 3614 dixe-

854 3645 1022 3717 runt,
1055 3641 1130 3700 iis
1151 3640 1618 3703 conditionibus
1646 3641 2110 3721 deficientibuS,
2161 3645 2259 3706 vel
2290 3664 2390 3706 ea·

854 3752 996 3794 rum
1023 3733 1229 3813 aliqua
1250 3780 1266 3811 ,
1301 3752 1436 3795 esse
1463 3734 1747 3813 injustOS.
1809 3737 2013 3808 Quare
2039 3737 2161 3797 illae
2190 3738 2391 3800 solum

853 3827 1244 3889 conditiones
1274 3827 1672 3888 declarandas
1700 3830 1879 3903 sunt,
1915 3847 2073 3908 quas
2102 3832 2395 3909 apposuit

854 3921 998 3981 Pius
1028 3922 1103 3983 V.
1154 3923 1217 3982 et
1260 3919 1392 3980 sine
1449 3920 1676 4000 quibus
1732 3919 2076 3984 declaravit
2133 3941 2392 3985 censum

852 4011 1321 4089 foeneratitium,
1342 4016 1404 4075 et
1429 4012 1730 4092 injustum
1761 4014 2201 4076 aestimandum
2231 4034 2388 4078 6666.

931 4107 1140 4167 Prima
1169 4124 1317 4183 ergo
1347 4105 1618 4167 conditio
1649 4125 1686 4166 a
1717 4107 1821 4168 Pio
1846 4109 1920 4170 V.
1958 4108 2231 4170 adducta
2258 4109 2393 4171 haec

854 4202 948 4259 est
978 4218 992 4259 :
1036 4220 1065 4255 «
1093 4201 1383 4274 Censum,
1418 4216 1526 4258 seu
1556 4217 1836 4259 annuum
1866 4199 2137 4260 reditum
2166 4204 2387 4280 creari,

850 4480 1076 4538 natura
1103 4475 1421 4537 fructifera
1448 4475 1564 4552 sit,
1600 4480 1663 4538 et
1688 4495 1829 4555 quae
1860 4478 2239 4541 nominatim·
2259 4498 2388 4544 cer-

848 4570 927 4631 tis
976 4569 1204 4630 finibus
1258 4568 1588 4648 designata
1633 4569 1713 4631 sit
1739 4591 1766 4628 »
1810 4589 1825 4631 ε
1885 4571 2121 4644 Quibus
2170 4573 2387 4638 verbis

845 4662 1132 4724 Pontifex
1157 4661 1355 4724 voluit
1382 4661 1711 4723 excludere
1750 4680 1973 4724 census
2002 4682 2220 4726 omnes
2247 4684 2384 4746 per-

844 4755 1091 4816 sonales
1110 4799 1127 4833 ,
1170 4754 1272 4816 vel
1308 4754 1527 4816 mistos
1554 4774 1630 4816 ex
1655 4756 1972 4835 personali
1999 4760 2065 4819 et
2089 4757 2243 4819 reali
2262 4803 2279 4836 ,
2321 4763 2386 4826 61

840 4848 984 4910 ideo
1016 4848 1216 4910 noluit
1242 4848 1536 4910 constitui
1560 4867 1783 4910 census
1811 4849 1927 4911 nisi
1955 4868 2146 4929 super
2173 4869 2240 4912 re
2269 4850 2382 4911 im-

838 4942 1078 5019 mobili,
1115 4940 1293 5021 cujus
1326 4942 1714 5004 ususfructus
1740 4943 2022 5022 partialis
2048 4943 2290 5007 directe
2319 4947 2384 5009 et

837 5035 1135 5113 primario
1166 5039 1412 5097 ematur
1437 5036 1626 5097 modo
1657 5054 1846 5115 supra
1873 5037 2202 5115 explicato.

886 5125 1090 5191 'Circa
1119 5129 1281 5190 hanc
1319 5129 1743 5190 conditionem
1791 5128 2113 5191 dubitatur
2149 5130 2375 5209 primo,

836 5240 917 5281 an
946 5241 1108 5282 6666
1139 5240 1361 5283 666666
1397 5221 1594 5302 possit
1637 5239 1827 5300 super
1872 5222 1996 5283 alio
2022 5267 2038 5298 ,
2094 5223 2194 5283 vel
2241 5222 2378 5285 aliis

836 5315 1167 5376 constitui?
1194 5318 1440 5394 Negant
1464 5316 1710 5394 plures,
1744 5314 2088 5390 MolinaeuS‚
2124 5313 2375 5376 Cifuen-

2478 669 2688 749 quitur
2715 669 2886 729 idem
2916 670 3092 731 Salas
3121 687 3227 730 nu.
3256 671 3314 731 1.
3348 672 3412 729 et
3446 671 3506 728 2.
3543 669 3606 727 et
3631 663 3902 744 probari
3923 681 4015 741 po-

2476 766 2598 825 test
2617 780 2692 822 ex
2709 763 3009 825 Clement.
3030 760 3269 839 Exim't,
3303 779 3360 827 c.
3396 760 3655 841 Cumque
3675 776 3912 819 annuus
3935 776 4016 816 re·

2476 855 2652 933 ditus,
2671 855 2741 916 de
2761 854 3527 936 verborumsiqm‘ficatione‚
3561 853 3667 915 uhi
3701 850 3906 912 annui
3931 867 4016 910 re-

2477 948 2642 1010 ditus
2696 948 2859 1010 inter
2913 948 3080 1009 bona
3132 947 3485 1008 immobilia
3535 947 4010 1023 computantur.

2480 1043 2758 1120 Utraque
2775 1059 2924 1102 vero
2941 1042 3250 1102 sententia
3267 1039 3583 1101 conciliari
3610 1040 3837 1117 potest
3855 1034 4016 1114 juxta

2483 1152 2703 1195 eorum
2745 1134 3074 1195 doctorum
3120 1137 3433 1209 mentem,
3480 1130 3798 1205 dicendo,
3853 1146 4015 1207 posse

2483 1226 2791 1305 imprimis
2837 1227 3127 1289 constitui
3173 1243 3432 1287 censum
3473 1225 3535 1285 in
3565 1224 3692 1286 alio
3727 1240 3922 1283 censu
3947 1221 4017 1281 ir·

2484 1319 2820 1381 redimibili
2838 1365 2854 1396 ,
2889 1319 2998 1400 qui
3039 1319 3263 1381 merito
3293 1317 3456 1381 inter
3481 1319 3649 1379 bona
3675 1314 4017 1377 immobilia

2486 1417 2906 1492 computatur.
2966 1415 3105 1475 Non
3132 1430 3282 1474 vero
3331 1412 3395 1472 in
3434 1429 3626 1473 censu
3653 1406 4014 1482 redimibili,

2486 1504 2602 1567 nisi
2632 1505 2921 1567 venditor
2949 1524 3016 1566 se
3044 1505 3280 1584 obliget
3306 1522 3456 1565 casu
3496 1521 3620 1584 quo
3649 1521 3890 1564 census
3915 1500 4017 1577 hy-

2485 1598 2856 1678 pothecatus
2884 1599 3231 1660 redimatur
3251 1644 3268 1673 ,
3303 1597 3385 1657 ad
3416 1596 3762 1657 emendum
3794 1591 4015 1673 aliquid

2488 1691 2658 1753 aliud
2708 1691 3027 1752 immobile
3081 1691 3472 1752 fructiferum
3503 1736 3519 1767 ,
3571 1689 3750 1770 quod
3812 1686 4015 1747 eodem

2486 1786 2675 1846 modo
2733 1785 3076 1864 obligatum
3127 1789 3404 1848 maneat.
3477 1781 3782 1862 Alioquin
3817 1827 3835 1856 ,
3892 1797 4016 1840 cum

2486 1880 2659 1958 prior
2695 1896 2918 1939 census
2963 1878 3333 1939 redimibilis
3378 1876 3652 1955 extingui
3685 1873 3923 1954 possit,
3967 1876 4018 1933 et

2489 1973 2623 2050 ipso
2654 1972 2923 2034 extincto
2943 2018 2960 2047 ,
3018 1973 3224 2053 perire
3280 1970 3510 2032 debeat
3561 1987 3798 2030 census
3851 1983 4016 2045 sup&

2487 2065 2623 2144 ipso
2661 2064 3025 2144 imposituS,
3085 2069 3444 2125 remaneret
3494 2062 3852 2142 periculum
3904 2060 4018 2138 pal-

2486 2157 2684 2219 liandi
2714 2176 2957 2234 usuraS,
2979 2157 3148 2237 quod
3179 2157 3467 2218 Pontifex
3495 2156 3697 2216 vitare
3719 2153 3939 2227 voluit,
3966 2156 4016 2212 et

2488 2250 2693 2313 timeri
2721 2253 2946 2330 potest,
2980 2249 3231 2330 quando
3261 2268 3486 2311 census
3511 2253 3861 2328 perpetuus
3888 2244 4018 2305 emi·

2489 2349 2593 2407 tur
2620 2362 2744 2404 non
2772 2343 3144 2405 constitutus
3172 2343 3237 2405 in
3265 2362 3334 2403 re
3363 2345 3688 2421 perpetua,
3717 2340 3834 2400 sed
3863 2337 4016 2399 brevi

2490 2438 2790 2519 peritura.
2851 2437 3030 2498 Unde
3076 2455 3115 2497 a
3154 2435 3399 2497 fortiori
3453 2433 3751 2495 constitui
3811 2430 4021 2511 potedl

2490 2549 2711 2591 census
2737 2531 2802 2589 in
2830 2529 3092 2608 gabellis
3116 2574 3131 2605 ,
3172 2529 3270 2589 vel
3303 2528 3442 2588 aliis
3469 2526 3784 2588 reditibus
3815 2524 4018 2584 annuis

2490 2621 2807 2703 perpetuis
2830 2668 2846 2699 ,
2898 2640 3054 2701 quos
3094 2622 3312 2683 civitas
3342 2621 3438 2681 vel
3469 2618 3896 2681 communitas
3922 2617 4019 2676 ha-

2489 2717 2617 2792 bet,
2651 2715 2811 2776 sicut
2852 2714 3040 2775 etiam
3069 2714 3132 2774 in
3155 2714 3298 2794 jure
3327 2711 3716 2792 piscationiS,
3755 2711 3820 2770 in
3851 2710 4013 2785 silva,

2492 2812 2556 2871 et
2592 2808 2657 2868 in
2703 2808 2966 2869 macello
2991 2853 3007 2884 ,
3059 2810 3128 2868 61
3174 2807 3415 2868 notavit
3442 2806 3653 2866 Molin.
3688 2804 3860 2883 disp.
3891 2804 4014 2864 389.

2491 2907 2554 2963 et
2582 2901 2684 2961 alii
2714 2919 2857 2961 cum
2885 2901 3045 2980 ipso.
3104 2901 3173 2961 In
3209 2900 3429 2961 officiis
3475 2899 3662 2961 etiam
3714 2894 4018 2975 perpetuis

2489 2993 2865 3066 fructiferist,
2900 3010 3184 3053 nonvero
3215 2992 3278 3051 in
3310 2991 3533 3053 debitis
3561 2991 3700 3051 aliis
3733 3005 4018 3068 persona-

2488 3087 2672 3163 libus,
2704 3086 2802 3147 vel
2833 3086 3024 3147 etiam
3052 3085 3349 3160 realibus,
3386 3085 3536 3163 quia
3562 3083 3700 3143 haec
3729 3101 3860 3142 non
3891 3084 4018 3141 suut

2489 3180 2654 3242 bona
2682 3178 3026 3240 immobilia
3055 3180 3117 3239 et
3144 3183 3470 3257 perpetua,
3505 3175 3615 3237 sed
3644 3174 3925 3236 mobilia.

2568 3273 2901 3336 Dubitatur
2927 3272 3224 3348 secund0,
3246 3290 3327 3331 an
3346 3271 3482 3332 haec
3511 3269 3789 3330 conditio
3816 3265 4016 3347 requi·

2487 3371 2663 3429 ratur
2689 3384 2813 3427 non
2844 3366 3047 3426 solum
3075 3365 3154 3425 de
3175 3363 3317 3444 jure
3345 3364 3645 3444 positivo,
3695 3363 3808 3423 sed
3835 3363 4014 3423 etiam
4049 3411 4095 3453 Β

2488 3461 2568 3521 de
2592 3460 2733 3539 jure
2765 3462 3004 3519 naturae
3033 3457 3112 3517 ad
3135 3457 3443 3536 justitiam
3475 3474 3722 3517 census,
3783 3455 4014 3534 Negant
4049 3479 4084 3507 ι

2487 3553 2532 3613 11
2561 3551 2667 3632 qui
2693 3552 2932 3612 licitum
2960 3551 3178 3611 dicunt
3192 3569 3325 3610 esse
3349 3549 3582 3628 dejure
3610 3552 3853 3608 naturae
3882 3565 4014 3607 cen·

2489 3663 2629 3708 sum
2655 3644 3071 3724 personalem,
3105 3661 3260 3723 quos
3289 3643 3481 3704 refert
3510 3648 3572 3703 et
3598 3641 3881 3721 sequitur
3908 3641 4011 3700 Sa·

2487 3739 2582 3799 166
2609 3738 2776 3799 dicto
2808 3737 2958 3798 dub.
2994 3752 3106 3797 v11.
3141 3755 3203 3797 n.
3237 3739 3296 3798 4.
3334 3738 3397 3797 et
3423 3739 3484 3797 6.
3535 3734 3682 3814 quia
3708 3734 3763 3794 si
3791 3731 4015 3812 potuis-

2490 3835 2587 3894 set
2613 3828 2907 3892 collocari
2945 3846 3168 3890 census
3195 3829 3260 3889 16
3287 3828 3423 3889 6616
3450 3846 3721 3908 persona
3748 3826 4014 3886 vendito-

2490 3926 2597 4001 ris»,
2632 3943 2671 3985 a
2691 3922 2930 3989 fortiori
2959 3921 3188 4001 poterit
3214 3922 3508 3983 collocari
3535 3921 3601 3981 in
3633 3921 3854 3982 eadem
3883 3937 4011 3998 pen

2491 4035 2646 4080 sona
2668 4062 2686 4094 ,
2735 4021 2797 4078 et
2826 4015 2889 4076 in
2916 4033 2985 4076 re
3011 4015 3225 4094 aliqua
3250 4015 3501 4091 mobili,
3529 4014 3626 4076 vel
3658 4031 3785 4074 non
3812 4011 4010 4073 fmcti·

2489 4111 2645 4186 fera,
2662 4128 2787 4188 qua
2811 4113 3023 4171 tamen
3051 4111 3353 4188 pereunte
3383 4125 3509 4168 non
3542 4111 3754 4186 pereat
3780 4123 4005 4178 census,

2489 4203 2601 4265 sed
2628 4206 2884 4264 maneat
2918 4201 3125 4262 adhuc
3153 4219 3423 4279 persona
3451 4200 3727 4278 obligata
3756 4198 3834 4258 ad
3861 4199 4005 4260 6616-

2488 4297 2724 4359 tionem
2767 4293 3161 4375 pensionum.
3220 4293 3343 4355 Alli
3389 4312 3425 4353 e
3467 4298 3688 4354 contra
3713 4292 4006 4352 affirmant

2488 4388 2652 4450 hanc
2706 4388 3129 4449 conditionem
3180 4386 3418 4466 requiri
3459 4385 3539 4446 de
3577 4384 3719 4465 jure
3760 4391 3998 4444 naturae.

2486 4483 2580 4544 Ita
2624 4481 2857 4543 Molina
2907 4480 3074 4559 disp.
3114 4482 3254 4548 389.
3315 4482 3547 4546 Navar.
3612 4476 4000 4550 Philiamhus,

2486 4576 2680 4653 vega,
2713 4573 2956 4634 Ludov.
2988 4573 3218 4651 Lopez,
3251 4575 3314 4634 61
3341 4570 3477 4648 alii,
3513 4588 3676 4652 quos
3703 4571 3880 4632 affert
3904 4570 4004 4630 Sa-

2481 4666 2575 4728 las
2601 4665 2710 4727 ubi
2737 4685 2875 4744 sup.
2911 4684 2974 4726 n.
3001 4657 3070 4726 '3.
3105 4668 3169 4726 et
3193 4667 3258 4726 5.

2560 4761 2693 4838 Ego
2733 4758 2916 4839 juxta
2958 4761 3174 4819 nostra
3216 4756 3525 4836 principia
3564 4755 3870 4834 imprimis
3896 4755 4004 4817 exi·

2481 4852 2703 4928 stimo,
2754 4852 2944 4913 etiam
2974 4849 3219 4929 dejure
3248 4853 3490 4911 naturae
3526 4848 3802 4929 requiri,
3848 4847 4000 4929 quod

2480 4963 2705 5007 666666
2734 4943 3155 5006 constituatur
3196 4960 3387 5021 super
3425 4961 3496 5003 re
3543 4942 3758 5021 aliqua
3801 4941 3998 5004 fiucti-

2479 5038 2615 5099 fera
2646 5057 2659 5099 ε
2694 5037 2844 5116 quia
2870 5053 3015 5097 cum
3044 5034 3108 5096 16
3137 5033 3259 5097 hoc
3286 5037 3615 5097 contractu
3635 5053 3856 5096 census
3881 5051 3998 5095 rea-

2476 5130 2553 5192 lis
2598 5133 2845 5190 ematur
2890 5128 3149 5204 directe,
3204 5130 3266 5189 61
3316 5127 3617 5207 primario
3673 5126 3998 5188 dominium

2477 5223 2662 5296 utile,
2723 5241 2835 5284 seu
2889 5220 3281 5282 ususfructus
3334 5220 3559 5282 saltem
3599 5220 3873 5299 partialis
3914 5217 3995 5278 rei

2476 5315 2767 5388 censitoe3
2799 5331 3193 5392 consequens
3220 5317 3317 5374 cst
3341 5315 3411 5374 ut
3435 5312 3489 5374 si
3515 5331 3619 5374 res
3637 5313 3772 5391 ipsa
3796 5310 3993 5373 fiucti-

834 5409 949 5481 tes,
982 5407 1247 5469 Alvarus
1278 5409 1464 5484 Vaez,
1498 5409 1695 5486 Vega,
1730 5412 1793 5469 et
1820 5406 1927 5468 alii
1948 5452 1964 5483 ,
2000 5424 2157 5486 quos
2187 5407 2372 5474 affert
2468 5408 2603 5469 fera
2630 5425 2756 5469 non
2784 5407 2900 5483 sit,
2951 5404 3107 5467 nihil
3143 5422 3403 5485 prorsus
3431 5409 3711 5481 ematur,
3755 5402 3987 5484 quando

833 5499 1010 5562 Salas
1040 5499 1189 5561 dub.
1221 5516 1334 5577 vn.
1367 5519 1430 5570 6.
1463 5503 1523 5568 2.
1582 5499 1708 5564 Alii
1733 5499 1924 5566 etiam
1952 5501 2165 5590 plures
2194 5500 2367 5564 affir-
2465 5499 2601 5590 ejus
2628 5499 3017 5568 ususfructus
3046 5497 3294 5576 emitur,
3327 5497 3440 5561 sed
3468 5498 3701 5578 emptio
3726 5497 3862 5560 fleta
3885 5494 3980 5569 sit.
