4263 6376
1142 320 1609 383 DISPUTATIO
1654 318 1926 393 XXXVI,
1977 315 2250 378 SEGTIO
2294 315 2397 375 lv.

657 831 1063 916 §Bomio
1139 830 1248 912 lv.

217 1138 294 1199 De
314 1136 647 1217 obligatione
656 1135 914 1197 solvendi
924 1135 1164 1212 tributa,
1187 1134 1326 1197 etde
1348 1144 1587 1216 peccato
1614 1134 1722 1195 illa

701 1241 1195 1321 defraudantimn.

288 1511 421 1569 Haec
449 1512 541 1569 est
580 1508 904 1587 potissima
948 1508 1206 1588 quaestio
1254 1508 1316 1567 in
1371 1508 1723 1571 hac‘mate-

220 1603 300 1661 ria
322 1601 380 1661 in
410 1602 629 1662 ordine
657 1601 738 1661 ad
760 1601 1022 1679 praxim,
1056 1605 1285 1662 coetera
1316 1602 1482 1661 enim
1514 1603 1611 1662 vel
1642 1601 1724 1661 acl

221 1695 365 1755 solos
392 1694 700 1774 principes
729 1740 744 1770 ,
805 1712 1147 1774 eorumque
1194 1694 1613 1756 confessarios
1663 1699 1726 1757 et

222 1787 582 1848 consiliarios
610 1790 916 1865 spectant,
950 1789 1047 1848 vel
1076 1805 1242 1863 raro,
1278 1806 1504 1866 nempe
1532 1787 1725 1848 trien-

222 1881 322 1940 niis
347 1880 600 1959 singulis
619 1885 954 1958 petuntur:
992 1881 1125 1941 haec
1155 1884 1366 1942 autem
1394 1881 1477 1941 ad
1507 1899 1724 1942 omnes

220 1972 476 2033 subditos
504 1976 770 2052 spectat,
804 1978 866 2034 et
887 1973 1143 2052 singulis
1173 1973 1394 2034 diebus
1414 1975 1719 2036 occurrIt:

221 2068 274 2126 in
301 2085 417 2146 qna
443 2066 646 2145 prima
674 2066 985 2127 sententia
1015 2069 1106 2126 est
1135 2085 1373 2144 negans
1402 2067 1724 2145 obligatio-

220 2178 345 2219 nem
388 2159 449 2218 in
477 2158 867 2220 conscientia
908 2159 990 2219 ad
1039 2159 1339 2219 solvenda
1369 2160 1722 2239 vectigalia,

221 2252 321 2313 nisi
348 2255 658 2331 petantur.
692 2254 865 2312 Hanc
898 2256 1111 2313 tenent
1137 2253 1434 2330 Angelus,
1470 2258 1533 2315 et
1568 2255 1728 2314 Hen-

221 2346 318 2406 ric.
347 2345 512 2423 apud
542 2344 826 2406 Sanchez
869 2345 932 2406 d.
962 2363 1017 2405 c.
1052 2347 1154 2406 lv.
1192 2345 1340 2405 dub.
1376 2363 1419 2406 1.
1456 2365 1628 2408 num.
1662 2352 1722 2409 5.

221 2438 369 2498 idem
397 2441 566 2499 tenet
594 2440 910 2498 Navarrus
939 2457 994 2498 c.
1028 2455 1207 2499 xxm.
1255 2457 1367 2501 nu.
1399 2442 1500 2501 55.
1536 2445 1598 2501 et
1625 2444 1723 2503 60.

222 2531 355 2610 Beja
382 2537 442 2592 et
468 2530 761 2592 Duardus
790 2531 957 2609 apud
980 2531 1243 2592 Dianam
1271 2535 1439 2593 tomo
1464 2548 1509 2593 1.
1543 2538 1725 2596 tract.

221 2624 280 2685 de
301 2624 456 2704 leqib.
491 2643 617 2685 res.
654 2628 750 2685 19.
785 2628 847 2684 et
875 2624 1261 2701 probabilem
1285 2624 1570 2703 judicant
1590 2629 1730 2687 Les-

222 2718 335 2778 sins
363 2737 415 2779 c.
450 2719 728 2779 XXXIII.
763 2716 912 2778 dub.
948 2733 1085 2778 vm.
1121 2721 1413 2779 num.55.
1449 2724 1512 2780 et
1530 2721 1732 2780 Bona-

224 2811 349 2871 cina
373 2810 440 2872 de
466 2820 657 2871 contr.
698 2810 856 2889 disp.
893 2812 966 2871 11.
1002 2830 1063 2889 q.
1099 2827 1184 2875 lx.
1216 2816 1433 2889 punct.
1472 2816 1527 2873 1.
1573 2832 1634 2872 n.
1667 2816 1725 2874 3.

224 2904 382 2965 Unde
411 2904 787 2984 prenitentes
817 2921 943 2964 non
973 2920 1110 2963 esse
1141 2904 1459 2981 urgendos
1505 2904 1731 2966 invitos

224 2996 294 3056 ad
316 2996 770 3057 restituendum
798 2996 967 3075 quod
991 2996 1471 3073 fraudaverunt,
1507 2998 1736 3058 docent

224 3092 297 3150 Sa
320 3090 488 3151 verb.
519 3088 777 3169 yabella,
826 3108 930 3150 nu.
964 3093 1027 3152 6.
1060 3097 1123 3150 et
1148 3090 1463 3150 Malderns
1486 3090 1550 3151 in
1579 3109 1732 3168 prae·

223 3182 363 3245 senti
390 3187 577 3248 tract.
607 3185 683 3246 V.
718 3202 774 3244 c.
803 3201 884 3246 v1.
919 3183 1067 3245 dub.
1092 3200 1195 3245 xv.
1231 3183 1733 3247 Fundamentum

225 3277 545 3338 multorum
576 3281 690 3353 est,
724 3277 869 3357 quia
895 3279 1067 3356 leges
1092 3277 1467 3339 tributorum
1497 3282 1643 3339 sunt
1667 3283 1738 3340 ut

222 3371 279 3429 in
306 3371 637 3448 plurimum
667 3371 946 3449 poenales
965 3417 980 3447 ,
1022 3389 1163 3449 quae
1193 3388 1316 3430 non
1347 3370 1626 3449 obligant
1655 3371 1731 3431 ad

225 3463 474 3541 culpam,
505 3463 621 3523 sed
651 3463 732 3523 ad
761 3463 958 3524 solam
984 3481 1262 3542 poenam.

294 3557 614 3617 Contraria
666 3555 976 3617 sententia
1043 3556 1394 3617 communis
1462 3557 1736 3617 affirmat

226 3655 346 3708 esse
373 3649 561 3710 talem
588 3649 1034 3728 obligationem
1062 3649 1125 3708 iu
1146 3650 1282 3711 foro
1313 3650 1730 3710 conscientiae.

226 3741 407 3813 Quam
437 3746 655 3803 tenent
681 3741 964 3818 Gabriel,
1001 3741 1246 3804 Silvest.
1280 3742 1475 3822 Cajet.
1511 3745 1733 3804 Covar.

224 3834 491 3911 Medina,
527 3835 888 3913 Alphonsus
916 3837 1152 3911 Casti-0,
1200 3837 1406 3911 sotus,
1460 3836 1731 3898 Cordub.

225 3944 367 4004 quos
421 3929 604 3988 affert
658 3931 722 3988 et
765 3927 1047 4006 sequitur
1076 3930 1359 4006 Vasquez
1417 3929 1478 3988 d.
1538 3929 1594 4006 ξ.
1630 3929 1731 3989 111.

226 4019 362 4080 dub.
395 4037 464 4083 11.
498 4039 673 4082 num.
710 4023 806 4082 16.
844 4020 1072 4082 acriter
1112 4025 1176 4081 et
1216 4021 1339 4081 late
1392 4021 1562 4080 illam
1593 4039 1738 4101 pro-

225 4111 388 4188 banS,
421 4113 711 4174 eamdem
738 4118 956 4175 tenent
972 4116 1142 4174 LeSS.
1175 4113 1311 4174 loco
1342 4113 1551 4190 citato,
1586 4117 1739 4175 'Pur-

223 4204 423 4267 rianus
469 4206 632 4286 disp.
666 4223 828 4267 XLVI.
866 4206 1016 4267 dub.
1056 4210 1112 4267 1.
1146 4207 1375 4267 Molina
1402 4206 1560 4286 disp.
1594 4211 1732 4268 674.

228 4300 407 4377 Vega,
441 4300 730 4376 Graffius,
764 4300 1075 4360 Fernand.
1108 4299 1375 4378 Megala,
1408 4300 1733 4377 Ledesma,

228 4392 446 4454 Gutier.
482 4395 748 4469 Suarez,
784 4396 1084 4469 Navarra,
1121 4411 1280 4472 quos
1309 4395 1516 4469 affert,
1550 4397 1614 4454 et
1638 4411 1736 4453 se-

226 4483 423 4561 quitur
447 4486 647 4546 Diana
673 4485 810 4546 loco
843 4485 1053 4561 citato,
1088 4505 1125 4544 a
1154 4504 1277 4564 quo
1308 4504 1419 4565 pro
1452 4485 1740 4546 eamdem

227 4579 470 4640 affertur
498 4579 729 4642 Sanch.
762 4579 870 4639 lib.
898 4595 986 4640 vl.
1021 4580 1089 4643 in
1108 4578 1311 4640 Dec-al.
1348 4597 1402 4640 c.
1430 4596 1515 4640 ιν.
1554 4598 1613 4638 ιι.
1635 4582 1734 4640 62.

229 4671 341 4731 Sed
370 4673 599 4734 Sanch.
661 4671 747 4732 ibi
801 4672 1002 4733 solum
1059 4672 1334 4751 loquitur
1375 4671 1437 4732 in
1467 4690 1735 4750 genere;

230 4782 358 4824 nam
388 4766 452 4825 in
482 4764 840 4844 particulari
885 4764 1201 4843 loquendo
1233 4763 1311 4824 de
1341 4764 1586 4825 tributis
1610 4810 1625 4840 ,
1674 4769 1744 4825 ut

229 4876 381 4918 nunc
407 4863 592 4936 sunt,
642 4856 1026 4920 contrarium
1073 4857 1258 4918 docet
1294 4857 1457 4918 dicto
1486 4857 1627 4917 libr.
1662 4858 1736 4918 ΙΙ.

232 4949 395 5012 Cous.
441 4971 580 5032 cap.
615 4969 701 5013 ιν.
752 4951 901 5013 dub.
948 4967 1009 5010 x.
1052 4956 1123 5012 ut
1161 4950 1534 5010 videbimus
1595 4952 1743 5011 Haec

228 5043 500 5107 doctrina
530 5046 833 5124 probatur
857 5044 1059 5123 primo
1085 5089 1101 5119 ,
1144 5062 1220 5103 ex
1253 5043 1573 5121 Scriptura
1600 5062 1742 5121 sup·

230 5143 484 5214 ponente
541 5138 819 5198 debitum
868 5135 1262 5197 conscientiae
1285 5182 1301 5213 ,
1363 5137 1442 5195 ad
1491 5136 1737 5197 Roman.

231 5245 357 5308 xm,
387 5235 446 5292 6.
480 5230 617 5292 Ideo
645 5238 700 5291 et
719 5229 938 5290 tributa
952 5228 1249 5310 praestatis
1264 5248 1287 5289 .·
1315 5229 1571 5290 ministri
1593 5230 1743 5290 enim

229 5322 336 5383 Dei
356 5333 508 5402 sunt,
542 5325 602 5385 in
629 5323 736 5385 hoc
761 5324 947 5405 {psum
961 5323 1266 5384 servientes
1285 5343 1309 5384 .·
1337 5322 1583 5384 Reddite
1605 5343 1743 5404 erqo

230 5418 478 5478 omnibus
496 5417 708 5494 debita,
741 5418 839 5478 eui
861 5416 1163 5494 tributum,
1197 5416 1497 5494 tributum,
1557 5427 1614 5478 et
1652 5418 1750 5477 cui

232 5511 466 5592 vectiqal
478 5558 495 5589 ,
527 5511 775 5592 vectz‘qal
791 5558 808 5589 ,
842 5515 908 5574 et
942 5509 1154 5573 Matth.
1187 5526 1341 5576 xxu.
1368 5515 1467 5574 21.
1504 5510 1746 5574 Reddite

3219 307 3347 366 549

1812 513 1953 575 erqo
1972 512 2106 575 quae
2131 501 2269 552 sunt
2297 489 2551 553 Coesaris
2581 487 2818 551 C'oesari·
2831 495 2891 547 et
2915 503 3047 566 quoe
3076 491 3212 544 mut
3237 480 3355 542 Dei

1815 586 1971 649 Deo.
1998 585 2177 647 Ratio
2206 584 2396 645 etiam
2425 587 2520 645 est
2533 578 3200 660 clara,quia:trihntum
3219 592 3348 635 non

1814 680 2084 742 debetur
2109 681 2178 738 ut
2206 696 2414 757 poena,
2450 676 2562 737 sed
2590 671 3072 751 utlstipendium¹
3080 668 3224 749 jure
3245 685 3353 728 na-

1816 778 1973 835 turae
2025 771 2306 833 debitum
2350 769 2648 848 principi,
2693 766 2774 827 ad
2801 782 2985 826 suum
3015 766 3247 825 statum
3290 762 3355 820 et

1808 866 2056 927 -bonum
2122 863 2443 943 publicum
2497 859 2965 923 sustinendum:
3037 853 3352 935 quantitas

1818 976 1993 1034 vero,
2028 957 2147 1017 nisi
2168 961 2350 1034 pacto
2377 958 2627 1016 taxetur
2648 999 2664 1030 ,
2723 952 2913 1012 debet
2956 950 3097 1027 lege
3123 945 3347 1022 taxari,

1822 1069 1946 1131 qua
1974 1051 2113 1129 lege
2143 1049 2345 1127 posita
2374 1047 2672 1109 tributum
2710 1046 2977 1106 debetur
2996 1041 3138 1121 jure
3169 1042 3349 1100 natu-

1820 1163 1907 1205 ree
1938 1142 2225 1222 principi.
2278 1144 2476 1214 Quam
2522 1140 2829 1201 rationem
2876 1137 3002 1197 late
3046 1132 3355 1213 ponderat

1806 1239 2107 1315 <vasquez
2163 1238 2226 1296 et
2255 1233 2598 1295 confirmat¹
2611 1231 2896 1311 exemplo
2915 1227 3347 1289 decimarum:

1824 1348 1964 1410 quae
1993 1329 2055 1389 in
2085 1328 2469 1390 conscientia
2497 1326 2806 1387 debentur
2830 1320 3131 1384 ministris
3149 1318 3358 1380 Eccle-

1824 1422 1953 1498 siae,
1987 1424 2324 1500 postquam
2351 1419 2632 1480 Ecclesia
2656 1418 2829 1477 illam
2859 1431 3168 1477 summam
3186 1415 3356 1473 taxa-

1823 1516 1934 1591 vit,
1969 1533 2112 1575 cum
2147 1533 2220 1574 ex
2243 1513 2386 1592 jure
2418 1517 2657 1573 naturae
2687 1505 3219 1589 stipendiumillis
3249 1503 3359 1564 de·-

1822 1610 2047 1670 berent
2072 1608 2291 1668 fideles
2320 1606 2398 1665 ad
2420 1623 2641 1666 eorum
2661 1601 3201 1664 sustentationem.
3234 1599 3358 1660 Un-

1824 1702 1903 1761 de
1933 1700 2124 1761 ctiam
2154 1699 2455 1775 infertur,
2507 1716 2632 1758 non
2661 1697 2863 1757 solum
2893 1692 3194 1772 principi,
3245 1689 3358 1750 sed

1822 1793 2155 1873 publicano
2192 1792 2402 1863 etiam,
2436 1791 2544 1870 qui
2568 1788 2869 1850 conduxit
2895 1785 3210 1865 gabelIaS,
3245 1783 3358 1843 de-

1823 1887 1958 1948 beri
1987 1886 2209 1946 eodem
2238 1884 2427 1944 modo
2453 1930 2468 1960 ,
2520 1901 2662 1943 cum
2694 1882 2757 1941 in
2788 1897 2932 1940 eum
2960 1881 3160 1939 totum
3190 1874 3357 1953 regis

1818 1979 1923 2060 jus
1949 1998 2024 2040 ex
2056 1978 2472 2039 conductione
2503 1975 2874 2037 translatum
2903 1972 3004 2033 sit.

1907 2075 1971 2133 In
2007 2072 2128 2134 hoc
2158 2074 2388 2149 puncto
2407 2069 2618 2148 aliqua
2649 2068 2882 2127 debent
2907 2083 3044 2125 esse
3063 2065 3256 2139 certa,
3291 2061 3355 2120 in
3504 2057 3581 2117 39

1828 2165 2055 2246 quibus
2082 2182 2300 2225 omnes
2355 2161 2690 2223 convenire
2741 2159 3044 2218 debemus
3067 2203 3083 2233 ,
3144 2155 3356 2233 aliqua
3405 2182 3552 2246 ΜΨ,
3592 2185 3704 2224 cena

1826 2261 2089 2337 possunt
2119 2275 2254 2317 esse
2283 2255 2486 2332 magis
2514 2254 2729 2314 dubia.
2764 2252 2970 2312 Primo
2987 2250 3198 2328 itaque
3228 2265 3358 2308 cer·
3407 2239 3707 2293 P‘²¹”¹“¹²”¹¹¹²'

1826 2357 1962 2412 tum
1991 2355 2122 2426 est,
2186 2349 2420 2410 tributa
2446 2348 2677 2426 injusta
2711 2391 2727 2422 ,
2789 2345 2852 2404 in
2912 2342 3138 2422 quibus
3184 2341 3365 2402 deest

1828 2462 2019 2505 causa
2064 2443 2163 2503 vel
2210 2441 2547 2501 necessitas
2596 2438 2764 2517 justa
2814 2440 2883 2497 ιιι
2925 2436 3351 2514 imponantur,

1830 2537 1929 2597 vel
1959 2536 2171 2613 aliqua
2199 2534 2322 2593 alia
2350 2531 2626 2594 conditio
2676 2550 2750 2590 ex
2781 2547 2970 2608 supra
2992 2527 3351 2605 assignatis,

1830 2647 1957 2688 non
1985 2628 2201 2687 deberi
2230 2628 2293 2686 in
2325 2624 2726 2697 conscientia,
2763 2623 2948 2684 etiam
2981 2619 3233 2700 quando
3256 2637 3362 2698 pe-

1831 2725 2048 2782 tuntur
2070 2767 2086 2795 ‚
2149 2719 2265 2779 nisi
2316 2718 2476 2779 forte
2507 2718 2712 2779 solum
2742 2716 2866 2776 sint
2891 2714 3125 2794 injusta
3153 2711 3363 2792 quoad

1832 2832 2156 2875 excessum
2192 2832 2205 2872 ε
2258 2816 2408 2873 tunc
2436 2810 2604 2870 enim
2643 2809 2956 2870 debentur
2984 2805 3191 2886 quoad
3221 2821 3364 2863 eam

1831 2924 2145 2969 summam
2200 2906 2262 2965 in
2313 2923 2438 2984 qua
2468 2907 2613 2964 sunt
2635 2905 2809 2982 justa
2833 2948 2849 2977 ,
2910 2905 2973 2961 et
3003 2917 3123 2960 non
3157 2896 3364 2977 quoad

1832 3017 2186 3075 excessum,
2220 2998 2283 3058 in
2313 3015 2436 3077 quo
2466 2996 2598 3057 solo
2632 2998 2779 3056 sunt
2806 2995 3058 3073 injusta.
3122 2993 3366 3053 Secun-

1835 3094 1915 3155 do
1939 3141 1955 3169 ‚
2009 3096 2252 3154 certum
2298 3095 2393 3152 est
2419 3091 2654 3152 tributa
2675 3088 2847 3168 justa
2877 3086 3092 3147 deberi
3123 3084 3184 3145 in
3218 3101 3370 3145 con-

1833 3186 2094 3249 scientia
2144 3204 2217 3246 eo
2248 3183 2436 3245 modo
2467 3201 2591 3262 quo
2622 3181 2719 3242 lex
2750 3179 2991 3259 obligat
3021 3181 3090 3240 ut
3117 3177 3370 3239 solvan·-

1834 3286 1937 3343 tur
1969 3300 1982 3341 :
2027 3297 2222 3359 quare
2261 3279 2314 3338 si
2343 3278 2441 3337 lex
2473 3276 2710 3355 obligat
2736 3278 2805 3335 ιιι
2830 3274 3152 3334 solvantur
3180 3271 3369 3332 etiam

1835 3392 1958 3433 non
1991 3373 2185 3451 petita
2209 3417 2224 3447 ,
2285 3374 2349 3431 et
2375 3371 2473 3429 lex
2527 3369 2661 3428 haec
2683 3369 2854 3447 justa
2898 3366 3011 3441 sit,
3071 3363 3368 3442 obligatio

1836 3466 1955 3527 erit
1983 3467 2046 3525 in
2076 3463 2456 3526 conscientia
2486 3480 2560 3522 ea
2593 3459 2876 3522 solvendi
2906 3461 3247 3536 antequam
3267 3473 3372 3533 pe-

1834 3562 2049 3619 tantur
2081 3577 2094 3617 :
2130 3556 2278 3636 quia
2307 3556 2405 3615 lex
2435 3554 2674 3632 obligat
2700 3558 2764 3614 et
2792 3550 3170 3613 determinat
3198 3549 3368 3609 illam

1836 3667 2170 3722 summam,
2204 3667 2315 3728 pro
2336 3647 2647 3726 stipendio
2669 3645 2879 3706 debito
2908 3644 3047 3721 regi
3077 3642 3157 3703 ad
3188 3659 3371 3702 suum

1835 3746 2067 3804 statum
2096 3742 2399 3803 tuendum
2434 3756 2449 3802 ζ
2487 3738 2658 3819 quod
2686 3736 3068 3815 stipendium
3101 3733 3369 3813 populus

1837 3836 1987 3896 dare
2017 3838 2267 3895 tenetur
2291 3880 2306 3909 ,
2367 3850 2518 3912 rege
2546 3835 2798 3910 petente
2826 3849 2839 3889 ε
2876 3829 2926 3890 si
2957 3845 3109 3906 ergo
3136 3845 3245 3887 rex
3267 3843 3372 3904 pe-

1836 3930 1912 3990 tit
1937 3946 2049 4006 per
2076 3928 2280 4006 legeS,
2333 3930 2402 3988 ut
2445 3925 2726 3986 solvatur
2771 3924 3010 4001 absque
3058 3920 3181 3981 alia
3211 3936 3375 3979 nova

1837 4021 2137 4100 petitione
2158 4066 2172 4095 ,
2226 4019 2656 4098 unusquisque
2716 4015 2904 4076 debet
2955 4033 3034 4074 ex
3081 4031 3146 4073 se
3202 4012 3374 4072 illam

1837 4132 2150 4175 summam
2179 4113 2422 4173 solvere
2445 4158 2461 4187 ,
2518 4115 2589 4171 ιιι
2636 4108 2945 4186 contingit
2988 4107 3053 4167 in
3084 4104 3367 4181 decimiS,

1839 4225 1978 4286 quas
2032 4207 2094 4265 in
2125 4205 2504 4266 conscientia
2563 4208 2625 4265 et
2659 4221 2736 4262 ex
2769 4200 3011 4281 justitia
3039 4199 3369 4274 debentur,

1839 4301 2029 4361 etiam
2058 4317 2182 4359 non
2212 4298 2422 4378 petitae
2447 4343 2461 4372 ,
2515 4297 2664 4375 quia
2691 4294 2969 4358 Ecclesia
2998 4293 3138 4370 lege
3166 4309 3281 4351 sua
3308 4289 3370 4349 id

1838 4392 2198 4472 postulavit.

1919 4488 2075 4547 Tota
2105 4504 2256 4563 ergo
2292 4483 2626 4544 difficultas
2654 4485 2769 4557 est,
2804 4499 2881 4540 an
2913 4478 2992 4539 de
3013 4480 3177 4539 facto
3199 4478 3372 4554 leges
3519 4495 3598 4551 40

1837 4579 2221 4641 tributorum
2250 4578 2405 4638 tales
2451 4576 2614 4651 sint,
2668 4593 2810 4654 quas
2859 4572 3113 4650 exigant
3136 4568 3372 4631 tributa
3435 4619 3499 4661 A„
3520 4618 3698 4661 demo

1841 4673 1976 4733 dari
2008 4690 2046 4731 a
2075 4669 2340 4730 subditis
2369 4688 2443 4729 ex
2473 4687 2538 4728 se
2569 4666 2717 4747 ipsis
2736 4714 2752 4742 ,
2811 4669 2874 4726 et
2901 4664 3036 4725 sine
3068 4662 3188 4723 alia
3216 4660 3376 4739 peti-
3467 4672 3691 4735 ‹10an

1839 4767 2009 4827 tione
2036 4811 2051 4840 ,
2087 4767 2151 4823 et
2177 4782 2257 4823 an
2285 4763 2458 4840 leges
2488 4762 2573 4823 ita
2602 4763 2885 4839 petentes
2914 4757 3148 4817 tributa
3176 4754 3255 4814 de
3282 4754 3376 4815 fa·
3441 4738 3522 4769 ¹¹⁰⁰
3543 4730 3697 4780 ''⁶¹¹²'‘

1842 4863 1942 4920 cto
1974 4858 2061 4918 ita
2089 4857 2214 4916 sint
2234 4857 2421 4934 justae
2444 4900 2458 4929 ,
2492 4857 2563 4914 ut
2591 4852 2873 4930 obligent
2900 4850 2964 4910 in
2993 4845 3378 4909 conscientia

1842 4950 2124 5012 subditos
2172 4966 2315 5008 cum
2357 4964 2548 5008 onere
2578 4942 2949 5005 restituendi
2994 4940 3044 5001 si
3076 4958 3202 5000 non
3227 4939 3381 5000 obe-

1842 5045 2053 5118 diant,
2114 5042 2177 5101 in
2234 5057 2357 5120 quo
2402 5039 2590 5101 etiam
2630 5056 2755 5098 non
2785 5039 2882 5096 est
2909 5052 3034 5095 una
3063 5036 3126 5094 et
3154 5030 3375 5092 eadem

1842 5139 2170 5199 doctorum
2200 5132 2552 5194 sententia?
2579 5129 2787 5210 Aliqui
2815 5127 2984 5189 enim
3018 5125 3257 5188 dicunt.
3290 5124 3377 5184 le-

1842 5250 1953 5312 ges
1983 5228 2266 5307 obligare
2294 5226 2375 5286 ad
2398 5225 2539 5300 hoc,
2574 5228 2644 5285 ut
2661 5222 2949 5284 subditus
2976 5216 3374 5280 exindustria

1843 5344 1967 5385 non
1999 5322 2268 5384 occultet
2284 5337 2547 5394 merceS,
2578 5316 2678 5377 vel
2701 5314 3027 5376 fraudibus
3057 5316 3267 5374 utatur
3293 5310 3376 5371 ad

1842 5417 2209 5497 fugiendam
2249 5412 2465 5474 tributi
2493 5410 2903 5484 solutionem,
2955 5424 3079 5467 non
3108 5422 3258 5466 vero
3290 5404 3373 5464 ad

1845 5512 1965 5575 hoc
1993 5514 2063 5574 ut
2086 5510 2222 5587 ipse
2250 5509 2494 5587 quaerat
2519 5508 2874 5580 exactores,
2909 5501 3121 5581 eisque
3151 5501 3371 5580 sponte
