4263 6376
1169 307 1637 368 DISPUTATIO
1682 304 1871 380 XXV,
1920 305 2195 366 SECTIO
2239 304 2342 366 111.
3217 309 3331 367 173

248 484 460 557 Dices,
514 484 567 545 si
610 483 939 563 pecuniam
986 485 1204 544 mutuo
1238 501 1362 543 non
1393 480 1690 557 dedisset,

175 597 279 638 nee
308 596 370 637 se
413 577 754 654 obligasset
805 575 886 637 ad
942 595 1066 637 non
1121 574 1525 654 repetendam
1576 573 1694 633 hoe

174 689 347 743 anno,
394 669 718 731 habuisset
776 669 893 729 hoc
950 687 1111 728 anno
1168 672 1542 747 potestatem
1599 666 1698 725 lu-

175 763 379 823 crandi
404 810 419 839 ,
473 767 537 823 et
568 762 882 823 habuisset
929 762 1117 822 etiam
1147 779 1311 820 anno
1357 759 1643 839 sequenti
1678 778 1691 819 :

178 875 331 917 nune
358 861 571 917 autem
599 856 744 934 quia
774 860 991 916 mutuo
1033 854 1207 914 dedit
1235 872 1378 913 cnm
1409 852 1517 914 tali
1549 852 1698 912 obli-

176 950 415 1027 gatione
435 995 452 1023 ‚
490 947 747 1008 habebit
802 947 1056 1027 quidem
1112 946 1282 1007 illam
1339 946 1699 1007 facultatem

179 1060 331 1102 anno
375 1041 703 1120 sequenti,
756 1040 1009 1120 quando
1058 1044 1344 1100 mutuum
1391 1037 1695 1113 redditur,

182 1153 293 1195 non
321 1140 532 1195 tamen
555 1133 674 1195 hoc
702 1153 867 1193 anno
893 1154 908 1206 ;
945 1151 1093 1212 ergo
1119 1131 1415 1211 obligatio
1445 1130 1699 1193 carendi

183 1229 288 1288 hoc
313 1245 475 1287 anno
510 1246 633 1287 non
665 1231 1107 1306 compensatur
1128 1273 1144 1301 ,
1187 1225 1295 1286 sed
1330 1229 1541 1286 manet
1570 1225 1701 1285 sine

182 1320 295 1379 ulla
321 1319 744 1380 satisfactione
774 1318 895 1379 nisi
924 1337 1036 1398 pro
1068 1337 1142 1379 ea
1170 1318 1406 1397 aliquid
1434 1317 1702 1397 amplius

181 1412 366 1473 detur.
392 1412 852 1491 Respondetur,
887 1431 1012 1472 non
1043 1413 1248 1473 minus
1277 1410 1486 1471 valere
1518 1429 1703 1489 pecu·

183 1506 336 1564 niam
364 1504 679 1565 redditam
709 1523 874 1565 anno
905 1504 1193 1584 sequenti
1221 1522 1364 1565 cum
1394 1507 1703 1583 potestate

182 1597 378 1657 utendi
405 1597 512 1657 illa
541 1601 673 1658 toto
708 1602 987 1676 tempore
1019 1597 1343 1676 sequenti,
1378 1615 1566 1676 quam
1598 1615 1707 1656 va·

182 1692 258 1752 let
281 1690 544 1769 pecunia
575 1691 723 1752 data
752 1689 872 1751 hoc
919 1709 1082 1751 anno
1132 1707 1275 1750 eum
1319 1689 1499 1749 simili
1532 1693 1707 1769 pote-

183 1789 347 1859 state,
378 1783 489 1842 sed
519 1788 859 1861 utramque
890 1782 1251 1844 facultatem
1294 1783 1462 1862 apud
1500 1781 1709 1841 homi-

184 1895 282 1936 nes
307 1876 585 1954 reputari
614 1874 895 1955 ejusdem
926 1876 1179 1937 omnino
1210 1874 1707 1937 aestimabilitatis

184 1975 237 2030 et
263 1969 458 2046 pretii.
494 1968 679 2041 Quod
710 1967 965 2048 quidem
996 1968 1055 2028 in
1090 1968 1380 2028 omnibus
1411 1968 1546 2027 aliis
1574 1986 1709 2028 ma-

185 2062 335 2123 teriis
363 2062 698 2121 manifeste
728 2065 973 2122 constat
1004 2080 1018 2120 :
1052 2061 1102 2121 si
1132 2060 1300 2121 enim
1317 2060 1556 2121 vendas
1574 2060 1709 2120 fun-

185 2155 318 2214 dum
346 2154 443 2213 vel
474 2173 703 2232 agrum
738 2158 912 2213 tuum
944 2153 1127 2215 hodie
1148 2199 1163 2229 ,
1218 2153 1329 2214 das
1357 2153 1535 2213 illum
1564 2171 1707 2214 cum

185 2248 457 2307 facultate
489 2246 741 2308 colendi
770 2245 966 2322 illum,
986 2250 1048 2307 et
1067 2245 1449 2324 percipiendi
1473 2248 1709 2307 fructus

186 2340 289 2401 hoc
316 2358 476 2399 anno
506 2344 571 2400 et
600 2343 732 2400 toto
762 2343 1043 2419 tempore
1074 2339 1356 2418 sequenti
1384 2339 1472 2402 :si
1497 2343 1708 2399 autem

187 2453 296 2494 non
361 2432 600 2493 vendas
658 2451 879 2510 agrum
933 2431 1052 2493 hoc
1102 2450 1266 2493 anno
1291 2478 1307 2508 ,
1379 2432 1489 2492 sed
1545 2451 1709 2492 anno

186 2526 472 2605 sequenti,
511 2544 662 2585 cum
708 2525 1003 2586 facultate
1051 2524 1292 2585 colendi
1335 2524 1511 2584 illum
1553 2529 1712 2585 tem-

186 2639 318 2698 pore
343 2618 656 2698 sequenti,
691 2636 813 2678 non
847 2616 987 2677 ideo
1011 2617 1200 2678 debes
1223 2617 1439 2678 tollere
1471 2617 1709 2697 aliquid

187 2712 254 2772 de
280 2713 472 2790 pretio
494 2759 510 2787 ‚
558 2710 673 2772 sed
716 2710 873 2772 tanti
926 2714 1104 2790 potes
1158 2728 1382 2790 agrum
1435 2710 1711 2771 vendere

190 2825 334 2867 anno
361 2804 687 2883 sequenti,
732 2803 948 2884 quanti
978 2803 1097 2865 hoe
1125 2822 1289 2864 anno
1322 2823 1465 2864 eum
1493 2803 1712 2864 vendi-

190 2899 367 2958 disses
400 2919 413 2959 :
451 2917 578 2958 non
612 2915 763 2976 ergo
811 2896 1017 2955 minus
1046 2896 1213 2958 valet
1241 2896 1501 2957 facultas
1531 2902 1713 2957 uten-

192 2991 245 3051 di
271 3009 415 3070 agro
446 2995 580 3051 toto
611 2994 896 3068 tempore
925 2989 1232 3068 sequenti,
1259 3008 1446 3068 quam
1476 2990 1714 3051 valeret

192 3085 393 3145 eadem
421 3083 693 3144 facultas
722 3100 887 3142 anno
914 3082 1254 3161 praeterito,
1288 3082 1434 3142 licet
1461 3101 1586 3143 non
1608 3081 1711 3142 de·

192 3185 279 3239 tur
304 3177 485 3239 modo
519 3195 670 3238 cum
700 3175 994 3237 facultate
1015 3175 1114 3236 illa
1135 3175 1353 3237 utendi
1371 3195 1534 3237 anno
1557 3195 1712 3256 prae·

192 3272 378 3347 terito,
411 3289 557 3331 cum
590 3288 719 3349 qua
748 3287 900 3347 ager
928 3268 1110 3330 datus
1133 3269 1350 3330 fuisset
1376 3287 1539 3330 anno
1556 3288 1712 3348 prae-

192 3364 420 3425 cedenti
473 3385 487 3425 :
540 3362 825 3441 alioquin
871 3363 1083 3422 omnia
1130 3361 1297 3422 bona
1342 3362 1707 3439 immobilia,

194 3456 574 3536 quantumvis
604 3456 667 3515 in
716 3474 780 3515 se
811 3455 1049 3516 variata
1080 3459 1142 3515 et
1170 3473 1347 3534 aeque
1389 3455 1557 3516 bona
1583 3473 1713 3514 ma-

196 3556 413 3626 nerent,
446 3550 688 3609 debent
707 3548 1068 3608 decrescere
1086 3547 1363 3626 quotidie
1393 3548 1455 3607 in
1486 3547 1708 3626 pretio,

195 3644 324 3722 quia
352 3661 598 3722 semper
628 3641 980 3701 vendentur
1009 3659 1150 3700 eum
1197 3640 1422 3701 minori
1452 3640 1715 3701 faculta-

193 3742 268 3811 te,
299 3754 516 3815 nempe
535 3735 672 3795 sine
691 3734 983 3794 facultate
1006 3733 1085 3792 ad
1107 3732 1409 3794 utendum
1431 3737 1713 3812 tempore

198 3828 553 3907 praecedenti
574 3845 588 3891 :
610 3827 775 3906 quod
808 3832 1016 3887 tamen
1048 3830 1294 3886 constat
1313 3845 1446 3886 esse
1461 3825 1711 3902 falsum,

200 3938 322 3980 eum
351 3920 659 3999 predium
692 3937 942 3997 semper
970 3918 1236 3979 retineat
1265 3918 1574 3997 :equalem
1607 3938 1717 3979 va-

202 4013 411 4089 lorem,
446 4013 700 4092 quoties
744 4011 931 4072 datur
972 4030 1112 4071 cum
1160 4011 1455 4072 facultate
1502 4010 1719 4072 utendi

202 4110 312 4165 toto
342 4111 624 4186 tempore
656 4104 964 4183 sequenti.
1020 4105 1197 4165 Ratio
1231 4108 1440 4164 autem
1469 4104 1719 4163 videtur

202 4217 340 4274 esse,
370 4200 514 4278 quia
546 4198 802 4277 quando
834 4216 907 4257 ex
927 4203 1101 4277 parte
1130 4196 1429 4275 temporis
1457 4215 1718 4276 sequen-

203 4289 291 4366 tis,
319 4291 497 4352 datur
524 4310 677 4352 usus
707 4289 838 4349 sine
870 4290 1158 4367 termino,
1185 4307 1298 4369 pro
1323 4288 1512 4349 nihilo
1537 4308 1719 4366 repu-

204 4388 369 4460 tatur,
401 4383 570 4463 quod
605 4383 1040 4462 praecesserint
1082 4382 1216 4461 jam
1245 4381 1350 4442 alii
1379 4382 1548 4458 anni,
1583 4381 1721 4459 qui-

204 4474 304 4536 bus
353 4482 599 4555 emptor
656 4475 745 4535 uti
814 4494 936 4535 non
992 4475 1220 4553 possit,
1302 4492 1444 4535 eum
1514 4473 1721 4534 adbuc

204 4574 414 4630 restent
458 4574 552 4631 tot
601 4568 704 4628 alii
751 4568 930 4640 anni,
991 4568 1218 4647 quibus
1280 4566 1411 4646 ipse
1469 4570 1531 4627 et
1586 4564 1720 4645 ejus

206 4679 575 4722 successures
633 4660 874 4740 possint
935 4660 996 4719 in
1072 4664 1446 4740 perpetuum
1505 4658 1592 4719 uti
1654 4676 1720 4717 re

205 4752 315 4814 illa.

269 4847 385 4906 Nec
412 4846 617 4907 solum
644 4846 852 4907 locum
884 4845 1075 4907 habet
1114 4843 1491 4924 principium
1544 4843 1600 4903 in
1634 4862 1720 4904 εε-

205 4938 557 5015 stimatione,
585 4942 647 4999 et
664 4938 907 5017 judicio
936 4937 1283 5013 bominum,
1306 4936 1413 5015 qui
1433 4936 1559 4996 falli
1584 4954 1721 5014 pos·

204 5035 350 5105 sunt,
381 5031 488 5092 sed
519 5031 709 5092 etiam
739 5031 802 5090 in
824 5029 1063 5110 judicio
1094 5028 1287 5107 ipsius
1307 5029 1440 5105 Dei,
1466 5028 1571 5108 qui
1595 5027 1723 5087 falli

209 5140 313 5183 non
341 5128 573 5201 potest3
624 5124 677 5184 si
719 5123 887 5184 enim
929 5121 1118 5183 hodie
1161 5121 1465 5183 moriatur
1486 5121 1716 5202 justuS‚

207 5219 260 5274 et
285 5216 538 5295 accipiat
565 5217 828 5296 gloriam
842 5215 1024 5295 juxta
1049 5233 1163 5275 sua
1183 5215 1429 5289 merita,
1464 5220 1527 5275 et
1556 5231 1720 5273 anno

209 5309 489 5387 sequenti,
520 5310 620 5369 vel
650 5312 788 5389 post
808 5308 976 5369 mille
996 5325 1213 5384 annos,
1239 5307 1544 5368 moriatur
1564 5306 1721 5366 alius

210 5398 387 5477 justus
413 5420 555 5463 cum
587 5401 929 5482 aequalibus
967 5400 1203 5461 meritis
1224 5446 1240 5476 ,
1300 5418 1426 5460 non
1455 5397 1722 5477 accipiet

1793 478 2099 559 maj0rem
2138 482 2405 560 gloriam
2427 528 2441 557 ,
2489 481 2600 542 sed
2631 482 2939 561 aequalem
2963 528 2979 559 ,
3031 486 3093 543 et
3119 485 3332 543 tamen

1797 573 1967 652 prior
2010 574 2251 652 accepit
2293 574 2559 654 gloriam
2589 594 2731 635 eum
2760 574 3055 636 facultate
3087 575 3335 635 fruendi

1797 665 1892 725 his
1924 665 2091 725 mille
2120 667 2324 743 anniS,
2359 666 2584 747 quibus
2604 667 2704 727 ille
2726 667 3033 746 posterior
3062 667 3181 727 frui
3211 686 3336 728 non

1797 762 2020 836 potest,
2056 764 2246 838 atque
2276 760 2435 820 adeo
2465 761 2714 821 videtur
2733 760 2870 839 plus
2893 760 3130 838 praemii
3163 779 3336 820 acce-

1796 851 1961 931 pisse
1992 852 2253 929 primus,
2288 871 2478 932 quam
2506 854 2853 929 secunduS,
2888 873 3112 933 nempe
3142 854 3337 914 facul-

1797 948 1990 1006 tatem
2021 945 2268 1005 fruendi
2316 946 2517 1025 gloria
2552 950 2682 1007 toto
2715 952 2996 1025 tempore
3023 947 3331 1026 sequenti,

1800 1036 2176 1097 includendo
2209 1038 2321 1098 hos
2350 1038 2518 1099 mille
2549 1057 2745 1099 annos
2768 1085 2784 1115 ,
2832 1057 2944 1118 pro
2991 1039 3216 1119 quibus
3245 1058 3338 1099 se-

1801 1130 2042 1190 cundus
2070 1131 2429 1193 facultatem
2451 1131 2695 1193 fruendi
2727 1152 2850 1192 non
2875 1132 3115 1212 accepit
3142 1150 3155 1196 :
3191 1132 3338 1212 quia

1764 1226 2010 1316 ‘tamen
2040 1228 2303 1302 uterque
2349 1225 2592 1304 accepit
2636 1224 2999 1287 facultatem
3046 1245 3159 1305 pro
3205 1231 3336 1287 toto

1800 1319 2081 1395 tempore
2107 1317 2434 1396 sequenti,
2494 1317 2619 1378 imo
2663 1336 2775 1397 pro
2826 1322 2954 1381 tota
2993 1319 3337 1380 aeternitate

1802 1407 1934 1468 sine
1963 1409 2255 1485 termino,
2291 1413 2552 1490 uterque
2592 1416 2882 1473 censetur
2909 1412 3225 1490 accepisse
3255 1431 3339 1472 ω-

1804 1500 1985 1579 quale
2016 1500 2350 1580 proemium
2395 1521 2410 1563 ε
2460 1506 2704 1563 tantum
2751 1504 2918 1564 enim
2946 1504 3115 1565 valet
3140 1504 3341 1584 gloria

1805 1593 1953 1653 data
1983 1592 2170 1654 hodie
2201 1613 2312 1674 pro
2344 1597 2470 1658 tota
2500 1597 2846 1658 aeternitate
2878 1597 3108 1673 futura,
3142 1615 3341 1676 quan-

1803 1691 1936 1747 tum
1965 1685 2218 1747 valebat
2245 1686 2468 1746 eadem
2496 1688 2697 1766 gloria
2716 1689 2864 1750 data
2881 1708 3045 1751 anno
3062 1689 3333 1769 praeced.

1805 1782 1868 1838 et
1915 1782 2057 1839 ante
2104 1778 2273 1838 mille
2321 1797 2516 1839 annos
2563 1798 2705 1840 eum
2753 1782 2973 1842 eadem
3020 1782 3333 1844 facultate.

1807 1870 1983 1944 Quod
2021 1870 2188 1931 idem
2218 1876 2502 1933 servatur
2527 1872 2590 1932 in
2618 1893 2805 1953 poena
2831 1896 2843 1936 :
2878 1874 2927 1935 si
2959 1876 3124 1937 enim
3154 1875 3340 1936 hodie

1805 1963 2110 2024 moriatur
2157 1968 2451 2043 peccator
2497 1984 2639 2027 cum
2683 1967 3028 2046 oequalibus
3069 1966 3339 2047 peccatis

1808 2055 1886 2132 ei,
1921 2055 2026 2136 qui
2061 2062 2205 2118 ante
2237 2057 2404 2116 mille
2434 2077 2632 2119 annos
2660 2059 2993 2122 damnatus
3022 2065 3135 2138 est,
3171 2061 3338 2121 acci-

1808 2149 1936 2228 piet
1962 2149 2268 2228 aequalem
2299 2169 2551 2228 poenam
2575 2198 2590 2228 ,
2626 2171 2741 2213 nec
2769 2153 3037 2215 addetur
3068 2154 3214 2215 huic
3242 2173 3339 2215 se-

1807 2242 2011 2303 cundo
2042 2243 2181 2321 plus
2210 2242 2444 2322 aliquid
2473 2262 2677 2323 poenae
2697 2246 2778 2306 ad
2807 2247 3340 2326 compensandum

1809 2353 1920 2414 pro
1951 2334 2118 2394 mille
2149 2334 2328 2395 annis
2357 2336 2852 2413 praecedentibus
2875 2386 2890 2415 ,
2951 2340 3176 2419 quibus
3221 2341 3343 2420 pri-

1806 2448 1947 2489 mus
1973 2429 2229 2507 punitus
2258 2432 2370 2505 est,
2403 2430 2513 2489 sed
2535 2432 2774 2509 aequale
2795 2433 3048 2494 omnino
3069 2438 3345 2495 tormen-

1808 2527 1941 2584 tum
1971 2521 2230 2583 habebit
2250 2525 2513 2600 uterque
2537 2569 2552 2597 ,
2587 2524 2864 2603 alioquin
2893 2544 3142 2604 semper
3169 2526 3342 2588 dam-

1809 2615 1936 2676 nati
1966 2614 2340 2694 posteriores
2369 2614 2569 2693 magis
2597 2617 2985 2695 punirentur,
3020 2637 3208 2699 quam
3239 2639 3343 2681 an-

1806 2707 2140 2787 tiquiores,
2191 2707 2337 2767 licet
2378 2708 2669 2786 graviora
2709 2715 2966 2789 peecata
2995 2731 3121 2773 non
3151 2713 3338 2774 habe·

1808 2805 1949 2861 rent
1974 2820 1986 2860 :
2014 2800 2182 2879 quod
2207 2803 2370 2861 esset
2389 2800 2752 2862 absurdum.
2780 2804 2958 2865 Ratio
2988 2811 3198 2866 autem
3220 2809 3334 2882 est,

1810 2894 1955 2974 quia
1984 2893 2223 2972 aequale
2251 2893 2624 2973 supplicium
2656 2900 2769 2972 est,
2802 2903 2865 2959 et
2886 2899 3043 2960 tanti
3073 2898 3343 2960 aestima-

1808 2993 1909 3049 tur
1938 3005 2125 3065 poena
2154 2986 2340 3047 hodie
2370 2987 2606 3049 inflicta
2636 3007 2780 3049 cum
2828 2991 3206 3069 obligatione
3236 3010 3343 3072 pa-

1809 3079 2003 3141 tiendi
2033 3078 2202 3138 illam
2223 3078 2285 3138 in
2313 3083 2634 3157 posterum
2654 3082 2786 3143 sine
2803 3084 3091 3162 termino,
3126 3088 3344 3165 quanti

1808 3173 2030 3234 eadem
2075 3191 2265 3253 poena
2308 3178 2450 3234 ante
2494 3174 2733 3255 aliquot
2798 3196 2997 3240 annos
3039 3179 3342 3258 incipiens

1811 3286 1954 3329 cum
1984 3266 2206 3327 eadem
2235 3266 2635 3346 obligatione.

1890 3359 2069 3422 Unde
2097 3364 2360 3435 constat,
2395 3377 2583 3439 quam
2613 3362 2693 3423 sit
2720 3382 2938 3424 verum
2967 3365 3344 3445 principium

1810 3452 1985 3528 illud,
2018 3451 2188 3531 quod
2216 3470 2316 3512 res
2346 3453 2627 3531 ejusdem
2647 3456 3042 3532 perfectionis
3062 3459 3209 3520 data
3238 3459 3347 3521 ho-

1812 3545 1913 3605 die
1960 3563 2102 3605 cum
2150 3543 2442 3606 facultate
2497 3547 2707 3607 utendi
2759 3554 2888 3611 toto
2932 3555 3213 3630 tempore
3249 3572 3350 3612 se-

1814 3638 2028 3718 quenti
2057 3638 2189 3697 sine
2218 3638 2506 3716 termino,
2537 3638 2819 3719 ejusdem
2839 3643 2919 3705 sit
2947 3644 3174 3706 valoris
3203 3664 3346 3706 cum

1814 3732 1934 3791 alia
1963 3749 2031 3791 re
2062 3730 2248 3790 simili
2275 3777 2289 3806 ,
2323 3731 2422 3791 vel
2456 3750 2599 3792 cum
2629 3735 2851 3794 eadem
2878 3736 3027 3797 data
3054 3756 3219 3798 anno
3249 3758 3349 3797 se-

1814 3823 2028 3904 quenti
2075 3841 2222 3883 eum
2268 3824 2489 3884 eadem
2535 3825 2849 3888 facultate.
2923 3829 3059 3889 Dixi
3102 3849 3347 3911 semper,

1816 3916 2065 3995 quando
2099 3916 2284 3976 datur
2313 3935 2456 3977 cum
2485 3918 2781 3980 facultate
2804 3920 3016 3981 utendi
3037 3926 3165 3985 toto
3195 3928 3354 3985 tem-

1816 4027 1965 4088 pore
1997 4008 2279 4087 sequenti
2310 4008 2432 4067 sine
2461 4009 2706 4070 termino
2748 4030 2772 4071 .·
2821 4004 3070 4073 sienim
3099 4015 3356 4077 daretur

1816 4103 2017 4163 solum
2046 4101 2309 4161 facultas
2357 4102 2573 4163 utendi
2601 4122 2800 4183 usque
2848 4106 2928 4166 ad
2970 4108 3159 4168 talem
3188 4109 3356 4169 diem

1817 4199 2057 4255 certum
2079 4193 2175 4253 vel
2209 4194 2534 4271 incertum,
2561 4195 2670 4256 sed
2702 4202 2912 4258 tamen
2927 4199 3226 4278 futurum,
3260 4202 3353 4263 fa·

1816 4291 1973 4364 teor,
2008 4304 2130 4366 quo
2162 4286 2363 4365 magis
2392 4286 2571 4348 tarde
2602 4288 2881 4369 daretur,
2918 4296 2980 4352 et
3007 4311 3129 4372 quo
3161 4299 3353 4356 resta-

1817 4385 1913 4441 ret
1938 4379 2145 4439 minus
2175 4398 2371 4459 usque
2403 4380 2480 4439 ad
2512 4380 2691 4442 illum
2715 4383 3059 4445 terminum
3085 4433 3100 4462 ,
3135 4405 3208 4448 eo
3237 4388 3357 4448 mi-

1819 4491 1935 4532 nus
1964 4472 2213 4547 valoris,
2250 4476 2313 4531 et
2344 4472 2523 4550 pretii
2553 4473 2788 4536 babere
2818 4477 3007 4538 etiam
3038 4480 3207 4558 apud
3239 4480 3355 4542 ho-

1818 4565 2018 4624 mines
2045 4583 2181 4624 rem
2210 4565 2400 4626 illam.
2458 4566 2605 4628 Ideo
2649 4585 2919 4648 namque
2949 4590 3171 4633 census
3198 4574 3360 4635 vita-

1817 4657 1998 4718 talitii
2043 4656 2270 4717 minori
2318 4657 2519 4735 pretio
2568 4659 2757 4722 vendi
2824 4663 3026 4725 solent
3074 4666 3353 4744 senibuS,

1820 4767 2009 4829 quam
2039 4749 2562 4826 adolescentibus,
2598 4752 2743 4830 quia
2773 4754 3065 4816 nimirum
3096 4759 3358 4821 facultas

1820 4841 2203 4922 percipiendi
2234 4842 2473 4904 reditus
2505 4849 2638 4921 est,
2695 4846 2776 4906 ad
2823 4848 3159 4912 terminum
3189 4852 3353 4930 vitae,

1821 4940 1880 4995 et
1900 4934 2161 5013 singulis
2185 4934 2365 4995 annis
2390 4935 2595 4996 minus
2613 4939 2923 5002 facultatis
2939 4941 3142 5019 datur,
3170 4962 3358 5023 quam

1821 5027 1968 5087 data
1997 5027 2214 5088 fuisset
2236 5074 2250 5103 ‚
2284 5027 2337 5088 si
2365 5028 2657 5090 venditus
2685 5030 2903 5093 fuisset
2930 5051 3094 5095 anno
3122 5053 3360 5114 praeee·

1821 5119 2219 5181 denti.Vinea
2230 5120 2571 5200 etiam,quo
2592 5123 2790 5202 magis
2804 5124 2959 5186 vites
2975 5126 3056 5186 ad
3078 5132 3359 5190 senectu-

1818 5216 1945 5273 tem
1965 5216 2026 5273 et
2052 5212 2372 5274 interitum
2409 5215 2738 5292 accedunt,
2767 5217 2974 5277 minus
3005 5219 3191 5296 valet,
3211 5221 3359 5300 quia

1821 5306 2056 5367 fruetus
2071 5323 2196 5366 non
2213 5311 2356 5368 sunt
2370 5308 2792 5387 perpetui,sed
2816 5328 2927 5388 pro
2950 5315 3231 5391 tempore
3249 5313 3361 5375 de-

1818 5397 2174 5459 terminato.
2209 5398 2497 5461 Officium
2526 5400 2714 5461 etiam
2735 5399 2950 5464 datum
2981 5422 3093 5482 pro
3125 5405 3355 5469 decen·
