4263 6376
643 831 722 889 48

591 953 803 1007 Exceptio,

545 1008 705 1062 quando
722 1006 842 1048 uber-

566 1066 629 1102 tas
649 1061 819 1102 aliorum

599 1125 795 1156 annuorum

571 1171 823 1221 compensat.

654 4176 731 4234 49

630 4300 787 4349 Quanta

576 4351 721 4394 debeat
740 4366 834 4396 esse

559 4406 646 4448 haec
670 4408 851 4452 ubertas.

647 5187 728 5245 50

552 5309 648 5352 liaec
693 5320 847 5362 proee-

550 5361 720 5424 duni-do
756 5364 845 5403 solo

647 5427 739 5468 jure
776 5466 786 5477 ⁸

585 5480 805 5512 communi.

886 277 1005 337 452

886 453 983 510 ter
1011 466 1249 524 omnes,
1284 465 1405 527 quo
1435 463 1582 507 casu
1612 446 1814 506 coloni
1841 445 2057 524 pensio
2086 444 2429 505 minuenda

888 541 1158 615 videtur,
1185 539 1332 619 quia
1347 557 1473 599 non
1494 542 1589 599 est
1604 538 1786 600 solita
1809 538 2227 599 communiter
2246 556 2403 615 gran
2417 570 2431 583 ·

889 633 968 694 do
999 633 1061 692 in
1092 632 1210 692 hoc
1248 630 1484 709 praedio
1511 677 1526 707 ,
1576 631 1745 710 quod
1794 631 2022 692 sufficit
2066 634 2138 691 ιιι
2184 630 2431 690 dicatur

889 724 1180 786 sterilitas
1209 723 1479 784 insolita.

970 817 1291 896 Excipitur
1319 815 1594 876 secundo
1620 862 1635 892 ,
1687 815 1940 894 quando
1988 815 2243 876 ubertas
2281 813 2428 875 alio·

888 929 1030 970 rum
1059 918 1369 970 annornm
1399 908 1909 986 praecedentium,
1926 909 2023 968 vel
2043 907 2431 986 subsequen-

890 1003 1045 1064 tium
1076 1008 1442 1086 compensat
1463 1019 1574 1079 pro
1598 1001 1920 1063 sterilitate
1949 1001 2138 1081 hujus
2168 998 2337 1074 anni,
2364 1003 2432 1060 ut

891 1099 1134 1156 constat
1160 1114 1236 1153 ex
1266 1094 1429 1154 dicto
1461 1093 1662 1172 capite
1681 1093 1937 1174 Propter
1953 1093 2334 1167 sterilitatem,
2370 1095 2432 1152 et

891 1206 965 1246 ex
986 1187 1028 1251 l.
1061 1186 1169 1246 Ea:
1196 1185 1474 1246 conducto
1497 1232 1513 1262 ,
1547 1187 1609 1248 ff.
1645 1185 1854 1262 locati,
1907 1187 1948 1247 l.
1982 1185 2165 1261 Licet,
2199 1188 2265 1247 C.
2298 1183 2427 1246 eod.

891 1279 1079 1340 tituto.
1111 1279 1230 1341 Ubi

972 1372 1243 1433 Adverte
1273 1372 1475 1450 primo
1501 1417 1516 1448 ‚
1567 1371 1917 1432 ubertatem
1964 1370 2044 1430 ad
2087 1370 2256 1430 hunc
2286 1372 2429 1430 effe-

892 1469 1061 1527 ctum
1089 1483 1222 1525 esse
1260 1463 1491 1524 dehere
1519 1463 1783 1542 alicujus
1820 1462 1964 1524 anni
1994 1462 2431 1542 comprehensi

894 1557 956 1616 in
987 1557 1212 1618 eodem
1242 1562 1570 1617 contractu
1600 1555 1957 1627 locationis;
2003 1556 2054 1615 si
2084 1556 2250 1615 enim
2280 1554 2431 1615 fuis-

893 1653 989 1710 set
1035 1650 1289 1711 alterius
1327 1648 1655 1710 locationis
1684 1647 2016 1728 praeteritae
2036 1694 2051 1724 ,
2102 1649 2202 1707 vel
2250 1665 2428 1708 novae

893 1743 1141 1818 futurae,
1175 1760 1299 1803 non
1335 1741 1673 1819 impediret
1697 1741 2131 1801 remissionem
2160 1759 2431 1819 praesen-

893 1839 1019 1896 tem
1055 1854 1068 1895 :
1120 1851 1266 1893 nam
1292 1832 1448 1911 legis
1476 1832 1734 1893 intentio
1763 1833 2013 1893 videtur
2051 1851 2208 1907 esse,
2259 1838 2328 1894 ut
2356 1851 2431 1892 ex

892 1927 956 1986 vi
1003 1926 1190 2005 hujus
1232 1928 1592 1986 contractus
1640 1944 1765 1985 non
1818 1923 2047 1986 sentiat
2090 1924 2434 1986 conductor

894 2018 1195 2078 damnum
1223 2016 1372 2077 illud
1405 2017 1700 2078 notabile.

975 2109 1249 2171 Adverte
1278 2108 1552 2168 secundo
1574 2154 1589 2184 ,
1633 2108 1714 2169 ad
1746 2108 2177 2170 remissionem
2205 2110 2434 2171 facien-

897 2204 1044 2263 dam
1073 2202 1194 2263 hoc
1222 2219 1387 2261 anno
1420 2219 1543 2261 non
1594 2220 1728 2261 esse
1758 2203 2219 2281 expectandum
2246 2222 2437 2265 even-

896 2301 1030 2358 tum
1058 2294 1204 2354 anni
1225 2294 1565 2372 sequentiS,
1594 2294 1705 2353 sed
1731 2293 1932 2355 solum
1964 2295 2312 2357 ubertatem
2344 2315 2435 2356 se-

900 2392 1198 2468 quentem
1245 2387 1396 2445 dare
1425 2385 1683 2446 locatori
1706 2385 1810 2464 jus
1838 2388 2164 2464 repetendi
2193 2393 2436 2466 partem

899 2499 1089 2561 quam
1117 2480 1473 2552 remiserat;
1496 2482 1559 2539 et
1586 2477 1705 2538 hoc
1735 2480 2020 2557 quamvis
2040 2480 2156 2540 sub
2185 2481 2436 2541 nomine

899 2572 1278 2647 donationiS,
1305 2571 1404 2631 vel
1434 2569 1908 2632 condonationis
1936 2572 2267 2632 remissum
2296 2573 2463 2633 fuis--

901 2669 1015 2726 set.
1051 2668 1399 2743 Utrumque
1429 2681 1571 2724 cum
1603 2664 1920 2725 communi
1954 2664 2181 2727 docent
2208 2666 2438 2727 Melina

900 2775 1074 2817 num.
1105 2760 1164 2818 9.

982 2850 1226 2922 Quanta
1244 2851 1453 2908 autem
1481 2846 1710 2908 debeat
1738 2866 1873 2908 esse
1900 2848 2155 2912 ubertas
2175 2851 2439 2912 aliorum

901 2960 1210 3002 annorum
1273 2941 1353 3000 ad
1423 2940 1855 3000 remissionem
1929 2942 2434 3021 impediendam3

901 3035 1148 3095 omissis
1177 3033 1442 3093 aliorum
1468 3033 1791 3093 sententiis
1820 3052 1975 3112 quas
2002 3037 2186 3097 affert
2210 3037 2437 3098 Molina

902 3147 965 3188 n.
1002 3131 1097 3188 10.
1134 3125 1454 3202 existimo,
1498 3126 1677 3205 juxta
1705 3127 2129 3205 supradictam
2157 3128 2441 3208 regulam

903 3240 1043 3280 eam
1074 3238 1207 3280 esse
1236 3219 1467 3279 debere
1501 3265 1516 3295 ,
1576 3222 1646 3279 ut
1689 3221 2065 3297 computatis
2103 3223 2341 3282 semine
2380 3227 2443 3284 et

903 3313 1189 3391 expensis
1244 3312 1510 3372 aliorum
1565 3330 1874 3372 annorum
1931 3317 1995 3373 et
2036 3315 2441 3392 pensionibus

902 3406 1121 3467 solutis
1141 3451 1156 3481 ,
1208 3408 1454 3466 tantum
1487 3402 1733 3463 lucrum
1761 3407 2136 3467 remanserit
2163 3408 2438 3468 conduc·

902 3498 1045 3575 tori,
1079 3502 1150 3558 ut
1177 3496 1392 3558 addito
1421 3496 1523 3555 illo
1554 3497 1727 3556 lucro
1779 3496 1926 3556 huic
1957 3499 2301 3561 sterilitatis
2330 3519 2442 3559 an-

904 3609 1007 3666 n0,
1044 3589 1345 3649 damnum
1378 3606 1654 3666 praesens
1696 3607 1819 3647 non
1850 3588 1929 3650 sit
1957 3590 2230 3652 notabile
2255 3639 2270 3669 ,
2321 3591 2442 3653 hoc

903 3687 1035 3759 est,
1071 3702 1192 3744 non
1227 3685 1495 3759 cogatur
1524 3698 1690 3741 nunc
1719 3680 2066 3741 conductor
2093 3684 2335 3744 solvere
2366 3704 2439 3746 ex

902 3795 1015 3837 suo
1066 3776 1399 3854 plusquam
1455 3772 1778 3833 dimidiam
1828 3778 2070 3852 pai-tem
2126 3778 2442 3853 pensionis

903 3867 1228 3947 praesentis
1255 3888 1268 3928 :
1304 3866 1423 3926 hoc
1451 3866 1617 3924 enim
1646 3866 1834 3926 modo
1864 3864 2113 3927 videtur
2142 3868 2442 3931 damnum

902 3959 1294 4040 compensari
1355 3958 1740 4019 sufficienter
1794 3958 1873 4019 ad
1926 3958 2238 4021 intentum
2288 3962 2442 4042 legis

902 4054 1067 4113 hanc
1094 4051 1527 4112 remissionem
1559 4050 1982 4114 concedentis.

983 4145 1262 4224 Denique
1289 4143 1546 4205 adverte
1575 4162 1715 4203 cum
1747 4145 2027 4205 Filliucio
2062 4149 2135 4207 tr.
2163 4148 2437 4209 XXXVI.

903 4257 1041 4318 cap.
1076 4255 1170 4298 111.
1206 4257 1312 4298 nu.
1345 4239 1444 4298 51.
1480 4235 1614 4296 haec
1644 4236 1853 4297 omnia
1882 4237 2289 4315 intelligenda
2308 4259 2441 4299 esse

903 4331 981 4390 de
995 4331 1137 4410 jure
1168 4328 1507 4405 communi,
1534 4332 1596 4389 et
1614 4328 1870 4389 seclusis
1898 4329 2144 4408 legibus
2172 4333 2441 4410 peculia·

901 4423 1072 4484 ribus
1117 4423 1448 4496 locorum,
1490 4426 1598 4482 aut
1652 4422 2104 4482 consuetudine
2159 4428 2434 4503 recepta,

901 4533 1089 4595 quam
1108 4514 1288 4593 idem
1319 4513 1471 4573 dicit
1498 4512 1663 4572 hanc
1710 4531 1844 4572 esse
1875 4515 2327 4593 communiter,
2369 4522 2440 4579 ut

900 4607 1151 4687 quando
1182 4606 1337 4667 nihil
1356 4606 1457 4666 vel
1485 4606 1615 4665 fere
1655 4604 1807 4664 nihil
1855 4607 2199 4685 percipitur
2244 4627 2319 4668 ex
2369 4628 2435 4669 re

899 4699 1229 4775 conducta,
1255 4698 1470 4777 pensio
1501 4715 1625 4757 non
1647 4696 1963 4759 solvatur:
2000 4700 2254 4777 quando
2288 4719 2434 4762 vero

899 4792 1082 4854 tertia
1109 4792 1331 4852 saltem
1359 4809 1506 4869 pars
1536 4789 1847 4868 colligitur
1869 4836 1884 4866 ,
1934 4790 2089 4850 nihil
2140 4791 2436 4854 detraha²

894 4888 1017 4961 tur,
1043 4883 1154 4944 sed
1182 4886 1620 4959 compensetur
1649 4881 1933 4943 ubertate
1955 4883 2223 4944 aliorum
2247 4903 2436 4947 anno-

894 4995 1057 5054 rum,
1091 4994 1230 5055 quae
1260 4992 1404 5035 cum
1431 4974 1772 5052 contingit,
1805 4975 1956 5035 nihil
1978 4976 2298 5055 pensionis
2325 4996 2432 5039 au-

895 5069 1031 5148 geri
1060 5068 1218 5129 solet
1247 5085 1359 5146 pro
1387 5067 1684 5128 locatore.

977 5160 1307 5222 Dubitatur
1333 5160 1537 5233 tertie,
1570 5177 1652 5220 an
1681 5159 1843 5221 sicut
1870 5160 2161 5222 sterilitas
2196 5162 2432 5223 notabi-

895 5254 971 5315 lis
997 5253 1225 5314 minuit
1253 5252 1657 5331 pensionem,
1708 5253 1795 5313 ita
1840 5252 2093 5314 ubertas
2140 5254 2429 5316 notabilis

896 5348 1159 5426 alicujus
1188 5345 1335 5405 anni
1365 5345 1471 5406 det
1491 5344 1596 5424 jus
1623 5344 1882 5405 locatori
1912 5345 2202 5423 exigendi
2231 5347 2430 5428 majo-

892 5459 1029 5502 rem
1056 5438 1441 5518 pensionem,
1475 5456 1664 5518 quam
1694 5436 1964 5498 deducta
1992 5438 2196 5502 fuerat
2222 5440 2284 5500 in
2313 5459 2425 5520 pa-

2049 271 2156 330 DE
2196 268 2551 331 JUSTI'I'IA
2594 269 2694 328 ET
2715 267 2937 329 -JURE

2528 442 2740 504 ctum?
2771 443 3105 505 Affirmant
3131 441 3547 503 communiter
3570 438 3812 519 juristae
3838 486 3854 515 ,
3907 457 4066 519 quos

2528 538 2709 597 affert
2752 536 2899 596 Mol.
2934 553 3108 596 num.
3145 538 3241 596 15.
3294 538 3553 613 propter
3593 533 3930 611 paritatem
3961 550 4063 590 ra-

2526 629 2711 690 tionis
2734 674 2750 703 ,
2800 634 2862 689 et
2902 628 3050 707 quia
3076 628 3238 689 sicut
3264 628 3506 688 locator
3545 627 3735 687 sentit
3761 626 4067 684 damnum

2529 740 2600 782 ex
2633 722 2955 782 sterilitate
2985 720 3243 782 notabili
3289 719 3631 779 minuendo
3660 717 4063 796 pensionem;

2529 815 2610 875 ita
2643 814 2830 875 debet
2857 814 3085 875 sentire
3116 813 3516 874 commodum
3534 830 3609 870 ex
3640 811 3925 872 ubertate
3957 828 4070 869 no-

2527 906 2703 967 tabili
2732 906 2900 966 illam
2932 906 3241 984 augendO.
3290 906 3471 968 Unde
3500 905 3797 978 inferunt,
3832 903 3885 962 si
3918 921 4072 961 con-

2529 999 2753 1060 ductor
2779 998 3077 1077 suscipiat
3105 999 3168 1058 in
3197 1017 3262 1059 se
3294 1016 3473 1072 onuS,
3507 1002 3569 1057 et
3594 996 3944 1075 periculum
3974 1002 4071 1054 to·

2531 1096 2661 1153 tum
2694 1092 2774 1151 ad
2804 1110 2984 1151 casus
3018 1091 3308 1151 fortuitos
3333 1137 3348 1167 ,
3400 1091 3481 1151 ad
3526 1089 3820 1150 eumdem
3864 1088 4071 1148 solum

2529 1183 2759 1244 debere
2791 1189 3072 1261 spectare
3103 1183 3506 1244 commodum
3549 1188 3749 1244 totum
3779 1201 3853 1241 ex
3882 1181 4072 1239 uber-

2527 1282 2653 1337 tate
2686 1275 3200 1336 extraordinaria.
3235 1277 3391 1337 ltem
3410 1275 3571 1337 sicut
3598 1275 3892 1336 sterilitas
3928 1291 4072 1351 pro-

2526 1370 2784 1428 veniens
2831 1389 2904 1428 ex
2940 1368 3125 1447 culpa
3167 1368 3732 1430 conductoris'non
3762 1371 3949 1427 nocet
3980 1365 4072 1425 lo-

2529 1461 2723 1523 catori
2749 1507 2763 1537 ,
2811 1462 2900 1521 sic
2931 1478 3045 1521 nec
3073 1460 3423 1522 ubertatem
3452 1461 3756 1540 majorem
3786 1478 3862 1518 ex
3890 1458 4071 1517 indu-

2528 1555 2680 1614 stria
2707 1552 3106 1615 conductoris
3125 1552 3421 1632 prodesse
3439 1552 3694 1615 locatori
3717 1552 3799 1612 ad
3820 1551 4072 1630 pensio-

2528 1663 2672 1707 nem
2701 1645 3077 1723 augendam.

2609 1738 2767 1798 Huic
2796 1739 3113 1799 communi
3142 1738 3442 1800 doctrinae
3467 1737 3787 1799 adversari
3816 1737 4071 1797 videtur

2528 1836 2735 1893 textus
2765 1831 2827 1890 in
2856 1830 3021 1892 dicta
3051 1830 3188 1908 lege
3219 1831 3297 1892 Si
3335 1850 3571 1907 merceS,
3628 1831 3684 1908 ἕ.
3725 1829 3819 1889 Vis
3845 1829 4064 1909 major,

2532 1927 2595 1985 ff.
2629 1924 2822 1998 locati,
2859 1923 2967 1983 ubi
2998 1923 3226 1984 dicitur
3283 1940 3297 1987 :
3366 1945 3395 1979 <t
3422 1923 3734 1984 Modicum
3764 1923 4069 1983 damnum

2533 2034 2712 2096 oequo
2744 2016 2951 2076 animo
2981 2016 3144 2076 ferre
3174 2015 3364 2076 debet
3397 2015 3676 2091 colonus,
3710 2016 3807 2075 cui
3839 2015 4067 2074 immo-

2534 2110 2743 2170 dicum
2771 2109 3017 2170 lucrum
3049 2127 3173 2169 non
3203 2108 3553 2170 aufertur.»
3592 2111 3659 2168 ln
3678 2108 3904 2188 quibus
3938 2126 4070 2167 ver-

2533 2203 2629 2263 bis
2658 2206 2871 2282 aperte
2904 2203 3275 2280 supponitur
3298 2247 3313 2277 ,
3372 2201 3617 2261 lucrum
3663 2201 4069 2260 immodicum

2536 2300 2598 2356 et
2625 2293 3191 2355 extraordinarium
3230 2312 3304 2353 ex
3341 2312 3409 2353 re
3439 2295 3747 2356 conducta
3774 2298 3981 2362 totum
4012 2295 4067 2352 in

2536 2388 2726 2448 solius
2757 2386 3155 2448 conductoris
3201 2387 3531 2447 utilitatem
3579 2404 3751 2460 esse,
3811 2390 3877 2446 et
3931 2387 4068 2446 ideo

2537 2484 2846 2559 patienter
2876 2478 3106 2539 debere
3135 2478 3402 2539 tolerare
3426 2524 3443 2555 ,
3483 2479 3535 2538 si
3565 2479 3819 2558 quando
3851 2479 4067 2539 saltem

2539 2570 2808 2632 notabile
2839 2570 3279 2632 detrimentum
3312 2589 3437 2630 non
3464 2571 3762 2640 sustinet,
3810 2570 3878 2630 id
3906 2572 4070 2631 solus

2538 2665 2727 2725 etiam
2763 2664 2896 2743 ipse
2919 2667 3122 2724 totum
3150 2662 3448 2742 patiatur.
3485 2665 3690 2735 Quare
3714 2664 3950 2725 Melina
3970 2663 4069 2723 ubi

2537 2775 2727 2835 supra
2773 2759 2983 2834 putat,
3043 2772 3442 2814 communem
3490 2755 3663 2815 illam
3718 2754 4068 2816 doctrinam

2538 2867 2660 2909 non
2691 2848 2953 2924 intelligi
2982 2847 3062 2906 ab
3104 2847 3238 2926 ejus
3269 2847 3631 2909 auctoribus
3678 2847 3756 2907 de
3785 2848 4068 2909 ubertate

2538 2941 2927 3019 provenienti
2956 2959 3030 3000 ex
3052 2940 3192 2999 coeli
3222 2940 3552 3001 clementia
3593 2944 3658 3002 et
3685 2941 3832 3002 anni
3864 2941 4070 3001 fertili-

2541 3039 2686 3110 tate,
2720 3032 3005 3112 quamvis
3049 3030 3297 3093 bonitas
3342 3033 3562 3111 praedii
3603 3032 3685 3093 ad
3715 3034 3779 3093 id
3806 3034 4070 3093 multum

2539 3126 2946 3198 conduceret;
2980 3143 3095 3185 nec
3125 3125 3313 3185 etiam
3342 3125 3593 3204 quando
3623 3126 3943 3187 fructuum
3973 3145 4069 3185 va-

2538 3220 2633 3279 lor
2676 3219 2738 3278 in
2780 3220 2915 3278 foro
2964 3218 3229 3277 multum
3259 3219 3481 3290 crevit;
3543 3223 3605 3279 et
3641 3238 3716 3278 ea
3747 3220 4068 3280 occasione

2540 3311 2888 3372 conductor
2933 3310 3499 3371 extraordinarium
3550 3312 3795 3372 lucrum
3825 3331 3899 3371 ex
3928 3330 4071 3372 con-

2539 3404 2831 3464 ductione
2862 3408 3169 3482 reportat3
3203 3403 3313 3463 sed
3332 3403 3534 3463 solum
3556 3404 3840 3483 intelligi,
3875 3424 4070 3484 quan-

2539 3497 2620 3557 do
2668 3515 2743 3556 ex
2789 3515 2935 3556 casu
2984 3495 3236 3556 fortuito
3283 3501 3653 3557 accrescunt
3698 3497 3935 3559 fructus
3981 3497 4066 3557 rei

2541 3589 2887 3664 conductae,
2940 3592 3008 3648 ut
3048 3588 3098 3647 si
3128 3588 3489 3648 molendina
3518 3590 3640 3649 alia
3667 3589 4067 3650 inundatione

2538 3683 2974 3757 destruantur,
3014 3685 3077 3741 et
3102 3680 3244 3741 ideo
3272 3680 3703 3741 molendinum
3734 3683 3894 3762 quod
3925 3701 4069 3742 con-

2541 3775 2810 3850 duxisti,
2859 3773 3151 3834 omnibus
3193 3773 3273 3834 ad
3332 3773 3485 3834 illud
3532 3776 4064 3849 concurrentibuS,

2538 3869 2724 3947 longe
2755 3868 2894 3945 plus
2922 3866 3101 3928 solito
3130 3866 3426 3928 redderet
3451 3866 3628 3928 lucri.
3682 3870 4067 3947 Consequen-

2540 3966 2635 4022 tcr
2662 3965 2872 4020 autem
2901 3958 3134 4019 debent
3162 3959 3392 4035 dicere,
3420 3978 3741 4020 excessum
3760 3960 4067 4021 fructuum

2541 4053 2770 4113 debere
2801 4070 2936 4112 esse
2970 4052 3160 4111 talem
3186 4052 3264 4111 ad
3296 4052 3661 4129 pensionem
3691 4053 4064 4131 augendam,

2539 4150 2609 4207 ut
2636 4144 2847 4224 pensio
2878 4144 3188 4224 promissa
3233 4163 3356 4206 non
3403 4145 3696 4224 adaequet
3743 4145 4067 4205 dimidium

2538 4238 2716 4313 lucri,
2750 4236 3033 4297 deductis
3064 4236 3353 4297 omnihus
3384 4237 3672 4315 expensis
3719 4242 3781 4298 et
3807 4238 4063 4314 semine,

2539 4336 2656 4393 ete.
2693 4330 2852 4391 sicut
2895 4329 2973 4389 de
3021 4330 3343 4391 sterilitate
3391 4348 3429 4388 a
3475 4331 3790 4391 contrario
3832 4331 4065 4391 dictum

2539 4429 2651 4484 est.
2671 4423 2997 4483 Rationem
3028 4428 3239 4483 autem
3261 4422 3626 4484 differentiae
3644 4423 3807 4484 inter
3834 4428 4068 4484 utrum-

2536 4535 2659 4596 que
2706 4519 3113 4593 augmentum
3155 4515 3473 4575 fructuum
3513 4516 3779 4577 reddere
3809 4521 4069 4577 conatur

2534 4608 2784 4684 Melina,
2818 4625 2891 4667 eo
2923 4606 3091 4685 quod
3113 4607 3363 4686 quando
3385 4607 3622 4669 fructus
3652 4613 3955 4687 augentur
3984 4608 4068 4669 oh

2535 4700 2678 4760 anni
2711 4699 3116 4775 fertilitatem,
3150 4699 3419 4778 pretium
3444 4700 3762 4761 fructuum
3792 4702 3943 4761 solet
3973 4719 4066 4760 es·

2533 4811 2598 4852 se
2628 4792 2824 4852 multo
2852 4792 3082 4866 minuS,
3117 4798 3180 4853 et
3208 4792 3490 4871 iniquum
3539 4812 3675 4853 esse
3717 4795 3769 4853 si
3812 4799 4069 4872 propter

2531 4884 2851 4945 fructuum
2898 4883 3405 4961 multitudinem,
3457 4884 3562 4964 qui
3607 4890 3815 4946 tamen
3863 4885 4063 4945 viliori

2530 4978 2727 5056 pretio
2741 4976 3337 5056 venduntur,pensio
3355 4979 3641 5057 augenda
3664 4986 3849 5040 esset:
3865 4997 4071 5057 quan-

2529 5070 2609 5131 do
2639 5074 2849 5131 autem
2881 5088 2955 5129 ex
2984 5088 3131 5129 casu
3178 5070 3431 5132 fortuito
3476 5071 3716 5133 fructus
3761 5071 3938 5151 hujus
3972 5072 4065 5130 rei

2529 5162 2854 5223 conductae
2885 5161 3092 5239 plures
3121 5167 3285 5239 sunt,
3319 5163 3478 5224 ratio
3511 5165 3863 5241 postulatut
3889 5164 4066 5223 loca-

2528 5258 2628 5316 tor
2656 5255 2765 5334 qui
2821 5254 3122 5314 damnum
3168 5274 3245 5314 ex
3287 5273 3436 5315 casu
3484 5256 3743 5318 fortuito
3774 5256 4057 5330 sentiret,

2530 5348 2757 5408 sentiat
2783 5351 2846 5408 et
2874 5347 3296 5408 commodum.

2606 5443 2755 5500 Haec
2798 5444 3012 5500 tamen
3065 5440 3225 5501 ratio
3274 5458 3398 5501 non
3443 5443 3650 5519 potest
3676 5441 4057 5517 satisfacere,

4107 1862 4210 1905 And

4105 1971 4210 2026 dasii}
