4263 6376
890 299 1006 355 772

863 491 1016 534 vnon
1044 472 1197 533 dant
1223 474 1344 534 tale
1366 474 1507 552 juS,
1556 471 1673 532 nisi
1698 471 1823 532 sint
1849 470 2113 549 probata
2154 470 2219 529 in
2250 469 2423 547 judi-

888 565 1007 642 cic,
1038 567 1136 627 vel
1166 566 1289 626 sint
1315 566 1474 626 adeo
1521 564 1773 643 publica
1815 568 1884 625 ut
1927 566 2231 642 generent
2260 563 2421 622 infa-

885 659 1100 735 miam,
1138 677 1260 738 quo
1307 677 1454 719 casu
1503 657 1881 717 reducentur
1908 656 1988 716 ad
2038 656 2361 716 infamiam
2400 673 2413 714 :

886 751 1138 830 quando
1169 755 1379 812 autem
1408 769 1523 811 nec
1547 755 1691 810 sunt
1719 749 1990 829 publica,
2016 767 2133 809 nec
2155 749 2419 827 probata

883 843 947 903 in
969 843 1245 922 judicic,
1298 862 1418 904 non
1465 841 1618 903 dant
1665 840 1863 920 judici
1913 842 2017 919 jus
2052 861 2064 901 :
2102 841 2221 900 hoc
2250 840 2416 900 enim

882 936 1171 1013 provenit
1197 935 1277 995 ab
1324 934 1588 1010 indiciis,
1649 938 1956 1013 quatenus
2005 933 2140 992 haec
2180 932 2416 993 faciunt

880 1028 1137 1107 aliquod
1166 1047 1364 1107 genus
1406 1027 1794 1106 probationis
1817 1075 1832 1102 ‚
1885 1026 2054 1105 quod
2095 1025 2325 1086 excitat
2354 1028 2415 1086 et

879 1126 1184 1200 provocat
1222 1120 1503 1200 judicem
1551 1120 1629 1181 ad
1682 1119 2217 1199 progrediendum
2255 1117 2414 1177 ulte-

878 1213 1029 1288 rius,
1063 1232 1187 1273 non
1215 1217 1422 1292 potest
1448 1215 1658 1273 autem
1679 1212 1874 1290 judex
1906 1210 1984 1270 ab
2015 1210 2264 1270 indiciis
2293 1209 2412 1269 hoc

869 1304 976 1385 jus
1005 1305 1311 1383 accipere,
1346 1305 1464 1364 nisi
1496 1305 1549 1365 ei
1580 1303 1845 1382 probata
1873 1303 1997 1364 sint
2017 1302 2307 1382 juridice.
2346 1301 2413 1362 Si

874 1402 1085 1458 tamen
1117 1398 1254 1459 testi
1287 1403 1528 1459 constet
1555 1397 1806 1458 aliunde
1837 1397 1973 1456 haec
2002 1395 2237 1455 indicia
2267 1413 2412 1473 pro-

872 1490 1023 1550 bata
1053 1509 1186 1550 esse
1216 1490 1278 1550 in
1304 1489 1577 1570 judicie,
1624 1509 1748 1551 non
1796 1489 2000 1548 minus
2033 1487 2410 1566 obligabitur

873 1583 956 1642 ad
984 1582 1516 1662 respondendum,
1549 1582 1694 1643 licet
1725 1581 1845 1641 hoc
1875 1598 1996 1640 non
2031 1580 2404 1656 notificetur,

875 1676 1022 1753 quia
1050 1677 1185 1753 jam
1223 1675 1340 1736 scit
1370 1675 1650 1754 judicem
1686 1675 2075 1751 interrogare
2112 1672 2403 1751 juridice,

870 1768 1017 1830 licet
1047 1769 1165 1829 hoc
1211 1769 1265 1828 ei
1313 1768 1582 1847 juridice
1636 1786 1761 1828 non
1817 1767 2187 1828 intimetur:
2222 1765 2410 1826 debet

874 1875 1023 1939 ergo
1053 1861 1434 1939 respondere
1467 1860 1529 1921 in
1560 1860 1633 1921 iis
1665 1860 1933 1936 casibuS,
1966 1859 2029 1920 in
2061 1859 2288 1938 quibus
2318 1858 2406 1918 in-

871 1952 1032 2014 dicia
1061 1955 1326 2032 probata
1383 1959 1444 2015 et
1477 1952 1746 2033 juridIce
1791 1953 2108 2014 notificata
2150 1970 2295 2012 eum
2324 1951 2406 2012 ad

867 2046 1380 2124 respondendum
1414 2046 1783 2124 obligarent.
1820 2045 1976 2117 Quia
2005 2050 2218 2106 tamen
2236 2063 2406 2105 com-

867 2140 1141 2201 muniter
1170 2158 1293 2199 non
1323 2141 1568 2199 constat
1597 2138 1761 2214 testi,
1797 2138 1966 2218 quod
2003 2138 2235 2198 indicia
2264 2156 2405 2215 pro-

865 2232 1016 2292 bata
1071 2232 1194 2292 sint
1247 2232 1309 2291 in
1364 2231 1619 2310 judicio,
1680 2231 1794 2290 nisi
1837 2230 1957 2292 hoc
2005 2250 2082 2290 ex
2110 2248 2405 2309 processu

867 2325 924 2383 ei
956 2325 1346 2397 notificetur;
1407 2324 1548 2384 ideo
1600 2324 1822 2385 merito
1880 2324 2169 2385 doctores
2225 2323 2406 2383 aliter

867 2417 945 2476 de
1002 2416 1246 2477 indiciis
1275 2421 1337 2477 et
1381 2417 1458 2476 de
1514 2416 1772 2477 infamia
1795 2462 1811 2492 ,
1869 2417 2077 2495 quoad
2135 2416 2255 2476 hoc
2306 2417 2401 2476 lo-

867 2514 1166 2589 quuntur,
1227 2512 1373 2589 quia
1430 2509 1688 2570 infamia
1732 2510 2147 2570 communiter
2202 2508 2402 2568 aliun-

866 2602 944 2662 de
1000 2621 1191 2683 quam
1247 2621 1324 2663 ex
1374 2621 1672 2683 processu
1726 2603 1988 2664 testibus
2044 2602 2397 2677 innotescit,

865 2714 990 2756 non
1045 2715 1193 2756 vero
1237 2696 1407 2775 quod
1453 2695 1682 2756 indicia
1729 2695 1793 2755 in
1841 2694 2080 2774 judicio
2136 2694 2402 2772 probata

867 2789 1011 2850 sint.

946 2881 1148 2943 Infero
1178 2882 1398 2958 tertie,
1432 2881 1656 2943 merito
1688 2881 1875 2942 etiam
1906 2880 2194 2941 doctores
2224 2879 2401 2940 diffe-

865 2975 1133 3037 rentiam
1190 2993 1531 3054 agnoscere
1588 2975 1751 3035 inter
1802 2992 1980 3034 reum
2029 2979 2091 3037 et
2140 2978 2394 3048 testem;

731 3136 741 3146 ‚
868 3086 1006 3146 quae
1037 3068 1291 3146 quidem
1339 3086 1462 3129 non
1505 3072 1600 3130 est
1627 3067 1938 3143 formaliS,
1987 3072 2057 3128 ut
2104 3066 2394 3142 diximuS,

518 3135 817 3233 qufflssg’ff*
866 3160 976 3221 sed
1023 3160 1363 3221 materialis
1422 3179 1436 3221 :
1500 3161 1649 3241 quia
1689 3179 1832 3221 reus
1876 3179 1951 3221 ex
1981 3160 2111 3222 sola
2142 3159 2400 3221 infamia

531 3244 802 3350 ffigssffifff
866 3254 1258 3332 praecedente
1289 3272 1412 3314 non
1457 3254 1771 3332 obligatur
1816 3254 1898 3314 ad
1946 3253 2393 3329 confitendum,

545 3356 589 3394 0²
620 3356 784 3396 testem.
864 3365 1008 3407 cum
1038 3347 1142 3407 illa
1170 3348 1303 3408 sola
1344 3365 1466 3407 non
1518 3346 1707 3407 faciat
1734 3346 2143 3424 semiplenam
2170 3345 2400 3425 proba-

863 3439 1131 3500 tionem:
1166 3439 1376 3500 omnia
1406 3444 1615 3499 autem
1646 3438 1768 3499 alia
1798 3442 1864 3499 ut
1891 3438 2142 3515 indicia,
2179 3438 2397 3500 unicus

863 3533 1036 3593 testis
1057 3579 1071 3608 ‚
1125 3537 1242 3594 etc.
1298 3551 1438 3611 quae
1467 3531 1705 3593 faciunt
1732 3532 2139 3609 semiplenam
2171 3531 2397 3609 proba-

862 3625 1099 3687 tionem
1123 3672 1138 3701 ,
1192 3629 1253 3686 et
1284 3626 1561 3704 obligare
1590 3629 1851 3705 possunt
1889 3643 2067 3684 reum
2097 3624 2177 3684 ad
2208 3624 2397 3684 confi-

859 3719 1142 3795 tendum,
1178 3719 1410 3780 debent
1437 3737 1570 3779 esse
1601 3718 1864 3796 probata
1892 3718 1954 3778 in
1984 3735 2301 3796 processu,
2336 3723 2399 3778 et

860 3812 1040 3873 aliter
1084 3831 1207 3873 non
1254 3814 1406 3872 dant
1438 3812 1640 3890 judici
1678 3813 1784 3890 jus
1813 3811 1893 3871 ad
1923 3829 2100 3871 reum
2128 3811 2397 3872 interro-

857 3905 1136 3983 gandum
1185 3924 1197 3964 :
1247 3904 1435 3965 debet
1461 3922 1611 3982 ergo
1642 3903 2063 3964 cummuniter
2090 3921 2198 3963 reo
2232 3903 2391 3964 noti-

857 3997 1031 4057 ficari
1080 3997 1393 4077 quomodo
1442 3997 1506 4056 in
1535 4015 1831 4077 processu
1877 3997 1955 4056 sit
1985 3995 2270 4075 probatio
2301 4015 2391 4056 se-

854 4090 1132 4168 miplena
1185 4094 1404 4151 contra
1458 4090 1685 4168 ipsum.
1746 4088 1881 4148 Dixi
1917 4135 1932 4165 ,
1992 4089 2388 4166 communiter,

857 4183 1003 4261 quia
1024 4183 1076 4242 si
1103 4201 1210 4243 reo
1240 4182 1428 4243 etiam
1457 4182 1710 4242 aliunde
1753 4185 1922 4242 certo
1970 4186 2285 4242 constaret
2313 4182 2390 4241 de

857 4273 1201 4351 semiplena
1248 4274 1618 4352 probatione
1649 4274 1712 4333 in
1741 4293 2036 4354 processu
2087 4273 2390 4336 existente

856 4371 1072 4428 contra
1101 4367 1305 4443 ipsum
1329 4411 1344 4442 ,
1379 4385 1503 4427 non
1533 4368 1740 4427 minus
1771 4367 2155 4444 obligaretur
2184 4367 2261 4426 ad
2291 4386 2390 4427 re-

851 4459 1289 4538 spondendum
1312 4503 1330 4532 ,
1364 4460 1649 4538 quamvis
1678 4460 1813 4521 haec
1843 4460 2063 4521 notitia
2090 4460 2144 4518 ei
2168 4460 2388 4538 juridi-

851 4572 922 4613 ce
953 4572 1077 4613 non
1107 4551 1555 4627 notificaretur,
1588 4557 1846 4631 propter
1870 4553 2179 4614 rationem
2199 4571 2388 4632 supra

848 4645 1209 4707 adductam.

928 4739 1108 4801 Unde
1137 4742 1381 4802 constat
1414 4738 1603 4801 ctiam
1647 4738 1768 4799 alia
1798 4738 2148 4799 differentia
2174 4738 2382 4817 quoad

847 4832 967 4893 hoc
996 4834 1159 4894 inter
1187 4851 1363 4895 reum
1381 4836 1442 4894 et
1461 4836 1716 4893 testem:
1743 4832 1890 4911 quia
1914 4832 2107 4908 testiS,
2133 4832 2382 4910 quando

837 4925 1033 5005 judex
1062 4927 1348 5004 procedit
1373 4926 1474 4985 via
1504 4925 1918 4986 accusationis
1938 4971 1953 5000 ,
2001 4929 2251 4986 tenetur
2290 4943 2383 4984 re-

843 5019 1155 5097 spondere
1181 5065 1195 5096 ,
1225 5020 1276 5080 si
1307 5019 1463 5080 sciat
1492 5017 1788 5079 delictum
1819 5036 2001 5097 posse
2030 5017 2212 5095 plene
2243 5036 2382 5096 pro-

840 5112 998 5189 bari,
1031 5113 1177 5173 licet
1207 5131 1326 5173 non
1362 5112 1516 5172 sciat
1536 5112 1670 5190 jam
1700 5130 1834 5171 esse
1865 5111 2207 5189 semiplene
2240 5130 2381 5189 pro-

837 5208 1091 5278 batum;
1128 5206 1259 5267 haec
1279 5209 1489 5266 autem
1520 5205 1737 5266 notitia
1766 5204 1964 5283 plenae
1995 5203 2380 5282 probationis

836 5300 1148 5379 possibilis
1176 5318 1302 5361 non
1333 5298 1521 5359 debet
1547 5298 1604 5357 ei
1633 5318 1670 5358 a
1691 5297 1904 5377 judice
1934 5297 2090 5373 dari,
2116 5297 2228 5356 sed
2257 5296 2379 5356 suf-

835 5394 965 5456 ficit
993 5393 1041 5455 si
1074 5394 1248 5455 testis
1278 5411 1418 5453 eam
1447 5411 1522 5453 ex
1551 5411 1615 5451 se
1648 5392 1896 5453 habeat.
1950 5394 2030 5451 At
2058 5408 2205 5451 vero
2235 5409 2379 5451 reus

836 5507 961 5549 non
992 5490 1241 5549 tenetur
1261 5486 1663 5567 respondere,
1693 5484 1841 5547 licet
1867 5484 2165 5547 delictum
2185 5484 2380 5563 possit

618 2902 690 2962 ss

519 3027 619 3081 Qua
650 3028 704 3071 sit
723 3028 817 3071 ‹m-

590 3082 763 3125 ferentin

2060 295 2164 353 DE
2204 293 2558 354 JUSTITIA
2603 292 2704 353 ET
2745 292 2943 354 JURE

2521 470 2705 548 plene
2734 469 3011 548 probari,
3048 467 3168 528 nisi
3195 467 3278 529 sit
3292 469 3437 547 jam
3467 467 3813 545 semiplene
3840 467 4037 544 proba-

2519 566 2653 623 tum
2684 564 2747 623 in
2768 562 3031 641 judicic,
3066 561 3237 641 quod
3270 560 3705 621 communiter
3729 559 4033 637 loquendo,

2517 674 2640 716 non
2672 654 2901 734 poterit
2925 673 3071 715 reus
3100 662 3273 716 certo
3306 653 3511 728 scire,
3565 652 3683 712 nisi
3730 652 3785 711 ei
3825 671 3896 710 ex
3922 671 4039 730 pm-

2516 766 2695 808 cessu
2725 747 3099 824 notificetur,
3160 765 3360 826 quare
3409 745 3831 807 communiter
3863 745 4040 821 maja·

2515 840 2854 901 necessitas
2884 844 2979 902 est
3006 839 3382 900 ostendendi
3422 857 3534 898 reo
3572 884 3588 914 ,
3654 856 3842 916 quam
3892 837 4037 910 testi,

2513 933 2990 994 fundamentum
3041 934 3207 1012 quod
3242 932 3439 993 habet
3458 932 3664 1011 judex
3692 931 3769 990 ad
3791 931 4039 1008 juri-lice

2511 1025 3057 1104 interrogandum,
3107 1025 3400 1105 quamvis
3432 1029 3566 1085 tota
3597 1024 3736 1084 haec
3769 1023 4039 1083 differen-

2511 1118 2598 1180 tia
2629 1119 2706 1178 sit
2735 1119 3099 1194 materialis,
3133 1123 3204 1179 ut
3232 1118 3530 1179 diximuS.

2591 1211 2871 1272 Dubitari
2902 1212 3061 1272 solet
3089 1216 3315 1290 quarto
3347 1257 3364 1286 ‚
3416 1230 3500 1270 an
3529 1209 3863 1290 quodlibet
3887 1228 4042 1269 men-

2510 1301 2759 1362 dacium
2790 1304 2849 1362 in
2872 1303 3109 1382 judicio
3138 1305 3218 1365 sit
3246 1309 3583 1382 peccatum
3602 1321 3823 1382 grave,
3857 1322 3933 1362 an
3960 1322 4044 1361 τε·

2508 1412 2577 1454 ro
2609 1415 2685 1455 ex
2712 1396 2963 1457 levitate
2991 1397 3271 1456 materiae
3307 1397 3509 1475 possit
3538 1415 3681 1456 esse
3708 1397 3893 1456 leve?
3940 1398 4043 1457 Cn-

2500 1487 2753 1564 jetanus
2794 1492 2853 1549 2.
2886 1492 2945 1548 2.
2982 1508 3087 1568 qu.
3121 1490 3333 1549 LXIX.
3368 1495 3491 1551 art.
3528 1507 3571 1549 1.
3609 1489 3691 1548 ad
3722 1492 3786 1549 3.
3826 1489 4041 1548 videtur

2509 1597 2741 1658 negare
2796 1580 2885 1641 ibi
2937 1581 3259 1642 levitatem
3307 1583 3623 1642 materiae.
3683 1582 3808 1642 Alii
3856 1589 4044 1642 tamen

2506 1674 2728 1733 merito
2759 1692 2901 1733 eam
2932 1674 3285 1735 concedunt
3313 1679 3377 1736 et
3402 1675 3657 1735 secluso
3674 1676 4039 1752 juramento,

2507 1783 2689 1843 posse
2720 1785 2856 1827 esse
2885 1771 3216 1847 peccatum
3244 1768 3494 1827 veniale
3514 1815 3530 1842 ‚
3581 1769 3739 1846 quia
3786 1786 3909 1827 non
3936 1787 4043 1828 om-

2506 1859 2609 1917 nia
2637 1859 2914 1937 graviter
2941 1860 3180 1922 laedunt
3207 1860 3503 1920 ordinem
3522 1860 3927 1938 judicialem,
3954 1867 4042 1921 aut

2504 1951 2771 2012 multum
2799 1952 3078 2014 referunt
3118 1953 3198 2012 ad
3229 1949 3659 2013 variationem
3688 1954 4037 2014 sententiar:

2502 2043 2591 2104 ita
2619 2046 2827 2120 SotuS,
2861 2045 3151 2121 Medina,
3187 2047 3534 2121 Navem-ue,
3570 2048 3809 2107 Covar.
3846 2051 3905 2106 et
3932 2046 4036 2118 alii,

2504 2155 2661 2215 quos
2690 2138 2908 2209 affert,
2970 2141 3034 2198 et
3063 2137 3349 2217 sequitur
3378 2138 3680 2200 Sanchez
3716 2138 3784 2198 d.
3818 2139 3920 2200 lib.
3950 2141 4035 2201 Vl.

2503 2248 2639 2310 cap.
2678 2247 2765 2290 111.
2803 2230 2954 2291 dub.
2987 2233 3085 2293 33.

2581 2323 2911 2384 Dubitatur
2942 2325 3181 2403 quinto,
3216 2328 3428 2385 utrum
3460 2326 3672 2403 possit
3697 2344 3810 2387 reo
3837 2326 4034 2386 deferri

2501 2415 2725 2477 saltem
2744 2417 3176 2494 juramentum
3206 2418 3588 2493 calumniae‚
3637 2437 3771 2480 non
3813 2426 4033 2480 astense

2501 2508 2558 2567 ei
2580 2509 2947 2586 probatione
2964 2514 3180 2572 contra
3208 2511 3438 2588 ipsum.
3473 2513 3507 2572 J
3520 2518 3923 2572 uramentum
3949 2530 4032 2572 ca-

2498 2600 2751 2662 lumniae
2782 2603 3059 2664 continet
3088 2603 3247 2664 haec.
3282 2604 3502 2664 Primo
3523 2651 3540 2680 ,
3578 2605 3761 2683 quod
3792 2612 3956 2683 putat
3978 2623 4030 2664 se

2497 2693 2729 2754 bonam
2750 2713 3005 2756 causam
3034 2696 3215 2757 tueri.
3252 2697 3583 2773 Secundo,
3611 2716 3681 2757 se
3714 2698 4029 2774 interroga·

2497 2790 2632 2848 tum
2689 2807 2725 2847 a
2761 2789 2976 2866 judice
3018 2788 3348 2851 veritatem
3404 2790 3764 2852 dicturum.
3826 2791 4026 2854 Tettio.

2498 2899 2624 2941 non
2653 2880 3081 2942 adhibiturum
3109 2883 3381 2942 scienter
3399 2882 3601 2943 falsas
3624 2884 4027 2961 probationes,

2498 2975 2731 3045 Quarto
2756 3020 2771 3050 ,
2807 2994 2928 3035 non
2961 2980 3451 3054 prorogaturum
3481 2976 3671 3037 litem
3699 2978 4031 3038 fraudulen-

2496 3070 2612 3127 ter.
2662 3067 2888 3139 Quinto
2913 3112 2929 3143 ,
2964 3085 3028 3127 se
3059 3067 3212 3127 nihil
3242 3073 3466 3129 contra
3496 3069 3668 3148 leg-is
3698 3071 4033 3148 prohibitis-

2497 3178 2640 3220 nem
2671 3159 3048 3238 promisisse,
3066 3161 3166 3222 vel
3194 3161 3671 3239 promissurum
3703 3163 3891 3225 alicui
3915 3184 4033 3226 caa-

2496 3253 2735 3314 salitis.
2768 3253 3015 3315 Lessius
3045 3272 3098 3314 c.
3135 3256 3352 3315 XXXI.
3388 3255 3547 3316 dub.
3587 3273 3690 3316 111.
3727 3277 3837 3317 nu.
3868 3263 3925 3319 8.
3948 3258 4033 3317 do-

2496 3349 2617 3421 cet,
2651 3364 2766 3406 nec
2796 3345 2917 3406 hoc
2944 3364 3126 3425 posse
3154 3347 3289 3407 fieri
3313 3393 3330 3423 ,
3382 3348 3540 3426 quia
3567 3369 3728 3410 reus
3760 3357 3905 3411 tunc
3932 3370 4035 3411 nnn

2497 3441 2701 3516 potest
2730 3438 3015 3516 obligari,
3049 3442 3117 3500 ut
3133 3440 3306 3517 juret
3335 3440 3412 3500 de
3448 3442 3733 3503 veritate.
3765 3444 3832 3503 in
3861 3444 4035 3503 omni-

2494 3530 2611 3591 bus
2640 3531 3100 3610 particulariter
3129 3532 3423 3594 dicenda:
3453 3552 3616 3613 ergo
3650 3555 3773 3595 nec
3804 3538 3865 3596 in
3890 3556 4035 3597 eom-

2495 3624 2701 3700 muni,
2755 3630 2863 3685 aut
2895 3623 2957 3683 in
2987 3643 3218 3703 genere
3250 3626 3444 3687 debet
3473 3628 3628 3705 cogi
3678 3630 3761 3687 ad
3813 3630 3873 3688 id
3918 3650 4035 3708 pre—

2492 3717 2889 3779 mittendum.
2939 3717 3059 3777 Alii
3090 3718 3297 3778 verius
3327 3718 3552 3779 dicunt
3602 3740 3799 3799 posse
3829 3723 4031 3782 deferri

2494 3810 2612 3870 hoc
2661 3809 3085 3889 juramentum
3106 3856 3122 3887 ,
3185 3811 3270 3872 ita
3317 3814 3651 3873 Navarrus
3700 3834 3848 3894 cap.
3896 3816 4035 3876 Inter

2491 3902 2688 3979 verba,
2721 3922 2783 3962 n.
2811 3906 2950 3965 739.
2984 3906 3047 3964 et
3071 3908 3210 3965 746.
3262 3906 3450 3966 Sotus
3475 3904 3549 3965 de
3577 3908 3790 3986 siyillo
3818 3910 4027 3969 memb.

2490 3998 2564 4058 11.
2600 4015 2705 4075 qu.
2742 4014 2846 4058 vn.
2880 3995 3152 4057 concluS.
3185 4000 3245 4058 3.
3305 3998 3601 4059 Sanchez
3648 4001 3825 4062 dicto
3858 4023 3909 4062 c.
3940 4004 4024 4062 ln,

2491 4089 2639 4149 dub.
2674 4106 2883 4150 xxxlv.
2919 4092 2981 4149 et
3010 4089 3110 4148 alii
3141 4090 3258 4150 viri
3287 4091 3481 4151 docti.
3546 4094 3717 4167 Quia
3749 4115 3865 4173 per
3900 4096 4029 4155 illud

2482 4182 2912 4261 juramentum
2957 4181 3160 4243 solum
3208 4185 3522 4261 promit-tit
3564 4186 3792 4248 dicere
3822 4190 4030 4249 verita-

2489 4279 2637 4352 tem,
2672 4275 2924 4355 quando
2951 4279 3169 4354 postea
3200 4276 3480 4355 legitime
3529 4280 3904 4357 etjuridice
3952 4283 4029 4340 in-

2488 4369 2912 4447 terrogabitur
2959 4388 2971 4428 :
3025 4369 3076 4427 si
3105 4374 3317 4430 autem
3359 4376 3587 4448 postea
3620 4392 3753 4433 non
3789 4375 4029 4435 interm-

2486 4466 2669 4539 getur
2696 4460 2995 4538 legitime,
3016 4462 3096 4521 ad
3125 4461 3277 4521 nihil
3306 4467 3584 4523 tenetur.
3624 4466 3875 4527 Deinde
3896 4468 4029 4527 dam

2477 4554 2654 4633 jurat
2681 4557 2900 4632 putare
2931 4572 2996 4613 se
3026 4555 3187 4615 tueri
3232 4555 3470 4616 bonam
3518 4576 3831 4637 causam,
3872 4564 4027 4639 jerat

2484 4665 2730 4722 verum,
2766 4647 2913 4725 quia
2953 4646 3104 4707 dum
3133 4667 3257 4708 non
3279 4654 3530 4711 constat
3570 4651 3663 4711 illi
3696 4654 3783 4713 de
3814 4656 4023 4732 proha·

2481 4740 2649 4801 tione
2680 4743 2896 4821 contra
2923 4740 3151 4818 ipsum,
3184 4740 3415 4802 bonam
3461 4761 3734 4805 eausam
3764 4747 4029 4808 defendit

2481 4834 2702 4893 saltem
2730 4832 3091 4894 formaliter.
3154 4835 3262 4894 Est
3291 4852 3444 4913 ergo
3477 4856 3725 4916 magna
3753 4840 4026 4900 differen-

2480 4925 2565 4986 tia
2595 4925 2757 4987 inter
2785 4924 2905 4986 hoc
2926 4926 3357 5004 juramentum
3377 4974 3395 5003 ,
3439 4934 3505 4990 et
3535 4931 3699 4992 illud
3729 4934 3901 5013 quod
3928 4954 4027 5013 po-

2479 5022 2614 5078 stea
2643 5017 2941 5096 exigitur,
2992 5036 3116 5077 non
3147 5019 3350 5080 solum
3382 5023 3559 5100 quod
3592 5044 3799 5086 unum
3830 5029 3907 5088 sit
3930 5048 4027 5105 ge-

2478 5111 2727 5187 nerale,
2787 5110 2956 5171 aliud
2984 5112 3365 5189 particulare
3392 5162 3407 5191 ,
3460 5117 3575 5177 sed
3610 5120 3817 5181 multo
3846 5124 4025 5199 magis

2480 5204 2627 5283 quia
2656 5222 2767 5282 per
2787 5222 2982 5264 unum
3011 5205 3213 5265 solum
3236 5224 3303 5266 se
3323 5207 3579 5287 obligat
3607 5212 3691 5272 de
3721 5214 3929 5275 futuro
3955 5215 4021 5272 ad

2479 5296 3020 5373 respondendum,
3056 5299 3314 5376 quaudo
3348 5304 3682 5366 tenebitur
3706 5308 4021 5388 responde

2476 5408 2544 5451 re
2588 5410 2600 5450 :
2647 5409 2760 5469 per
2786 5389 2957 5450 aliud
2986 5409 3136 5451 vero
3166 5392 3399 5457 volunt
3427 5397 3728 5479 obligare
3756 5421 3929 5463 reum
3955 5401 4019 5461 ad

2476 5483 2982 5561 respondendum
3014 5503 3184 5544 nunc
3213 5490 3488 5566 quando
3522 5512 3656 5555 non
3676 5502 3935 5557 tenetur.

4078 1355 4212 1550 ili·-

4070 2473 4127 2512 ἰΐ

4156 2346 4212 2514 ¹...

4064 2535 4212 2628 i}

4070 2697 4212 2782 ll
4112 2637 4201 2671 ff
