4263 6376
590 1319 666 1378 23

829 306 910 365 60
1987 308 2088 367 DE
2130 307 2484 370 JUSTITIA
2527 308 2629 368 ET
2669 307 2871 368 JURE

831 478 913 539 ad
941 478 1267 542 vitandum
1297 500 1375 542 ne
1407 482 1738 545 haereditas
1767 484 1980 545 veniat
2024 484 2105 545 ad
2161 484 2364 545 haere-

834 571 980 632 dem
1003 572 1084 633 ab
1131 573 1442 650 intestato,
1470 593 1657 654 quem
1689 595 1765 636 ea
1796 576 2142 637 abusurum
2171 581 2362 638 testa-

831 668 933 725 tor
977 665 1283 743 praevidet
1309 684 1452 727 cum
1478 686 1612 741 suc,
1648 668 1746 729 vel
1776 669 2042 729 aliorum
2070 668 2364 749 praejudi-

833 756 951 832 cio,
986 776 1047 817 v.
1079 776 1175 836 gr.
1211 759 1358 838 quia
1386 758 1581 821 libere
1636 765 1843 839 potest
1899 761 1977 821 de
2024 765 2191 821 statu
2247 761 2363 821 ali-

835 866 958 926 quo
976 848 1330 928 disponere,
1379 851 1569 913 debet
1599 853 1916 914 haeredem
1946 854 2208 932 dignum
2238 854 2361 914 ins-

834 940 1083 1018 tituere,
1130 942 1232 1022 qui
1256 943 1597 1022 prudenter
1622 949 1686 1005 et
1713 945 1813 1023 pie
1841 945 2123 1006 subditos
2160 939 2360 1024 regat,

837 1035 899 1093 et
927 1033 1258 1096 excludere
1288 1053 1432 1095 eum
1476 1037 1584 1115 qui
1612 1036 1691 1096 ab
1745 1037 2037 1098 intestato
2070 1038 2364 1098 succede·

836 1128 951 1199 ret,
985 1125 1099 1185 sub
1130 1126 1307 1205 cujus
1324 1128 1629 1205 regimine
1658 1129 1880 1190 merito
1908 1130 2213 1190 damnum
2243 1130 2365 1208 spi-

837 1214 1086 1294 rituale,
1146 1219 1243 1279 vel
1297 1221 1643 1298 temporale
1700 1221 2094 1282 subditorum
2141 1223 2364 1283 timere

837 1312 1069 1386 potest.
1103 1311 1283 1372 Adde
1323 1314 1979 1393 secundo,aliquando
2006 1316 2368 1393 contingere

493 1445 789 1501 Quffimmdo
840 1402 1010 1481 quod
1039 1408 1303 1464 testator
1358 1424 1481 1466 non
1529 1407 1725 1484 possit
1760 1408 1825 1467 in
1863 1410 2235 1470 testamento
2266 1409 2369 1469 de-

492 1502 790 1598 ”iss'sffiiffltin
839 1494 1078 1596 elarare
1099 1495 1712 1577 aliquagdebitmquia
1743 1499 1805 1559 id
1822 1499 2081 1561 cederet
2097 1500 2158 1560 in
2177 1501 2371 1562 alicu-

529 1606 740 1672 ami-rar,
833 1606 939 1665 Jus
967 1587 1310 1662 infamiam,
1345 1591 1445 1650 vel
1474 1595 1729 1668 propter
1767 1591 1955 1652 aliam
2000 1610 2277 1668 causam,
2310 1596 2374 1653 et

491 1660 788 1715 ⁸¹¹q⁰²d⁶b¹²⁸·
842 1682 990 1739 tunc
1022 1688 1118 1741 est
1149 1680 1386 1742 bonum
1432 1682 1785 1760 consilium,
1847 1684 2014 1762 quod
2046 1703 2120 1743 ex
2165 1684 2367 1745 Villal.

840 1771 1021 1832 affert
1049 1772 1247 1833 Diana
1270 1779 1399 1835 tom
1428 1792 1476 1835 1.
1516 1779 1699 1837 tract.
1733 1792 1829 1837 111.
1863 1775 1933 1836 de
1959 1776 2182 1836 casibus
2210 1796 2373 1837 occu-

837 1862 1093 1924 rentibus
1121 1874 1375 1947 tempore
1401 1867 1640 1943 mortis,
1673 1887 1794 1929 reS.
1860 1872 1994 1945 115,
2031 1870 2200 1948 quod
2236 1870 2372 1949 ipso

839 1958 1213 2018 testamento
1255 1959 1577 2037 praecipiat
1629 1960 1988 2021 haeredibus
2035 1961 2187 2021 dare
2245 1980 2375 2022 cer-

835 2052 970 2135 tam
999 2067 1310 2110 summam
1342 2052 1743 2128 confessario,
1794 2055 1893 2114 vel
1924 2054 2102 2115 alteri
2143 2054 2367 2131 amico,

840 2138 911 2203 ut
933 2143 1292 2220 expendant
1313 2144 1481 2204 illam
1501 2144 1674 2223 juxta
1693 2145 1756 2205 id
1778 2147 1946 2224 quod
1969 2165 2112 2207 cum
2133 2147 2208 2207 iis
2230 2165 2373 2208 con-

838 2235 1000 2310 tulit,
1036 2239 1099 2297 et
1146 2237 1315 2314 quod
1360 2237 1438 2297 de
1470 2238 1574 2298 tali
1619 2239 1885 2316 pecunia
1934 2239 2219 2301 boeredes
2249 2259 2371 2301 non

838 2327 1079 2405 possint
1104 2329 1183 2389 ab
1214 2329 1330 2390 illis
1387 2330 1692 2390 rationem
1723 2350 1978 2409 poscere
2003 2378 2019 2408 ,
2055 2333 2371 2411 quomodo

840 2438 980 2480 eam
1023 2422 1453 2500 expenderint.
1490 2423 1556 2483 Si
1584 2440 1732 2482 vero
1771 2441 1895 2484 non
1952 2424 2032 2485 sit
2072 2424 2374 2485 inconve-

840 2511 1018 2572 niens
1072 2513 1241 2592 quod
1302 2519 1444 2593 post
1496 2519 1763 2575 mortem
1816 2516 2130 2577 testatoris
2186 2534 2375 2596 appa-

840 2602 1018 2665 reant
1043 2604 1150 2665 illa
1177 2606 1409 2682 dehita,
1459 2606 1794 2667 consulunt
1851 2607 2020 2687 quod
2078 2608 2141 2668 in
2187 2612 2375 2670 testa-

837 2702 1050 2758 mento
1100 2698 1379 2760 remittat
1408 2718 1474 2759 se
1530 2699 1610 2758 ad
1653 2698 2019 2759 schedulam
2064 2700 2378 2762 confessa-

839 2788 932 2851 rio
963 2790 1255 2853 traditam
1276 2810 1388 2851 suo
1419 2791 1672 2851 nomine
1700 2792 2222 2871 subscriptam,in
2253 2811 2377 2872 qua

841 2883 1238 2945 continentur
1263 2885 1476 2963 aliqua
1506 2884 1584 2944 ab
1603 2884 1957 2944 haeredibus
1980 2886 2370 2964 exequenda,

842 2980 906 3037 et
938 2975 1038 3035 cui
1067 2976 1200 3036 vult
1225 2976 1417 3036 fidem
1447 2976 1752 3052 adhiberi,
1785 2977 1947 3038 sicut
1973 2977 2023 3038 si
2043 2983 2376 3039 testamen-

841 3071 907 3128 to
936 3067 1169 3130 inserta
1198 3073 1406 3129 esset:
1441 3087 1566 3148 qua
1613 3070 1859 3130 cautela
1887 3070 1949 3129 in
2004 3074 2376 3131 testamento

841 3160 1142 3236 adhibita,
1176 3165 1382 3241 potest
1408 3166 1627 3241 postea
1659 3162 1722 3222 in
1766 3162 2070 3224 schedula
2136 3180 2382 3224 succes-

842 3254 973 3315 sive
1002 3253 1255 3330 addere,
1289 3273 1430 3333 quae
1487 3254 1787 3316 addenda
1817 3259 2176 3330 occurrunt,
2212 3260 2276 3317 et
2315 3255 2381 3315 in

842 3347 967 3408 fine
1008 3348 1425 3409 subscribere.
1459 3349 1768 3409 Caeterum
1799 3367 1915 3427 ego
1970 3367 2114 3409 raro
2145 3348 2208 3409 id
2240 3366 2383 3409 con-

844 3439 1154 3511 sulerem;
1215 3441 1364 3519 quia
1428 3440 1669 3501 facilius
1725 3444 1887 3502 esset
1939 3445 2384 3502 testamentum

846 3532 943 3592 vel
990 3533 1347 3593 codicillum
1376 3533 1441 3592 in
1468 3533 1715 3612 scriptis
1764 3534 1970 3594 facere
1994 3534 2298 3607 clausum,
2320 3533 2381 3592 in

846 3643 971 3704 quo
1000 3623 1106 3685 illa
1132 3625 1344 3686 omnia
1372 3626 1860 3701 continerentur,
1922 3630 1985 3687 et
2027 3626 2242 3686 debita
2284 3643 2386 3686 so-

845 3717 1167 3778 lemnitate
1250 3717 1680 3779 authenticare
1736 3737 1949 3780 coram
2020 3719 2263 3780 notario
2323 3722 2386 3779 et

846 3811 1131 3887 testibu8‚
1165 3814 1235 3872 ut
1280 3810 1415 3889 ipso
1469 3816 1717 3871 mortuo
1766 3811 2116 3890 aperiretur
2144 3815 2207 3873 et
2234 3811 2388 3871 vita-

847 3906 1063 3965 rentur
1089 3903 1496 3982 suspicioneS,
1534 3922 1674 3982 quae
1721 3922 1796 3963 ex
1855 3904 2163 3983 ejusmodi
2212 3903 2388 3964 sche-

849 3996 997 4056 dula
1024 3996 1206 4057 alteri
1241 3996 1474 4058 tradita
1531 3996 1697 4075 apud
1754 3997 2039 4058 haeredes
2082 3997 2234 4058 oriri
2290 4014 2389 4056 so—

847 4088 997 4149 lent.
1035 4088 1287 4161 Quodsi
1316 4089 1651 4150 molestum
1681 4093 1845 4151 esset
1877 4089 2191 4150 notarium
2249 4107 2388 4166 pos·

851 4185 954 4241 tea
983 4198 1231 4257 vocare,
1266 4185 1377 4242 aut
1404 4181 1754 4260 periculum
1783 4181 1950 4260 quod
2004 4198 2128 4241 non
2174 4199 2389 4240 mane-

852 4277 948 4334 ret
973 4272 1318 4352 provisum,
1352 4274 1660 4335 moriente
1715 4273 1888 4353 prius
1926 4277 2249 4351 testatore,
2284 4273 2391 4353 qui

853 4365 1202 4427 successive
1254 4365 1622 4426 recordatur
1689 4366 1936 4427 illorum
2008 4366 2385 4440 debitorum,

855 4459 953 4518 vel
984 4457 1457 4537 obligationum,
1494 4459 1722 4536 poterit
1749 4459 1829 4518 ad
1886 4459 2199 4520 cautelam
2254 4458 2389 4519 fieri

855 4551 959 4611 illa
990 4550 1317 4624 schedula,
1364 4551 1442 4610 de
1489 4570 1615 4631 qua
1668 4551 1734 4611 in
1769 4552 2169 4614 antecedenti
2199 4556 2389 4613 testa-

855 4647 1069 4704 mento
1116 4643 1283 4707 facta
1325 4643 1404 4704 sit
1434 4643 1713 4704 mentio:
1775 4643 1864 4705 ita
1921 4648 2153 4721 tamen,
2215 4650 2285 4704 ut
2339 4643 2387 4703 si

807 4763 821 4776 ·
857 4740 1105 4815 tempus
1152 4740 1214 4797 et
1268 4735 1697 4814 opportunitas
1743 4736 1844 4810 sit,
1895 4741 2148 4798 maneat
2174 4742 2392 4817 postea

857 4828 1097 4890 inclusa
1152 4828 1215 4888 in
1254 4829 1462 4908 aliquo
1505 4828 1727 4891 saltem
1784 4830 2069 4891 codicillo
2119 4829 2390 4908 sigillato

858 4939 1073 4984 coram
1103 4922 1347 4984 notario
1393 4927 1454 4983 et
1485 4921 1766 4983 testibuS.

2938 815 3357 899 SEGTlo
3425 813 3510 900 ll.

2471 1124 2711 1201 Quando
2739 1125 2957 1206 possit,
3010 1123 3103 1184 vel
3144 1143 3258 1184 non
3302 1122 3485 1204 possit
3521 1123 3795 1184 revocari
3828 1131 4016 1183 testa-

3111 1237 3383 1290 mentum.

2548 1500 2680 1559 Hoc
2707 1497 2896 1558 etiam
2938 1497 3210 1574 pertinet
3239 1494 3416 1574 quasi
3446 1495 3526 1556 ad
3557 1493 4008 1567 substantiam,

2469 1611 2577 1652 seu
2656 1590 3066 1670 proprietates
3121 1591 3183 1649 et
3240 1588 3560 1666 passiones
3614 1587 4004 1661 testamenti,

2470 1685 2633 1745 inter
2681 1701 2838 1763 quas
2869 1681 3004 1761 ejus
3040 1680 3477 1741 revocabilitas
3507 1681 3657 1758 poni
3684 1679 4014 1758 potissime

2469 1778 2646 1852 solet,
2682 1776 2830 1855 quia
2857 1774 3145 1835 voluntas
3173 1773 3487 1834 testatoris
3509 1772 4016 1833 deambulatoria

2472 1873 2567 1930 est
2593 1886 2790 1947 usque
2819 1866 2901 1927 ad
2926 1870 3195 1927 mortem
3214 1911 3229 1941 ‚
3264 1866 3386 1943 leg.
3421 1881 3508 1926 ιν.
3543 1866 3605 1925 ff.
3640 1864 3713 1924 de
3738 1864 3905 1924 adim
3935 1864 4016 1924 le·

2468 1952 2643 2041 qatz's,
2680 1964 2743 2022 et
2770 1959 2911 2019 ideo
2934 1957 3192 2039 primum
3214 1957 3294 2031 „in
3321 1957 3564 2017 mortuis
3593 1956 4010 2037 conlimatur,

2467 2057 2626 2115 teste
2672 2052 2864 2113 Paulo
2895 2050 2976 2111 ad
3006 2050 3286 2111 Hebraeos
3327 2067 3386 2110 lx
3414 2096 3428 2125 ‚
3490 2053 3586 2110 17.
3633 2049 3807 2129 quod
3850 2049 4012 2110 adeo

2470 2164 2692 2207 verum
2721 2144 2911 2224 aliqui
2943 2148 3203 2222 putant,
3259 2148 3324 2202 ut
3354 2160 3479 2203 non
3511 2142 3709 2220 possit
3736 2142 4008 2202 inveniri

2472 2240 2575 2299 via
2598 2285 2613 2315 ,
2648 2243 2718 2300 ut
2744 2241 3186 2299 testamentum
3215 2236 3407 2295 semel
3449 2236 3684 2296 factum
3724 2235 4015 2295 revocari

2475 2351 2598 2393 non
2616 2332 2833 2411 possit,
2868 2335 2937 2392 ut
2965 2348 3104 2390 cum
3137 2329 3272 2389 aliis
3302 2329 3488 2389 docet
3516 2327 3747 2390 Sanch.
3784 2328 3850 2389 d.
3878 2346 3936 2388 c.
3963 2330 4006 2388 Ι.

2474 2424 2625 2485 dub.
2662 2440 2747 2485 vx.
2782 2423 2952 2484 circa
2980 2422 3102 2483 hoc
3130 2426 3341 2483 tamen
3369 2420 3552 2500 plura
3572 2419 3763 2480 dubia
3793 2438 4011 2481 occur-

2474 2520 2641 2577 runt.

2554 2608 2785 2681 Prim0,
2820 2610 2883 2668 et
2901 2605 3330 2685 principaliter
3347 2606 3693 2681 dubitatur,
3727 2624 3809 2665 an
3831 2607 3886 2666 si
3908 2605 4013 2666 ad·

2467 2702 2707 2780 jectum
2736 2704 2831 2760 est
2851 2698 3277 2778 juramentum
3308 2717 3432 2759 non
3463 2700 3840 2774 revocandi,
3878 2717 4013 2777 pos-

2475 2794 2555 2855 sit
2594 2792 2802 2854 adhuc
2831 2792 3161 2852 revocari?
3208 2791 3384 2864 Quod
3428 2810 3644 2852 rursus
3689 2793 4009 2870 duplicem

2477 2903 2729 2947 sensum
2760 2885 2992 2945 habere
3022 2890 3247 2962 potest.
3283 2884 3528 2945 Primus
3556 2889 3683 2961 est,
3733 2903 3819 2945 an
3849 2884 4013 2944 licite

2476 2977 2757 3039 revocari
2789 2976 3030 3055 possit?
3058 2976 3372 3037 secundus
3400 2994 3479 3036 an
3507 2977 3729 3037 saltem
3758 2977 4015 3037 valide?

2482 3071 2691 3132 Prima
2711 3070 3020 3130 sententia
3040 3069 3311 3129 affirmat
3330 3070 3569 3148 absque
3587 3074 3851 3147 peccato
3885 3088 4015 3148 per-

2474 3164 2663 3245 jurii,
2718 3163 2816 3223 vel
2847 3162 2971 3223 ullo
3002 3162 3123 3223 alio
3155 3179 3336 3240 posse
3364 3162 3670 3224 revocari.
3722 3164 3906 3224 Hanc
3932 3167 4017 3224 te-

2483 3261 2636 3318 nent
2661 3256 2985 3331 BartoluS,
3017 3258 3250 3316 Anton.
3288 3258 3465 3316 Gom.
3498 3255 3730 3316 Molina
3752 3255 4018 3334 jurispe-

2483 3350 2661 3426 rituS,
2696 3368 2853 3429 quos
2885 3349 3065 3410 affert
3092 3348 3251 3409 alter
3278 3347 3509 3409 Molina
3539 3347 3700 3426 disp.
3726 3364 3845 3408 cn.
3881 3366 3937 3408 c.
3959 3351 4013 3407 2.

2487 3447 2548 3503 et
2589 3462 2664 3502 ex
2709 3445 2888 3521 parte
2923 3440 3166 3501 videtur
3211 3441 3424 3500 favere
3471 3441 3777 3516 BecanuS,
3834 3457 4018 3520 quem

2488 3534 2690 3606 affert,
2724 3538 2786 3593 et
2813 3532 3096 3611 sequitur
3126 3531 3326 3592 Diana
3367 3535 3520 3593 tom.
3555 3534 3657 3593 IV.
3693 3538 3771 3594 tr.
3804 3550 3908 3593 111.
3939 3531 4019 3592 De

2487 3627 2708 3687 casibus
2737 3625 3167 3687 occurrentibus
3198 3634 3453 3706 tempore
3478 3626 3682 3686 mortis
3721 3645 3845 3687 ree.
3886 3629 4013 3687 122.

2489 3720 2595 3799 qui
2626 3719 2797 3795 dicit,
2824 3718 3254 3798 juramentum
3286 3719 3649 3796 praecedens
3698 3738 3821 3779 non
3874 3719 4018 3779 ohli-

2489 3832 2640 3892 gare
2687 3812 2766 3873 ad
2821 3829 2947 3872 non
2988 3810 3447 3887 revocandum,
3508 3812 3758 3890 quando
3806 3817 4018 3891 postea

2484 3906 2656 3986 justa
2684 3923 2874 3965 causa
2903 3923 3037 3965 sese
3060 3906 3240 3966 offert
3259 3905 3568 3965 mutandi.
3604 3905 3782 3976 Quod
3811 3911 4017 3966 tamen

2490 3999 2576 4059 ita
2629 3998 3005 4077 generaliter
3053 3998 3289 4058 dictum
3342 4016 3464 4058 non
3515 4002 3609 4059 est
3644 4016 3867 4058 verum
3890 4045 3905 4074 ,
3958 4001 4020 4056 ut

2492 4091 2864 4166 videbimus,
2902 4090 3046 4170 quia
3068 4089 3396 4169 promissio
3428 4090 3594 4150 facta
3615 4090 3852 4151 homini
3883 4107 4016 4151 cum

2484 4183 2842 4264 juramento
2874 4187 2936 4243 et
2962 4187 3309 4261 acceptata,
3343 4201 3469 4243 non
3490 4182 3722 4244 desinit
3748 4183 4017 4263 obligare

2492 4295 2567 4336 ex
2597 4294 2670 4336 eo
2701 4276 2871 4354 quod
2900 4275 3198 4337 adveniat
3225 4274 3438 4353 aliqua
3465 4292 3655 4336 causa
3684 4293 3870 4350 nova,
3904 4291 4017 4355 qua

2489 4370 2714 4448 posita,
2749 4368 2974 4428 melius
3005 4367 3227 4428 fuisset
3275 4368 3337 4426 id
3368 4385 3491 4427 non
3520 4367 3763 4444 facere,
3813 4368 3863 4428 si
3906 4385 4017 4428 non

2492 4462 2711 4522 fuisset
2763 4461 3142 4539 promissum
3193 4479 3206 4519 :
3267 4461 3393 4521 imo
3441 4459 3586 4520 licet
3630 4477 3667 4519 a
3721 4459 4016 4539 principio

2490 4555 2710 4615 suisset
2754 4553 2978 4613 melius
3024 4551 3089 4613 id
3131 4552 3300 4632 quod
3347 4551 3731 4630 promittitur
3777 4570 3902 4612 non
3941 4552 4019 4611 fa·

2492 4666 2656 4723 cere,
2690 4647 2801 4707 sed
2830 4646 3212 4706 contrarium
3244 4664 3259 4703 :
3295 4645 3501 4705 adhuc
3530 4649 3743 4706 tamen
3777 4643 4017 4724 quando

2491 4741 2555 4801 id
2588 4739 2756 4820 quod
2788 4738 3171 4817 promittitur
3199 4756 3322 4798 non
3353 4742 3448 4798 est
3476 4741 3809 4815 pec-catum
3829 4784 3844 4813 ,
3880 4754 4014 4818 pro-

2491 4832 2706 4893 missio
2738 4831 3010 4909 obligat,
3062 4830 3411 4908 praesertim
3455 4848 3600 4890 cum
3640 4831 4013 4909 jur-amente,

2493 4946 2553 4986 v.
2586 4944 2681 5003 gr.
2717 4924 2941 4984 melius
2977 4927 3139 4983 esset
3167 4922 3319 4983 dare
3348 4925 3599 4983 centum
3629 4942 3859 4984 aureos
3880 4940 4015 5002 pau·

2494 5017 2650 5098 peri,
2685 5035 2874 5095 quam
2905 5019 3090 5076 Petro
3122 5034 3244 5077 non
3277 5015 3613 5092 indigenti,
3645 5019 3709 5076 et
3736 5020 3945 5077 tamen
3971 5012 4015 5073 si

2494 5113 2676 5171 Petro
2726 5108 3064 5187 promisisti
3115 5107 3265 5167 dare
3288 5153 3304 5183 ,
3357 5110 3419 5167 et
3455 5108 3681 5186 jurasti
3708 5154 3723 5184 ,
3783 5106 4014 5169 etiamsi

2491 5207 2708 5282 postea
2729 5200 2889 5262 scias
2905 5205 3340 5280 paupertatem
3358 5200 3634 5276 alterius,
3656 5219 3797 5280 quae
3816 5206 4014 5262 tamen

2492 5314 2616 5358 non
2648 5294 2887 5374 obligat
2911 5294 3029 5354 sub
3057 5301 3313 5372 peccato
3341 5339 3357 5370 ,
3408 5292 3603 5354 debes
3633 5294 3784 5354 dare
3815 5297 4007 5355 Petro.

2574 5387 2935 5450 Communis
2958 5405 3108 5465 ergo
3138 5386 3266 5446 fere
3288 5386 3591 5458 omnium,
3627 5390 3689 5446 et
3716 5404 3868 5446 vera
3894 5404 4015 5446 sen·

2493 5481 2687 5545 tentia
2716 5485 2829 5558 est,
2856 5481 3287 5564 juramentum
3306 5479 3458 5539 illud
3481 5479 3757 5559 obligare
3785 5479 3871 5539 ad
3899 5495 4009 5541 non

4170 2560 4171 2589 l

4077 2745 4103 2784 T
4102 2756 4132 2784 es

4078 2803 4139 2837 tun

4057 2858 4157 2891 mm

4080 2910 4139 2943 mx

4058 2956 4139 2998 lidte

4082 3014 4139 3048 tes.

4117 5384 4162 5445 25
