4263 6376
1055 391 1525 453 DISPUTATIO
1570 391 1842 465 XXXIV,
1891 391 2165 453 SECTIO
2210 393 2312 453 111.

133 573 298 650 bari3‚
331 577 389 633 et
413 570 865 648 assignavimus
893 568 1176 649 regulam
1231 568 1421 644 illam,
1457 566 1624 647 quod

134 666 356 747 quando
383 669 636 741 accepto
680 663 900 740 preti0,
962 681 1083 723 non
1138 663 1210 722 fit
1261 680 1417 739 opus
1473 662 1625 721 illud

135 759 276 839 quod
306 758 495 818 virtus
525 756 649 815 alia
685 754 1110 833 praecipiebat,
1145 754 1256 813 sed
1312 754 1483 814 aliud
1534 753 1624 813 di·

134 870 372 926 versum,
404 853 698 929 peccatur
726 865 850 907 non
882 847 1136 925 quidem
1179 851 1397 908 contra
1445 846 1627 925 justi-

134 946 282 1020 tiam,
314 943 414 1003 sed
435 946 655 1002 contra
691 941 860 1000 illam
891 939 1077 999 aliam
1132 940 1450 1016 virtutem,
1486 958 1626 1018 quae

133 1037 277 1100 aliud
305 1036 613 1095 diversum
659 1051 813 1111 opus
843 1031 1212 1111 injungebat
1226 1032 1305 1091 ab
1353 1051 1426 1093 eo
1457 1031 1627 1111 quod

133 1133 336 1191 factum
368 1132 477 1204 est,
510 1146 571 1187 v.
607 1146 695 1204 g..
731 1125 784 1185 si
811 1144 886 1185 ex
915 1131 1082 1201 vot0,
1116 1125 1214 1185 vel
1269 1125 1629 1186 obedientia

135 1223 300 1282 debes
327 1220 471 1280 (lare
509 1224 762 1280 centum
794 1218 903 1278 uni
931 1217 1216 1296 pauperi,
1251 1223 1313 1279 et
1366 1222 1432 1278 tu
1464 1217 1628 1278 acci-

134 1317 248 1397 pias
274 1313 346 1374 ab
375 1331 446 1373 eo
462 1312 680 1390 viginti
701 1318 768 1372 ut
797 1315 1182 1390 praeceptum
1210 1310 1628 1390 implea8,non

135 1427 326 1488 peccas
352 1411 565 1467 contra
604 1404 934 1485 justitiam,
977 1403 1085 1463 sed
1143 1407 1362 1464 contra
1413 1407 1627 1464 votum

136 1502 216 1562 vel
241 1499 645 1562 obedientiam
676 1517 751 1557 ex
785 1515 911 1576 qua
953 1496 1229 1557 debebas
1281 1495 1431 1555 dare
1487 1514 1627 1556 cen-

136 1601 265 1669 tum,
296 1597 354 1653 et
377 1591 598 1652 dedisti
629 1590 832 1650 solum
860 1592 959 1650 80.
995 1607 1189 1667 quare
1237 1587 1429 1648 debes
1488 1587 1629 1647 red-

137 1688 260 1747 dere
302 1689 393 1747 20.
427 1702 551 1744 non
582 1702 659 1743 ex
695 1682 959 1762 justitia,
1011 1681 1121 1741 sed
1168 1699 1244 1741 ex
1300 1680 1624 1758 religione,

137 1781 216 1840 vel
244 1777 603 1850 obedientia,
643 1794 714 1835 ex
745 1793 872 1854 qua
925 1773 1118 1834 debes
1174 1778 1426 1834 centum
1470 1774 1630 1834 inte-

137 1890 233 1950 gra
243 1871 398 1931 dare.
421 1868 797 1930 Addidimus
814 1872 1046 1943 tamen,
1064 1866 1397 1946 aliquando
1414 1869 1630 1944 postea

139 1982 347 2024 cessare
390 1963 550 2022 hanc
579 1961 1034 2039 obligationem
1085 1959 1452 2020 restituendi
1486 1976 1630 2036 pre-

141 2058 269 2117 tium
318 2059 664 2133 acceptum,
728 2053 980 2132 quando
1035 2053 1271 2112 scilicet
1319 2051 1628 2113 restitutio

142 2170 241 2210 non
266 2149 435 2209 saciet
462 2146 633 2226 quod
675 2145 868 2223 priori
915 2144 1285 2222 obligationi
1339 2142 1629 2204 satisfieri

139 2243 317 2320 possit,
346 2261 402 2302 v.
436 2260 497 2319 g.
545 2239 595 2300 si
629 2257 706 2298 ex
732 2237 1090 2299 obedientia
1116 2237 1218 2296 vel
1264 2241 1409 2297 voto
1441 2236 1631 2296 debe·

140 2335 375 2395 basdare
401 2332 736 2413 prandium
758 2331 867 2392 tali
889 2331 1220 2391 conventui
1242 2331 1306 2389 in
1324 2329 1628 2391 honorem

139 2429 254 2489 talis
274 2427 473 2490 Sancti
503 2427 565 2486 in
591 2425 728 2504 ejus
756 2425 938 2500 festo,
970 2425 1058 2484 ita
1088 2429 1157 2485 ut
1188 2428 1497 2484 transacto
1520 2424 1626 2484 illo

142 2522 239 2596 die,
282 2525 538 2582 cessaret
585 2517 909 2596 obligatio,
939 2522 1001 2578 et
1031 2526 1095 2577 tu
1151 2517 1446 2595 accepisti
1493 2535 1629 2595 par-

142 2620 242 2674 tem
269 2614 457 2692 pretii,
491 2617 559 2673 ut
586 2610 923 2690 prandium
953 2610 1159 2684 dares,
1194 2615 1411 2686 postea
1465 2614 1631 2671 tran-

143 2713 286 2768 sacto
319 2725 381 2767 eo
411 2706 532 2780 die,
569 2723 697 2764 non
740 2703 931 2763 debes
978 2702 1304 2764 restituere
1335 2703 1624 2780 pretium,

144 2801 262 2880 quia
284 2818 396 2860 non
422 2799 537 2859 fuit
556 2800 887 2875 acceptum
916 2799 1137 2856 contra
1158 2795 1490 2878 justitiam,
1514 2795 1629 2855 sed

145 2897 324 2954 contra
383 2891 747 2969 religionem
801 2889 899 2948 vel
947 2888 1391 2964 obedientiam,
1451 2887 1630 2966 cujus

146 2991 319 3046 tamen
346 2987 728 3064 praeceptum
783 2985 847 3041 et
902 2980 1199 3059 obligatio
1256 2985 1476 3058 postea
1505 2998 1627 3040 non

147 3079 329 3139 durat:
377 3095 512 3158 quoe
559 3074 776 3137 omnia
832 3073 1019 3135 latius
1065 3074 1151 3134 ibi
1206 3073 1514 3151 explicata
1568 3077 1631 3135 et

147 3171 509 3251 comprobata
536 3173 706 3230 sunt.

202 3266 278 3325 Ex
303 3265 396 3324 illa
422 3281 568 3342 ergo
589 3260 880 3322 doctrina
909 3258 1114 3337 colligi
1140 3263 1346 3339 potest
1372 3278 1632 3340 respon-

147 3357 219 3416 sio
245 3358 312 3417 ad
339 3375 544 3417 casum
574 3358 973 3433 praesentem,
1012 3352 1076 3411 in
1105 3370 1227 3431 quo
1251 3352 1482 3414 elector
1533 3370 1631 3413 ao-

146 3449 342 3528 cipiens
369 3449 655 3529 pretium,
690 3464 814 3507 non
844 3445 1093 3504 videtur
1123 3462 1385 3522 peccate
1415 3451 1632 3506 eontra

142 3542 438 3620 justitiam:
465 3559 668 3621 neque
700 3540 908 3600 obstat
933 3537 1105 3616 quod
1130 3537 1363 3599 vendat
1380 3538 1444 3598 id
1462 3539 1630 3617 quod

147 3652 245 3694 non
272 3639 354 3696 est
376 3653 573 3706 suum,
608 3631 759 3711 quia
785 3631 915 3721 sive
933 3634 1252 3690 senatores
1280 3631 1411 3690 sive
1441 3631 1630 3692 etiam

147 3732 423 3805 magnates
449 3728 532 3787 illi
563 3745 694 3787 non
741 3723 1101 3801 acceperint
1136 3742 1175 3783 a
1222 3742 1371 3802 rege
1428 3724 1632 3785 domi-

147 3820 287 3880 nium
313 3822 524 3882 horum
545 3820 920 3893 officiorum,
953 3816 1064 3877 sed
1082 3821 1486 3895 protestatem
1535 3816 1630 3876 di-

149 3915 464 3993 stribuendi,
491 3916 607 3993 ipsi
635 3918 848 3976 tamen
894 3913 1157 3988 possunt
1188 3909 1457 3971 vendere
1504 3928 1630 3970 non

151 4008 398 4085 officium,
428 4009 535 4070 sed
565 4008 879 4069 actionem
928 4002 1222 4081 eligendi,
1266 4002 1445 4082 cujus
1489 4003 1629 4082 qui-

153 4100 261 4161 dem
287 4103 505 4163 domini
531 4104 699 4175 sunt,
724 4103 788 4161 et
816 4115 955 4176 quae
984 4096 1179 4156 electo
1213 4096 1378 4155 utilis
1418 4102 1513 4156 est
1569 4099 1632 4157 et

153 4193 240 4270 ipsi
266 4214 375 4256 non
403 4196 650 4257 debita:
685 4194 950 4272 possunt
977 4206 1126 4267 ergo
1157 4187 1291 4249 sine
1327 4187 1632 4266 injustitia

157 4289 385 4365 iccipere
411 4308 520 4367 pro
577 4288 685 4347 illa
738 4283 1008 4362 pretium
1062 4281 1626 4359 proportionatum.

157 4378 248 4438 Nec
272 4381 441 4441 etiam
461 4381 668 4441 obstat
696 4375 865 4455 quod
895 4374 1012 4452 ipsi
1041 4391 1115 4434 ex
1131 4373 1499 4434 necessitate
1527 4374 1632 4433 de-

160 4468 340 4533 bebant
360 4474 626 4552 aliquem
654 4469 884 4547 eligere
914 4466 1045 4527 sine
1074 4465 1312 4544 pretio:
1346 4466 1494 4544 quia
1514 4466 1634 4527 hoc

162 4558 383 4625 lebitum
411 4572 469 4628 et
498 4566 631 4626 haeo
670 4560 969 4639 obligatio
1016 4576 1141 4619 non
1189 4559 1394 4619 fuerat
1430 4559 1631 4638 impo-

165 4652 242 4715 vita
264 4657 317 4716 in
345 4659 603 4737 gratiam
626 4654 1089 4734 eligendorum,
1120 4651 1232 4712 sed
1249 4642 1506 4730 propter
1522 4652 1636 4713 bo-

167 4762 269 4807 num
294 4769 630 4829 commune,
664 4755 728 4811 et
754 4748 835 4810 ad
855 4746 1114 4808 vitanda
1132 4746 1634 4806 inconvenientia

169 4854 260 4919 {uae
307 4863 373 4904 ex
399 4845 754 4907 venditione
809 4840 1107 4919 consequi
1169 4844 1478 4917 poteraut.
1542 4841 1631 4899 Ex

171 4934 335 5011 [uibus
360 4956 563 4998 rursus
585 4937 716 4998 fieri
746 4934 1016 5008 videtur,
1042 4931 1207 5012 quod
1235 4951 1358 4992 non
1373 4936 1633 4992 tenean-

173 5042 230 5085 ιι·
253 5047 316 5087 ex
349 5029 582 5109 justitia
636 5029 908 5108 pretium
958 5025 1222 5104 emptori
1277 5024 1627 5099 restituere,

175 5132 265 5178 um
291 5123 340 5180 ei
366 5143 434 5183 ex
463 5124 693 5203 injusta
721 5119 1084 5199 acceptione
1130 5136 1254 5179 non
1302 5116 1625 5178 debeatur.

177 5208 442 5277 llfficultas
470 5222 714 5295 poterat
741 5232 898 5290 esse,
934 5231 1013 5272 an
1048 5212 1229 5290 juxta
1272 5210 1632 5288 supradicta

179 5314 436 5370 meantur
461 5330 531 5370 ex
562 5308 921 5371 obedientia
949 5306 1105 5383 legis
1150 5304 1303 5364 illud
1339 5303 1627 5379 reddere,

181 5390 578 5481 tpraeceptum
607 5402 802 5482 gratis
850 5398 1119 5477 eligendi
1161 5395 1515 5458 observent.
1557 5397 1636 5457 Et

184 5486 187 5499 '
224 5488 367 5553 ‘dem
392 5496 438 5555 si
462 5515 558 5557 res
579 5497 824 5573 integra
853 5494 953 5566 sit,
1004 5491 1101 5551 vel
1132 5491 1197 5549 in
1237 5508 1310 5549 eo
1356 5493 1520 5550 statu
1566 5492 1638 5549 ut

184 5502 354 5689 ¹resint
374 5588 733 5652 electionem
789 5583 1169 5658 rescindere,
1228 5586 1292 5642 et
1340 5581 1635 5642 eumdem

3141 398 3258 457 563

1724 568 1821 628 vel
1854 568 2045 628 alium
2075 569 2269 646 gratis
2298 569 2551 646 eligere,
2573 569 2670 629 lex
2692 569 2975 650 obligans
2994 572 3074 631 ad
3105 574 3263 634 elec-

1723 662 1957 722 tionem
1985 661 2323 740 gratuitam
2355 662 2656 739 obligabit
2686 663 2872 723 etiam
2904 664 2982 724 ad
3023 666 3258 726 rescin-

1725 754 2000 814 dendam
2031 755 2306 832 priorem
2355 754 2749 831 electionem,
2786 760 2856 817 ut
2919 758 3105 818 aliam
3156 778 3260 819 no-

1724 864 1867 907 vam
1890 847 2229 925 gratuitam
2260 848 2511 908 saciant.
2546 850 2702 910 Item
2721 869 2842 909 non
2866 856 2959 911 est
2975 851 3258 928 dubium,

1727 940 1776 1000 si
1808 941 1907 1000 lex
1937 939 2210 1000 irritaret
2242 940 2610 1003 electionem
2641 943 2844 1020 pretio
2873 943 3128 1021 factam,
3164 946 3262 1006 vel

1725 1032 2019 1092 redderet
2060 1051 2167 1093 eos
2223 1033 2553 1112 incapaces
2607 1035 2915 1095 retinendi
2990 1039 3262 1116 pretium

1725 1128 2076 1202 acceptum,
2127 1124 2360 1184 debere
2397 1124 2668 1204 pretium
2711 1128 2979 1191 restitui.
3023 1131 3264 1209 Suppo-

1727 1217 1843 1278 sito
1888 1221 2120 1290 tamen,
2182 1216 2352 1295 quod
2406 1218 2503 1277 lex
2560 1224 2850 1280 neutrum
2905 1220 3112 1299 faciat,
3149 1241 3264 1283 nec

1729 1309 1950 1370 electio
1980 1310 2249 1387 amplius
2276 1310 2546 1369 rescindi
2568 1311 2782 1389 possit,
2809 1319 3267 1393 consequenter

1727 1403 1806 1463 ad
1838 1402 2005 1464 dieta
2031 1401 2339 1481 principia
2359 1402 2696 1463 dicendum
2725 1404 2994 1482 videtur,
3018 1425 3123 1468 eos
3140 1427 3266 1469 non

1728 1494 1991 1574 obligari
2014 1495 2204 1555 etiam
2226 1514 2297 1554 ex
2318 1495 2677 1557 obedientia
2698 1497 2781 1557 ad
2812 1499 3266 1561 restituendum

1728 1588 2037 1666 pretium:
2098 1588 2269 1666 quod
2309 1589 2642 1649 confirmat
2676 1592 3030 1669 exemplum
3078 1613 3269 1672 supra

1729 1682 1987 1743 allatum
2027 1681 2106 1741 de
2154 1681 2287 1759 ipso
2340 1699 2511 1760 rege,
2570 1682 2678 1762 qui
2732 1683 2876 1745 licet
2927 1684 3267 1764 aliquando

1729 1779 1950 1854 peccet
1976 1773 2307 1834 vendendo
2340 1774 2444 1833 illa
2474 1775 2681 1835 officia
2709 1780 2929 1837 contra
2956 1778 3262 1854 debitum,

1730 1866 1899 1946 quod
1929 1886 2003 1926 ex
2024 1865 2169 1945 jure
2200 1871 2440 1926 naturae
2475 1871 2538 1928 et
2578 1885 2654 1926 ex
2700 1869 2951 1948 proprio
3005 1889 3267 1931 munere

1728 1960 1921 2020 habet
1947 1978 2070 2020 non
2128 1959 2236 2019 illa
2291 1959 2606 2020 vendendi
2660 1967 2919 2040 propter
2971 1964 3270 2024 inconve-

1728 2053 1964 2114 nientia
1994 2071 2134 2131 quae
2164 2052 2442 2113 venditio
2487 2053 2704 2125 affert;
2757 2073 2882 2114 non
2923 2059 3134 2118 tamen
3173 2061 3268 2117 te-

1729 2151 1912 2207 netur
1963 2146 2235 2225 pretium
2290 2147 2616 2207 restituere
2667 2151 3095 2210 conservando
3144 2152 3271 2212 ele·

1728 2242 1897 2300 ctum
1927 2239 1986 2297 in
2032 2256 2146 2298 suo
2195 2239 2423 2300 oftici0.
2460 2239 2637 2300 Ratio
2687 2246 2898 2302 autem
2952 2261 3024 2302 ex
3082 2244 3268 2308 dictis

1727 2332 1911 2391 reddi
1938 2335 2163 2409 potest,
2197 2331 2345 2409 quia
2374 2332 2733 2393 obedientia
2762 2334 2825 2393 in
2856 2340 3099 2396 tantum
3130 2355 3270 2416 pos-

1729 2428 1825 2484 set
1844 2423 2123 2501 obligare
2137 2422 2217 2482 ad
2238 2423 2635 2484 reddendum
2663 2427 2961 2504 pretium,
2981 2429 3045 2487 in
3069 2448 3269 2509 quan·

1726 2520 1860 2577 tum
1890 2533 1964 2575 eo
1995 2533 2119 2575 non
2150 2515 2397 2575 reddito
2429 2535 2554 2576 non
2582 2519 2652 2578 fit
2682 2537 2839 2597 opus
2882 2539 2918 2579 a
2947 2521 3085 2599 lege
3115 2541 3269 2601 prae·

1729 2612 2003 2686 ceptum,
2037 2611 2102 2668 et
2123 2625 2198 2668 eo
2227 2607 2475 2669 reddito
2504 2610 2639 2669 fleri
2685 2616 2897 2689 posset
2928 2628 2942 2673 ε
2996 2614 3117 2675 hoc
3161 2634 3269 2676 au·

1725 2705 1854 2762 tem
1872 2701 1936 2760 in
1965 2700 2256 2780 praesenti
2285 2700 2495 2762 locum
2523 2720 2649 2763 non
2678 2702 2898 2777 habet;
2925 2724 3081 2785 opus
3103 2707 3269 2768 enim

1727 2814 1767 2856 a
1811 2795 1949 2872 lege
2005 2798 2389 2872 praeceptum
2443 2800 2558 2870 est,
2603 2789 3138 2874 quotl¹¹¹officiales
3182 2801 3269 2861 illi

1727 2887 1923 2966 gratis
1952 2886 2301 2965 eligantur:
2347 2887 2515 2967 quod
2559 2889 2816 2966 quidem
2858 2891 3049 2952 etiam
3095 2895 3269 2955 resti·

1728 2984 1862 3042 tuto
1889 2979 2115 3058 pretio,
2149 2978 2418 3040 obtineri
2437 2981 2703 3058 amplius
2724 3001 2848 3043 non
2871 2987 3271 3065 potest;quia

1729 3073 1947 3133 electio
2006 3090 2134 3132 non
2165 3076 2404 3151 'potest‘¹
2447 3073 2676 3134 iterum
2697 3074 2856 3153 fieri,
2892 3096 3004 3137 nec
3049 3079 3269 3141 electio

1726 3165 1895 3227 facta
1953 3168 2164 3245 potest
2215 3166 2470 3243 cassari,
2521 3171 2591 3228 ut
2629 3187 2938 3249 suppono,
2986 3191 3103 3233 nec
3131 3172 3269 3234 fieri

1726 3263 1934 3339 potest
1963 3259 2134 3338 quod
2163 3260 2385 3320 electio
2428 3278 2554 3320 non
2587 3261 2775 3323 fuerit
2802 3263 2968 3324 facta
3010 3284 3084 3325 ex
3127 3285 3270 3345 pre-

1728 3353 1851 3425 tio;
1886 3370 2035 3431 ergo
2065 3352 2211 3413 licet
2236 3353 2506 3431 pretium
2534 3354 2916 3433 restituatur,
2950 3375 3074 3419 non
3096 3360 3269 3437 poni-

1727 3450 1831 3508 tur
1857 3446 1920 3505 id
1951 3445 2120 3525 quod
2150 3445 2247 3506 lex
2278 3447 2701 3526 praecipiebat.

1808 3540 2011 3613 Dices),
2043 3539 2333 3600 restituto
2365 3539 2585 3616 pretio,
2623 3540 3004 3604 obtinebitur
3045 3546 3268 3606 saltem

1729 3632 1897 3711 quod
1950 3631 2233 3691 officialis
2289 3633 2521 3693 electus
2561 3632 2857 3712 deinceps
2906 3639 3101 3715 gratis
3131 3640 3266 3699 offi-

1728 3724 1895 3785 cium
1924 3741 2107 3782 suum
2134 3724 2471 3803 possideat.
2494 3725 2619 3785 Sed
2648 3731 2887 3803 contra,
2923 3729 3067 3807 quia
3098 3731 3268 3810 quod

1727 3818 1827 3878 lex
1856 3817 2052 3877 vitare
2083 3816 2470 3893 intendebat,
2504 3818 2709 3878 solum
2753 3826 2886 3882 erat
2928 3824 3096 3900 quod
3137 3824 3264 3884 ele-

1729 3910 1852 3972 ctio
1881 3928 2007 3970 non
2053 3910 2234 3969 fieret
2263 3927 2375 3986 pro
2428 3910 2627 3987 pretio
2670 3917 2927 3991 propter
2971 3915 3269 3976 inconve-

1731 4002 1965 4063 nientia
1996 4020 2136 4081 quoe
2166 4006 2513 4081 sequuntur
2540 4021 2612 4063 ex
2658 4022 2732 4064 eo
2759 4006 2928 4083 quod
2968 4027 3082 4086 pro
3125 4027 3268 4086 pre-

1728 4095 1816 4158 tio
1844 4096 1994 4168 fiat;
2051 4094 2222 4173 quod
2268 4098 2479 4156 autem
2518 4100 2734 4174 postea
2778 4100 3048 4177 pretium
3085 4103 3268 4163 resti-
3343 4166 3350 4175 ,

1728 4194 1962 4264 tuatur,
2016 4207 2141 4248 non
2188 4188 2350 4248 tollit
2424 4188 2530 4248 illa
2584 4189 3089 4254 inconvenientia
3127 4213 3267 4274 quoe

1728 4283 1911 4342 bonae
1943 4281 2376 4341 ministrorum
2406 4281 2695 4342 electioni
2727 4302 2951 4344 nocere
2983 4293 3261 4364 possunt.

1728 4374 1872 4435 Jam
1902 4391 2052 4451 ergo
2084 4372 2359 4450 positum
2386 4373 2700 4433 invenitur
2729 4374 2792 4434 id
2833 4378 3001 4455 quod
3031 4379 3127 4439 lex
3174 4381 3268 4439 vi-

1729 4471 1865 4528 tare
1897 4464 2264 4541 conabatur,
2326 4483 2549 4543 nempe
2606 4468 2774 4544 quod
2804 4468 3027 4531 intuitu
3085 4474 3267 4550 pretii

1732 4559 1957 4638 aliquis
2004 4559 2241 4618 electus
2280 4558 2486 4618 fuerit.
2517 4558 2613 4617 Ad
2672 4560 2840 4639 quod
2897 4567 2991 4623 est
3031 4564 3267 4625 bonum

1733 4651 2085 4731 exemplum
2113 4650 2177 4709 in
2208 4648 2563 4710 venditione
2593 4650 2955 4730 simoniaca,
2990 4675 3113 4735 qua
3161 4659 3267 4718 ali·

1732 4746 1871 4824 quis
1934 4762 2045 4823 pro
2113 4741 2311 4820 pretio
2382 4744 2711 4820 temporali
2787 4747 3070 4809 vendidit
3131 4769 3265 4810 rem

1732 4855 1998 4911 sacram,
2030 4834 2210 4913 cujus
2239 4834 2493 4912 quidem
2525 4840 2654 4896 tota
2682 4839 3005 4915 turpitudo
3039 4841 3098 4899 in
3131 4842 3264 4920 ipsa

1731 4928 2092 4991 venditione
2145 4926 2447 5001 consistit,
2487 4933 2742 5006 propter
2793 4929 3264 4993 irreverentiam

1734 5041 1875 5100 quae
1906 5023 1977 5081 fit
2001 5021 2093 5079 rei
2126 5037 2321 5080 sacrae
2369 5024 2432 5079 et
2460 5019 2786 5097 spirituali,
2822 5024 3150 5084 vendendo
3205 5031 3267 5086 et

1733 5113 2100 5174 aestimando
2147 5111 2314 5171 illam
2373 5129 2484 5189 pro
2534 5131 2601 5171 re
2647 5116 3011 5192 temporali:
3071 5136 3263 5195 quare

1733 5207 2042 5285 completa
2064 5205 2198 5284 jam
2228 5205 2609 5281 venditione,
2645 5211 2706 5266 et
2735 5213 2989 5286 accepto
3038 5212 3260 5287 pretio,

1733 5319 1859 5361 non
1915 5305 2078 5358 esset
2125 5298 2203 5358 de
2234 5298 2375 5375 jure
2418 5298 2637 5358 saltem
2685 5305 2925 5361 naturae
2967 5303 3264 5381 obligatio

1734 5393 1888 5453 illud
1920 5390 2311 5465 restituendi,
2345 5390 2465 5449 nisi
2492 5390 2630 5467 lege
2662 5393 2928 5469 positiva
2956 5394 3017 5453 in
3050 5396 3268 5475 aliqui-

1733 5486 1852 5546 bus
1879 5484 2128 5545 casibus
2155 5483 2221 5543 id
2240 5483 2722 5561 praeciperetur:
2776 5486 2921 5564 quia
2968 5487 3266 5549 nimirum

1735 5577 2187 5640 inconveniens
2210 5575 2380 5655 quod
2409 5576 2508 5637 lex
2556 5576 2892 5653 prohibens
2934 5580 3265 5644 simoniam
