4263 6376
130 1295 176 1354 ΕΒ

112 4462 163 4518 24

1314 362 1785 425 DISPUTATIO
1830 363 2019 440 XXX,
2068 361 2343 424 SECTIO
2385 359 2461 424 11.

287 537 362 600 sit
387 538 704 618 particeps
731 539 920 601 totius
949 557 1210 601 summae
1251 539 1654 614 remanentis,
1713 537 1818 599 de-

3332 360 3448 419 475

1995 536 2263 600 Infertur
2291 537 2495 614 tertio,
2556 536 2635 598 de
2661 537 2825 599 facto
2877 536 2941 596 in
2988 534 3178 597 dubio
3221 551 3451 614 praesu-

3616 538 3695 599 25

288 630 460 691 beret
512 631 693 693 valor
745 651 953 711 operae
1010 633 1303 693 aestimari
1359 631 1814 693 considerando
1914 631 2210 691 mendam
2240 650 2374 692 esse
2403 630 2764 692 societatem
2793 630 3024 692 factam
3054 646 3199 702 uno,
3231 627 3329 688 vel
3357 627 3450 687 al·
3498 667 3543 708 ,n
3558 664 3681 709 dumo
3694 675 3794 718 quo,

291 742 408 784 non
445 724 653 785 solum
688 726 992 801 laborem,
1051 729 1113 786 et
1164 724 1540 786 industriam
1587 743 1813 785 secun-

293 815 434 876 dum
473 835 567 892 se,
627 817 741 877 sed
783 819 972 878 etiam
1027 817 1374 897 periculum
1404 817 1686 879 solvendi
1718 817 1822 878 da-

292 926 431 968 mna
462 927 608 987 quae
644 928 720 969 ex
751 909 885 989 ejus
927 910 1112 989 culpa
1153 910 1278 970 levi
1316 910 1645 989 provenire
1675 928 1819 989 pos-

294 1000 427 1076 sint,
461 1000 635 1079 quod
666 1003 1013 1082 periculum
1044 1002 1191 1065 facit
1217 1002 1638 1081 proculdubio
1670 1020 1819 1081 ope-

295 1111 420 1153 ram
473 1093 737 1173 majoris
788 1095 1018 1155 valoris
1050 1141 1065 1171 ,
1138 1113 1329 1174 quam
1381 1095 1446 1155 in
1509 1114 1575 1156 se
1632 1097 1814 1156 esset.

297 1186 444 1247 Hinc

367 1279 642 1340 Infertur
668 1279 896 1360 primo,
930 1280 985 1341 si
1011 1285 1370 1344 contractus
1399 1281 1519 1342 hoc
1546 1280 1822 1342 secundo

296 1371 476 1433 modo
504 1372 640 1449 fiat,
700 1378 766 1434 et
792 1374 1057 1452 capitale
1095 1378 1346 1454 pereat,
1391 1374 1593 1454 perire
1623 1372 1736 1434 soli
1766 1371 1824 1432 ei

298 1465 396 1544 qui
422 1464 581 1525 illud
610 1466 923 1544 apposuit,
958 1465 1191 1547 quippe
1220 1467 1327 1546 qui
1355 1467 1487 1547 ipse
1516 1466 1684 1527 solus
1714 1465 1827 1526 do-

296 1558 555 1618 minium
583 1558 747 1618 iilius
791 1559 1064 1620 habebat
1106 1560 1407 1638 quamdiu
1441 1578 1566 1622 non
1596 1577 1828 1637 expen-

298 1651 557 1711 debatur
572 1670 588 1723 ;
608 1655 941 1730 postquam
958 1655 1168 1712 autem
1185 1653 1571 1713 consumitur
1589 1652 1652 1711 in
1666 1669 1829 1711 mer-

297 1743 466 1803 cibus
495 1741 804 1819 emendiS,
836 1742 1187 1804 dominium
1214 1744 1308 1805 rei
1336 1748 1562 1823 emptae
1595 1748 1690 1805 est
1717 1762 1828 1823 pe·

297 1854 400 1895 nes
450 1838 791 1914 utrumque
847 1837 1107 1913 socium,
1155 1836 1304 1915 quia
1342 1837 1430 1897 ibi
1463 1836 1830 1916 permistum

296 1926 664 2005 intelligitur
715 1929 982 2006 capitale
1037 1947 1183 1989 cum
1237 1930 1409 1990 lucro
1428 1976 1444 2006 ,
1519 1929 1688 2008 quod
1745 1928 1827 1989 ad

299 2025 630 2098 utrumque
651 2021 891 2081 socium
918 2021 1221 2099 pertinet3
1256 2022 1341 2082 ita
1365 2026 1599 2098 tamen,
1635 2021 1828 2101 utqui

298 2113 559 2191 capitale
613 2114 941 2192 apposuit,
1006 2114 1112 2193 jus
1180 2114 1409 2176 habeat
1463 2113 1831 2176 extrahendi

297 2205 464 2285 prius
489 2209 693 2266 totum
721 2206 874 2266 illud
903 2207 1239 2286 integrum.
1275 2207 1347 2269 Si
1373 2226 1520 2268 vero
1551 2226 1585 2267 e
1614 2211 1831 2268 contra

299 2303 438 2360 ante
495 2297 822 2375 negotium
879 2299 1248 2377 perfectum,
1308 2302 1371 2359 et
1419 2304 1562 2361 ante
1616 2317 1833 2360 omnes

299 2409 518 2469 operas
543 2389 778 2468 positas
809 2408 948 2470 quae
980 2390 1127 2470 poni
1171 2391 1517 2468 dehebant,
1566 2386 1831 2471 capitale

297 2487 541 2563 pereat;
589 2483 784 2562 aliqui
813 2483 1033 2544 dicunt
1076 2502 1221 2545 eum
1264 2484 1372 2563 qui
1422 2502 1645 2562 operas
1675 2502 1832 2544 con-

298 2578 458 2637 ferre
487 2576 781 2653 debebat,
814 2577 1146 2638 restituere
1176 2577 1407 2638 debere
1437 2577 1692 2640 domino
1724 2596 1829 2638 ca-

298 2670 500 2749 pitalis
530 2673 774 2747 partem
802 2669 1029 2731 valoris
1059 2688 1266 2748 operae
1287 2669 1567 2731 nondum
1588 2671 1828 2750 positae.

299 2762 412 2823 Alii
443 2766 657 2823 tamen
683 2762 893 2822 verius
922 2762 986 2822 id
1016 2766 1271 2840 negant,
1324 2763 1472 2843 quia
1518 2763 1679 2824 sicut
1706 2766 1837 2825 tota

301 2872 490 2933 opera
515 2854 680 2932 perit
707 2853 814 2913 uni
843 2854 1033 2930 socie,
1081 2854 1169 2915 ita
1198 2854 1378 2915 alteri
1405 2855 1522 2915 soli
1551 2856 1716 2934 perit
1743 2860 1835 2916 to-

298 2953 428 3009 tum
458 2947 748 3027 capitale,
783 2950 846 3008 et
871 2947 1034 3008 sicut
1061 2947 1114 3007 si
1145 2947 1296 3026 quid
1324 2967 1400 3008 ex
1428 2948 1677 3027 capitali
1708 2966 1838 3007 ma-

300 3047 422 3116 net,
485 3040 573 3099 illi
601 3039 717 3101 soli
745 3042 959 3099 manet
987 3039 1091 3119 qui
1124 3040 1275 3100 illud
1318 3041 1614 3114 contulit3
1675 3041 1761 3102 ita
1784 3040 1835 3101 si

301 3133 448 3213 quid
475 3150 686 3212 operae
709 3132 990 3194 nondum
1014 3132 1312 3195 adhibitae
1335 3134 1579 3195 salvum
1599 3138 1832 3211 manet,

300 3227 382 3286 illi
423 3226 545 3287 soli
588 3230 801 3287 manet
856 3226 960 3306 qui
1017 3244 1159 3286 eam
1213 3227 1494 3288 conferre
1542 3227 1834 3304 debehat,

305 3338 442 3380 cum
471 3319 744 3380 societas
772 3318 939 3379 facta
967 3318 1046 3379 sit
1070 3318 1273 3379 solum
1300 3318 1364 3378 in
1387 3319 1606 3380 ordine
1637 3319 1718 3379 ad
1747 3319 1839 3380 lu·

301 3430 472 3473 crum
503 3410 936 3487 dividendum,
971 3411 1057 3471 ita
1083 3411 1314 3471 Molina
1347 3430 1454 3473 nu.
1479 3414 1538 3473 3.
1574 3417 1637 3473 et
1662 3414 1834 3474 Less,

304 3524 403 3566 nu.
439 3508 540 3566 17.
593 3503 656 3565 Si
688 3503 958 3582 deniqne
1003 3507 1359 3565 contractus
1394 3504 1595 3566 factus
1619 3505 1840 3567 fuisset

302 3597 488 3675 priori
513 3595 730 3672 modo,
763 3596 852 3656 ita
880 3600 948 3657 ut
976 3600 1178 3658 totum
1208 3597 1376 3676 quod
1396 3602 1705 3674 remanet,
1741 3597 1839 3658 di·

301 3689 643 3750 videndum
673 3692 871 3762 esset;
905 3693 1053 3749 tunc
1081 3692 1383 3767 pereunte
1414 3691 1690 3769 capitali,
1726 3710 1838 3751 an-

301 3787 556 3862 tequam
583 3785 714 3843 tota
756 3798 948 3858 opera
995 3781 1073 3841 ab
1119 3782 1317 3843 altero
1375 3783 1577 3861 posita
1627 3784 1835 3860 fuerit,

302 3875 486 3937 debet
534 3872 830 3935 aestimari
871 3872 1047 3934 valor
1082 3874 1277 3952 partis
1324 3893 1531 3953 operae
1560 3876 1840 3937 nondum

302 3968 541 4047 positae,
584 3970 648 4028 et
678 3965 872 4026 dividi
903 3966 1067 4027 inter
1095 3967 1297 4027 socios
1327 3968 1550 4028 eadem
1579 3987 1841 4048 propor-

302 4063 489 4137 tione,
541 4078 667 4139 qua
693 4059 857 4122 inter
884 4077 991 4120 eos
1021 4059 1407 4122 divideretur
1435 4062 1727 4141 capitale,
1787 4062 1839 4122 si

301 4157 688 4227 remaneret3
740 4152 886 4235 quia
913 4152 976 4213 in
1008 4171 1081 4213 eo
1111 4158 1439 4217 contractu
1484 4153 1661 4217 valor
1690 4173 1842 4234 ope-

304 4265 386 4309 rae
417 4251 554 4308 erat
581 4246 773 4308 etiam
803 4260 948 4324 pars
978 4264 1200 4308 massae
1221 4246 1573 4308 communis
1594 4267 1735 4328 quae
1757 4247 1836 4308 ad

304 4359 518 4401 omnes
547 4342 811 4419 spectat.
842 4339 1022 4402 Unde

379 4434 654 4496 infertur
679 4432 979 4509 secundo,
1029 4431 1079 4492 si
1109 4436 1464 4495 contractus
1511 4432 1840 4512 posteriori

304 4527 491 4589 modo
519 4526 653 4602 fiat,
703 4529 999 4587 manente
1028 4529 1158 4587 toto
1185 4525 1436 4604 capitali
1465 4526 1524 4585 ei
1553 4526 1660 4606 qui
1688 4525 1840 4587 illud

306 4619 588 4696 contulit,
621 4622 685 4679 et
711 4618 962 4696 negotio
992 4618 1191 4695 finito,
1223 4618 1463 4679 nullum
1492 4618 1572 4679 sit
1596 4619 1841 4679 lucrum

305 4713 418 4773 sed
445 4713 649 4774 solum
681 4712 972 4790 capitale,
1025 4711 1146 4772 hoc
1172 4715 1374 4774 totum
1415 4711 1730 4790 pertinere
1760 4712 1841 4773 ad

305 4824 471 4881 eum,
504 4804 611 4885 qui
640 4803 795 4865 illud
825 4804 1114 4884 apposuit
1145 4821 1160 4863 ε
1195 4803 1362 4885 quod
1393 4804 1704 4866 immerito
1735 4823 1843 4865 ne·

303 4894 478 4978 gavit
504 4897 822 4959 Filliucius
849 4897 956 4958 ubi
985 4916 1177 4975 supra
1208 4916 1345 4977 cap.
1381 4915 1476 4959 111.
1520 4917 1580 4958 n.
1613 4901 1716 4959 45.
1751 4897 1841 4958 di-

304 5011 473 5068 cenS,
508 4991 737 5053 debere
767 5009 843 5051 ex
869 4990 1120 5070 capitali
1152 4994 1518 5052 remanente
1547 4991 1707 5052 solvi
1735 5009 1841 5052 va-

300 5086 502 5149 lorem
521 5102 728 5163 operae
758 5084 815 5144 ei
842 5085 948 5164 qui
970 5102 1108 5144 eam
1128 5082 1410 5145 contulit.
1446 5084 1841 5146 Contrarium

300 5184 515 5242 tamen
542 5178 765 5240 merito
801 5177 1031 5239 docent
1052 5177 1283 5238 Molina
1312 5177 1374 5239 d.
1409 5196 1475 5239 n.
1498 5179 1559 5242 3.
1593 5181 1655 5239 et
1682 5196 1743 5242 n.
1778 5181 1835 5239 1.

301 5273 370 5332 in
394 5273 541 5347 fine,
591 5275 653 5332 et
679 5270 929 5332 Lessius
975 5290 1038 5330 n.
1075 5274 1170 5332 18.
1206 5271 1353 5350 quia
1385 5270 1547 5333 sicut
1574 5272 1841 5350 capitale

300 5364 470 5445 perit
492 5364 604 5424 soli
632 5364 770 5445 ejus
801 5364 1077 5439 domin0‚
1112 5364 1199 5424 ita
1230 5382 1422 5443 opera
1448 5363 1612 5443 perit
1638 5364 1754 5425 soli
1784 5364 1842 5424 ei

302 5457 412 5537 qui
446 5475 578 5518 eam
607 5458 885 5534 confert,
932 5461 996 5519 et
1021 5457 1285 5519 societas
1308 5457 1380 5519 fit
1405 5458 1607 5520 solum
1637 5458 1717 5518 ad
1746 5457 1841 5519 lu·

303 5569 505 5627 crum,
535 5556 603 5614 ut
631 5570 801 5631 saepe
831 5551 1068 5613 dictum
1098 5553 1212 5612 est.

1918 727 2050 785 tero
2080 724 2268 784 modo
2316 722 2491 803 juxta
2535 724 2654 785 loci
2687 722 3225 785 consuetudinem.
3274 722 3451 780 Hanc

1920 820 2129 877 autem
2159 816 2528 896 plerumque
2557 833 2713 893 esse,
2747 818 2818 877 ut
2841 818 3197 877 contractus
3224 813 3336 874 fiat
3353 830 3452 873 se-

1921 908 2127 971 cundo
2158 908 2368 985 modo,
2398 913 2690 970 manente
2711 908 3228 987 capitaliintegro
3258 904 3315 965 ei
3344 903 3454 983 qui

1919 1001 2073 1062 illud
2102 1002 2414 1080 apposuit,
2448 1005 2754 1062 testantur
2771 1000 3004 1062 Molina
3032 1018 3095 1059 n.
3127 1001 3183 1060 1.
3217 997 3280 1057 in
3301 997 3446 1072 fine,

1923 1100 1986 1156 et
2009 1094 2247 1155 Filliuc.
2280 1112 2387 1154 nu.
2418 1098 2517 1155 44.
2553 1096 2616 1155 et
2641 1097 2741 1156 46.
2776 1093 2881 1173 qui
2910 1093 2975 1153 id
3002 1092 3228 1172 prohat
3245 1109 3321 1151 ex
3350 1107 3452 1150 so-

1921 1187 2145 1248 cietate
2175 1186 2341 1247 circa
2369 1204 2648 1264 gregem,
2700 1186 2804 1266 qui
2851 1186 3017 1246 enim
3062 1201 3321 1263 gregem
3348 1181 3458 1242 dat

1921 1278 2099 1341 alteri
2130 1278 2321 1354 socio,
2370 1278 2476 1358 qui
2506 1297 2763 1357 operam
2791 1283 2854 1340 et
2880 1277 3251 1338 industriam
3280 1273 3455 1336 adhi-

1922 1373 2050 1449 bet,
2085 1389 2334 1450 semper
2363 1371 2484 1431 sibi
2507 1371 2736 1434 retinet
2763 1389 3043 1450 gregem,
3096 1387 3212 1430 nec
3242 1369 3320 1429 de
3348 1368 3454 1428 illo

1923 1465 1995 1528 fit
2020 1482 2302 1544 unquam
2330 1464 2553 1526 divisio
2585 1483 2729 1526 cum
2756 1465 2947 1541 socio,
2997 1463 3107 1525 sed
3149 1462 3351 1523 solum
3379 1460 3458 1521 de

1923 1557 2251 1620 fructibus,
2302 1559 2391 1618 Ex
2423 1558 2541 1619 hoc
2572 1562 2778 1619 tamen
2811 1557 3092 1636 exemplo
3135 1574 3255 1616 non
3286 1553 3461 1614 vide-

1925 1656 2028 1712 tur
2057 1655 2498 1728 argumentum
2528 1651 2749 1711 efficax
2778 1650 3020 1711 desumi
3068 1649 3150 1710 ad
3179 1647 3333 1708 alias
3359 1663 3461 1706 so-

1926 1744 2204 1818 cietateS,
2257 1743 2404 1821 quia
2433 1743 2496 1802 in
2526 1743 2632 1803 illo
2676 1743 2966 1804 dominus
2994 1741 3225 1821 gregiS,
3279 1739 3329 1800 si
3359 1756 3461 1799 res

1926 1838 2162 1898 attente
2190 1835 2642 1911 consideretur,
2703 1854 2826 1897 non
2871 1839 3001 1897 tam
3049 1834 3289 1896 confert
3315 1849 3459 1911 gre-

1925 1947 2070 2008 gem
2098 1928 2303 2008 ipsum
2333 1928 2414 1988 ad
2460 1928 2823 1989 societatem
2869 1945 3058 2006 quam
3088 1943 3293 2000 usum,
3351 1941 3463 1984 seu

1925 2022 2168 2083 fructus
2196 2021 2407 2100 gregis
2460 2037 2475 2083 :
2523 2038 2649 2082 non
2695 2020 2804 2082 dat
2831 2020 2999 2080 enim
3040 2037 3209 2094 oves,
3262 2020 3332 2077 ut
3358 2035 3465 2076 ex-

1927 2114 2287 2196 pendantur
2332 2119 2395 2176 et
2441 2117 2889 2175 consumantur
2936 2112 3014 2174 ad
3066 2110 3459 2183 lucrandum,

1928 2207 2037 2267 sed
2066 2209 2328 2283 fructuS,
2379 2206 2546 2267 unde
2577 2207 2738 2268 sicut
2784 2207 2893 2285 qui
2922 2206 3163 2267 confert
3207 2219 3464 2282 operam

1928 2304 1992 2361 et
2019 2299 2337 2378 navigium
2369 2299 2452 2359 ad
2497 2299 2964 2362 transferendas
2993 2315 3235 2359 merces
3263 2293 3466 2356 socio-

1926 2411 2090 2468 rum,
2150 2410 2278 2452 non
2333 2392 2563 2453 dicitur
2612 2392 2897 2454 conferre
2952 2390 3294 2468 navigium,
3354 2386 3466 2448 sed

1930 2502 2112 2546 usum
2142 2484 2398 2562 navigii,
2451 2502 2567 2545 nec
2593 2484 2676 2545 ad
2729 2483 3055 2545 aestimand
3068 2499 3173 2543 um
3201 2480 3268 2542 id
3297 2478 3467 2560 quod

1930 2578 2193 2653 confert,
2227 2575 2597 2638 aestimanda
2618 2579 2711 2637 est
2733 2576 2931 2653 navis,
2968 2574 3077 2636 sed
3095 2591 3244 2635 usus
3263 2572 3462 2644 illius;

1930 2668 2111 2730 sicin
2141 2687 2289 2730 casu
2320 2674 2530 2730 nostro
2558 2687 2684 2730 non
2731 2669 3077 2731 aestimatur
3122 2684 3298 2746 grex,
3357 2663 3467 2725 sed

1930 2781 2079 2823 usus
2109 2766 2172 2823 et
2197 2761 2436 2823 fructus
2478 2762 2710 2840 gregis,
2763 2762 2870 2840 qui
2899 2761 3101 2822 solum
3141 2759 3469 2820 conferun-

1933 2859 2035 2916 tur
2063 2854 2142 2914 ad
2170 2855 2414 2915 lucrum
2444 2872 2798 2916 commune.
2860 2852 3046 2916 Aliud
3088 2869 3236 2912 vero
3286 2853 3380 2911 est
3405 2849 3469 2909 in

1934 2947 2185 3028 capitali
2232 2948 2536 3026 pecuniae,
2594 2947 2692 3007 vel
2744 2946 3069 3018 mercium,
3123 2943 3291 3024 quod
3334 2942 3471 3023 qui-

1935 3040 2078 3101 dem
2107 3040 2427 3101 confertur
2455 3039 2729 3119 proprie,
2781 3040 2929 3120 quia
2957 3039 3040 3100 ad
3070 3038 3189 3099 hoc
3219 3036 3470 3098 exhibe-

1933 3137 2057 3211 tur,
2115 3136 2184 3195 ut
2210 3137 2618 3194 consumatur
2655 3136 2719 3195 et
2766 3136 3048 3195 vertatur
3092 3131 3156 3193 in
3199 3131 3466 3192 lucrum.

1937 3227 2116 3287 Circa
2144 3226 2280 3286 haec
2313 3229 2523 3287 tamen
2568 3226 2953 3287 consulenda
2983 3230 3077 3287 est
3105 3225 3295 3287 etiam
3325 3241 3471 3285 con-

1935 3318 2224 3395 suetudo,
2286 3323 2353 3379 ut
2393 3316 2716 3397 judicetur
2755 3338 2828 3379 ex
2859 3338 2997 3395 usu,
3058 3317 3260 3397 qualis
3287 3316 3476 3378 fuerit

1935 3411 2200 3473 intentio
2229 3411 2755 3488 contrahentium,
2806 3411 2917 3491 qui
2965 3429 3092 3472 uno
3139 3411 3241 3471 vel
3268 3409 3465 3472 altero

1937 3505 2126 3566 modo
2159 3503 2528 3566 contrahere
2560 3507 2920 3582 potuerunt.

2018 3600 2154 3658 Non
2208 3602 2421 3659 tamen
2479 3615 2804 3676 negamus,
2865 3616 3047 3677 posse
3107 3596 3473 3659 societatem

1938 3691 2107 3752 circa
2137 3689 2431 3749 animalia
2480 3689 2615 3749 fieri
2665 3690 3019 3751 etiamaliis
3049 3689 3275 3767 modis,
3328 3706 3474 3748 nam

1940 3783 2174 3844 omisso
2224 3785 2551 3843 contractu
2594 3781 2953 3857 locationis,
3011 3799 3134 3862 quo
3185 3782 3476 3842 dominus

1937 3875 2147 3955 gregis
2175 3875 2344 3936 locat
2388 3874 2562 3934 illum
2592 3874 2694 3934 alii
2751 3893 2865 3953 pro
2912 3875 3218 3935 fructibus
3266 3873 3475 3953 quoad

1937 3972 2202 4047 partem,
2260 3968 2359 4026 vel
2415 3985 2538 4045 quo
2596 3966 2891 4027 conducit
2936 3985 3160 4046 operas
3214 3964 3479 4045 alicujus

1939 4060 2104 4120 circa
2131 4077 2391 4138 gregem
2432 4077 2545 4138 pro
2594 4062 2772 4138 parte
2820 4059 3159 4134 fructuum,
3216 4058 3479 4139 quinon

1940 4157 2087 4214 sunt
2113 4156 2473 4213 contractus
2500 4151 2817 4214 societatis
2847 4152 2957 4213 sed
2986 4152 3335 4231 locationis,
3380 4152 3482 4214 vel

1940 4245 2374 4307 conductionis
2427 4266 2440 4306 :
2503 4248 2710 4324 potest
2749 4245 2884 4305 fieri
2933 4247 3189 4326 propria
3217 4246 3482 4308 societas

1938 4339 2214 4419 plurium
2256 4338 2712 4400 conferentium
2760 4338 3028 4418 capitale
3082 4340 3164 4400 ad
3210 4340 3482 4401 emenda

1942 4433 2258 4508 animalia,
2315 4450 2455 4511 quae
2500 4431 2935 4493 communibus
2983 4432 3269 4511 expensis
3313 4432 3484 4494 alan·

1942 4530 2064 4602 tur,
2117 4530 2179 4587 et
2209 4544 2474 4606 quorum
2504 4525 2742 4586 fructus
2770 4528 2834 4586 et
2862 4526 3127 4604 capitale
3157 4526 3283 4587 sint
3309 4544 3483 4587 com-

1941 4638 2163 4680 munes
2183 4638 2197 4692 ;
2233 4624 2296 4682 et
2313 4623 2463 4680 tunc
2484 4618 2693 4680 omnia
2714 4623 2934 4696 postea
2953 4619 3294 4681 dividenda
3311 4624 3478 4684 sunt.

1945 4715 2154 4774 Potest
2182 4714 2369 4772 etiam
2400 4731 2561 4772 unus
2592 4712 2874 4772 conferre
2897 4711 3210 4789 animalia,
3245 4716 3306 4774 et
3326 4712 3485 4774 alter

1939 4805 2316 4866 industriam
2366 4808 2429 4866 et
2476 4809 2782 4883 sumptuS,
2845 4807 2908 4866 et
2955 4823 3172 4866 rursus
3218 4809 3483 4884 possunt

1942 4898 2153 4960 omnia
2182 4900 2388 4959 facere
2410 4898 2788 4974 communia,
2822 4897 2923 4959 vel
2943 4897 3108 4959 solos
3136 4899 3374 4960 fructus
3402 4899 3485 4961 ad

1940 4992 2138 5069 lucra,
2172 4992 2334 5054 sicut
2355 4992 2419 5052 in
2451 4992 2588 5052 aliis
2617 4990 2893 5052 materiis
2945 5010 2958 5053 τ
3016 4990 3094 5051 de
3124 4991 3350 5072 quibus
3379 5010 3482 5053 so—

1942 5084 2272 5148 cietatibus
2319 5086 2488 5147 circa
2535 5084 2828 5145 animalia
2875 5084 3077 5146 videri
3121 5089 3328 5165 potest
3353 5088 3483 5149 Μο-

1940 5178 2068 5240 lina
2098 5179 2329 5258 disput.
2358 5182 2496 5240 420.
2531 5178 2681 5239 nihil
2709 5177 2876 5239 enim
2895 5177 2960 5239 in
2981 5178 3056 5238 iis
3078 5177 3350 5257 speciale
3380 5178 3476 5238 di-

1942 5271 2212 5333 cendum
2245 5272 2538 5336 occurrit.

2022 5365 2304 5445 Denique
2349 5365 2472 5427 alia
2518 5368 2724 5445 potest
2778 5383 2914 5426 esse
2963 5365 3230 5427 societas
3275 5364 3479 5427 solum

1944 5460 2110 5520 circa
2142 5477 2386 5538 operas,
2419 5463 2487 5520 ut
2509 5459 2761 5539 quando
2792 5460 2940 5536 duo,
2974 5460 3071 5520 vel
3096 5459 3307 5539 plures
3337 5477 3483 5520 con-

1944 5551 2225 5631 veniunt,
2277 5556 2346 5614 ut
2375 5553 2549 5614 lucra
2582 5552 2795 5613 omnia
2841 5571 2982 5633 quae
3015 5573 3087 5614 ex
3118 5552 3246 5615 suis
3276 5552 3483 5634 operis

3497 719 3617 762 modo
3625 722 3795 761 contn-

3517 779 3626 815 ctum
3647 770 3775 814 ruisse

3509 829 3794 882 praesumatur.

3620 3616 3698 3674 26

3525 3741 3585 3785 no
3602 3744 3818 3783 contractu

3564 3794 3774 3842 societatis

3621 3847 3727 3890 circa

3579 3901 3786 3946 animalia.

3631 5378 3703 5435 27
