4263 6376
964 304 1084 365 516

963 485 1078 558 set,
1113 500 1192 541 an
1221 484 1285 544 et
1312 480 1625 561 quomodo
1653 479 1883 541 lucrari
1918 480 2113 558 possit
2138 481 2191 540 is
2221 479 2327 559 qui
2357 498 2499 557 per-

2121 301 2224 360 DE
2267 300 2620 362 JUSTITIA
2666 302 2767 363 ΕΤ
2808 303 3009 366 JURE

2599 479 2894 559 conjugii,
2962 501 3104 543 cum
3147 484 3266 545 hoc
3326 486 3489 546 enim
3546 492 3662 549 stat
3709 490 3932 551 voluntas
3965 514 4005 553 se

964 575 1113 635 dere
1143 575 1203 634 in
1234 574 1380 634 ludo
1410 594 1533 635 non
1564 577 1766 653 potest
1798 591 1813 638 t
1845 574 1923 633 de
1944 573 2063 634 hoc
2090 578 2323 649 tamon,
2350 573 2499 652 quia
2599 573 2939 651 obligandi,
2974 582 3037 637 et
3062 578 3150 637 sic
3181 579 3258 638 de
3288 579 3423 639 aliis
3456 599 3470 640 ε
3504 599 3690 659 quare
3717 582 3838 643 licet
3856 584 4006 648 ludens

963 667 1172 746 aliqua
1201 667 1392 727 dubia
1420 667 1887 746 complectitur,
1930 684 2191 746 agemus
2220 667 2495 728 sectione
2597 684 2718 725 non
2750 667 2981 729 habeat
3007 670 3289 731 animum
3317 673 3631 749 solvendi,
3678 683 3850 752 potest
3872 681 4006 739 nilide

961 761 1265 840 sequenti.

1406 1195 1826 1279 sEcho
1908 1196 2027 1277 ΙΙΙ.

952 1500 1052 1558 An
1081 1498 1186 1579 qni
1207 1498 1450 1580 perdere
1475 1518 1588 1558 non
1612 1507 1801 1580 potest
1830 1499 1888 1557 in
1919 1497 2052 1558 ludo
2079 1545 2094 1576 ,
2123 1499 2280 1577 juste
2302 1501 2487 1579 possit

1436 1603 1750 1685 aliquando
1780 1603 2020 1664 lucrari.

700 1883 777 1940 53
1028 1872 1359 1933 Dubitatur
1385 1872 1625 1951 primo,
1677 1891 1757 1931 an
1797 1872 1903 1950 qui
1934 1872 2090 1932 ludit
2119 1872 2328 1933 anImo
2360 1892 2482 1933 non

646 2006 722 2070 (ιιιι
751 2007 853 2049 ιιιιιιι
948 1965 1267 2042 solvendi,
1327 1967 1428 2026 vel
1477 1966 1685 2025 animo
1717 1965 2038 2042 repetendi
2071 1971 2289 2043 postea
2318 1967 2486 2027 solu-

628 2061 874 2123 ⁸¹¹¹m9⁸⁰¹-
947 2063 1117 2131 tum,
1176 2064 1238 2120 ct
1264 2058 1476 2120 utendi
1526 2058 1828 2118 beneficio
1879 2058 2037 2135 legis
2084 2059 2483 2121 concedentis

628 2115 789 2220 {opilia
792 2115 894 2262 Ξῗιη
944 2152 1402 2230 repetitionem,
1437 2152 1652 2229 possit,
1694 2152 2069 2228 silum-etur,
2102 2152 2348 2211 lucrum
2380 2172 2479 2213 re-

595 2220 693 2326 {2¹2¹
692 2225 865 2316 ’ζ’Τ’“
790 2274 894 2316 erari
941 2244 1162 2306 tinere.
1203 2247 1402 2350 Negat
1420 2245 1665 2306 Lcssius
1693 2263 1747 2305 c.
1773 2261 1941 2305 xxvl.
1977 2264 2083 2305 nu.
2115 2248 2215 2306 31.
2251 2247 2482 2308 Probat

941 2338 1179 2417 primo,
1213 2339 1361 2418 quia
1406 2337 1637 2415 decipit
1665 2337 1886 2397 advers
1892 2337 2093 2396 arium
2122 2337 2480 2415 significans

942 2450 1007 2491 se
1030 2430 1260 2491 habere
1290 2430 1862 2492 animumsolvendi
1892 2433 1956 2491 et
1975 2448 2098 2489 non
2127 2432 2473 2510 repetendi,

941 2542 1129 2603 quam
1158 2524 1589 2596 deceptionem
1620 2523 1668 2581 si
1699 2523 2095 2582 adversarius
2124 2524 2329 2599 sciret,
2353 2544 2478 2585 non

938 2616 1202 2678 luderet.
1240 2616 1548 2688 Secundo,
1573 2616 1718 2695 quia
1738 2634 1851 2694 par
1876 2615 2063 2675 debet
2093 2634 2226 2676 esse
2256 2618 2479 2678 utrius-

942 2727 1062 2788 que
1093 2710 1367 2770 conditio
1400 2729 1413 2768 :
1467 2727 1616 2787 ergo
1648 2708 1837 2768 debet
1865 2712 2128 2787 uterque
2161 2729 2337 2788 aeque
2367 2731 2478 2789 pa-

940 2806 1112 2862 ratus
1141 2821 1277 2862 esse
1308 2802 1592 2862 amittere
1622 2820 1757 2860 rem
1787 2800 2167 2878 depositam,
2196 2803 2247 2860 si
2277 2804 2476 2864 victus

939 2895 1146 2956 fuerit.
1180 2895 1243 2956 Si
1269 2900 1480 2956 tamen
1514 2913 1677 2954 nunc
1708 2893 1988 2953 animum
2018 2894 2330 2955 sincerum
2363 2897 2476 2956 ha-

941 2986 1130 3049 bebat
1158 2988 1440 3049 solvendi
1488 2993 1549 3049 et
1578 3004 1700 3047 non
1733 2987 2090 3065 repetendi,
2143 2995 2348 3067 potest
2377 2991 2476 3050 lu-

942 3079 1124 3156 crari,
1150 3085 1356 3159 potest
1384 3080 1625 3142 etiamsi
1657 3079 2022 3158 perdiderit,
2057 3088 2298 3159 postea.
2332 3102 2470 3143 mu-

941 3177 1069 3234 tato
1100 3174 1312 3235 animo
1340 3222 1355 3252 ,
1407 3193 1529 3235 non
1561 3173 1802 3234 solvere
1832 3173 1930 3234 vel
1959 3179 2274 3254 repetere,
2327 3177 2475 3256 quia

941 3272 1139 3329 totum
1169 3268 1287 3328 hoc
1315 3269 1453 3345 lege
1482 3267 1879 3346 permittente
1907 3267 2091 3343 facit,
2155 3274 2216 3330 et
2263 3270 2326 3328 in
2357 3270 2474 3330 hoc

940 3379 1056 3439 par
1085 3366 1179 3422 est
1207 3361 1527 3439 utriusque
1559 3359 1853 3420 conditio.
1902 3360 2205 3421 Eamdem
2233 3368 2475 3423 senten-

941 3454 1092 3513 tiam
1115 3458 1330 3514 tenent
1354 3452 1594 3514 Ludov.
1630 3454 1856 3532 Lopez,
1892 3456 1955 3513 et
1991 3453 2288 3530 Victoria,
2318 3475 2474 3535 quos

942 3545 1124 3607 affert
1144 3546 1370 3608 Sanch.
1408 3546 1556 3606 dub.
1592 3563 1652 3607 v.
1684 3565 1744 3606 n.
1782 3548 1837 3605 1,

1029 3646 1168 3723 Ipse
1196 3644 1407 3701 tamen
1440 3638 1671 3714 Sanch,
1708 3657 1878 3698 num.
1908 3643 1965 3699 Ξ.
2019 3658 2164 3699 cum
2203 3640 2338 3702 aliis
2367 3642 2475 3703 do-

940 3746 1076 3816 cet,
1128 3752 1308 3816 posse
1336 3733 1578 3792 lucrum
1610 3732 1879 3791 retinere
1915 3752 1927 3792 :
1964 3732 2111 3811 quia
2141 3734 2337 3794 utitur
2361 3735 2472 3794 be-

941 3833 1162 3896 neficio
1185 3828 1342 3907 legis
1372 3825 1489 3887 sibi
1517 3824 1916 3885 concedentis
1939 3844 2016 3884 ne
2036 3830 2325 3888 teneatur
2352 3830 2476 3889 sol-

939 3946 1108 4003 vere,
1143 3929 1205 3986 et
1233 3923 1390 3982 alter
1417 3918 1533 3979 sibi
1568 3918 1861 3996 imputet,
1908 3937 2050 3979 cum
2080 3921 2230 3982 velit
2255 3921 2473 3982 ludere

940 4038 1084 4083 eum
1114 4037 1186 4078 eo
1236 4014 1341 4095 qui
1395 4011 1698 4072 beneficio
1739 4010 1897 4088 legis
1943 4017 2149 4091 potest
2190 4032 2314 4074 non
2357 4016 2476 4075 sol-¹

942 4132 1109 4187 vere,
1141 4108 1240 4171 vel
1269 4109 1585 4184 repetere,
1622 4121 1744 4182 quo
1777 4104 1962 4164 etiam
2005 4105 2310 4166 beneficio
2341 4107 2473 4186 ipse

941 4207 1032 4268 uti
1058 4201 1361 4283 potuisset
1408 4199 1457 4257 si
1503 4196 1723 4273 vellet,
1778 4216 1918 4275 quae
1964 4199 2275 4259 sententia
2319 4201 2475 4261 mihi

940 4300 1128 4362 etiam
1157 4293 1357 4371 magis
1386 4291 1608 4369 placet.

713 4413 792 4471 54
1023 4394 1141 4452 Pro
1171 4386 1348 4466 cujus
1377 4383 1744 4463 probatione
1775 4383 2055 4460 adverte,
2089 4384 2166 4443 ad
2198 4385 2470 4445 valorem

943 4486 1298 4548 contractus
1335 4496 1458 4537 non
1498 4476 1729 4555 requiri
1777 4476 1840 4535 in
1885 4476 2291 4538 contrahente
2341 4480 2475 4538 ani-

637 4538 850 4635 Safugioris
943 4596 1115 4639 mum
1144 4568 1490 4651 exequendi
1534 4569 1598 4628 id
1626 4569 1705 4629 ad
1738 4569 1905 4647 quod
1940 4588 2005 4629 sc
2035 4569 2309 4647 obligat,
2363 4573 2472 4632 sed

638 4646 848 4700 probatur.

940 4671 1225 4732 sufficere
1257 4664 1534 4725 animum
1565 4662 1885 4740 obligandi
1913 4681 1978 4721 se
2027 4682 2102 4722 ca
2150 4662 2472 4742 obligatio-

940 4785 1039 4839 ne,
1073 4761 1251 4841 cujus
1280 4760 1637 4818 contractus
1668 4760 1761 4815 cst
1789 4774 2007 4833 capax.
2070 4756 2246 4829 Quod
2277 4758 2472 4817 mani-

937 4862 1164 4921 festum
1195 4851 1373 4912 estin
1404 4848 1539 4909 aliis
1569 4848 1990 4909 contractibus
2026 4869 2038 4909 :
2071 4855 2277 4928 potest
2305 4851 2470 4910 enim

938 4950 1168 5029 emptio
1200 4962 1334 5005 esse
1366 4941 1604 5017 valida,
1640 4940 1783 5001 licet
1812 4947 2055 5019 emptor
2084 4961 2207 5001 non
2241 4942 2471 5005 habeat

937 5045 1216 5106 animum
1254 5034 1537 5097 solvendi
1580 5034 1847 5111 pretium
1900 5054 1913 5093 :
1972 5035 2273 5113 professio
2319 5036 2469 5097 item

937 5135 1227 5213 religiosa
1254 5128 1463 5191 valida
1494 5130 1618 5203 est,
1671 5128 1956 5205 quamvis
1998 5128 2313 5204 professus
2345 5148 2467 5189 non

930 5231 1161 5291 habeat
1182 5224 1461 5284 animum
1490 5219 1780 5280 servandi
1809 5225 1975 5295 vota,
2009 5220 2156 5299 quia
2177 5239 2318 5280 cum
2349 5222 2469 5282 hoc

932 5321 1096 5401 turpi
1143 5315 1462 5398 proposito
1514 5316 1637 5374 stat
1674 5311 1961 5372 voluntas
2007 5331 2072 5372 se
2119 5317 2267 5374 voto
2315 5314 2465 5374 obli-

2594 758 2809 819 ludere
2839 765 2898 822 et
2946 763 3245 839 perficere
3295 765 3460 826 hunc
3506 772 3879 846 contractum,
3916 792 4005 833 cum

2595 871 2717 912 non
2749 852 2842 932 [sit
2880 853 2957 914 de
2998 855 3348 918 substantia
3395 859 3581 942 hujus
3608 867 3905 923 contractus
3924 867 4006 944 ejus

2593 944 3013 1021 observantia,
3047 948 3157 1008 sed
3188 967 3496 1012 consensu
3516 954 3855 1032 perficiatur,
3881 963 4007 1019 etta

2588 1036 2828 1100 luntate
2857 1042 3076 1100 mutua
3112 1060 3178 1101 se
3209 1043 3564 1122 obligandi,
3611 1047 3757 1108 sicut
3791 1050 4005 1127 venditio,

2588 1130 2835 1208 locatiO,
2871 1137 2932 1193 et
2959 1133 3060 1193 alii
3082 1134 3335 1197 similes,

2668 1227 2798 1283 Hoc
2833 1243 2983 1304 crgo
3022 1229 3344 1306 supposito
3369 1276 3384 1305 ,
3442 1233 3687 1309 probari
3724 1235 3836 1313 jam
3874 1244 4006 1314 polest

2587 1321 2798 1376 nostra
2831 1320 3159 1396 sententia,
3194 1322 3342 1399 quia
3388 1324 3636 1384 animus
3662 1327 3922 1403 solvendi,
3947 1331 4004 1389 rel

2589 1427 2710 1468 non
2748 1413 3070 1488 repetendi
3116 1431 3239 1474 non
3280 1419 3375 1475 est
3419 1421 3784 1478 necessarius
3817 1422 4005 1481 adnle-

2586 1519 2717 1560 rem
2748 1508 3103 1565 contractus
3131 1506 3299 1580 ludi;
3358 1509 3520 1570 sicut
3569 1531 3674 1571 nec
3715 1514 3909 1574 animus
3929 1517 4005 1575 sol-

2587 1593 2771 1653 vendi
2793 1599 3031 1672 votum,
3058 1597 3152 1656 vel
3175 1617 3298 1660 non
3331 1602 3618 1679 petendas
3640 1603 4005 1682 dispensatione

2587 1687 2712 1746 voti
2761 1692 2854 1748 est
2892 1691 3278 1752 necessarius
3324 1694 3406 1752 ad
3439 1696 3709 1755 valorem
3732 1699 3867 1766 voti:
3909 1719 4003 1779 ergo

2585 1780 2718 1838 sine
2760 1781 2864 1841 tali
2914 1782 3121 1842 animo
3164 1791 3524 1847 contractus
3551 1788 3674 1848 ludi
3701 1791 3800 1851 fuit
3822 1793 4000 1866 validm,

2586 1875 2648 1932 et
2668 1871 2870 1949 potuit
2890 1873 3112 1933 ludens
3134 1875 3238 1954 jus
3269 1881 3600 1958 acquirere
3626 1881 3702 1941 ad
3731 1882 3936 1956 lucrum,
3957 1887 4004 1944 si-

2584 1969 2689 2025 cut
2716 1963 2942 2043 conjux
2963 1967 3169 2028 valide
3197 1972 3515 2034 contrahit
3543 1976 3947 2052 matrimonium,
3966 1990 4003 2039 et

2583 2058 2852 2137 acquirit
2875 2058 2980 2136 jus
3009 2061 3089 2119 ad
3123 2079 3350 2140 corpus
3406 2070 3472 2126 et
3522 2068 3604 2127 ad
3649 2070 3811 2128 fidem
3849 2073 3999 2142 uxoris,

2583 2149 2867 2228 quamvis
2895 2151 3028 2229 ipse
3059 2156 3391 2216 contrahat
3417 2176 3568 2218 cum
3603 2162 3790 2222 animo
3817 2182 3906 2222 non
3926 2184 4002 2222 ser-

2579 2243 2772 2302 vandi
2801 2243 3050 2323 conjugi
3084 2245 3273 2306 tidem
3302 2253 3694 2326 promissam.

2660 2336 2860 2412 Dicae,
2912 2338 2992 2396 ad
3023 2339 3300 2399 valorem
3348 2342 3484 2402 ludi
3536 2348 3838 2424 requiritur
3857 2351 3999 2410 saltem
4071 2351 4104 2404 51

2579 2428 2867 2489 voluntas
2894 2447 2960 2489 se
2992 2429 3308 2510 obligandi
3358 2455 3371 2494 :
3419 2454 3547 2496 non
3592 2448 3997 2518 apparetautem.
4025 2473 4104 2523 μ.

2580 2520 2892 2600 quomodo
2923 2523 3112 2583 talem
3141 2524 3534 2588 voluntatem
3564 2530 3774 2593 habeat
3787 2536 3905 2612 ,qui
3926 2554 3999 2594 non

2578 2614 2711 2673 vult
2739 2614 3020 2691 solvere,
3081 2634 3222 2676 cum
3266 2619 3421 2680 sciat
3473 2642 3540 2682 se
3573 2643 3688 2683 non
3714 2645 3826 2685 esse
3849 2628 4069 2705 obliga-*¹¹

2577 2712 2706 2766 tum
2739 2707 2818 2766 ad
2848 2707 3238 2786 solvendum,
3264 2713 3373 2772 sed
3395 2713 3685 2792 liberum,
3714 2718 3830 2797 lege
3853 2721 3897 2779 id
3920 2740 4002 2798 per·

2576 2800 2880 2861 mittente.
2918 2801 2983 2862 Si
3014 2820 3163 2880 ergo
3194 2822 3317 2863 non
3351 2805 3550 2870 habet
3581 2811 3908 2872 voluntatem
3929 2815 4002 2871 sol·

2575 2893 2796 2966 vendi,
2782 2913 2795 2926 ·
2859 2912 3062 2972 neque
3119 2896 3306 2957 etiam
3363 2899 3560 2962 habet
3615 2904 3930 2967 voluntatem
3962 2926 4002 2964 se

2576 2986 2919 3064 obligandi,
2982 2988 3217 3047 nullam
3275 2991 3470 3054 habet
3517 2997 3860 3058 voluntatem
3894 3001 4001 3057 sufli-

2575 3078 2842 3138 cientem
2874 3079 2955 3139 ad
2984 3080 3191 3140 valide
3221 3083 3598 3149 ludendum.
3658 3091 3999 3170 Respondetur

2577 3172 2696 3233 hoc
2725 3177 3166 3250 argumentum
3193 3176 3488 3258 probare,
3512 3183 3676 3261 quod
3703 3186 3858 3245 etiam
3878 3204 4003 3264 quan-

2576 3265 2655 3326 do
2677 3266 2868 3327 habet
2895 3266 3174 3327 animum
3203 3270 3515 3350 solvendi,
3551 3294 3670 3337 non
3697 3278 3822 3339 facit
3843 3286 4002 3339 contra

2576 3362 2743 3418 ctum
2770 3358 3096 3420 validum:
3150 3361 3250 3422 hic
3279 3364 3447 3424 enim
3470 3412 3487 3442 ‚
3541 3373 3610 3430 ut
3639 3370 3892 3445 diximnS,
3925 3390 4000 3429 non

2577 3452 2895 3531 perficitur
2921 3452 3241 3515 voluntate
3283 3458 3603 3537 solvendi,
3659 3463 3756 3523 sed
3782 3465 4000 3525 voluntate

2577 3563 2642 3605 se
2672 3545 2992 3623 obligandi
3036 3548 3117 3607 ad
3159 3549 3576 3629 solutionem,
3628 3558 3774 3617 sic-ut
3817 3557 4000 3615 venditio

2577 3656 2699 3697 non
2728 3638 3050 3717 perficitur
3076 3640 3397 3702 voluntate
3428 3644 3629 3707 dandi
3666 3668 3782 3708 rem
3800 3697 3813 3724 ,
3838 3649 3916 3709 sed
3936 3666 4001 3705 vo-

2574 3732 2812 3791 luntate
2847 3750 2912 3790 se
2942 3731 3260 3810 obligandi
3287 3735 3370 3794 ad
3396 3756 3543 3797 eam
3576 3740 3850 3813 dandam;
3875 3748 4000 3801 etro·

2575 3829 2707 3884 tum
2737 3842 2861 3884 non
2890 3825 3174 3886 consistit
3200 3826 3256 3885 in
3289 3829 3613 3894 voluntate
3665 3835 3890 3914 ponendi
3920 3852 3999 3893 rem

2576 3918 2970 3995 promissam,
3029 3919 3138 3978 sed
3183 3920 3244 3979 in
3293 3923 3620 3987 voluntate
3672 3947 3732 3988 se
3780 3927 3998 4005 obligandi

2576 4013 2704 4070 Deo
2729 4011 2806 4071 ad
2839 4029 2972 4070 rem
3002 4010 3194 4073 illam.
3229 4016 3461 4077 Omnes
3492 4038 3644 4096 ergo
3673 4022 3917 4082 debemus
3940 4038 4001 4079 ex-

2576 4103 2840 4183 plicare,
2888 4105 3088 4183 qualis
3126 4107 3204 4167 sit
3231 4109 3525 4174 voluntas
3564 4114 3697 4191 illa,
3739 4113 3999 4193 qualnden?

2575 4196 2708 4257 vult
2735 4197 2835 4256 ille
2856 4244 2870 4272 ,
2906 4197 3014 4275 qui
3036 4244 3052 4274 ‚
3084 4199 3223 4277 lege
3251 4200 3312 4260 id
3343 4205 3713 4280 prohibente
3735 4256 3749 4284 ,
3788 4227 3883 4268 non
3904 4204 4002 4267 obli·

2573 4294 2759 4368 gatur
2788 4290 2866 4349 ad
2888 4291 3275 4369 solvendum,
3309 4295 3408 4356 vel
3437 4298 3520 4357 ad
3551 4319 3672 4359 non
3698 4299 3999 4379 repetendmn

2575 4384 2870 4445 solutum.
2909 4384 3056 4445 Ideo
3079 4385 3228 4462 dixi,
3253 4393 3648 4452 contractum
3669 4392 4000 4472 perficivolun·

2574 4480 2702 4537 tate
2750 4494 2814 4535 se
2854 4476 3168 4554 obligandi
3200 4497 3273 4538 ea
3299 4481 3699 4561 obligatione,
3730 4489 3874 4564 cujus
3907 4502 4001 4543 con-

2577 4572 2812 4629 tractus
2864 4573 2957 4629 est
3001 4588 3218 4648 capax,
3283 4573 3549 4646 Quando
3580 4597 3722 4658 ergo
3759 4578 3903 4639 ludus
3921 4593 3998 4634 non

2576 4666 2670 4722 est
2698 4661 3079 4739 prohibitus,
3132 4683 3247 4723 nec
3286 4666 3422 4744 lege
3453 4672 3803 4732 conceditur
3822 4669 3999 4730 facultas

2576 4773 2700 4814 non
2733 4754 3033 4830 solvendi,
3086 4756 3183 4815 vel
3229 4763 3558 4837 repetendi
3586 4764 3854 4839 solutum,
3879 4762 4000 4822 inter·

2573 4848 2743 4907 veuit
2761 4847 3048 4908 voluntas
3075 4848 3360 4912 absoluta
3388 4872 3454 4913 se
3478 4856 3780 4935 obligandi
3805 4855 3866 4915 ad
3891 4854 3997 4913 solu-

2572 4940 2827 5015 tionem,
2863 4944 2924 5000 ct
2952 4941 3033 5001 ad
3063 4960 3184 5002 non
3208 4949 3640 5023 repetendum.
3672 4948 3890 5023 Quando
3903 4960 3999 5003 vero

2570 5033 2667 5092 lex
2719 5033 2829 5094 dat
2871 5034 3228 5095 facultatem
3269 5043 3594 5118 repetendi
3624 5062 3812 5104 coram
3834 5038 3995 5120 judisti·

2568 5126 2748 5187 adest
2766 5126 2974 5187 adhuc
3001 5128 3290 5190 voluntas
3319 5132 3713 5211 obligationis
3738 5136 3806 5195 ad
3830 5134 3997 5194 solven-

2570 5219 2748 5292 dum,
2795 5219 2909 5280 nisi
2941 5226 3181 5299 repetat
3208 5241 3418 5285 coram
3441 5228 3675 5305 judice.
3708 5224 3995 5301 Quandolex

2568 5312 2854 5373 concedit
2882 5313 3239 5375 facultatem
3269 5317 3456 5378 etiam
3488 5339 3609 5382 non
3640 5319 3894 5393 solvendi,
3918 5329 3994 5374 πω

930 5414 1142 5494 gandi.
1193 5405 1659 5471 Matrimonium
1689 5405 1837 5465 item
1866 5405 2145 5464 validum
2175 5409 2286 5481 est,
2318 5406 2467 5466 licet
2565 5406 2742 5466 adest
2768 5406 3056 5467 voluntas
3085 5407 3401 5487 obligandi
3432 5432 3497 5473 se
3517 5415 3821 5496 exjustitia
3843 5411 3901 5470 ad
3921 5405 3992 5509 spl-

932 5493 1156 5586 conjux
1205 5520 1327 5563 non
1373 5498 1603 5560 habeat
1647 5498 1926 5557 animum
1952 5498 2243 5558 servandi
2274 5497 2463 5558 fidem
2561 5499 2858 5575 vendum,
2894 5518 3036 5559 cum
3065 5520 3314 5581 semper
3341 5513 3596 5570 maneat
3623 5508 3852 5570 facultas
3871 5507 3992 5578 etJoe

4102 4106 4104 4219 l

4100 4346 4102 4481 l
