4263 6376
1236 435 1702 497 DISPUTATIO
1746 434 2047 512 XXXVII,
2096 438 2371 499 SECTIO
2414 441 2489 501 V.

54 641 243 709 μήκη,
284 614 540 677 haberet
581 614 771 675 talem
816 616 1211 692 potestatem,
1268 612 1347 674 de
1395 630 1517 693 quo
1565 616 1806 691 postea,

74 709 98 737 u
111 705 204 746 aliquo

62 761 116 791 ruo
139 758 220 789 nm.

284 728 398 770 non
429 712 643 769 tamen
675 710 768 769 est
795 707 1115 781 credibile,
1159 706 1329 786 quod
1373 719 1512 767 eam
1542 706 1605 765 in
1636 705 1808 784 prin-

284 802 482 881 cipem
511 800 917 876 transtulerit,
971 803 1134 861 esset
1164 798 1330 859 enim
1378 802 1597 859 contra
1624 815 1810 858 omne

283 896 513 956 bonum
537 891 818 972 regimen
848 892 998 953 dare
1030 892 1133 953 uni
1167 891 1409 952 homini
1439 893 1812 970 potestatem

284 1007 469 1067 supra
496 988 692 1048 vitam
733 986 1037 1061 omnium,
1100 985 1233 1045 sine
1281 984 1401 1044 alio
1453 980 1809 1044 testimonio

285 1099 470 1161 quam
515 1097 653 1141 suo.
712 1078 850 1139 Dixi
894 1081 1129 1154 tamen,
1186 1075 1390 1138 saltem
1433 1074 1805 1155 requlariter.

285 1175 434 1249 Quia
466 1173 729 1235 dubium
755 1178 849 1234 est
876 1190 956 1231 an
989 1171 1048 1231 in
1098 1171 1306 1250 aliquo
1354 1187 1504 1231 casu
1533 1186 1699 1245 raro,
1750 1171 1814 1229 et

283 1266 382 1328 ubi
397 1285 476 1327 ex
490 1265 708 1326 ordine
721 1264 992 1345 juridico
1013 1263 1288 1324 maxima
1307 1260 1809 1325 inconvenientia

282 1362 709 1439 sequerentur,
742 1357 976 1419 habeat
1002 1356 1293 1435 princeps
1321 1356 1513 1417 talem
1541 1358 1811 1434 potesta-

282 1458 426 1515 tem.
462 1452 833 1531 Exemplum
860 1449 1038 1530 ponit
1064 1449 1334 1526 Lessiu3‚
1377 1448 1427 1510 si
1460 1446 1684 1527 aliquis
1712 1465 1812 1507 re-

282 1546 440 1626 ginoe
461 1544 591 1606 vim
619 1544 897 1620 inferret,
933 1542 1225 1623 solusque
1249 1560 1361 1602 rex
1387 1540 1452 1601 id
1472 1540 1630 1601 sciat
1650 1559 1665 1612 ς
1698 1538 1811 1601 tali

282 1638 445 1699 enim
474 1656 624 1699 casu
668 1636 750 1697 ad
804 1634 1126 1698 vitandam
1180 1633 1506 1696 infamiam
1542 1632 1805 1712 regiam,

279 1730 527 1792 videtur
578 1729 891 1810 aliquibus
944 1728 1237 1809 princeps
1281 1745 1358 1787 ex
1402 1724 1808 1788 concessione

279 1824 466 1887 tacita
492 1821 854 1901 reipublicae
901 1839 1084 1901 posse
1130 1819 1418 1881 occidere
1456 1818 1811 1880 adulterum

280 1918 406 1979 sine
435 1916 560 1978 alio
591 1914 855 1993 strepitu
876 1913 1184 1994 judiciali,
1235 1914 1334 1974 vel
1381 1912 1576 1991 ipsius
1627 1929 1811 1992 spon-

279 2015 464 2071 tanea
490 2008 902 2071 confessione.
937 2009 1113 2069 Hanc
1140 2005 1358 2068 dicunt
1381 2023 1506 2067 non
1535 2024 1672 2067 esse
1698 2005 1810 2066 im·

279 2102 669 2183 probabilem
695 2101 964 2176 LessiuS,
1016 2104 1079 2161 et
1105 2099 1421 2161 Malderus
1457 2098 1563 2161 ubi
1594 2117 1806 2178 supra,

281 2200 339 2258 et
363 2195 616 2257 videtur
643 2212 785 2255 eam
829 2192 1119 2273 amplecti
1152 2192 1489 2272 Fagundez
1536 2192 1600 2252 in
1629 2195 1808 2253 octa-

279 2307 423 2350 vum
454 2291 840 2368 praeceptum
867 2286 1188 2364 Decalogi,
1222 2303 1360 2365 cap.
1393 2300 1495 2346 xx.
1530 2303 1592 2345 n.
1629 2288 1725 2346 18.

356 2381 756 2444 Contrarium
785 2384 998 2442 tamen
1044 2378 1235 2439 etiam
1263 2378 1327 2438 in
1375 2377 1496 2439 hoc
1524 2395 1672 2438 casu
1705 2395 1811 2437 ve-

276 2476 403 2538 rius
433 2478 552 2551 est,
583 2477 652 2535 ut
670 2472 946 2535 fatentur
974 2471 1102 2533 tere
1124 2489 1364 2533 omnes,
1399 2470 1577 2533 Ratio
1600 2473 1812 2531 autem

278 2566 648 2631 universalis
678 2584 754 2626 ea
781 2564 1033 2626 videtur
1063 2582 1219 2640 esse,
1264 2563 1432 2642 quod
1461 2563 1815 2641 respublica

278 2681 398 2723 non
431 2659 625 2721 habet
643 2657 748 2737 jus
777 2661 998 2719 contra
1024 2658 1220 2719 vitam
1267 2655 1367 2717 vel
1397 2656 1684 2717 membra
1725 2655 1814 2715 ci-

275 2756 472 2830 vium,
523 2752 642 2813 nisi
684 2749 937 2830 quando
988 2753 1156 2811 certo
1206 2748 1326 2828 ipsi
1373 2751 1619 2810 constat
1664 2747 1812 2808 deli-

277 2851 448 2910 ctum
481 2865 495 2908 :
532 2863 658 2906 non
687 2845 894 2923 potest
919 2846 1132 2903 autem
1160 2847 1330 2904 certo
1373 2845 1658 2903 constare
1687 2840 1809 2901 rei-

275 2940 546 3020 publicae
574 2954 686 3016 per
715 2935 952 2997 dictum
980 2935 1203 3006 unius;
1236 2938 1443 3015 potest
1461 2939 1672 2995 autem
1701 2951 1813 3012 per

277 3033 437 3094 duos
465 3030 566 3092 vel
596 3034 746 3103 treS,
797 3027 906 3107 qui
933 3026 1169 3088 faciunt
1210 3026 1646 3089 certitudinem
1677 3045 1813 3087 mo-

275 3126 516 3200 ralem3
552 3140 679 3184 non
708 3139 857 3201 ergo
888 3120 1089 3200 potuit
1115 3119 1469 3200 respublica
1487 3118 1691 3200 majus
1712 3118 1813 3200 jus

274 3222 337 3282 in
365 3218 720 3301 principem
747 3214 1089 3277 transferre
1140 3231 1332 3294 quam
1378 3213 1513 3292 ipsa
1556 3214 1809 3289 habeat,

275 3318 337 3376 et
361 3330 479 3393 per
503 3327 894 3389 consequens
944 3324 1069 3367 non
1122 3310 1332 3386 potest
1385 3306 1537 3367 dare
1579 3307 1684 3384 jus
1731 3305 1812 3366 ad

275 3403 697 3470 occidendum
726 3419 838 3480 pro
861 3399 1087 3461 delicto
1118 3399 1327 3460 adhuc
1348 3398 1563 3460 dubio.
1593 3399 1810 3470 Dices;

267 3499 405 3580 jam
434 3497 591 3558 illud
640 3495 940 3556 delictum
982 3495 1230 3554 constat
1276 3496 1445 3554 certo
1488 3490 1605 3569 ipsi
1654 3490 1808 3569 regi.

276 3591 405 3654 Sed
456 3592 698 3665 contra,
762 3587 909 3666 quia
953 3604 1078 3647 non
1134 3588 1400 3662 constat,
1460 3602 1576 3645 nec
1612 3587 1818 3664 potest

273 3687 572 3746 constare
598 3679 984 3760 reipublicae,
1019 3696 1165 3738 nam
1193 3677 1620 3741 testimonium
1648 3677 1815 3756 regis

272 3778 477 3840 solius
504 3793 630 3837 non
658 3777 866 3854 potest
891 3771 1157 3833 reddere
1203 3774 1444 3832 certam
1473 3770 1818 3849 rempubli-

272 3888 422 3932 cam
453 3875 725 3948 negante
755 3866 891 3946 ipso
919 3883 1027 3926 reo
1065 3884 1079 3926 ι
1122 3864 1421 3944 Princeps
1450 3867 1658 3925 autem
1692 3881 1817 3924 non

273 3967 491 4043 potest
517 3959 762 4039 punire,
812 3958 932 4018 nisi
984 3956 1237 4037 quando
1286 3955 1641 4035 respublica
1670 3974 1814 4035 pos-

273 4060 416 4129 set;
465 4072 615 4132 ergo
647 4071 772 4114 non
803 4053 1009 4130 potest
1037 4049 1171 4112 sine
1215 4048 1565 4112 sufficiente
1593 4049 1816 4129 proba-

273 4149 456 4212 tione
484 4151 763 4209 externa.
793 4144 952 4206 Hinc

358 4239 571 4302 Insero
626 4240 853 4319 primo,
913 4255 1056 4298 cum
1104 4234 1298 4316 Cajet.
1361 4253 1486 4296 non
1535 4234 1817 4296 excusari

274 4333 625 4416 principeS‚
679 4331 931 4412 quando
959 4347 1138 4391 reum
1185 4328 1303 4390 sibi
1332 4331 1550 4391 notum
1579 4331 1819 4389 secreto

273 4427 529 4489 faciunt
556 4424 779 4501 occidi,
829 4427 898 4485 ut
942 4422 1139 4503 ipsius
1175 4425 1238 4484 et
1265 4425 1661 4500 posterorum
1702 4420 1816 4481 ho-

274 4521 428 4583 nori
457 4518 839 4594 consulatur,
890 4516 1093 4595 magis
1122 4517 1289 4577 enim
1333 4515 1567 4577 debent
1594 4533 1822 4576 consu-

271 4615 413 4676 lere
445 4612 630 4674 famae
659 4610 848 4673 totius
870 4607 1255 4688 reipublicae,
1290 4626 1479 4687 quam
1510 4609 1671 4669 illius
1703 4608 1818 4669 de-

270 4705 649 4786 linquentiS,
700 4706 761 4764 et
790 4702 1045 4783 quidem
1074 4701 1126 4762 si
1155 4701 1393 4762 habent
1412 4700 1516 4781 jus
1539 4700 1620 4762 ad
1652 4701 1819 4761 occi-

273 4798 591 4875 dendum,
623 4795 949 4857 habebunt
975 4794 1164 4856 etiam
1193 4794 1276 4855 ad
1302 4794 1761 4857 infamandum.

357 4892 573 4954 Infero
619 4889 918 4963 secumlO,
970 4887 1223 4967 quando
1272 4906 1349 4947 ex
1395 4887 1689 4949 citatione
1721 4887 1825 4948 de-

275 4985 633 5066 linquentis
689 4986 1100 5062 sequerentur
1153 4980 1373 5060 gravia
1416 4980 1712 5040 scandala
1760 4981 1823 5040 in

273 5077 637 5159 republica,
691 5077 1186 5155 timerenturque
1228 5072 1636 5153 probabiliter
1664 5073 1826 5134 sedi·

275 5173 518 5246 tioneS,
574 5175 645 5232 ut
668 5169 717 5230 si
751 5168 1124 5247 delinquens
1152 5171 1317 5228 esset
1345 5166 1472 5227 dux
1517 5167 1826 5244 generalis

276 5263 626 5339 exercitus»,
687 5265 749 5322 et
789 5261 1085 5322 militibus
1126 5258 1553 5337 charissimus,
1611 5259 1828 5320 liceret

275 5363 449 5421 tunc
461 5354 515 5436 ej
523 5374 596 5416 us
616 5373 686 5415 ca
694 5372 871 5414 usam
882 5358 1118 5415 secreto
1131 5356 1422 5429 tractare,
1451 5353 1569 5413 assi
1574 5351 1827 5431 gnando

274 5448 774 5514 convenientem
802 5450 1160 5527 patronum,
1194 5446 1298 5526 qui
1329 5451 1545 5525 ageret
1573 5463 1828 5506 causam

276 5544 406 5620 rei,
442 5546 506 5604 et
533 5560 680 5602 eum
707 5540 1041 5618 diligenter
1068 5539 1457 5616 defenderet,
1492 5538 1828 5619 omniaque

275 5635 637 5700 christiano
692 5651 868 5695 more
906 5632 1380 5711 diligentissime
1435 5631 1820 5712 peragendo,

3328 449 3445 507 603

1911 616 1980 674 ut
2009 620 2509 695 conservaretur,
2564 623 2869 699 quantum
2916 627 3125 700 posset
3158 624 3309 684 ordo
3347 623 3450 703 ju-

1911 703 2173 783 dicialiS,
2234 728 2308 770 ac
2365 709 2635 791 denique
2692 713 3072 791 convictum,
3134 717 3220 777 ita
3275 722 3344 779 ut
3389 717 3438 777 si

1910 803 2080 860 certo
2112 806 2429 864 constaret
2474 803 2550 864 de
2593 806 2818 867 delicto
2874 805 3283 868 inexcusabili
3336 828 3449 887 per

1909 891 2254 970 legitimam
2274 897 2730 974 probationem,
2758 900 3275 978 possetpriuceps
3301 919 3446 960 eum

1910 986 2221 1064 occidere,
2273 991 2518 1049 servato
2550 994 2761 1051 tamen
2794 995 3102 1071 quantum
3137 993 3272 1054 fieri
3304 1012 3445 1072 pos-

1910 1081 2006 1139 set
2034 1078 2252 1140 ordine
2284 1080 2607 1145 charitatis
2643 1083 2726 1144 ad
2754 1084 3020 1145 salutem
3067 1085 3293 1146 animae
3343 1104 3449 1146 oc-

1910 1169 2184 1233 cidendi.
2231 1173 2301 1232 In
2331 1172 2451 1234 hoc
2480 1178 2691 1237 autem
2739 1176 2863 1237 duo
2908 1176 3305 1238 observanda
3334 1197 3447 1238 ne-

1910 1263 2179 1324 cessario
2220 1269 2385 1328 sunt.
2439 1266 2739 1345 Primum,
2793 1268 2963 1349 quod
3008 1269 3218 1332 adsint
3260 1274 3448 1332 testes

1908 1356 2291 1419 sufficientes
2321 1358 2399 1419 ad
2420 1360 2924 1421 convincendum
2947 1379 3145 1438 reum,
3184 1365 3246 1423 et
3275 1363 3448 1423 omni

1910 1449 2276 1528 exceptione
2305 1451 2579 1530 majores
2626 1473 2640 1515 :
2682 1453 2817 1534 jam
2848 1454 3014 1513 enim
3063 1458 3213 1515 tunc
3243 1455 3441 1533 adest,

1909 1547 2215 1620 quantum
2244 1548 2341 1605 sat
2380 1547 2492 1620 est,
2540 1546 2622 1605 ad
2670 1545 3060 1606 reddendam
3102 1548 3446 1627 rempubli-

1908 1653 2047 1695 cam
2080 1639 2317 1697 certam
2359 1637 2436 1697 de
2466 1637 2568 1698 illo
2618 1638 2869 1700 delict0.
2938 1639 3297 1700 Secundum
3330 1643 3445 1718 est,

1909 1728 2078 1807 quod
2121 1728 2241 1789 hoc
2271 1747 2396 1789 non
2428 1730 2547 1790 nisi
2576 1714 2891 1791 rarissime
2942 1735 3004 1797 et
3050 1750 3125 1791 ex
3150 1733 3450 1811 gravissi-

1907 1822 2025 1881 mis
2055 1822 2259 1884 causis
2287 1824 2432 1898 fiat3
2480 1843 2604 1885 non
2634 1825 2801 1885 enim
2832 1826 3234 1905 praesumitur
3266 1826 3448 1887 aliter

1907 1933 2205 1978 concessa
2221 1915 2356 1978 haec
2372 1920 2647 1997 potestas
2667 1918 2956 1999 principi,
2992 1938 3137 1979 nam
3157 1920 3446 1999 frequen-

1906 2009 2033 2070 tior
2054 2027 2204 2069 usus
2232 2008 2397 2070 illius
2448 2015 2617 2072 esset
2642 2010 2706 2071 in
2754 2013 3191 2092 gravissimam
3238 2013 3446 2092 reipu-

1905 2101 2084 2163 blicae
2113 2102 2678 2182 perturbationem.

1986 2195 2191 2256 Infero
2221 2196 2426 2273 tertio,
2462 2196 2625 2257 hanc
2668 2201 3068 2276 potestatem,
3104 2216 3296 2277 quam
3326 2197 3441 2258 ha-
3593 2213 3671 2272 53

1903 2288 2031 2364 bet,
2064 2304 2250 2369 posse
2280 2289 2469 2350 etiam
2501 2309 2576 2350 ex
2605 2292 2781 2370 gravi
2831 2311 3024 2354 causa
3078 2291 3436 2353 communi-
3523 2337 3627 2389 Quid
3644 2338 3775 2392 pm„

1906 2383 2034 2442 cari
2063 2400 2100 2441 a
2127 2382 2410 2461 principe
2426 2381 2615 2443 alicui
2636 2384 2838 2463 judici
2861 2385 3163 2463 inferiori,
3186 2386 3285 2446 cui
3319 2403 3445 2446 non
3515 2391 3776 2487 insertion-ipu-

1908 2475 2114 2536 minus
2144 2475 2276 2554 ipse
2306 2475 2478 2552 fidat,
2524 2493 2715 2554 quam
2746 2478 3123 2557 respublica,
3160 2478 3246 2538 ita
3301 2498 3449 2557 sup·
3496 2450 3785 2542 oosssssssffiri

1906 2569 2084 2649 ponit
2135 2567 2480 2629 'run-ianus
2510 2567 2611 2628 hic
2642 2568 2802 2648 disp.
2838 2572 3105 2632 XLvm.
3159 2570 3310 2631 duh.
3356 2588 3443 2632 ιν.
3536 2552 3755 2661 92:425..

1908 2681 2013 2723 nu.
2046 2664 2104 2723 5.
2141 2660 2291 2722 dum
2319 2665 2533 2723 tamen
2565 2679 2859 2740 expresse
2916 2682 3042 2723 non
3100 2662 3448 2723 communi-

1909 2758 2105 2830 catur,
2142 2771 2265 2814 non
2297 2753 2485 2814 credo
2516 2753 2803 2814 sufficere
2833 2756 3222 2816 voluntatem
3252 2756 3447 2816 inter·

1908 2847 2284 2926 pretativam
2318 2845 2639 2925 principis,
2677 2865 2824 2906 nam
2856 2847 2920 2907 in
2967 2848 3233 2909 materia
3255 2848 3449 2928 juris-

1906 2939 2198 3001 dictionis
2217 2957 2342 2999 non
2371 2937 2601 3000 sufficit
2625 2939 2706 2999 ad
2736 2940 3015 3001 valorem
3037 2943 3214 3001 actus
3253 2940 3449 3002 inter-

1907 3031 2215 3112 pretativa
2244 3031 2531 3093 voluntas
2560 3031 2922 3109 superioris,
2959 3032 3062 3111 qui
3095 3032 3145 3092 si
3177 3033 3449 3094 interro-

1908 3128 2188 3205 garetur,
2220 3123 2442 3197 vellet3
2480 3123 2595 3183 nisi
2643 3142 2865 3185 revera
2917 3125 3311 3205 praecesserit
3358 3128 3437 3186 ta·

1906 3219 1983 3279 lis
2011 3218 2329 3294 voluntas,
2363 3236 2554 3296 quam
2582 3220 2731 3278 tunc
2767 3218 3080 3297 possimus
3138 3219 3452 3279 sufficien-

1909 3316 2003 3373 ter
2019 3329 2094 3370 ex
2112 3309 2324 3390 aliquo
2356 3309 2534 3388 signo
2557 3310 2977 3390 interpretari,
2998 3312 3147 3373 licet
3175 3329 3300 3372 non
3323 3311 3454 3372 fue·

1909 3404 1990 3465 rit
2017 3403 2272 3464 omnino
2304 3402 2629 3482 explicita:
2663 3403 2956 3482 princeps
2974 3409 3188 3465 autem
3220 3404 3447 3465 consti-

1908 3501 2090 3559 tuens
2112 3496 2394 3576 judicem
2440 3496 2826 3572 inferiorem,
2886 3516 3011 3557 non
3065 3498 3363 3559 transfert
3390 3497 3453 3557 in

1905 3590 2081 3650 illum
2101 3588 2538 3667 pletitudinem
2561 3589 2887 3667 potestatis
2924 3609 3113 3668 quam
3144 3590 3277 3669 ipse
3339 3590 3455 3649 ha-

1909 3682 2036 3759 bet,
2069 3681 2181 3742 sed
2223 3680 2426 3743 solum
2468 3685 2840 3760 potestatem
2889 3681 3219 3760 judicandi
3269 3682 3453 3761 juxta

1909 3775 2102 3852 legeS.
2137 3776 2259 3834 Per
2300 3774 2469 3853 quod
2497 3774 2687 3835 etiam
2704 3778 2879 3854 patet
2907 3773 3260 3834 differentia
3288 3773 3454 3835 inter

1912 3866 2120 3947 ipsum
2177 3866 2550 3945 principem,
2611 3871 2673 3927 et
2719 3865 2999 3945 judicem
3046 3866 3449 3928 inferiorem:

1917 3978 2064 4020 nam
2094 3957 2454 4037 respublica
2472 3958 2850 4039 transfert—in
2880 3958 3230 4038 principem
3259 3959 3456 4039 pleni-

1914 4053 2198 4116 tudinem
2226 4052 2575 4131 potestatiS,
2611 4051 2863 4131 qualem
2892 4055 2955 4113 et
2994 4055 3295 4131 quantam
3345 4051 3455 4110 ha-

1913 4145 2021 4208 bet
2040 4146 2179 4224 ipsa
2206 4145 2580 4223 respublica:
2613 4143 2906 4223 princeps
2946 4149 3157 4205 autem
3187 4162 3315 4206 non
3370 4145 3459 4206 ita

1915 4237 2527 4316 constituitJudicem
2554 4236 2937 4314 inferiorem,
2988 4237 3100 4298 sed
3130 4237 3327 4299 multa
3357 4255 3458 4298 re-

1914 4334 2128 4393 servat
2155 4330 2297 4407 sibi,
2331 4334 2400 4392 ut
2428 4333 2693 4393 constat.

1993 4421 2201 4484 Inl'ero
2231 4425 2477 4502 quarto,
2510 4422 2827 4502 loquendo
2870 4423 2950 4484 de
3005 4424 3207 4485 causis
3265 4423 3457 4485 civili-

1913 4517 2054 4592 buS‚
2105 4514 2273 4575 etde
2304 4513 2616 4575 ablatione
2647 4518 3023 4593 officiorum,
3086 4520 3206 4578 etc.
3258 4515 3459 4595 majo-
3628 4569 3671 4614 h

1915 4628 2050 4670 rem
2081 4608 2348 4669 fortasse
2404 4611 2776 4686 potestatem
2825 4608 3057 4669 habere
3108 4609 3458 4688 principem
3506 4571 3805 4670 ffluavsffl‘.

1919 4702 2000 4762 ad
2028 4701 2171 4776 hoc,
2205 4703 2275 4761 ut
2302 4718 2378 4759 ex
2406 4700 2666 4761 scientia
2684 4702 2927 4780 privata
2957 4702 3154 4780 possit
3176 4700 3459 4780 aliquan·

1920 4796 2000 4857 do
2030 4792 2452 4854 condemnare
2481 4812 2659 4853 reum
2716 4813 2840 4855 non
2897 4794 3277 4871 convictum,
3312 4812 3461 4854 nam

1919 4906 2063 4951 cum
2092 4886 2318 4947 harum
2347 4905 2558 4947 rerum
2590 4886 2943 4967 respublica
2973 4885 3207 4948 habeat
3258 4886 3464 4965 majus

1922 4978 2294 5054 dominium,
2314 4982 2379 5042 et
2396 4982 2594 5060 possit
2622 4981 2955 5061 disponere
2976 4980 3053 5040 de
3071 4979 3169 5040 his
3199 4980 3260 5040 in
3296 4980 3468 5041 ordi-

1923 5092 1999 5134 ne
2022 5072 2102 5134 ad
2134 5072 2371 5133 bonum
2402 5073 2758 5153 publicum:
2794 5073 3035 5134 facilius
3091 5077 3297 5151 potest
3323 5091 3469 5133 con-

1924 5167 2168 5244 tingere
2201 5165 2369 5245 quod
2402 5167 2698 5246 expediat
2743 5167 2820 5228 ad
2851 5165 3087 5227 bonum
3144 5166 3467 5245 publicum

1928 5259 2178 5320 auferre
2206 5258 2288 5319 ab
2318 5258 2529 5338 aliquo
2560 5259 2749 5336 bona,
2799 5259 2901 5320 vel
2944 5259 3220 5320 officium
3277 5277 3467 5338 prop-

1928 5357 2025 5415 ter
2053 5351 2486 5413 testimonium
2515 5351 2708 5415 solius
2736 5352 3069 5433 principis:
3104 5353 3266 5413 sicut
3298 5352 3468 5412 enim

1930 5448 2141 5524 potest
2161 5443 2518 5523 respublica
2548 5443 2699 5505 dare
2728 5446 3008 5506 valorem
3065 5449 3464 5523 testament0‚

1931 5539 2108 5619 cujus
2139 5538 2307 5598 solus
2327 5537 2614 5617 princeps
2652 5538 2768 5600 suit
2794 5539 2990 5615 testis,
3026 5540 3087 5599 et
3114 5538 3233 5599 hoc
3281 5556 3471 5617 prop-

1929 5634 2026 5695 ter
2053 5630 2424 5710 dignitatem
2440 5630 2741 5711 principis
2770 5630 3104 5694 tuendam:
3128 5631 3217 5693 ita
3244 5630 3473 5710 poterit

3603 4446 3683 4506 54
