4263 6376
1252 368 1724 434 DISPUTATIO
1767 367 1984 446 xxvl,
2034 367 2308 431 SECTIO
2350 368 2486 432 Vll.

104 576 235 620 m
295 549 475 626 rigore
506 551 573 608 et
611 549 1049 629 metaphysiee
1076 549 1420 630 loquendo,
1472 567 1598 609 non
1630 565 1806 610 ema-

95 629 249 728 '252¹
294 647 375 705 tur
396 642 667 720 pecunia
695 643 997 704 solvenda
1023 662 1063 705 a
1107 643 1390 705 debitore
1418 641 1803 717 immediate,

293 734 381 796 sed
398 732 501 812 jus
530 735 610 794 ad
642 735 815 796 illam
866 753 881 799 :
931 736 1253 798 moraliter
1292 740 1503 798 tamen
1551 753 1663 813 pro
1707 751 1807 795 eo-

293 829 410 889 dem
436 829 720 906 reputari
747 832 1106 908 utrumque,
1140 829 1394 908 quando
1423 828 1665 889 nullum
1693 844 1805 905 pe-

290 920 529 981 riculum
560 920 664 980 vel
706 920 1042 982 difficultas
1086 920 1362 999 timetur,
1422 923 1491 981 ut
1536 922 1802 995 constat,

293 1013 513 1093 quando
545 1009 853 1091 debitum,
894 1014 1061 1094 quod
1093 1013 1322 1076 emitur
1348 1032 1473 1076 non
1505 1017 1669 1074 esset
1693 1012 1805 1073 im-

292 1110 607 1186 posterum,
641 1106 756 1166 sed
784 1107 996 1168 statim
1026 1107 1442 1186 exigendum3
1478 1124 1600 1187 quo
1624 1124 1801 1182 casu,

290 1200 409 1261 licet
432 1200 641 1260 solum
671 1204 986 1262 emeretur
1031 1201 1136 1280 jus
1181 1200 1505 1261 creditoris
1558 1199 1639 1260 ad
1682 1198 1805 1258 exi-

291 1292 539 1370 gendum
569 1292 888 1367 debitum3
912 1293 965 1353 si
994 1297 1205 1354 tamen
1236 1292 1519 1354 debitum
1547 1296 1710 1353 esset
1731 1290 1806 1350 li-

290 1384 522 1463 quidum
552 1388 617 1445 et
665 1385 905 1465 absque
959 1385 1085 1446 ulla
1140 1385 1506 1447 difficultate
1553 1388 1615 1446 et
1641 1383 1806 1464 peri-

290 1477 403 1538 culo
428 1477 961 1557 recuperandum,
1010 1478 1166 1538 nihil
1192 1478 1400 1538 minus
1443 1477 1682 1538 valeret
1700 1476 1806 1555 jus

289 1569 415 1629 illud
443 1588 639 1650 quam
688 1570 825 1650 ipsa
871 1570 1137 1648 pecunia
1183 1570 1417 1647 debita,
1478 1589 1593 1631 nec
1636 1568 1803 1630 licite

288 1669 472 1741 posset
499 1664 765 1725 minoris
793 1664 919 1724 emi
949 1684 963 1724 ε
998 1662 1049 1724 si
1081 1681 1231 1742 ergo
1259 1664 1518 1724 minoris
1549 1662 1797 1738 emitur,

288 1756 450 1817 debet
470 1755 673 1835 quaeri
692 1755 908 1818 titulus
935 1756 1095 1817 alius
1116 1757 1199 1818 ad
1225 1757 1291 1817 id
1302 1756 1799 1837 justificandum,

286 1854 447 1929 prout
462 1849 594 1909 iere
625 1867 877 1928 semper
903 1848 1253 1924 invenitur;
1286 1850 1386 1910 vel
1403 1849 1724 1911 fatendum
1741 1848 1805 1909 id

286 1942 397 2003 fieri
422 1946 683 2022 propter
709 1942 908 2003 solam
937 1942 1303 2004 dilationem
1328 1942 1649 2021 temporie,
1696 1941 1805 2021 qui

286 2036 473 2098 fitulus
529 2036 703 2097 nullo
749 2035 940 2097 modo
982 2035 1213 2097 sufficit
1263 2036 1344 2097 ad
1391 2035 1804 2096 minuendum

284 2129 563 2204 valorem,
597 2133 671 2189 ut
696 2132 941 2190 constat
969 2129 1033 2188 in
1064 2128 1253 2189 rebus
1268 2128 1407 2189 aliis
1429 2146 1567 2207 quae
1588 2146 1803 2188 emun-

284 2224 370 2282 tur
392 2240 535 2282 cum
566 2220 868 2282 dilatione
912 2220 1215 2299 temporis
1256 2238 1554 2283 concessa
1583 2220 1804 2281 vendi-

286 2315 410 2387 tori,
439 2314 542 2376 vel
569 2313 862 2392 emptori.
1399 2378 1402 2382 Α

350 2406 520 2480 Quod
548 2424 700 2469 vero
730 2406 1002 2483 dicebat,
1046 2405 1199 2467 illud
1242 2425 1378 2468 esse
1405 2406 1677 2486 pretium
1698 2406 1803 2487 ju-

282 2502 425 2559 stum
458 2499 626 2560 illius
656 2497 873 2574 debiti,
924 2499 1093 2577 quod
1136 2517 1250 2577 pro
1290 2518 1362 2561 eo
1393 2498 1659 2560 inveniri
1690 2518 1802 2579 po-

282 2596 401 2667 test,
450 2608 778 2671 nunquam
808 2594 1020 2653 autem
1049 2590 1402 2653 invenietur
1431 2592 1694 2671 aequale,
1747 2592 1800 2653 si

280 2684 476 2745 venale
534 2686 958 2763 proponatur;
994 2684 1326 2759 ,eamdem-
1362 2684 1800 2747 difficultatem

280 2777 447 2839 habet
491 2777 560 2837 in
604 2780 824 2838 mutuo
887 2796 904 2840 ι
964 2795 1168 2857 neque
1216 2777 1382 2837 enim
1440 2777 1797 2841 invenietur

281 2871 448 2931 etiam
475 2870 588 2950 qui
615 2872 861 2931 mutuet
885 2870 1103 2947 gratie,
1136 2868 1257 2930 nisi
1285 2888 1361 2930 ex
1389 2870 1666 2933 amicitia
1694 2871 1794 2932 vel

280 2961 710 3038 misericordia,
761 2966 825 3024 et
851 2966 1064 3024 tamen
1092 2980 1220 3022 non
1262 2961 1404 3024 ideo
1434 2981 1548 3042 pro
1578 2968 1794 3025 mutuo

279 3055 529 3133 pretium
584 3055 752 3115 ultra
803 3057 1039 3116 sortem
1093 3053 1261 3133 exigi
1303 3059 1528 3133 potest.
1588 3055 1790 3132 Adde,

280 3166 507 3228 semper
531 3146 743 3210 timeri
788 3146 1070 3226 pericula
1111 3150 1174 3210 et
1213 3147 1533 3210 molestias
1580 3147 1642 3208 in
1672 3148 1795 3210 exi-

279 3241 463 3319 gendo
488 3240 703 3301 debito
733 3239 904 3318 quod
933 3239 1182 3318 emitur,
1214 3239 1356 3302 ideo
1380 3242 1795 3303 communiter

286 3332 431 3396 licite
459 3332 693 3393 minori
723 3350 973 3394 summa
999 3334 1247 3396 emitur.

346 3426 561 3506 Arguit
604 3426 758 3488 item
804 3425 999 3506 Cajet.
1052 3426 1201 3506 quia
1232 3427 1339 3506 jus
1384 3427 1537 3488 illud
1586 3427 1792 3488 sterile

280 3523 381 3596 est,
433 3538 632 3600 usque
662 3519 815 3580 dum
842 3519 1124 3580 debitum
1152 3520 1451 3597 solvatur,
1485 3525 1655 3582 terra
1685 3528 1793 3582 au-

278 3615 392 3674 tem
418 3632 527 3693 per
554 3612 798 3694 aliquot
847 3630 1046 3674 annos
1074 3612 1300 3674 sterilis
1344 3613 1556 3675 futura
1585 3613 1793 3674 minus

277 3705 449 3781 valet,
499 3723 688 3786 quam
717 3704 771 3764 si
816 3705 1027 3766 statim
1073 3708 1236 3767 esset
1279 3705 1569 3768 fecunda.
1636 3709 1794 3768 Item

279 3795 496 3859 fructus
523 3813 648 3877 quo
694 3796 945 3876 longius
991 3796 1227 3859 distant
1272 3816 1311 3859 a
1338 3799 1623 3877 tempore
1652 3799 1791 3860 illos

278 3890 668 3969 percipiendi,
719 3890 928 3951 minus
971 3892 1204 3968 valent,
1265 3910 1455 3971 quam
1508 3893 1560 3952 si
1588 3896 1796 3955 essent

277 3984 486 4044 maturi
543 4003 558 4044 ε
618 4001 772 4062 ergo
802 3987 866 4044 et
891 3983 988 4044 hae
1016 3984 1356 4046 solutiones
1395 3985 1460 4045 in
1487 3985 1788 4064 futurum,

280 4094 408 4155 quae
432 4075 567 4138 ideo
595 4075 842 4152 acerboe,
867 4077 1285 4139 communiter
1299 4076 1612 4156 dicuntur,
1646 4078 1794 4158 quia

280 4168 537 4229 nondum
564 4173 715 4230 sunt
750 4171 1015 4230 maturae
1063 4172 1132 4232 ut
1175 4170 1526 4249 exigantur,
1584 4172 1792 4231 minus

280 4261 475 4324 valent
501 4280 691 4342 quam
722 4261 975 4341 quando
1005 4265 1268 4324 maturae
1283 4263 1418 4344 jam
1447 4267 1611 4325 sunt.
1647 4267 1794 4325 Haec

277 4357 472 4415 tamen
498 4360 559 4416 et
587 4354 818 4416 similia
848 4354 1069 4415 eodem
1116 4356 1303 4418 modo
1348 4356 1689 4435 probarent
1728 4357 1792 4417 in

278 4451 477 4509 mutuo
491 4467 671 4528 posse
694 4448 859 4509 ultra
886 4453 1120 4510 sortem
1137 4448 1375 4529 aliquid
1397 4449 1619 4527 accipi,
1645 4448 1793 4530 quia

280 4539 555 4618 obligatio
609 4539 974 4602 mutuatarii
1027 4541 1253 4603 sterilis
1308 4546 1403 4603 est
1452 4542 1572 4603 hoc
1626 4560 1791 4603 anno

281 4631 420 4693 dum
446 4652 566 4694 non
592 4633 802 4712 solvit,
845 4637 908 4696 et
947 4635 1170 4696 solutio
1200 4635 1429 4696 acerba
1456 4637 1549 4696 est
1576 4638 1639 4696 et
1666 4652 1791 4696 non

281 4727 371 4785 est
391 4731 625 4788 matura
651 4726 774 4786 nisi
791 4729 935 4805 post
960 4727 1244 4807 elapsum
1273 4745 1529 4789 annum.
1562 4729 1792 4790 Omnes

281 4835 419 4895 ergo
444 4819 620 4881 fateri
647 4819 954 4881 debemus
983 4822 1315 4898 pecuniam
1353 4821 1602 4881 differre
1632 4838 1670 4881 a
1697 4838 1793 4881 re-

280 4909 391 4970 bus
414 4912 540 4973 aliis
564 4911 925 4989 fructiferiS,
957 4931 1100 4975 cum
1129 4932 1204 4974 ex
1239 4931 1304 4974 se
1333 4932 1458 4975 non
1485 4915 1565 4976 sit
1583 4913 1793 4975 fructi-

280 5002 423 5079 fera,
468 5005 630 5085 quod
674 5005 726 5066 si
756 5005 996 5066 fructus
1041 5025 1116 5068 ex
1144 5025 1220 5067 ea
1259 5007 1550 5085 praesenti
1582 5025 1792 5086 spera-

280 5097 398 5171 tur,
442 5099 567 5176 jam
595 5098 842 5160 ratione
880 5098 1041 5159 lucri
1084 5100 1383 5160 cessantis
1424 5100 1655 5179 poterit
1680 5099 1792 5160 mi·

284 5204 396 5247 nus
420 5188 543 5250 dari
593 5209 708 5270 pro
757 5189 970 5252 debito
1025 5191 1087 5252 in
1138 5193 1419 5255 futurum
1465 5192 1787 5255 solvendo.

285 5280 527 5343 Fructus
568 5288 780 5344 autem
834 5283 1045 5345 acerbi
1094 5285 1302 5346 minus
1354 5286 1567 5347 valent
1602 5303 1794 5365 quam

282 5375 515 5452 maturi,
555 5380 687 5438 tum
731 5376 881 5457 quia
908 5377 1206 5441 differunt
1242 5378 1324 5440 ab
1352 5379 1471 5439 illis
1521 5378 1583 5440 in
1615 5379 1798 5441 boni-

288 5468 430 5542 tate,
480 5473 604 5530 tum
650 5471 846 5533 etiam
890 5475 1149 5552 propter
1192 5472 1564 5552 periculum,
1626 5473 1795 5553 quod

287 5576 517 5639 semper
539 5568 650 5643 est,
704 5583 788 5627 ne
832 5564 1084 5628 interim
1111 5570 1394 5646 pereant,
1444 5571 1508 5630 et
1541 5570 1798 5648 propter

3325 361 3440 422 293

1905 564 2209 626 expensas
2229 547 2395 609 circa
2424 546 2562 609 illos
2589 546 2938 620 faciendas3
2973 562 3114 625 quae
3134 542 3184 603 si
3205 540 3268 602 in
3291 557 3441 601 casu

1904 645 2114 703 nostro
2148 644 2611 718 concurrerent,
2662 644 2920 721 possent
2962 639 3153 701 etiam
3178 634 3440 696 minoris

1905 734 2025 795 emi
2058 735 2272 798 debita
2300 735 2528 796 acerba
2556 754 2746 815 quam
2775 738 3043 795 matura.

1984 827 2266 890 Dubitari
2290 830 2515 907 potest,
2550 847 2630 887 an
2659 826 2722 887 in
2752 827 3067 906 emptione
3097 822 3292 886 debiti
3320 820 3439 882 mi-

1904 921 2041 983 nori
2069 922 2267 999 pretio
2297 921 2724 983 committatur
2755 938 2902 981 vera
2929 937 3142 995 usura,
3177 935 3257 977 an
3286 932 3436 976 vero

1902 1013 2204 1093 injustitia
2233 1013 2486 1075 alterius
2530 1012 2832 1075 rationis?
2886 1012 3118 1075 Molina
3160 1011 3223 1071 d.
3272 1008 3432 1087 disp.

1902 1110 2041 1169 361.
2073 1108 2130 1186 §-
2161 1107 2288 1167 Pro
2314 1106 2616 1183 solutione,
2667 1104 2992 1168 contendit
3016 1122 3160 1165 cum
3187 1100 3439 1164 Medina

1903 1218 2038 1260 esse
2065 1199 2316 1279 proprie
2347 1217 2627 1275 usuram,
2688 1198 2836 1278 quia
2877 1196 2940 1257 in
2989 1214 3062 1256 eo
3112 1194 3439 1256 contractu

1903 1295 2189 1353 mutuum
2222 1292 2541 1372 quoddam
2588 1290 2854 1353 virtuale
2900 1287 3250 1363 intercedit,
3312 1302 3435 1367 quo

1902 1390 2149 1464 emptor
2176 1384 2283 1445 dat
2310 1385 2644 1463 pecuniam
2690 1387 3066 1463 praesentem
3112 1398 3225 1460 pro
3269 1379 3436 1439 solu-

1901 1476 2069 1541 tione
2100 1477 2293 1540 debiti
2323 1482 2544 1557 postea
2586 1476 2973 1555 accipienda,
3033 1473 3203 1554 quod
3247 1472 3437 1534 etiam

1900 1571 2088 1631 sentit
2118 1570 2294 1632 Salas
2324 1569 2386 1632 d.
2422 1569 2570 1631 dub.
2597 1586 2791 1631 xxvu.
2822 1588 2884 1629 n.
2910 1572 2969 1629 6.
2996 1571 3058 1629 et
3084 1581 3436 1643 supponere

1897 1663 2148 1725 videtur
2171 1662 2418 1724 Lessius
2455 1682 2517 1724 n.
2549 1666 2647 1724 72.
2681 1662 2802 1723 Alii
2829 1666 3040 1723 tamen
3069 1659 3250 1719 multi
3279 1674 3437 1737 quos

1898 1756 2088 1818 tacito
2136 1755 2387 1816 nomine
2439 1755 2637 1816 refert
2682 1754 2851 1814 idem
2906 1753 3158 1826 Melina,
3218 1749 3436 1810 dicunt

1898 1867 2023 1909 non
2053 1866 2189 1909 esse
2218 1866 2472 1909 usuram
2492 1893 2509 1924 ,
2559 1847 2671 1907 sed
2699 1845 2996 1926 injustam
3025 1843 3429 1922 emptionem,

1900 1959 2026 2023 qua
2064 1959 2164 2001 res
2201 1940 2363 2001 iufra
2405 1958 2589 2001 suum
2634 1940 2913 2000 valorem
2958 1936 3186 1997 minori
3234 1933 3432 2013 pretio

1899 2034 2151 2111 emitur,
2202 2037 2264 2095 et
2290 2033 2431 2094 ideo
2462 2031 2771 2113 ejusmodi
2809 2033 3156 2110 emptorem
3184 2046 3307 2088 non
3337 2027 3435 2086 in-

1899 2145 2151 2188 currere
2168 2126 2594 2188 usurariorum
2611 2143 2851 2204 poenas,
2878 2123 3057 2196 Quod
3072 2120 3225 2181 mihi
3243 2120 3433 2182 etiam

1898 2221 2098 2299 magis
2130 2220 2337 2299 placet
2370 2239 2384 2280 ε
2433 2218 2582 2300 quia
2609 2237 2724 2279 nec
2754 2237 2830 2278 ex
2857 2215 3200 2278 intentione
3225 2211 3432 2290 impli-

1897 2314 2020 2373 cita
2074 2311 2578 2374 contrahentium
2636 2313 2899 2389 apparet
2967 2305 3222 2386 aliquod
3292 2322 3435 2364 mu-

1895 2410 2096 2481 tuum,
2160 2404 2270 2467 sed
2299 2422 2476 2465 mera
2501 2402 2778 2464 venditio
2820 2419 3095 2482 praesens
3140 2416 3433 2460 consum-

1895 2503 2068 2559 mata
2095 2498 2175 2558 de
2202 2496 2496 2576 praesenti
2525 2514 2600 2557 ex
2630 2500 2806 2574 parte
2837 2494 3162 2571 utriusque
3191 2491 3430 2570 absque

1896 2593 2023 2653 ulla
2050 2590 2348 2652 dilatione
2378 2589 2545 2650 circa
2590 2587 2860 2667 pretium
2903 2586 3003 2646 vel
3049 2602 3184 2645 rem
3215 2582 3431 2645 vendi-

1892 2689 2045 2748 tam.
2080 2687 2238 2745 Nam
2267 2687 2511 2762 emptor
2539 2681 2647 2743 dat
2663 2685 2865 2743 totum
2892 2677 3161 2759 pretium
3191 2676 3424 2751 statim,

1894 2785 1956 2840 et
2001 2777 2290 2839 venditor
2335 2776 2444 2836 dat
2497 2773 2707 2837 statim
2763 2770 3033 2852 emptori
3077 2773 3278 2833 totum
3322 2769 3427 2848 jus

1893 2870 2062 2950 quod
2091 2868 2366 2929 habebat
2383 2866 2684 2928 adversus
2705 2883 2888 2927 suum
2909 2864 3279 2939 debitorem,
3311 2878 3429 2922 nec

1894 2980 1960 3023 se
1989 2962 2070 3022 ad
2100 2960 2337 3041 aliquid
2366 2961 2430 3020 in
2460 2961 2742 3022 futurum
2773 2959 3031 3038 obligat.

1973 3053 2333 3133 Respondet
2358 3053 2611 3130 Molina,
2643 3053 3038 3115 venditorem
3067 3068 3194 3112 non
3221 3049 3427 3111 solum

1889 3147 2164 3210 vendere
2184 3148 2290 3227 Jus
2311 3165 2517 3224 suum,
2550 3146 2660 3208 sed
2686 3147 2875 3209 etiam
2895 3144 3176 3207 debitum
3196 3143 3426 3224 ipsum,

1891 3241 2228 3320 rejiciendo
2272 3244 2483 3303 tamen
2531 3240 2665 3320 ejus
2693 3240 3041 3319 periculum
3088 3239 3150 3300 in
3183 3240 3427 3316 empto·

1889 3353 2059 3407 rem3
2119 3333 2279 3395 sicut
2333 3333 2438 3413 qui
2495 3334 2712 3395 vendit
2747 3333 2988 3413 jactum
3032 3333 3182 3394 retis
3204 3376 3221 3409 ,
3280 3350 3428 3392 ven-

1889 3427 1983 3489 dit
2048 3427 2238 3488 etiam
2290 3426 2493 3506 pisces
2565 3426 2924 3506 capiendoS.
2999 3425 3124 3488 Sed
3179 3426 3420 3500 contra,

1889 3521 2037 3603 quia
2095 3519 2369 3600 piscator
2427 3519 2643 3581 vendit
2697 3519 2921 3597 pisceS,
2992 3522 3301 3598 quatenus
3357 3534 3424 3576 se

1889 3614 2128 3692 obligat
2190 3611 2275 3673 ad
2339 3611 2580 3673 dandos
2645 3612 2912 3690 emptori
2987 3609 3191 3689 pisces
3267 3627 3425 3689 quos

1888 3706 2144 3787 ceperit.
2198 3705 2262 3768 Si
2307 3707 2517 3766 tamen
2564 3704 2839 3783 piscator
2882 3703 2962 3764 ad
3009 3703 3164 3763 nihil
3206 3720 3427 3762 mane-

1887 3804 1986 3861 ret
2041 3798 2353 3877 obligatus
2377 3844 2393 3875 ,
2446 3798 2556 3858 sed
2597 3798 2901 3859 venderet
2951 3799 3084 3858 rete
3130 3799 3193 3857 et
3246 3795 3426 3857 daret

1887 3892 2096 3954 statim
2127 3891 2416 3970 emptori,
2451 3890 2618 3970 quod
2648 3893 2779 3952 tota
2796 3889 2903 3950 illa
2931 3888 3032 3950 die
3062 3887 3290 3967 piscari
3304 3887 3425 3948 sibi

1886 4003 1999 4047 suo
2029 3985 2260 4045 damno
2293 3986 2355 4045 et
2380 3983 2554 4045 lucro
2584 3988 2794 4061 posset
2822 3982 2910 4062 (et
2937 3982 3103 4060 finge
3131 3984 3267 4042 rete
3297 3998 3423 4041 non

1886 4096 2070 4159 posse
2099 4075 2439 4153 deservire,
2499 4075 2620 4136 nisi
2649 4076 2728 4136 ad
2757 4093 2953 4136 unum
2993 4073 3257 4154 jactum,
3325 4073 3422 4134 vel

1886 4187 2082 4232 unum
2111 4169 2303 4246 diem,
2353 4188 2432 4229 ne
2460 4169 2751 4231 videatur
2789 4188 2925 4230 esse
2971 4167 3220 4247 locatio)
3275 4172 3426 4229 tunc

1888 4267 2057 4325 certe
2101 4264 2375 4342 piscator
2420 4280 2544 4323 non
2591 4261 2875 4323 vendidit
2919 4261 3120 4340 pisces
3171 4260 3424 4339 capien-

1887 4357 2022 4433 dos,
2056 4355 2200 4416 nisi
2245 4355 2308 4416 in
2349 4373 2558 4431 causa,
2619 4373 2736 4415 nec
2781 4354 3201 4416 intercederet
3230 4354 3426 4414 ullum

1887 4452 2174 4510 mutuum
2202 4447 2487 4525 virtuale,
2538 4445 2650 4507 sed
2678 4447 2907 4508 tradito
2952 4450 3086 4510 rete
3131 4450 3193 4508 et
3220 4446 3422 4508 soluto

1889 4542 2113 4623 pretio,
2178 4540 2456 4619 perfecta
2505 4543 2568 4602 et
2612 4544 3045 4602 consummata
3090 4544 3254 4601 esset
3293 4543 3427 4602 tota

1890 4634 2122 4714 emptio
2170 4638 2234 4696 et
2282 4632 2559 4695 venditio
2608 4632 2796 4696 etiam
2843 4633 3053 4713 quoad
3108 4634 3421 4694 effectum.

1892 4729 1955 4792 Si
1984 4746 2133 4807 ergo
2189 4727 2254 4788 in
2284 4745 2435 4788 casu
2489 4731 2700 4789 nostro
2757 4727 3031 4790 creditor
3058 4745 3181 4789 non
3210 4726 3428 4787 vendit

1889 4821 2221 4902 pecuniam
2268 4820 2657 4897 solvendam,
2717 4820 2827 4881 sed
2855 4824 3011 4897 rete,
3069 4839 3180 4881 seu
3208 4819 3429 4881 vincu-

1887 4916 2019 4977 lum
2048 4914 2128 4975 ad
2157 4913 2514 4992 cogendum
2533 4913 2881 4974 debitorem
2901 4917 2971 4975 ut
2996 4914 3217 4989 solvat,
3250 4929 3430 4973 nem-

1888 5007 2093 5091 pejus
2123 5007 2292 5086 quod
2322 5006 2514 5068 babet
2558 5005 2862 5067 adversus
2888 5007 3064 5067 illum
3122 5024 3136 5065 ε
3195 5008 3258 5066 et
3283 5005 3430 5066 lIcet

1890 5102 2010 5162 hoc
2051 5101 2157 5180 jus
2185 5118 2296 5159 seu
2345 5099 2463 5161 hoc
2510 5103 2640 5161 rete
2687 5103 2946 5178 propter
2988 5098 3430 5160 certitudinem

1892 5197 2168 5274 capturae
2195 5193 2403 5255 valeat
2429 5211 2555 5252 non
2583 5191 2790 5252 minus
2810 5209 2999 5270 quam
3019 5192 3286 5271 pecunia
3313 5192 3428 5252 sol-

1892 5286 2133 5360 venda3
2164 5304 2232 5346 re
2258 5288 2469 5347 tamen
2494 5303 2641 5346 vera
2661 5283 2901 5345 nullum
2918 5286 3206 5344 mutuum
3235 5283 3428 5345 inter-

1896 5380 2081 5454 cedit,
2116 5379 2227 5441 sed
2257 5378 2490 5459 emptio
2518 5396 2715 5454 mera,
2749 5380 2812 5438 et
2836 5375 3108 5439 venditio
3137 5393 3429 5438 consum-

1895 5477 2069 5535 mata
2096 5492 2170 5534 ex
2199 5477 2376 5552 parte
2405 5471 2728 5550 utriusque
2749 5490 2863 5552 per
2890 5470 3264 5534 solutionem
3289 5488 3428 5550 pre-

1895 5567 1987 5644 tii,
2021 5572 2083 5630 et
2109 5565 2513 5629 traditionem
2541 5564 2631 5626 rei
2656 5564 2948 5627 venditas.

3582 834 3663 895 98

3524 962 3590 1003 An
3610 960 3664 1004 sit
3681 959 3738 1003 ibi

3485 1026 3608 1058 usur·
3617 1014 3781 1071 propria
