4263 6376
1193 285 1664 349 msPu'rA'rlo
1707 280 1926 359 xxm,
1975 279 2251 342 sac'mo
2295 278 2425 340 xu.
3175 247 3178 249 ’
3263 274 3378 334 317

1843 460 1996 520 tent.
2032 457 2205 519 Solet
2252 454 2443 517 etiam
2472 452 2761 532 princeps
2790 449 3100 530 ejusmodi
3126 447 3381 510 faculta-

1843 554 1938 614 tes
1966 549 2239 610 vendere
2268 547 2350 608 ad
2379 544 2878 607 subveniendum
2907 542 3383 604 necessitatibus

1846 641 2214 722 urgentibus
2242 641 2304 700 in
2332 641 2568 701 bonum
2598 655 2952 714 commune,
2987 636 3149 697 sicut
3174 637 3387 715 posset

1848 735 2018 797 aliud
2046 734 2264 797 tributi
2295 752 2495 812 genus
2524 731 2606 792 ad
2636 731 2931 792 eumdem
2958 730 3148 790 finem
3177 727 3386 790 subdi-

1846 829 1928 892 tis
1954 828 2282 907 imponere
2317 847 2330 887 ε
2366 844 2559 905 quare
2597 824 2995 886 considerare
3025 824 3275 901 oportet
3303 838 3385 880 an

1848 922 2087 983 bonum
2117 937 2449 981 commune
2471 917 2553 978 ad
2580 916 2749 997 quod
2768 917 2910 979 talis
2937 915 3201 977 facultas
3229 932 3383 975 ven-

1851 1013 2041 1087 ditur,
2073 1016 2138 1073 et
2164 1011 2396 1073 utilitas
2426 1009 2775 1071 eommunis
2805 1027 2944 1088 quae
2974 1027 3050 1070 ex
3076 1008 3184 1071 tali
3234 1026 3387 1069 ven-

1853 1105 2089 1168 ditione
2117 1105 2399 1180 resultat,
2422 1102 2863 1182 praeponderet
2890 1102 3119 1163 damno
3149 1105 3212 1163 et
3237 1120 3383 1181 gra-

1853 1198 2090 1260 vamini
2131 1198 2304 1278 quod
2351 1195 2617 1257 subditis
2646 1214 2722 1256 ex
2758 1194 2869 1256 tali
2895 1195 3254 1256 venditione
3281 1213 3388 1256 ac-

1854 1293 2076 1354 crescit
2108 1313 2121 1353 :
2171 1296 2234 1353 et
2260 1290 2531 1369 denique
2559 1288 3031 1350 considerandae
3077 1292 3223 1350 sunt
3248 1288 3386 1350 aliae

1855 1385 2246 1446 conditiones
2266 1383 2345 1443 ad
2383 1382 2691 1461 justitiam
2736 1381 2952 1443 tributi
2993 1381 3383 1457 necessariae‚

1856 1481 1919 1538 et
1945 1477 2111 1557 quod
2141 1486 2482 1555 gravamen
2512 1474 2719 1554 quoad
2746 1474 2881 1534 fieri
2909 1475 3126 1553 possit,
3149 1475 3388 1555 aequale

1854 1570 1936 1632 sit
1966 1571 2124 1631 inter
2178 1568 2481 1644 subditOS,
2508 1571 2571 1628 et
2596 1567 2716 1628 alia
2745 1568 2823 1628 de
2854 1568 3079 1647 quibus
3108 1569 3390 1629 dicemus

1856 1662 2112 1724 inferius
2140 1680 2253 1723 suo
2280 1662 2442 1738 loon,
2477 1665 2733 1739 agentes
2763 1661 2840 1721 de
2857 1662 3104 1740 justitia
3129 1662 3388 1724 tributo-

1855 1775 1997 1817 rum
2024 1759 2088 1818 et
2114 1755 2528 1834 gabellarum.
2552 1753 2846 1833 Alioquin
2861 1754 3022 1817 sicut
3039 1760 3102 1817 et
3129 1755 3384 1832 tributa,

1855 1849 1946 1910 sic
1990 1849 2180 1910 etiam
2209 1851 2270 1909 et
2296 1847 2402 1908 illa
2429 1846 2715 1908 venditio
2764 1846 2998 1926 injusta
3052 1851 3217 1909 esset
3245 1865 3390 1908 cum

1857 1941 2236 2020 obligatione
2262 1939 2633 2001 restituendi
2658 1943 2787 2000 tam
2821 1944 3089 2018 exparte
3117 1940 3390 2001 venden-

1853 2035 1955 2111 tis,
1977 2053 2169 2114 quam
2197 2051 2274 2093 ex
2298 2036 2477 2112 parte
2505 2033 2767 2094 ementis
2785 2034 2975 2094 talem
3001 2035 3384 2097 facultatem.

1855 2128 2160 2192 Videatur
2207 2125 2440 2188 Molina
2474 2125 2770 2204 disputat.
2827 2129 2965 2188 345.
3040 2129 3267 2190 colum.
3326 2134 3384 2190 2.

1854 2221 2102 2283 Lessius
2145 2220 2344 2282 dubit.
2394 2235 2496 2282 xx.
2545 2237 2716 2280 num.
2766 2224 2902 2282 149.
2955 2222 3019 2281 et
3061 2221 3237 2283 Salas
3281 2221 3390 2283 ubi

1855 2332 2065 2394 supra.

1938 2408 2227 2470 Secundo
2258 2406 2565 2486 contingit
2606 2407 3034 2487 monopolium
3058 2455 3074 2485 ,
3137 2410 3387 2490 quando
3541 2417 3654 2476 172

1855 2502 2214 2567 venditores
2242 2500 2642 2578 conspirant,
2676 2505 2747 2562 ut
2773 2502 3020 2562 nonnisi
3048 2505 3216 2563 certo
3246 2521 3391 2582 pre-
3483 2543 3680 2586 Annene

1855 2596 1941 2658 tio
1973 2595 2286 2671 vendant,
2336 2598 2525 2673 atque
2571 2594 2692 2655 hoc
2736 2600 2919 2674 pacto
2950 2600 3261 2674 emptores
3290 2608 3389 2657 eo*-
3467 2598 3709 2640 ⁰⁰¹¹V0¹¹³⁸¹¹²

3439 2651 3577 2704 plures
3587 2651 3638 2693 dc
3652 2663 3732 2693 non

1857 2693 2089 2768 gantur
2130 2687 2212 2748 ad
2242 2687 2581 2748 emendum
2628 2687 2731 2748 illo
2773 2688 3008 2766 pretio,
3068 2706 3190 2768 quo
3239 2707 3388 2750 casu
3439 2704 3735 2812 Iiffiiss'r‘ssffi'

668 795 1085 882 SBGTlss
1164 793 1310 884 xu.

262 1108 336 1169 De
356 1106 693 1189 monopoliis,
726 1104 1006 1188 quomodo
1036 1106 1097 1166 in
1139 1104 1441 1187 emptione,
1474 1113 1530 1166 et
1556 1102 1755 1165 vendi-

710 1213 862 1274 tione
893 1212 1103 1273 illicita
1130 1211 1265 1275 sint.

327 1479 728 1560 Monopolium
775 1479 1038 1555 dicitur,
1100 1476 1352 1556 quando
1400 1494 1598 1549 unuS,
1656 1471 1756 1534 vel

262 1574 417 1654 pauci
442 1577 653 1634 curant
681 1576 750 1634 ut
773 1570 1049 1633 venditio
1092 1571 1190 1632 vel
1236 1569 1466 1648 emptio
1516 1567 1756 1646 aliqua-

260 1687 378 1729 rum
418 1665 715 1728 mercium
764 1666 847 1727 ad
894 1665 1063 1744 ipsos
1109 1664 1273 1724 solos
1299 1661 1656 1736 reducatur,
1690 1661 1759 1719 ut

261 1760 347 1819 alii
382 1778 583 1821 omnes
610 1759 691 1820 ab
737 1758 813 1818 iis
842 1758 1042 1837 pretio
1091 1774 1213 1836 quo
1257 1753 1376 1834 ipsi
1421 1751 1752 1827 voluerint,

258 1872 437 1914 emere
464 1856 787 1933 cogantur.
820 1852 1203 1929 Contingunt
1225 1852 1435 1910 autem
1464 1843 1757 1923 multipli-

257 1947 405 2009 citer.

324 2039 509 2101 Primo
551 2038 920 2101 auctoritate
966 2034 1238 2117 publica,
1284 2036 1354 2096 ut
1397 2050 1548 2095 oum
1594 2049 1757 2092 unus

255 2133 337 2191 vel
362 2132 531 2210 pauci
556 2132 753 2211 aliqui
791 2128 1190 2210 privilegium
1219 2146 1259 2189 a
1283 2127 1566 2207 principe
1596 2125 1757 2187 obti-

256 2230 401 2302 nent,
431 2229 496 2287 ut
521 2224 635 2286 soli
665 2224 787 2303 ipsi
832 2224 956 2285 tale
985 2240 1186 2301 genus
1230 2220 1534 2281 mercium
1561 2218 1758 2280 intro-

257 2317 455 2378 ducere
482 2318 579 2379 vel
629 2316 906 2377 vendere
949 2314 1237 2394 possint:
1271 2331 1461 2393 quam
1507 2330 1756 2373 conces-

254 2410 464 2471 sionem
512 2409 799 2472 absolute
855 2409 1160 2469 damnant
1213 2408 1420 2483 SotuS,
1479 2406 1752 2482 Medma,

255 2503 421 2582 Cajet.
442 2504 708 2582 Sylvest.
735 2502 911 2563 etalii
933 2501 1101 2581 apud
1123 2500 1300 2563 Salas
1319 2499 1469 2562 dub.
1492 2516 1751 2563 xxxvm.

254 2616 401 2659 num.
432 2600 486 2658 2.
521 2596 681 2669 Quia
728 2595 1023 2655 nimirum
1074 2593 1382 2672 ejusmodi
1421 2593 1756 2672 prohibitio

254 2695 412 2750 nocet
436 2690 588 2765 aliis,
624 2689 735 2768 qui
761 2688 1033 2749 vendere
1048 2690 1327 2767 possent,
1360 2690 1543 2748 nocet
1570 2686 1758 2747 etiam

253 2783 638 2863 emptoribus,
690 2782 800 2861 qui
845 2780 1273 2859 multiplieatis
1307 2780 1755 2855 venditoribuS,

252 2876 444 2937 leviori
469 2877 670 2955 pretio
704 2875 957 2935 easdem
986 2877 1269 2935 emerent
1292 2890 1557 2934 merces·

321 2971 555 3031 Certum
573 2976 790 3030 tamen
821 2972 916 3029 est
945 2973 1006 3029 et
1019 2986 1138 3027 usu
1168 2966 1451 3027 omnium
1468 2965 1759 3044 receptis-

1858 2786 2099 2844 ccrtum
2130 2784 2226 2842 est
2254 2780 2423 2859 apud
2454 2798 2704 2858 omnes,
2757 2780 2810 2841 si
2841 2781 3113 2861 pretium
3142 2781 3295 2842 illud
3325 2783 3390 2843 in

1859 2893 1982 2955 quo
2013 2874 2423 2950 conveniunt,
2458 2873 2538 2934 sit
2563 2892 2752 2952 supra
2781 2892 3094 2935 summum
3118 2875 3391 2955 pretium

1852 2970 2130 3048 justum,
2179 2985 2443 3047 peccare
2485 2971 2704 3028 contra
2724 2966 3032 3048 justitiam
3062 2987 3205 3029 cum
3236 2968 3393 3029 obli-

253 3062 475 3140 simum,
504 3063 567 3122 in
617 3061 934 3140 aliquibus
976 3059 1455 3121 circumstantiis
1496 3077 1679 3137 posse
1721 3077 1759 3118 a
1859 3061 2111 3139 gatione
2140 3060 2530 3122 restituendi.
2578 3061 2752 3121 Idem
2780 3064 2894 3137 est,
2932 3061 2985 3121 si
3011 3065 3392 3123 mercatores

251 3155 504 3236 principe
533 3152 845 3235 ejusmodi
893 3151 1222 3232 privilegia
1250 3151 1532 3226 concedi,
1567 3170 1627 3214 v.
1661 3170 1755 3230 gr.

252 3250 295 3308 si
318 3250 541 3329 absque
583 3247 695 3310 tali
741 3246 1161 3325 prohibitione
1208 3264 1333 3307 non
1379 3245 1765 3307 inveniretur

252 3343 343 3421 qui
370 3342 615 3422 aliquod
643 3338 953 3400 mercium
995 3357 1194 3418 genus
1221 3338 1551 3417 providere
1579 3338 1767 3400 vellet

249 3436 304 3496 in
330 3455 398 3497 ea
421 3433 832 3511 abundantia,
865 3450 1006 3512 quae
1031 3431 1389 3511 reipublicae
1414 3431 1766 3493 necessaria

250 3533 349 3605 est,
379 3548 452 3589 ne
480 3548 545 3590 se
561 3530 840 3607 exponat
866 3524 1141 3604 periculo
1157 3524 1486 3586 amittendi
1504 3542 1766 3604 magnos

247 3627 507 3702 sumptus
535 3622 673 3683 sine
701 3620 900 3695 lucro,
923 3622 986 3680 et
1012 3618 1156 3679 ideo
1182 3618 1521 3697 aliquando
1551 3637 1767 3680 neces-

246 3716 392 3775 saria
418 3715 672 3776 omnino
702 3713 768 3773 in
809 3711 1131 3790 republica
1173 3711 1464 3774 deessent
1495 3712 1576 3775 ad
1619 3731 1767 3773 usus

244 3807 531 3869 humanos
560 3825 575 3872 ε
610 3826 687 3867 ea
734 3809 946 3867 autem
994 3823 1103 3884 spe
1132 3804 1340 3866 allecti
1384 3809 1769 3867 mercatores

245 3901 549 3980 privilegio
568 3899 808 3961 suffulti
823 3897 1102 3975 obligant
1120 3916 1186 3958 se
1209 3897 1289 3957 ad
1308 3898 1768 3977 providendum

246 3995 399 4054 omni
422 4001 731 4073 tempore,
754 4009 878 4070 quo
896 4008 1046 4051 casu
1072 3990 1276 4051 taxari
1291 3990 1480 4052 debet
1497 3992 1768 4069 pretium

246 4088 627 4150 moderatum
658 4104 698 4146 a
741 4083 1090 4163 republica,
1136 4087 1206 4145 ut
1243 4084 1376 4144 sine
1403 4084 1769 4164 praejudicio

1863 3153 2055 3233 aliqui
2078 3152 2267 3215 minis
2294 3152 2393 3213 vel
2420 3152 2562 3215 dolo
2593 3154 2970 3234 impedirent
2986 3154 3163 3232 alios,
3185 3174 3262 3216 ne
3283 3153 3393 3215 mi-

1863 3248 2001 3308 nori
2027 3248 2227 3327 pretio
2256 3247 2535 3308 vendant
2567 3267 2581 3308 t
2614 3248 2686 3309 fit
2704 3248 2869 3308 enim
2899 3248 3128 3329 injuria
3150 3252 3394 3328 empto-

1863 3340 2059 3416 ribuS‚
2091 3357 2236 3401 cum
2266 3339 2372 3400 alii
2398 3340 2756 3401 venditores
2783 3341 3012 3421 injuste
3042 3342 3392 3421 impedian-

1863 3436 1968 3495 tur
1994 3451 2073 3493 ne
2118 3432 2239 3493 illis
2282 3432 2503 3494 leviori
2545 3434 2742 3512 pretio
2784 3436 3081 3497 vendant.
3129 3436 3391 3510 Quando

1864 3545 2014 3588 vero
2043 3526 2406 3606 conspirant
2431 3525 2496 3585 in
2523 3526 2724 3604 pretio
2753 3525 2916 3606 justo
2947 3547 3193 3590 summo
3216 3577 3231 3604 ,
3281 3548 3392 3589 seu

1864 3621 2149 3699 rigoroso
2172 3665 2188 3695 ,
2237 3619 2416 3679 multi
2445 3619 2663 3680 dieunt
2690 3618 2857 3698 ipsos
2886 3638 3147 3699 peceare
3177 3626 3396 3683 contra

1858 3713 2170 3795 justitiam
2223 3730 2366 3773 cum
2421 3711 2800 3790 obligatione
2845 3714 3236 3776 restituendi.
3297 3719 3395 3778 Ita

1868 3806 2182 3883 RebelluS,
2216 3806 2422 3882 Sotus,
2453 3807 2804 3882 Navarrus,
2841 3805 3136 3883 PalatioS,
3169 3807 3397 3868 Ledes·

1865 3919 1992 3976 ma,
2024 3903 2289 3978 uterque
2317 3897 2588 3973 Medina,
2623 3898 2928 3976 Valentia,
2961 3900 3243 3977 Armilla,
3279 3900 3397 3962 Sil-

1865 3996 2025 4054 vest.
2057 3991 2327 4053 Conrad.
2361 3994 2423 4052 et
2450 3990 2554 4050 alii
2582 3991 2750 4070 apud
2782 3992 2957 4052 Salas
3000 4011 3105 4054 nu.
3138 3997 3198 4054 3.
3251 3994 3399 4073 quia

1867 4085 2221 4164 respublica
2247 4083 2494 4145 videtur
2522 4082 2753 4144 habere
2787 4083 2893 4163 jus
2939 4103 3016 4145 ne
3045 4086 3201 4147 fiant
3226 4087 3279 4169 ej
3291 4108 3396 4149 us-

1867 4177 2040 4240 modi
2067 4176 2428 4256 monopolia
2453 4176 2518 4236 in
2548 4176 2848 4236 damnum
2876 4178 3093 4257 ipsiuS.

1949 4270 2068 4332 Alii
2114 4274 2329 4332 tamen
2374 4288 2500 4331 non
2539 4269 2672 4331 sine
2713 4290 2944 4350 magno
2991 4274 3399 4338 fundamento

1870 4366 2124 4442 dicunt,
2175 4367 2324 4425 tunc
2366 4381 2491 4424 non
2533 4382 2798 4443 peecare
2828 4371 3046 4429 contra
3066 4368 3395 4449 justitiam,

1870 4478 1986 4521 nec
2042 4456 2305 4537 obligari
2360 4457 2441 4517 ad
2489 4458 2964 4522 restituendum.
3033 4463 3126 4523 Ita
3171 4465 3404 4526 Molina

1869 4552 2072 4616 concl.
2107 4568 2179 4613 11.
2212 4550 2461 4612 Lessius
2490 4569 2553 4612 n.
2590 4555 2725 4613 145.
2759 4553 3027 4630 Bannes,
3061 4557 3252 4635 Arag.
3285 4559 3401 4618 Ve—

1869 4665 1972 4726 ga,
2006 4647 2295 4706 Emman.
2331 4643 2586 4722 Angle3‚
2620 4647 2683 4706 et
2711 4644 2851 4722 alii,
2886 4664 3043 4725 quos
3068 4648 3261 4709 refert
3289 4649 3403 4710 Sa-

1869 4740 1962 4801 las
1991 4737 2097 4798 ubi
2126 4755 2338 4815 supra,
2371 4736 2615 4814 dicens,
2665 4755 2799 4798 esse
2828 4738 3174 4816 probabile,
3208 4742 3272 4801 et
3295 4759 3402 4802 no-

1869 4835 2012 4894 tans
2032 4848 2176 4891 cum
2197 4829 2355 4906 aliis,
2381 4830 2645 4892 durante
2666 4848 2739 4891 eo
2755 4832 3111 4911 monopolio
3134 4852 3210 4894 ex
3226 4833 3401 4913 parte

1872 4923 2305 4998 venditorum,
2356 4940 2539 5000 posse
2583 4927 2896 5002 emptores
2943 4944 2976 4986 e
3006 4932 3224 4988 contra
3254 4944 3404 4987 con-

1874 5018 2141 5096 spirare,
2171 5035 2248 5075 ne
2278 5016 2442 5075 ullus
2472 5020 2660 5092 emat,
2697 5017 2813 5077 nisi
2840 5019 3038 5096 pretio
3065 5021 3272 5080 medio
3303 5023 3402 5083 vel

1874 5111 2110 5171 infimO.
2175 5109 2362 5170 Ratio
2410 5112 2620 5170 autem
2668 5113 2798 5187 est,
2850 5110 2996 5189 quia
3023 5113 3403 5190 persuadere

1876 5203 2113 5281 absque
2143 5201 2206 5261 vi
2235 5205 2298 5262 et
2324 5201 2547 5262 fraude
2572 5201 2805 5263 volenti
2837 5202 2944 5263 tibi
2992 5204 3226 5266 donare
3251 5254 3266 5283 ,
3325 5228 3404 5269 ne

243 4179 374 4240 boni
403 4178 757 4241 communis
785 4176 1027 4255 possint
1078 4176 1436 4238 venditores
1476 4177 1767 4238 modera-

244 4275 363 4332 tum
387 4273 637 4333 lucrum
664 4271 921 4331 habere.
953 4268 1126 4330 Idem
1172 4272 1267 4331 est
1310 4270 1559 4349 quando
1588 4288 1769 4331 excu-

244 4365 459 4427 duntur
483 4364 654 4440 libri,
687 4382 871 4424 nemo
899 4363 1066 4423 enim
1095 4361 1286 4425 vellet
1323 4381 1629 4441 expensas
1659 4364 1770 4424 im-

243 4459 566 4536 pressionis
604 4455 841 4533 subire,
900 4456 951 4516 si
997 4454 1289 4533 evulgato
1344 4456 1537 4516 semel
1584 4456 1765 4533 libro,

242 4557 481 4628 possent
508 4551 620 4612 alii
662 4548 1042 4630 typographi
1086 4548 1263 4608 illum
1309 4548 1537 4610 iterum
1584 4568 1771 4611 excu-

243 4644 376 4706 dere
405 4651 467 4707 et
492 4642 901 4705 vendendum
933 4640 1138 4703 viliori
1164 4640 1365 4719 pretio
1395 4644 1639 4704 afferre.
1673 4643 1771 4704 Ad

243 4737 567 4801 fovendam
588 4754 740 4815 ergo
770 4739 833 4796 et
858 4734 1356 4813 promovendam
1384 4735 1772 4796 alacritatem

243 4831 694 4896 etindustriam
739 4830 1067 4889 auctorum
1113 4829 1176 4887 et
1202 4827 1768 4906 typographorum,

240 4927 449 4989 merito
479 4920 793 5005 ejusmodi
820 4919 1147 4999 privilegia
1194 4920 1282 4980 eis
1326 4921 1530 4981 solent
1556 4922 1636 4981 ad
1667 4921 1776 4981 de-

242 5022 524 5081 cennium
572 5014 856 5078 concedi.
909 5014 1083 5075 Sicut
1110 5017 1173 5074 ct
1213 5013 1640 5075 inventoribus
1669 5015 1775 5074 ali-

240 5115 409 5193 cujus
436 5111 775 5184 machinae,
799 5108 898 5168 vel
927 5107 1175 5168 artificii
1202 5106 1561 5186 reipublicae
1583 5107 1770 5180 utilis,

236 5206 579 5286 justissime
610 5204 673 5263 in
703 5201 1033 5281 praemium
1063 5217 1193 5260 sua>
1224 5200 1601 5260 inventionis
1638 5201 1778 5261 talis

241 5301 498 5362 facultas
529 5294 930 5367 conceditur3
983 5296 1080 5353 est
1106 5292 1275 5354 enim
1302 5293 1540 5354 fructus
1570 5293 1777 5353 indus·
1877 5295 1990 5357 tibi
2017 5295 2230 5370 donet,
2264 5313 2386 5356 non
2416 5302 2510 5357 est
2537 5299 2754 5356 contra
2774 5295 3080 5375 justitiam
3100 5343 3115 5373 ,
3151 5318 3266 5358 ncc
3294 5301 3407 5360 ob·

241 5394 390 5470 triae,
422 5397 487 5454 et
516 5410 647 5453 non
694 5389 876 5450 decet
904 5391 974 5449 ut
1000 5386 1101 5447 alii
1151 5405 1294 5448 cum
1324 5387 1595 5448 auctoris
1624 5406 1779 5465 prae·
1875 5388 2033 5466 ligat
2059 5387 2141 5448 ad
2171 5387 2662 5461 restitutionem;
2715 5406 2866 5466 ergo
2913 5407 2952 5448 a
2996 5389 3407 5471 fortiori-per·

234 5486 468 5568 judicio
493 5488 742 5548 lucrum
770 5481 1011 5562 aequale
1041 5499 1118 5542 ex
1145 5481 1280 5561 ejus
1308 5481 1535 5561 vigiliis
1573 5499 1780 5559 repor-
1882 5481 2149 5542 suadere
2173 5481 2406 5543 volenti
2435 5481 2707 5544 vendere
2738 5497 2816 5542 ne
2844 5480 2956 5541 tibi
2984 5483 3255 5563 vendat,
3289 5484 3405 5546 nisi
