4263 6376
890 305 1009 364 526

892 483 1007 541 est.
1041 475 1304 538 Difficile
1332 470 1645 534 videbitur
1672 467 1898 544 alicui,
1932 467 2097 545 quod
2130 466 2251 528 hoc
2279 485 2424 546 pos-

891 572 973 634 sit
1000 569 1385 645 contingere,
1439 563 1587 642 quia
1636 577 1781 622 cum
1809 579 1885 619 ex
1933 560 2130 620 trihus
2172 578 2295 621 non
2344 560 2425 622 sit

891 681 1069 743 aeque
1098 657 1419 741 probabile
1448 656 1615 714 hunc
1660 671 1794 713 esse
1844 652 2204 731 eligendum
2232 670 2423 731 quam

890 774 1017 817 non
1046 751 1426 831 eligendum,
1455 765 1599 808 eum
1627 744 2012 824 probabilius
2047 745 2129 805 sit
2164 763 2358 804 00001
2388 763 2422 804 0

889 848 1135 910 duobus
1163 840 1553 922 eligendum,
1587 854 1777 917 quam
1806 855 2000 896 unum
2043 836 2424 899 determina-

886 947 986 1013 te;
1035 955 1218 999 nemo
1273 931 1609 1013 spondebit
1653 948 1765 1008 pro
1808 947 1933 989 uno
1981 928 2417 1004 determinate,

888 1033 1004 1094 nisi
1037 1026 1439 1092 adversarius
1467 1024 1729 1103 duplum
1757 1021 2009 1099 perdat,
2043 1022 2206 1083 sieut
2232 1021 2425 1082 habet

888 1125 1078 1203 duplo
1134 1119 1441 1200 majorem
1496 1134 1694 1195 spem.
1756 1115 1959 1188 Quare
2015 1132 2137 1174 non
2195 1113 2416 1191 probo,

888 1217 1057 1297 quod
1086 1218 1155 1276 P.
1181 1214 1379 1274 Diana
1406 1214 1491 1272 to,
1526 1210 1627 1270 Ill.
1653 1215 1732 1269 tr.
1767 1223 1851 1267 ιν.
1871 1206 2106 1267 miscell.
2126 1224 2249 1266 1-05.
2278 1209 2413 1268 185.

886 1310 1059 1386 dicit,
1092 1324 1306 1368 casum
1338 1304 1504 1363 huuc
1525 1301 1884 1379 frequenter
1907 1317 2090 1378 posse
2105 1298 2413 1374 accidere,

886 1419 1029 1464 cum
1062 1398 1268 1461 officia
1295 1401 1425 1456 tam
1444 1392 1769 1454 saecularia
1788 1408 1978 1470 quam
1999 1390 2421 1451 ecclesiastica

884 1511 1135 1572 semper
1164 1489 1438 1551 habeant
1482 1486 1691 1565 plures
1729 1487 2164 1564 praetensores.
2215 1485 2419 1561 Expe-

884 1585 1112 1648 rientia
1139 1582 1306 1644 enim
1344 1583 1589 1642 constat
1632 1575 2047 1648 contrarium,
2101 1575 2416 1635 neminem

884 1680 1045 1741 velle
1071 1682 1223 1739 tunc
1253 1673 1493 1753 aequale
1525 1689 1636 1749 pro
1668 1668 1891 1748 aequali
1923 1668 2233 1747 spondere
2253 1714 2272 1741 ,
2305 1668 2417 1728 sed

883 1776 982 1834 50.
1017 1790 1076 1832 v.
1110 1789 1172 1849 g.
1208 1769 1424 1828 contra
1457 1768 1591 1825 100.
1626 1761 2022 1824 Salmantica».
2063 1766 2273 1821 tamen
2305 1760 2417 1821 ali-

885 1863 1135 1945 quando
1150 1858 1645 1937 acciditpropter
1664 1854 1926 1913 nimium
1944 1854 2241 1914 affectum
2259 1853 2418 1914 ami-

884 1974 1124 2031 corum,
1158 1953 1263 2033 qui
1287 1949 1516 2028 singuli
1545 1947 1840 2008 volebant
1868 1963 2123 2006 causam
2154 1963 2418 2006 concur-

880 2051 1075 2112 rentis
1104 2046 1289 2107 amici
1316 2044 1410 2105 sui
1441 2058 1834 2120 promovere,
1860 2043 1921 2099 et
1939 2043 2009 2099 ut
2029 2039 2419 2099 deterrerent

884 2140 1299 2213 adversarioS,
1331 2152 1561 2214 eosque
1592 2135 2066 2193 consternarent
2089 2177 2104 2206 ,
2141 2135 2204 2191 et
2229 2149 2417 2209 coge-

881 2239 1022 2296 rent
1047 2234 1361 2294 fervorem
1388 2227 1731 2301 remittere,
1765 2224 2111 2286 offerebant
2138 2224 2417 2302 sponsio-

882 2347 995 2389 nes
1014 2345 1128 2406 pro
1157 2324 1459 2384 electione
1506 2320 1601 2381 sui
1643 2318 1851 2395 amici,
1901 2318 2079 2396 quasi
2120 2318 2417 2377 securita-

880 2425 1009 2484 tem
1031 2419 1362 2500 jactantes.
1390 2416 1520 2486 Quo
1552 2429 1701 2473 casu
1728 2410 1921 2489 aliqui
1947 2410 2314 2488 sponsiones
2331 2410 2415 2468 fe-

882 2516 1103 2577 cerunt
1156 2528 1300 2572 cum
1345 2505 1562 2568 amicis
1610 2502 2036 2582 singulorum,
2092 2502 2291 2562 securi
2334 2502 2412 2561 de

880 2608 1055 2670 lucro
1085 2609 1423 2681 utcumque
1469 2617 1568 2659 res
1616 2597 1884 2658 cederet.
1922 2597 2088 2667 Quos
2126 2594 2204 2654 ad
2234 2595 2414 2656 resti-

878 2701 1186 2763 tutionem
1216 2693 1519 2773 obligavit
1546 2690 1804 2771 quidam
1832 2689 1981 2750 satis
1998 2689 2218 2748 doctus
2240 2687 2413 2749 theo·

879 2793 1060 2871 10305
1088 2795 1156 2851 ut
1180 2788 1374 2848 refert
1401 2784 1630 2848 Sanch.
1688 2782 1837 2842 dict.
1888 2799 2026 2859 cap.
2061 2782 2222 2843 VIII.
2256 2780 2405 2841 dub.

878 2902 1008 2948 xv1.
1043 2882 1148 2963 qui
1190 2879 1524 2956 theologus
1565 2876 1826 2936 fortasse
1875 2873 1993 2934 fuit
2031 2876 2249 2934 Petrus
2293 2875 2411 2934 Le-

879 2979 1116 3041 desma.
1152 2974 1254 3056 qui
1291 2977 1512 3053 postea
1536 2969 1601 3029 id
1631 2968 1845 3029 docuit
1878 2967 1942 3027 in
1979 2985 2208 3026 summa
2252 2970 2404 3027 tom.

879 3073 956 3133 ΙΙ.
989 3073 1171 3132 tract.
1204 3081 1397 3127 xxxn.
1431 3081 1569 3141 cap.
1604 3078 1672 3122 11.
1701 3064 1842 3140 post
1883 3059 2213 3137 septimam
2260 3077 2411 3120 con-

879 3164 1246 3238 clusionem,
1278 3157 1561 3219 difficult.
1597 3159 1653 3216 2.
1690 3172 1878 3234 quem
1906 3157 2154 3214 secutus
2176 3156 2268 3213 est
2287 3153 2409 3213 Vil-

877 3257 1118 3319 lalobos
1146 3255 1209 3314 in
1240 3252 1508 3327 Summi,
1540 3254 1625 3311 to,
1660 3250 1733 3308 11.
1768 3250 1949 3322 tract,
1982 3263 2204 3307 xxvm.
2239 3246 2405 3306 diffi-

878 3351 1027 3412 cult.
1070 3365 1155 3410 vl.
1190 3366 1251 3407 0.
1286 3348 1343 3405 3.
1379 3347 1442 3404 et
1468 3359 1685 3402 eorum
1713 3339 2086 3401 sententiam
2116 3342 2186 3399 ut
2214 3338 2410 3399 verio-

877 3461 1013 3505 rem
1039 3438 1437 3519 amplectitur
1464 3434 1662 3495 Diana
1688 3434 1826 3494 loco
1867 3432 2076 3508 citato,
2096 3432 2244 3492 licet
2261 3450 2409 3492 con·

875 3536 1134 3599 trariam
1161 3532 1350 3593 etiam
1370 3526 1757 3607 probabilem
1786 3528 1981 3604 putet.
1999 3524 2179 3585 Ratio
2196 3528 2407 3585 autem

876 3633 993 3706 est,
1026 3627 1172 3707 quia
1202 3625 1267 3685 hi
1300 3640 1517 3685 omnes
1544 3622 1901 3680 contractus
1947 3617 2129 3677 simul
2176 3618 2406 3695 sumpti

873 3723 1105 3786 tollunt
1129 3717 1553 3799 aequalitatem
1568 3759 1585 3786 ,
1618 3712 1764 3773 licet
1788 3710 2016 3790 singuli
2044 3712 2305 3772 seorsim
2333 3711 2409 3771 li-

876 3817 984 3879 citi
1013 3815 1156 3876 sint.
1193 3814 1401 3885 Quare
1432 3807 1540 3887 qui
1569 3806 1655 3867 ita
1671 3803 2030 3885 spopondit,
2047 3804 2235 3865 debet
2254 3805 2407 3865 duo-

749 3886 773 3898 ,
871 3910 991 3972 bus
1017 3910 1262 3970 lucrum
1291 3902 1639 3976 restituere,
1670 3902 1733 3960 et
1750 3897 1982 3960 atertio
2004 3902 2216 3976 petere
2237 3897 2405 3977 quod

874 4000 990 4083 ipsi
1019 3998 1221 4061 solvit.

956 4090 1348 4156 Contrariam
1397 4084 1772 4148 sententiam
1818 4083 1923 4144 alii
1961 4083 2130 4144 docti
2158 4083 2276 4143 viri
2312 4088 2406 4145 te-

2047 293 2149 352 DE
2191 292 2544 354 JUSTITIA
2589 292 2690 352 m*
2729 293 2930 354 JURE

2523 470 2924 546 sponsionem
2953 473 3148 542 tuam,
3181 473 3246 530 et
3272 486 3389 547 per
3413 486 3801 550 consequens
3825 493 3928 534 nou
3949 477 3999 537 lit

2525 561 2644 622 illis
2674 563 2925 642 injuria.
2971 563 3149 635 Quod
3204 562 3374 622 idem
3433 569 3864 640 argumentum
3899 569 3998 630 fieti

2522 658 2727 732 potest
2754 655 2831 715 de
2860 656 2995 733 ipso
3022 656 3204 716 tertio
3239 669 3255 715 t
3288 655 3421 733 ipse
3451 656 3620 715 enim
3639 676 3852 735 parum
3867 669 4001 722 curat

2524 748 2690 826 quod
2721 751 2788 809 tu
2819 754 3001 810 antea
3030 767 3174 809 cum
3194 747 3333 808 aliis
3348 748 3999 831 duobus-spoponderis,

2522 859 2665 901 cum
2722 841 2841 901 1100
2897 842 3137 902 nullum
3179 842 3238 901 ei
3285 850 3736 904 nocumentum
3789 847 3999 921 afletan

2521 934 2687 993 unde
2717 934 2958 995 etiamsi
2987 935 3050 994 id
3079 934 3285 1010 sciret,
3320 953 3446 995 non
3475 935 3615 996 ideo
3643 937 3852 999 minus
3873 946 4003 1002 tum

2521 1028 2922 1104 sponsionem
2951 1033 3340 1107 acceptaret;
3376 1046 3524 1106 ergo
3573 1048 3698 1090 000
3743 1033 3867 1111 ipse
3886 1034 4005 1112 pati-

2519 1123 2620 1180 tur
2647 1120 2940 1198 injuriam
2969 1138 3082 1199 pro
3100 1139 3223 1199 qua
3244 1121 3324 1181 sit
3339 1121 3635 1199 obligatio
3659 1124 4001 1187 restituendi.

2521 1212 2697 1285 Quod
2729 1213 2896 1273 enim
2923 1213 3077 1272 mihi
3117 1214 3376 1292 prodest
3417 1219 3480 1275 et
3521 1216 3634 1276 tibi
3683 1235 3804 1278 000
3843 1225 4000 1295 uocet

2519 1323 2646 1365 non
2677 1310 2855 1383 potes
2883 1306 3338 1367 rationabiliter
3364 1306 3674 1386 impedire
3703 1358 3720 1386 ,
3769 1319 3870 1371 aut
3899 1312 4002 1373 ideo

2519 1416 2656 1458 esse
2700 1398 2950 1460 invituS.
2997 1399 3196 1478 Magis
3252 1405 3457 1461 aatem
3510 1402 3875 1464 incredibile
3917 1411 4001 1480 est,

2517 1491 2685 1570 quod
2714 1490 3085 1568 addebatur,
3120 1510 3344 1570 nempe
3371 1492 3605 1555 debere
3631 1500 3850 1574 petere
3873 1498 4004 1558 resti-

2515 1585 2820 1645 tutionem
2850 1603 2888 1644 a
2915 1585 3097 1646 tertio
3114 1585 3219 1665 qui
3251 1585 3331 1645 ab
3361 1586 3495 1664 ipso
3521 1587 3808 1649 lucratus
3827 1589 4000 1651 fuerat.

2517 1680 2649 1738 Hoc
2675 1681 2845 1738 certe
2873 1677 3104 1738 frustra
3149 1677 3490 1740 intentaret
3523 1700 3538 1740 :
3573 1681 3735 1759 quid
3763 1683 3944 1758 enim,
3967 1685 4004 1742 si

2516 1770 2619 1831 ille
2654 1771 2857 1831 fuerat
2904 1770 3143 1849 primus
3197 1788 3342 1831 cum
3397 1790 3524 1851 quo
3578 1775 4006 1853 spoponderat?

2515 1866 2656 1925 Jam
2686 1869 2855 1924 certe
2890 1863 2996 1943 jus
3032 1864 3413 1943 acquisierat
3453 1883 3531 1925 ex
3575 1873 3894 1928 contractu
3927 1870 4002 1949 qui

2517 1956 2820 2018 infirmari
2861 1975 2982 2018 non
3027 1961 3275 2035 poterat
3316 1958 3450 2017 sine
3495 1958 3636 2038 ejus
3696 1979 4002 2022 consensu:

2518 2068 2642 2111 non
2672 2068 2822 2128 ergo
2853 2053 3194 2128 potuerunt
3213 2051 3586 2129 sponsiones
3599 2054 4004 2133 subsequentes

2515 2141 2821 2221 impedire
2851 2160 2929 2202 ne
2957 2142 3091 2220 ipse
3120 2160 3196 2203 ex
3223 2147 3552 2205 contractu
3584 2165 3706 2207 suo
3730 2147 3859 2226 jam
3881 2149 4006 2209 facto

2514 2235 2742 2297 lucrari
2771 2238 3002 2312 posset.
3035 2234 3214 2307 Quod
3243 2234 3412 2297 idem
3440 2247 3883 2317 argumentum
3903 2240 4002 2300 fieri

2513 2332 2720 2406 potest
2745 2327 2824 2387 de
2852 2327 3165 2402 secundo,
3217 2345 3362 2388 cum
3392 2348 3518 2408 000
3565 2331 3765 2392 etiam
3806 2335 4003 2411 sponda

2512 2420 2721 2481 valida
2745 2419 2881 2497 fuit,
2914 2438 3058 2480 cum
3087 2420 3296 2481 adhuc
3323 2427 3593 2502 uterque
3638 2443 3714 2485 se
3757 2444 4006 2505 exposue-

2512 2514 2594 2574 rit
2622 2512 2897 2591 periculo
2929 2512 3163 2574 damni.
3197 2514 3295 2575 Ad
3323 2533 3645 2576 summum
3695 2537 3846 2598 ergo
3871 2520 4010 2579 resti-

2514 2606 2666 2667 tutio
2696 2605 3036 2665 deberetur
3065 2607 3252 2667 tertio
3277 2654 3292 2684 ,
3328 2626 3475 2669 cum
3503 2629 3631 2688 quo
3662 2629 3747 2671 ex
3774 2612 4010 2690 supp&

2509 2697 2679 2759 tione
2696 2697 2962 2777 duplicis
2980 2700 3335 2777 sponsionis
3355 2701 3804 2780 praecedentia,
3819 2704 4009 2783 absque

2510 2791 2634 2852 ullo
2665 2791 2941 2869 periculo
2970 2791 3182 2851 damni
3212 2794 3464 2871 sponsio
3485 2795 3654 2856 facta
3667 2797 3808 2871 fuit,
3831 2802 3887 2858 et
3901 2797 4007 2856 ideo

2510 2883 2644 2946 haec
2673 2884 2804 2944 sola
2835 2888 2898 2946 et
2925 2902 3050 2945 uon
3089 2886 3518 2963 praecedentes
3537 2935 3554 2965 ,
3590 2891 3908 2967 reprobari
3931 2889 4009 2949 de·

2508 2976 2663 3038 buit.
2698 2976 2959 3036 Difficile
2987 2980 3198 3038 tamen
3224 2980 3444 3040 tertius
3463 2981 4008 3058 persuadereturad

2509 3068 2968 3130 restituendum
3006 3070 3057 3130 si
3083 3071 3360 3132 lucratus
3387 3073 3648 3148 fuisset;
3701 3081 3768 3138 et
3801 3076 4006 3146 merim,

2509 3163 2659 3242 0010
2687 3162 2743 3222 01
2775 3180 3000 3224 nocere
3031 3181 3155 3224 nou
3185 3169 3480 3244 poterant
3497 3169 3872 3246 sponsiones
3890 3187 4012 3248 1110-

2509 3256 2842 3332 cedenteS,
2902 3261 2973 3318 ut
3013 3255 3247 3318 dictum
3295 3264 3408 3320 est.
3459 3261 3641 3322 Ratio
3674 3268 3882 3325 autem
3918 3270 4009 3335 a,

2509 3349 2659 3428 quia
2674 3348 2918 3428 justitia
2946 3354 3302 3412 contractus
3332 3356 3394 3412 et
3413 3352 3552 3430 ejus
3574 3358 3900 3434 aequalitas
3915 3373 4009 3415 non

2507 3442 2943 3502 consideratur
2995 3460 3070 3501 ex
3116 3443 3603 3506 circumstantiis
3657 3447 4007 3521 extrinsecis,

2507 3552 2579 3593 ex
2613 3534 2840 3613 quibus
2869 3534 3247 3596 contrahens
3275 3541 3446 3598 tutus
3487 3540 3570 3601 sit
3598 3559 3634 3599 a
3654 3541 3898 3620 jactura
3920 3589 3934 3617 ,
3960 3546 4010 3600 nl

2508 3627 2814 3705 contingit
2838 3627 3218 3707 frequenter,
3271 3635 3333 3691 et
3373 3632 3436 3691 in
3466 3632 3590 3693 hac
3616 3634 3756 3712 ipsa
3785 3635 4010 3695 materia

2508 3718 2872 3797 contingere
2899 3725 3130 3799 posset,
3166 3721 3214 3783 si
3247 3725 3587 3802 sponsione
3616 3745 3654 3785 a
3675 3731 3740 3787 te
3762 3729 4006 3788 1001020.

2506 3830 2842 3873 aureorum
2871 3831 3014 3874 cum
3043 3832 3195 3891 uno,
3225 3816 3383 3878 alius
3410 3835 3554 3879 eam
3583 3819 3701 3881 tibi
3731 3838 4008 3882 assecura-

2505 3908 2602 3966 ret
2627 3923 2740 3984 pro
2773 3908 2868 3967 10.
2901 3907 3155 3967 aureis:
3190 3911 3512 3988 supposito
3558 3913 3732 3973 enim
3781 3920 4010 3992 uimque

2507 4003 2852 4075 contractu,
2885 4017 3009 4060 non
3036 4018 3251 4079 posses
3297 4003 3604 4082 perdere,
3649 4008 3766 4067 sed
3815 4006 4006 4066 luetati

2506 4091 2698 4152 debes
2728 4095 2824 4154 10.
2859 4110 3064 4171 00000
3094 4093 3236 4155 ideo
3266 4097 3520 4173 sponsio
3564 4100 3920 4177 praecedens
3957 4099 4011 4158 il-

651 4131 728 4192 87
875 4188 1168 4261 nuerunt,
1201 4199 1357 4263 quos
1385 4178 1574 4241 tacito
1604 4177 1854 4238 nomine
1884 4177 2076 4238 refert
2104 4181 2168 4237 et
2194 4177 2406 4256 sequi·
2503 4184 2675 4246 licita
2726 4185 3043 4259 redditur,
3106 4188 3275 4266 quod
3333 4189 3590 4251 aliunde
3644 4209 3724 4251 ex
3767 4192 4008 4253 secundo

532 4258 827 4353 333ssss-
872 4285 975 4344 ssur
1004 4276 1233 4341 Sassssh·
1263 4275 1366 4335 illo
1389 4273 1539 4333 dub·
1570 4288 1698 4333 XVI·
1721 4270 1868 4350 (1⁰5³
1884 4274 2240 4331 contractus
2261 4288 2405 4330 cum
2504 4282 2830 4339 contractu
2858 4295 2984 4338 000
3033 4278 3271 4341 babeas
3308 4281 3660 4360 periculum
3709 4284 4005 4363 perdendi.

577 4377 650 4420 ¹³⁰
605 4366 770 4407 ⁰¹¹⁸¹¹¹¹'
873 4372 1134 4452 singulis
1154 4371 1360 4449 justus
1388 4366 1524 4441 fuit,
1546 4369 1609 4426 et
1627 4364 1943 4442 expositus
1959 4363 2131 4423 lucro
2154 4362 2404 4423 etdam-
2505 4369 2608 4431 Sic
2654 4387 2805 4448 ergo
2851 4371 3158 4451 contingit
3200 4373 3264 4433 iu
3311 4391 3463 4435 0050
3506 4380 3771 4438 nostro:
3802 4378 3864 4437 in
3906 4395 4008 4456 quo

873 4485 954 4528 00
989 4485 1002 4526 :
1038 4480 1189 4542 ergo
1218 4478 1332 4540 per
1359 4456 1913 4519 concomitantiam
1973 4473 2116 4516 cum
2154 4460 2406 4517 contra-

871 4564 972 4621 ctu
1003 4557 1154 4618 inito
1184 4571 1328 4615 cum
1356 4550 1478 4612 alio
1509 4568 1635 4611 non
1663 4551 1733 4610 fit
1760 4549 2048 4628 injustus,
2076 4551 2225 4620 Quae
2242 4548 2400 4610 ratio

868 4651 1022 4713 mihi
1069 4649 1307 4728 optima
1345 4644 1596 4706 videtur
1627 4663 1640 4704 :
1674 4644 1819 4723 quia
1850 4661 1973 4703 non
2019 4646 2226 4721 potest
2266 4659 2400 4702 esse

871 4742 1210 4825 injustitia,
1262 4738 1371 4800 ubi
1421 4755 1545 4797 non
1592 4737 1857 4796 infertur
1884 4735 2186 4795 damnum
2214 4735 2397 4796 alicui

868 4838 1064 4901 invito
1088 4837 1308 4897 contra
1329 4832 1454 4912 juS.
1489 4832 1638 4891 Peto
1687 4848 1835 4908 ergo
1881 4833 2217 4908 postquam
2255 4848 2401 4908 spo-

868 4928 1143 5012 pondisti
1170 4944 1315 4988 cum
1343 4923 1589 4984 duobus
1615 4922 1782 4983 licite
1819 4925 1881 4982 et
1913 4922 2116 5002 juste,
2170 4923 2270 4983 cui
2311 4923 2401 4982 in-

868 5026 995 5086 fers
1018 5020 1315 5103 injuriam
1342 5015 1710 5096 spondendo
1753 5034 1897 5076 cum
1944 5015 2175 5076 tertio?
2217 5018 2397 5077 Certe

2502 4462 2724 4523 tertius
2751 4481 3018 4541 sponsor
3045 4483 3337 4526 securum
3382 4471 3445 4528 te
3485 4469 3698 4531 reddit
3725 4489 3762 4530 a
3788 4472 4010 4550 jactura

2503 4574 2647 4617 cum
2676 4554 2921 4617 duobus
2950 4557 3294 4636 prioribus,
3341 4564 3405 4622 et
3430 4561 3557 4622 duo
3586 4562 3826 4641 priores
3851 4570 3910 4624 te
3933 4582 4007 4621 se·

2501 4666 2720 4709 curum
2749 4649 3022 4710 reddunt
3048 4668 3087 4710 a
3099 4649 3349 4729 jactura
3377 4672 3522 4713 eum
3543 4656 3751 4731 tertio,
3773 4675 3908 4735 0οω
3933 4675 4010 4715 se·

2501 4742 2733 4802 curitas
2762 4743 3069 4803 conflatur
3096 4762 3169 4803 ex
3200 4744 3488 4822 pluribus
3503 4750 3941 4825 contractibus,
3958 4753 4006 4807 et

2501 4852 2625 4895 non
2654 4840 2840 4895 nocet
2859 4834 3117 4914 justitia}
3146 4838 3562 4917 singulorum.

2579 4926 2778 5006 Magis
2807 4933 3017 5032 posset
3044 4928 3312 4991 dubitari
3355 4932 3434 4992 de
3475 4933 3722 5012 justitia
3756 4936 4006 5014 singula·

2497 5037 2639 5080 rum
2670 5038 2860 5098 spons
2865 5021 3076 5081 ionum
3106 5022 3296 5083 etiam
3325 5028 3590 5087 seorsim
3641 5029 3703 5088 in
3750 5047 3820 5089 eo
3847 5047 4003 5090 casu.
4040 5072 4108 5107 Β,

870 5117 1116 5180 duobus
1161 5112 1380 5192 primis
1421 5128 1544 5171 non
1592 5110 1781 5169 infers
1815 5128 1829 5169 ε
1863 5108 1982 5187 ipsi
2028 5108 2198 5169 enim
2244 5109 2398 5169 nihil

868 5208 1084 5273 damni
1133 5206 1456 5286 patiuntur
1510 5222 1583 5263 ex
1636 5201 1820 5263 tertia
1861 5202 2217 5280 sponsione,
2270 5203 2396 5264 imo

866 5307 1119 5385 gratum
1165 5299 1287 5361 illis
1326 5298 1445 5359 erit
1488 5295 1655 5376 quod
1696 5295 1847 5373 ipsis
1872 5295 2296 5372 lucrantibus,
2326 5299 2393 5357 tu

868 5395 1120 5459 aliunde
1145 5391 1404 5455 lucreris
1428 5436 1444 5466 ,
1492 5395 1562 5451 ut
1597 5388 1859 5467 aequiori
1888 5388 2096 5447 animo
2126 5387 2275 5465 ipsis
2304 5407 2399 5449 sa-

868 5487 1142 5554 tisfacias
1176 5506 1190 5547 ε
1224 5502 1347 5547 000
1387 5501 1538 5561 ergo
1567 5485 1713 5544 sunt
1746 5482 1923 5542 inviti
1952 5481 2119 5542 circa
2146 5482 2395 5543 tertiam

2499 5131 2574 5171 ex
2605 5129 2728 5190 quo
2760 5113 2927 5191 quod
2955 5114 3273 5191 spondens
3314 5122 3534 5179 contra
3583 5140 3771 5181 unum
3808 5140 3880 5181 ex
3907 5121 4007 5181 tri-
4057 5128 4108 5163 ⁵²⁸

2498 5205 2616 5265 bus
2646 5205 3022 5283 aequalibus,
3057 5226 3180 5268 non
3228 5209 3490 5272 deberet
3529 5219 3778 5274 centum
3808 5218 4006 5273 contra
4059 5238 4098 5277 r*

2497 5302 2747 5359 centum
2778 5300 3108 5378 spondere,
3169 5306 3239 5363 ut
3283 5305 3611 5382 aequalitas
3654 5314 4000 5375 servaretur,

2497 5392 2612 5452 sed
2637 5396 2890 5451 centum
2917 5398 3134 5455 contra
3167 5396 3627 5475 quinquaginta
3666 5418 3802 5461 cnm
3828 5398 4000 5477 duplo

2496 5483 2703 5562 majus
2730 5485 3076 5562 perieulum
3101 5487 3323 5549 subeat
3342 5489 3740 5553 adversarius
3751 5494 3898 5552 duos
3914 5510 4000 5549 ex·
