4263 6376
1255 300 1722 363 DISPUTATIO
1767 300 1958 376 XXX,
2004 301 2279 362 SEC‘rlo
2323 302 2397 362 V.

255 473 456 534 eunias
483 471 704 533 habuit
729 472 1146 550 ignorantiam
1166 492 1464 551 crassam,
1497 475 1596 535 vel
1617 475 1765 554 quia

254 569 421 626 notus
448 569 580 625 erat
597 566 773 626 valor
787 565 996 641 officii,
1029 567 1127 626 vel
1149 566 1296 645 quia
1318 586 1534 627 omnes
1562 568 1767 628 sciunt

254 657 536 736 praedic-ta
590 657 795 717 officia
850 658 1049 717 solere
1106 677 1241 718 esse
1297 659 1576 737 obligata
1628 658 1766 718 aliis

253 748 449 809 multis
475 748 913 824 societatibus,
973 748 1246 811 debebat
1290 751 1367 809 de
1414 750 1531 811 hoc
1560 751 1766 829 inqui-

253 859 409 916 rere,
442 843 501 900 et
529 858 652 900 non
684 845 917 901 temere
946 843 1317 902 contrahere
1353 862 1365 902 ε
1419 862 1612 922 quare
1641 860 1765 902 non

253 931 482 992 videtur
507 932 674 991 bona
701 932 824 992 fide
855 934 1258 995 contraxisse.
1311 934 1569 1006 Quando
1618 953 1765 995 vero

252 1023 403 1083 bona
429 1023 552 1083 fide
581 1024 880 1101 pecunias
901 1024 1097 1100 dedit,
1131 1026 1276 1104 quia
1298 1026 1574 1089 officium
1602 1045 1765 1087 com·

253 1113 506 1175 munitet
531 1115 689 1175 tanti
719 1116 928 1176 valere
958 1117 1330 1195 putabatur,
1377 1119 1477 1178 vel
1506 1118 1767 1178 interro-

251 1208 411 1285 gavit
437 1207 790 1283 officialem,
825 1208 929 1286 qui
959 1210 1284 1287 respondit
1312 1229 1436 1270 non
1470 1228 1604 1269 esse
1630 1228 1768 1287 gra-

253 1304 450 1360 vatum
479 1298 755 1360 officium
783 1300 921 1359 aliis
950 1301 1374 1377 societatibus,
1407 1302 1508 1361 vel
1537 1302 1660 1361 alia
1690 1300 1768 1359 de

252 1409 457 1462 causa;
490 1391 909 1452 communiter
923 1392 1044 1452 dici
1067 1393 1244 1469 solet,
1279 1393 1447 1472 quod
1478 1393 1769 1471 ignoran-

251 1482 331 1544 tia
355 1482 429 1542 de
475 1483 614 1543 aliis
658 1483 1063 1544 societatibus
1109 1489 1434 1546 contracta
1461 1487 1772 1562 suffrage-

253 1580 344 1637 tur
371 1574 539 1634 danti
568 1574 893 1653 pecuniaS.
940 1575 1118 1647 Quod
1158 1576 1366 1654 colligi
1405 1577 1656 1637 videtur
1696 1594 1770 1635 ex

253 1666 406 1728 dicta
431 1667 609 1725 Bulla
639 1666 729 1728 Pii
759 1668 862 1727 lv.
897 1668 1005 1727 ubi
1035 1667 1283 1743 dicitur,
1316 1668 1650 1729 officialem
1676 1669 1773 1727 in-

254 1763 626 1835 terrogatum
684 1758 915 1819 debere
967 1759 1370 1820 manifestare
1439 1761 1772 1821 societates

252 1855 422 1910 antea
472 1854 863 1926 contractaS,
923 1869 1079 1929 quas
1120 1851 1169 1910 si
1219 1851 1374 1912 falso
1423 1852 1767 1931 negaverit,

252 1942 492 2018 punitur
545 1961 737 2020 poena
792 1942 1163 2020 privationis
1219 1942 1501 2021 ejusdem
1558 1943 1767 2004 officii.

251 2032 429 2094 Addit
454 2040 669 2094 autem
703 2034 1004 2094 Pontifex.
1050 2056 1077 2090 α
1107 2035 1184 2094 Et
1212 2033 1616 2094 nihilominus
1643 2039 1772 2095 tam

251 2126 357 2203 ipsi
408 2125 708 2186 officiales
732 2171 747 2201 ,
810 2144 997 2204 quam
1054 2126 1455 2205 fidejussores
1505 2127 1775 2205 desuper

253 2217 495 2294 praestiti
525 2218 605 2277 ad
638 2218 1127 2279 satisfactionem
1157 2218 1546 2295 societatum,
1582 2222 1645 2279 et
1670 2219 1775 2279 de-

251 2308 507 2369 bitorum
536 2310 811 2388 desuper
831 2315 1297 2371 contractorum
1326 2314 1678 2387 teneantur,
1713 2316 1775 2371 et

252 2400 496 2478 obligati
526 2401 817 2462 existant.
851 2423 879 2458 »
919 2404 1049 2480 Ego
1077 2401 1141 2461 in
1170 2402 1268 2462 his
1298 2402 1588 2462 omnibus
1618 2404 1775 2463 casi-

251 2492 357 2552 bus
382 2493 748 2555 societatem
779 2494 839 2552 in
871 2493 930 2554 vi
962 2494 1276 2554 societatis
1296 2500 1444 2573 puto
1477 2513 1599 2555 non
1636 2495 1777 2555 sub-

251 2584 453 2645 sistere
489 2606 502 2645 :
538 2585 897 2646 differentia
926 2586 1129 2645 solum
1160 2590 1286 2661 est,
1324 2587 1491 2665 quod
1523 2587 1772 2666 quando

251 2676 473 2755 absque
501 2676 691 2754 culpa
720 2677 925 2738 dantis
955 2678 1287 2755 pecuniam
1315 2679 1581 2739 societas
1610 2680 1774 2740 sacta

256 2771 345 2828 est
371 2770 531 2829 ultra
564 2769 870 2844 valorem,
906 2770 1187 2830 officialis
1219 2775 1465 2831 tenetur
1492 2772 1667 2849 quasi
1697 2772 1775 2831 de

253 2860 547 2921 evictione
573 2907 588 2936 ,
646 2866 709 2921 et
751 2861 891 2921 ideo
928 2865 1174 2922 tenetur
1228 2862 1306 2921 ad
1344 2867 1575 2923 sortem
1605 2864 1775 2924 etad

249 2952 574 3029 interesse,
636 2971 863 3030 nempe
912 2959 1215 3032 quantum
1262 2954 1562 3017 intererat
1606 2957 1775 3017 socio

253 3048 634 3106 contractum
663 3044 854 3104 fuisse
884 3045 1192 3120 validum,
1219 3045 1398 3124 juxta
1429 3047 1776 3108 doctrinam

255 3137 538 3198 traditam
569 3156 765 3217 supra
786 3137 947 3217 disp.
970 3154 1144 3199 xxvl.
1178 3136 1248 3198 de
1274 3139 1558 3220 emptione
1583 3149 1635 3200 et
1652 3159 1782 3201 ven-

252 3228 352 3291 dit.
383 3234 532 3292 sect.
572 3233 671 3292 10.
706 3234 770 3290 et
816 3231 975 3307 disp.
1008 3246 1205 3292 xxvn.
1240 3229 1311 3291 de
1339 3231 1595 3291 censibus
1622 3239 1774 3295 sect.

252 3326 305 3383 4.
337 3342 528 3401 quare
557 3323 787 3383 merito
820 3324 1102 3383 Pontifex
1132 3323 1325 3399 dixit,
1370 3342 1494 3384 non
1525 3325 1779 3403 quidem

254 3415 608 3477 societatem
640 3415 849 3474 valere
871 3460 886 3490 ,
939 3415 1047 3474 sed
1079 3415 1414 3476 officialem
1444 3422 1779 3494 negantem

252 3507 573 3567 societates
625 3512 812 3567 antea
839 3507 1068 3582 factaS,
1116 3512 1178 3568 et
1218 3507 1352 3585 ejus
1379 3508 1779 3586 fidejussores

253 3599 436 3659 teneri
468 3598 545 3658 ad
577 3598 1072 3659 satisfactionem
1101 3600 1492 3676 societatum,
1529 3604 1590 3661 et
1609 3601 1780 3661 debi-

255 3694 448 3751 torum
478 3691 756 3768 desuper
781 3695 1269 3751 contractorum.

327 3783 577 3844 Decimo
609 3783 887 3843 dubitari
919 3787 1145 3860 potest,
1181 3801 1259 3842 an
1290 3783 1353 3843 in
1372 3785 1645 3845 taxando
1676 3803 1780 3846 va-

254 3874 375 3936 lore
402 3876 591 3936 officii
623 3875 917 3935 habenda
946 3876 1026 3936 sit
1054 3875 1254 3934 solum
1284 3877 1444 3936 ratio
1466 3877 1780 3939 fructuum

172 3975 197 4050 ’μ
256 3985 401 4045 quos
427 3968 673 4043 reddit,
710 3985 788 4027 an
832 3968 1021 4027 etiam
1050 3967 1307 4027 honoris
1346 3974 1408 4029 ct
1436 3969 1776 4046 dignitatis,

173 4091 192 4100 -
257 4076 324 4118 ac
365 4059 855 4138 praeeminentiae
906 4077 1097 4138 quam
1144 4060 1392 4120 officiali
1440 4064 1640 4123 affert.
1693 4065 1780 4123 De

171 4133 213 4214 ιε’
256 4151 365 4212 hoc
392 4159 868 4214 controversum
897 4152 1033 4227 fuit,
1068 4155 1132 4211 et
1142 4150 1428 4230 judicum
1461 4172 1659 4230 menS,
1715 4159 1782 4215 ut

255 4244 364 4321 ipsi
408 4245 622 4307 testati
662 4244 818 4304 mihi
865 4249 1048 4319 sunt,
1106 4244 1365 4306 inclinat
1412 4250 1481 4306 ut
1524 4245 1780 4307 honoris

256 4337 432 4398 etiam
510 4343 574 4399 et
656 4337 1107 4415 praeminentiae
1177 4337 1334 4397 ratio
1406 4337 1775 4412 haberetur;

256 4447 437 4506 qnare
456 4477 472 4506 ‚
515 4430 667 4490 licet
693 4429 969 4490 osticium
998 4447 1124 4488 non
1152 4429 1379 4489 reddat
1404 4430 1468 4490 in
1499 4432 1779 4508 pecuniis

258 4520 362 4579 nisi
391 4522 674 4600 quinque
703 4540 818 4599 pro
850 4524 1102 4581 centum
1128 4567 1143 4596 ‚
1194 4521 1391 4599 pluris
1418 4522 1575 4583 solet
1609 4525 1776 4584 aesti-

257 4613 403 4673 mari
452 4614 515 4674 in
546 4613 769 4674 ordine
797 4613 878 4674 ad
908 4613 1239 4675 societates
1263 4660 1280 4690 ,
1333 4632 1407 4675 eo
1437 4615 1608 4693 quod
1638 4617 1775 4678 offi-

256 4705 417 4764 cialis
442 4706 723 4766 lucretur
752 4707 939 4766 etiam
968 4706 1328 4767 facultatem
1358 4707 1595 4785 utendi,
1629 4728 1688 4769 v.
1711 4728 1773 4787 g.

258 4798 526 4874 rocheto,
560 4798 960 4876 praecedendi
997 4798 1172 4875 alios,
1206 4803 1325 4862 etc.
1359 4799 1538 4860 Ratio
1569 4805 1780 4861 autem

259 4906 382 4948 esse
410 4894 657 4968 potest,
718 4891 865 4969 quia
911 4890 1045 4950 haec
1093 4891 1302 4951 omnia
1348 4897 1494 4953 sunt
1543 4894 1782 4953 emolu-

258 4989 456 5043 menta
484 4982 675 5043 officii
706 4982 906 5062 pretio
932 4983 1343 5058 aestimabilia,
1380 5002 1519 5063 quae
1550 4985 1780 5046 officia·

257 5072 325 5133 lis
352 5075 659 5147 lucratur;
695 5092 889 5153 quare
904 5074 1039 5154 jam
1067 5076 1349 5135 officialis
1379 5095 1453 5135 cx
1483 5077 1779 5139 societate

255 5165 523 5228 lucratur
548 5167 685 5228 haec
715 5168 949 5244 omnia,
983 5173 1046 5229 et
1070 5187 1182 5248 per
1201 5186 1589 5247 consequens
1610 5188 1783 5230 com-

258 5264 467 5334 putare
509 5260 699 5320 debet
734 5279 848 5338 pro
887 5260 1059 5321 lucro
1093 5265 1335 5322 tantum
1358 5307 1373 5334 ‚
1435 5261 1650 5339 quanti
1682 5261 1778 5322 11ae

260 5349 394 5411 solae
423 5352 857 5431 praerogativae
900 5351 1160 5430 singulis
1188 5352 1366 5412 annis
1398 5357 1778 5430 emerentur,

3277 299 3390 359 491

1867 475 2105 536 secluso
2136 475 2307 536 omni
2326 473 2448 535 alio
2463 474 2660 549 lucro,
2693 474 2745 535 si
2763 473 2886 534 emi
2906 474 3197 552 possent;
3231 471 3399 551 quod

1865 568 2021 628 mihi
2049 569 2199 629 satis
2228 585 2478 646 aequum
2508 567 2780 628 videtur.

1947 660 2288 720 Undecimo
2320 659 2642 718 dubitatur
2662 704 2677 733 ‚
2708 676 2788 718 an
2820 676 2853 718 e
2883 659 3141 732 contra,
3187 656 3240 716 si
3268 654 3398 715 offi-

1865 751 2039 812 cialis
2078 752 2298 812 subeat
2340 751 2545 828 potius
2586 750 2870 810 laborem
2912 748 3135 825 officii,
3182 751 3246 807 et
3274 764 3400 808 non

1867 843 1988 903 alia
2008 845 2452 918 emolumenta,
2487 842 2683 921 possit
2701 842 2838 903 fieri
2861 841 3148 915 societas,
3181 840 3244 899 in
3275 858 3401 918 qua

1868 936 2041 997 danti
2093 936 2391 1015 pecunias
2446 935 2726 995 solvatur
2779 934 2998 1012 pensio
3055 932 3398 1011 adaequans

1867 1045 2083 1087 omnes
2109 1027 2349 1088 fructus
2377 1026 2608 1085 officii?
2640 1028 2824 1102 Resp.
2860 1043 3003 1102 neg.
3039 1029 3226 1102 prout
3256 1042 3400 1102 sup·

1865 1138 2098 1197 ponere
2127 1119 2377 1180 videtur
2406 1120 2563 1179 Rota
2592 1118 2653 1176 in
2676 1117 2948 1195 quadam
2972 1118 3254 1177 Romana
3280 1115 3408 1175 fru-

1868 1215 2078 1272 ctuum
2109 1211 2326 1271 societ.
2371 1212 2469 1270 20.
2505 1210 2725 1271 Octob.
2761 1212 2936 1270 1595.
2972 1226 3183 1268 coram
3209 1208 3402 1268 Blan-

1868 1303 2075 1364 chetto
2100 1349 2116 1378 ‚
2164 1307 2228 1363 et
2254 1302 2480 1380 probat
2506 1301 2806 1362 Zacchias
2838 1318 3010 1363 num.
3045 1302 3181 1360 105.
3216 1299 3398 1360 Ratio

1866 1399 2076 1455 autem
2105 1394 2355 1455 videtur
2381 1394 2579 1466 clara;
2629 1393 2776 1472 quia
2826 1392 2904 1452 de
2933 1390 3177 1452 ratione
3207 1390 3405 1451 socie-

1868 1487 2011 1549 tatis
2040 1491 2135 1547 est
2162 1532 2177 1561 ,
2238 1486 2404 1564 quod
2436 1491 2697 1563 uterque
2729 1484 2937 1544 socius
2967 1483 3298 1561 participet
3326 1482 3404 1542 de

1867 1579 2041 1639 lucro
2067 1626 2083 1655 ‚
2142 1578 2304 1639 sicut
2349 1577 2684 1655 participat
2722 1577 2789 1636 in
2821 1593 3033 1635 onere.
3097 1575 3162 1636 Si
3193 1580 3403 1634 autem

1870 1689 2089 1731 omnes
2138 1670 2376 1730 fructus
2406 1669 2705 1728 darentur
2733 1667 2901 1727 socio
2926 1712 2942 1743 ,
3003 1671 3066 1727 et
3104 1665 3258 1726 nihil
3284 1664 3402 1743 ipsi

1876 1761 2148 1837 officiali,
2182 1760 2384 1839 magis
2412 1764 2577 1821 esset
2604 1760 2836 1837 emptio
2865 1759 3181 1819 fructuum
3213 1775 3404 1836 quam

1868 1854 2163 1914 societas:
2197 1870 2341 1913 cum
2369 1851 2649 1912 officialis
2681 1868 3002 1930 apponens
3031 1849 3313 1909 laborem
3343 1853 3406 1912 et

1868 1945 2262 2020 industriam,
2297 1944 2531 2004 nullam
2554 1942 2816 2003 haberet
2832 1946 3078 2021 partem
3102 1941 3164 2000 in
3195 1940 3405 2001 fructi-

1869 2038 1987 2098 bus
2032 2058 2044 2097 :
2098 2055 2292 2116 quare
2338 2041 2485 2096 tunc
2538 2036 2897 2096 censebitur
2950 2034 3216 2094 societas
3269 2033 3399 2109 illa,

1870 2130 2215 2190 formaliter
2244 2128 2559 2208 loquendo
2581 2173 2596 2203 ‚
2648 2144 2840 2206 supra
2867 2126 3144 2186 valorem
3174 2125 3400 2198 offlcii;

1871 2222 2020 2302 quia
2049 2221 2324 2283 officium
2369 2221 2516 2280 licet
2559 2218 2965 2280 materialiter
3010 2222 3212 2279 totum
3251 2217 3405 2277 illud

1871 2314 2203 2375 fructificet
2231 2312 2395 2391 quod
2429 2312 2785 2388 assignatur
2811 2310 3004 2385 socio,
3039 2328 3164 2369 non
3195 2312 3404 2369 tamen

1870 2408 1958 2467 ita
1987 2406 2139 2466 illud
2162 2405 2516 2479 fructificat,
2551 2407 2619 2464 ut
2638 2402 2833 2481 possit
2859 2404 3216 2481 competere
3235 2399 3404 2461 socio

1870 2504 1940 2561 ut
1967 2498 2167 2570 socio;
2202 2497 2282 2555 ad
2312 2495 2434 2556 hoc
2464 2496 2631 2555 enim
2658 2495 2998 2572 requiritur
3028 2492 3192 2572 quod
3225 2491 3409 2553 alteri

1871 2591 2038 2652 socio
2064 2635 2079 2666 ‚
2133 2606 2358 2666 nempe
2406 2587 2658 2649 officiali
2705 2589 3028 2646 remaneat
3071 2585 3257 2645 etiam
3295 2602 3409 2644 sua

1872 2701 2016 2761 pars
2034 2681 2350 2742 fructuum
2372 2679 2843 2758 proportionata
2863 2676 3064 2737 labori
3087 2694 3274 2755 quem
3298 2676 3407 2735 ad-

1875 2774 2066 2835 hibet.
2104 2773 2281 2845 Quod
2309 2772 2505 2832 multo
2535 2770 2739 2849 magis
2767 2787 2985 2830 verum
3014 2770 3151 2845 erit,
3185 2769 3237 2828 si
3266 2768 3406 2829 offi-

1873 2867 2048 2927 cialis
2097 2868 2432 2926 concurrat
2477 2864 2667 2923 etiam
2714 2862 2791 2921 ad
2841 2862 3116 2939 aliquam
3164 2864 3409 2938 partem

1874 2958 2080 3037 pretii,
2116 2975 2234 3017 nec
2260 2956 2362 3016 ille
2385 2955 2542 3016 alius
2562 2954 2816 3016 solverit
2835 2958 3038 3014 totum
3057 2952 3248 3013 officii
3273 2970 3409 3031 pre-

1874 3051 2051 3111 tium.

1954 3142 2166 3204 Tertia
2194 3140 2467 3202 conditio
2490 3138 2678 3220 hujus
2707 3137 3021 3202 societatis
3042 3137 3204 3217 exigi
3223 3134 3402 3213 solet,

1875 3241 1945 3296 ut
1972 3236 2237 3296 societas
2279 3237 2389 3294 fiat
2430 3233 2634 3294 solum
2680 3232 2888 3292 dando
2938 3230 3270 3310 pecuniam
3298 3248 3408 3289 nu-

1876 3331 2182 3387 meratam
2209 3347 2223 3398 3
2275 3331 2462 3406 prout
2508 3325 2770 3403 exprimi
2800 3324 3053 3385 videtur
3086 3322 3148 3382 in
3178 3323 3409 3384 instru-

1876 3423 2124 3495 ment0,
2167 3437 2361 3497 supra
2412 3418 2632 3478 relat0.
2693 3419 2896 3489 Quare
2936 3415 3127 3494 aliqui
3158 3414 3394 3490 dicunt,

1878 3512 2040 3572 hanc
2096 3530 2230 3571 esse
2287 3510 2709 3571 conditionem
2766 3509 3211 3579 necessariam,
3295 3523 3411 3566 nec

1878 3622 2057 3683 posse
2089 3604 2207 3663 nisi
2239 3603 2506 3683 pecunia
2535 3602 2829 3680 praesenti
2855 3600 2990 3660 fieri
3010 3645 3026 3676 ‚
3061 3617 3217 3677 quos
3247 3598 3408 3657 refe-

1878 3700 2025 3757 runt
2053 3695 2290 3755 Filliuc.
2328 3713 2498 3754 num.
2537 3696 2671 3754 117.
2708 3696 2772 3753 et
2797 3691 3097 3752 Zacchias
3129 3710 3233 3750 nu.
3268 3692 3404 3750 168.

1879 3788 2108 3867 quibus
2141 3787 2384 3847 accedit
2409 3789 2593 3849 Azor.
2626 3804 2681 3845 c.
2704 3801 2765 3844 x.
2802 3803 2907 3863 qu.
2933 3800 2977 3843 1.
3012 3782 3134 3844 Alii
3166 3781 3406 3858 dicunt,

1878 3898 2002 3940 non
2042 3897 2224 3958 posse
2255 3879 2415 3939 hanc
2454 3877 2818 3938 societatem
2858 3874 2994 3934 fieri
3037 3872 3247 3933 dando
3276 3890 3411 3932 rem

1881 3972 2067 4031 aliam
2098 3972 2233 4030 loco
2263 3970 2577 4048 pecuniae,
2625 3972 2695 4028 ut
2722 3984 3072 4046 gemmam,
3104 3965 3408 4040 triticum,

1881 4067 1998 4124 etc.
2047 4065 2140 4124 lta
2170 4063 2364 4141 aliqui
2394 4081 2470 4122 ex
2491 4061 2732 4140 juristis
2759 4106 2775 4136 ,
2826 4078 2983 4138 quos
3010 4058 3196 4119 affert
3223 4061 3285 4119 et
3314 4076 3414 4118 se-

1885 4156 2100 4236 quitur
2126 4155 2431 4216 Zacchias
2470 4172 2643 4214 num.
2681 4156 2818 4214 165.
2869 4155 3172 4214 Neutrum
3199 4155 3412 4212 tamen

1880 4250 1959 4309 ad
2015 4249 2293 4308 valorem
2363 4246 2704 4325 requiritur
2772 4262 2974 4323 neque
3050 4262 3125 4304 ex
3199 4243 3408 4319 bullis,

1880 4360 2082 4420 neque
2133 4340 2326 4402 etiam
2373 4357 2445 4399 ex
2476 4338 2617 4417 jure
2661 4340 2938 4408 naturae;
2991 4354 3187 4414 quare
3219 4353 3409 4413 pecu-

1879 4433 2049 4493 niam
2110 4436 2504 4492 numeratam
2559 4434 2935 4508 praesentem
2992 4446 3118 4488 non
3178 4425 3412 4505 requiri

1881 4526 2155 4586 fatentur
2183 4524 2310 4599 alii,
2345 4542 2501 4601 quos
2533 4523 2810 4583 referunt
2840 4526 2903 4583 ct
2929 4523 3277 4598 sequuntur
3296 4521 3342 4578 F
3345 4519 3413 4578 il-

1880 4618 2025 4678 liuc.
2074 4635 2247 4678 num.
2287 4618 2418 4676 118.
2479 4619 2542 4675 et
2566 4614 2868 4674 Zacchias
2909 4630 3080 4672 num.
3118 4614 3255 4674 174.
3305 4611 3414 4690 qui

1880 4709 2031 4768 dicit
2059 4707 2226 4767 hunc
2258 4725 2393 4766 esse
2423 4707 2613 4766 curiae
2643 4706 2877 4783 stylum
2897 4751 2912 4781 ‚
2961 4704 3131 4763 unde
3159 4703 3230 4764 fit
3257 4720 3410 4763 con-

1878 4801 2043 4862 trahi
2080 4818 2258 4878 posse
2290 4799 2453 4859 hanc
2481 4798 2846 4859 societatem
2875 4795 3299 4874 computando
3329 4794 3411 4854 ad

1879 4893 1999 4953 hoc
2026 4896 2166 4953 200.
2203 4910 2444 4963 aureoS,
2480 4909 2636 4969 quos
2667 4889 2944 4951 officialis
2965 4888 3194 4949 debeat
3213 4888 3413 4948 aliun-

1879 4986 1957 5045 de
1987 4984 2178 5045 soci0.
2238 4984 2361 5044 Alii
2417 4983 2694 5059 addunt,
2754 4981 3043 5042 sufficere
3086 4980 3139 5039 si
3186 4979 3414 5040 dentur

1879 5095 2120 5138 merces
2144 5123 2160 5153 ,
2222 5075 2318 5135 vel
2368 5075 2691 5154 quidpiam
2721 5073 2891 5133 aliud
2934 5072 3073 5133 loco
3101 5072 3407 5150 pecuniae,

1882 5189 2037 5250 quos
2082 5169 2274 5228 refert
2302 5167 2601 5228 Zacchias
2643 5184 2816 5227 num.
2852 5168 2988 5226 166.
3041 5170 3104 5224 et
3130 5163 3414 5242 sequitur

1882 5262 2123 5323 Filliuc.
2160 5279 2331 5321 num.
2368 5263 2503 5321 119.
2539 5263 2601 5320 et
2627 5260 2811 5334 Azor,
2847 5258 2955 5318 ubi
2989 5275 3180 5334 supra
3207 5276 3312 5334 qu.
3346 5261 3405 5317 2.

1883 5355 2033 5434 quia
2074 5353 2243 5433 quod
2283 5353 2345 5413 in
2390 5351 2526 5413 aliis
2569 5350 2994 5414 contractibus
3022 5349 3262 5410 licitum
3291 5353 3406 5430 est,

3544 670 3625 727 70

3502 791 3603 845 Qum
3653 793 3688 836 si

3448 845 3632 889 officialis
3666 859 3742 889 su-

3475 898 3569 942 boat
3589 912 3716 941 ooooo

3492 952 3632 1001 officii,
3655 956 3697 994 et

3501 1006 3692 1047 adhibeat

3467 1058 3722 1101 industrium
