4263 6376
1184 293 1651 359 DISPUTATIO
1697 286 1941 363 XXXV,
1992 285 2265 347 SECTIO
2308 283 2384 343 11.

228 488 373 550 illius
420 481 707 545 sessionis
746 479 1079 540 concilium
1123 479 1257 536 erat
1302 476 1663 553 separatum
1696 487 1732 528 a

227 587 400 659 Papa.
450 575 681 639 Deinde
740 592 813 633 ex
870 573 971 633 illo
1046 588 1170 631 non
1228 569 1531 648 probatur
1591 562 1732 624 talis

228 672 502 751 obligatio
534 670 593 729 in
627 666 1002 727 electoribus
1028 682 1152 725 non
1181 656 1726 741 praemittentibus.

228 768 339 828 tale
358 764 805 843 juramentum.

300 855 596 918 Probatur
623 869 773 929 ergo
820 853 1126 929 praeterea
1173 865 1246 905 ex
1277 843 1489 904 multis
1519 843 1737 901 decre-

228 952 297 1013 tis
324 949 470 1022 aliis,
505 947 704 1025 primo
734 962 807 1003 ex
838 961 976 1022 cap.
1012 941 1203 1016 Licet,
1238 954 1375 1000 vm.
1408 956 1512 1015 qu.
1550 953 1592 995 1.
1627 931 1737 994 sed

230 1046 285 1103 in
312 1041 518 1121 primis
561 1038 665 1098 illa
696 1055 822 1096 non
853 1041 947 1096 est
976 1036 1074 1094 lex
1099 1081 1114 1110 ,
1165 1032 1275 1093 sed
1313 1028 1739 1093 testimonium

232 1132 597 1211 Hieronymi,
633 1129 859 1189 deinde
891 1146 1013 1189 non
1031 1126 1311 1187 continet
1330 1125 1734 1203 praeceptum,

231 1228 327 1289 sed
355 1229 613 1287 testatur
640 1222 790 1301 quid
814 1221 890 1281 de
914 1221 1075 1281 facto
1102 1218 1239 1279 fieri
1263 1217 1461 1277 soleat
1487 1212 1738 1294 quando

233 1322 537 1401 episcopus
584 1316 853 1394 eligitur.
904 1312 1192 1375 Secundo
1237 1311 1496 1369 affertur
1524 1307 1739 1366 decre-

231 1420 349 1476 tum
390 1411 613 1473 Leonis
641 1412 687 1470 1.
722 1409 990 1468 relatum
1018 1406 1081 1465 in
1103 1424 1240 1483 cap.
1268 1400 1740 1481 Metropolitano,

231 1524 353 1567 mv.
420 1503 559 1564 dist.
618 1501 727 1561 sed
772 1518 973 1579 neque
1021 1497 1103 1558 ibi
1154 1494 1459 1557 contineri
1499 1492 1747 1553 videtur

235 1601 601 1678 praeceptum
630 1593 905 1673 eligendi
935 1590 1287 1669 digniorem
1314 1635 1328 1664 ,
1379 1585 1488 1646 sed
1518 1588 1587 1646 ut
1616 1582 1745 1662 epi-

232 1709 435 1770 scopus
459 1689 562 1748 ille
592 1683 1165 1748 Thessalonicensis
1188 1696 1560 1742 concurrere
1581 1677 1749 1736 face-

235 1790 317 1844 ret
341 1801 551 1843 omnes
581 1778 907 1859 episcopos
958 1774 1374 1856 provinciales
1404 1770 1483 1831 ad
1514 1774 1746 1830 metro-

234 1876 428 1956 polim,
462 1878 527 1935 ut
558 1892 635 1933 ex
664 1872 837 1948 cleri,
870 1868 1211 1950 populique
1241 1866 1559 1928 voluntate
1591 1862 1750 1939 opti-

236 1989 357 2029 mus
385 1971 599 2047 posset
628 1964 796 2044 eligi.
830 1963 1039 2023 Tertio
1062 2008 1076 2037 ,
1110 1963 1367 2021 affertur
1394 1959 1605 2018 Innoc.
1640 1955 1746 2015 ΙΙΙ.

236 2063 288 2121 in
316 2080 447 2138 cap.
483 2058 668 2118 unico
694 2105 708 2134 ,
744 2061 812 2117 ut
841 2053 1263 2115 ecclesiastica
1286 2048 1591 2112 beneficia
1617 2047 1750 2106 sine

238 2153 631 2214 diminutione
660 2149 1062 2210 conferantur
1086 2193 1100 2222 ,
1158 2144 1264 2205 ubi
1306 2143 1469 2202 inter
1496 2140 1619 2201 alia
1647 2157 1747 2198 re-

238 2244 553 2327 prehendit
609 2240 1153 2319 archiepiscopum
1222 2235 1752 2298 Mediolanensem

237 2345 470 2418 propter
495 2335 896 2397 collationem
917 2329 1306 2393 cancellariae
1330 2327 1578 2387 cuidam
1609 2343 1753 2385 con-

238 2432 586 2511 sanguineo,
631 2451 660 2484 α
682 2427 827 2508 quia
856 2443 981 2485 non
1013 2443 1088 2485 ex
1107 2425 1329 2482 affectu
1354 2419 1608 2494 carnali,
1641 2417 1752 2477 sed

238 2527 489 2586 discreto
512 2521 756 2602 judicio
800 2517 1071 2578 debuisti
1100 2513 1585 2577 ecclesiasticum
1616 2511 1753 2571 offi-

240 2620 391 2679 cium
420 2622 482 2677 et
506 2613 889 2677 beneficium
919 2611 980 2670 in
1006 2627 1276 2689 persona
1302 2607 1503 2685 magis
1531 2605 1754 2674 idonea

240 2713 608 2791 dispensare.
641 2731 668 2764 ι»
737 2705 860 2768 Sed
914 2704 999 2764 ibi
1043 2699 1530 2782 reprehenditur
1585 2696 1753 2776 quod

241 2824 352 2865 non
377 2803 744 2864 contulisset
771 2799 1022 2874 idone0,
1060 2801 1126 2857 ut
1154 2814 1227 2854 ex
1258 2793 1433 2853 initio
1462 2791 1626 2851 illius
1654 2807 1754 2849 ca-

238 2897 367 2975 pitis
394 2893 601 2973 colligi
636 2895 862 2970 potest.
911 2891 1143 2963 Quarto
1164 2934 1178 2963 ,
1226 2887 1480 2945 affertur
1508 2902 1583 2942 ex
1612 2900 1750 2959 cap.

244 2989 453 3065 Custos,
486 2987 560 3048 de
589 2984 752 3066 offic.
787 2981 1069 3053 custodis3
1104 2980 1210 3040 sed
1246 2996 1445 3057 neque
1475 2976 1560 3035 ibi
1588 2974 1758 3036 vide·

240 3087 330 3142 tur
355 3101 485 3142 esse
515 3082 905 3160 praeceptum
926 3124 940 3151 ‚
992 3075 1101 3134 sed
1130 3070 1452 3132 instructio
1486 3067 1758 3147 eligendi

241 3174 492 3255 optimos
540 3171 835 3235 custodes
881 3186 1090 3229 rerum
1141 3180 1460 3226 sacrarum
1487 3210 1501 3238 ,
1565 3179 1677 3221 nec
1706 3159 1759 3220 si

242 3274 390 3330 esset
408 3269 812 3347 pracceptum,
845 3266 1008 3323 esset
1026 3279 1139 3339 pro
1162 3262 1294 3319 tota
1314 3255 1615 3331 Ecclesia,
1648 3253 1758 3314 sed

242 3380 343 3440 pro
371 3363 471 3421 illa
509 3361 573 3419 in
607 3376 729 3437 qua
759 3354 1118 3416 constitutio
1167 3352 1272 3412 illa
1320 3351 1485 3410 facta
1532 3348 1649 3408 fuit
1695 3346 1758 3406 in

245 3453 523 3533 peculiari
557 3450 826 3529 synodo,

313 3546 526 3607 Melius
570 3542 872 3621 probatur
920 3558 994 3598 ex
1049 3537 1246 3598 concil
1298 3535 1558 3596 ’I'rident
1602 3552 1754 3594 sess.

185 3700 191 3729 ἰ
244 3656 397 3700 xxn'.
447 3657 591 3715 cap.
633 3642 681 3695 l.
733 3632 806 3694 de
830 3634 1072 3712 reform.
1127 3630 1232 3689 ubi
1276 3628 1585 3688 habentur
1627 3625 1762 3686 haec

244 3733 421 3793 verba
453 3752 467 3791 z
523 3754 551 3787 «
582 3732 811 3790 Omnes
840 3744 987 3785 vero
1013 3772 1028 3800 ,
1088 3728 1148 3783 et
1177 3721 1456 3800 singulos
1480 3767 1494 3795 ‚
1545 3719 1648 3799 qui
1681 3718 1761 3778 ad

246 3825 693 3905 promotionem
722 3816 1288 3898 praeficiendorum,
1324 3812 1763 3893 quodcumque

240 3918 352 3997 jus,
384 3930 783 3997 quacumque
816 3909 1055 3970 ratione
1076 3954 1091 3985 ,
1145 3926 1181 3965 a
1212 3905 1373 3968 Sede
1405 3904 1765 3984 Apostolica

246 4011 487 4085 habent,
517 4010 630 4069 aut
654 4002 931 4082 alioquin
955 4018 1207 4078 operam
1236 4016 1414 4059 suam
1440 4000 1760 4075 praestant,

248 4103 387 4162 nihil
412 4100 572 4162 iniis
594 4116 708 4176 pro
730 4093 1021 4175 praesenti
1049 4097 1399 4170 temporum
1420 4090 1661 4151 ratione
1686 4088 1773 4147 in-

248 4194 547 4271 novando,
574 4192 881 4264 hortatur,
904 4192 966 4249 et
979 4189 1215 4260 monet,
1237 4184 1381 4245 utin
1400 4182 1617 4262 primis
1636 4199 1766 4241 mo-

247 4289 557 4363 minerint,
593 4283 747 4344 nihil
775 4300 842 4342 se
869 4280 949 4341 ad
981 4278 1093 4340 Dei
1121 4277 1385 4356 gloriam
1415 4279 1478 4336 et
1505 4274 1769 4354 populo-

249 4400 375 4442 rum
404 4381 669 4441 salutem
714 4375 927 4437 utilius
963 4391 1146 4452 posse
1194 4370 1400 4430 facere
1425 4415 1441 4444 ,
1499 4384 1687 4445 quam
1717 4365 1768 4425 si

248 4474 433 4536 bonos
479 4476 769 4534 Pastores
802 4516 817 4545 ,
876 4470 938 4528 et
990 4463 1287 4525 Ecclesiae
1341 4458 1769 4540 gubernanda)

249 4567 494 4629 idoneos
522 4560 878 4644 promoveri
910 4556 1237 4631 studeant,
1279 4570 1508 4632 eosque
1552 4550 1769 4611 alienis

250 4661 508 4739 peccatis
540 4653 1075 4717 communicantes
1106 4646 1455 4713 mortaliter
1482 4662 1764 4723 peccare,

252 4753 356 4812 nisi
385 4770 543 4833 quos
574 4747 913 4827 digniores,
948 4746 1009 4803 et
1036 4740 1329 4802 Ecclesiae
1359 4736 1566 4816 magis
1590 4736 1770 4797 utiles

251 4845 358 4924 ipsi
379 4840 824 4926 judicaverint,
859 4854 982 4897 non
1015 4832 1271 4915 quidem
1298 4829 1624 4910 precibuS,
1672 4828 1770 4887 vel

252 4938 516 4998 humano
547 4936 809 5009 affectu,
844 4933 954 4991 aut
979 4925 1391 4987 ambientium
1420 4920 1771 5001 suggestio-

253 5032 454 5106 nibus,
486 5028 597 5089 sed
629 5042 847 5086 eorum
873 5020 1262 5100 exigentibus
1289 5015 1564 5091 meritiS,
1610 5032 1774 5093 prae-

254 5123 342 5185 fici
374 5124 701 5201 diligenter
727 5114 1104 5189 curaverint,
1138 5116 1256 5173 etc.
1281 5133 1309 5167 n
1348 5112 1495 5170 Haec
1515 5106 1771 5169 Triden-

254 5218 442 5276 tinum
467 5262 483 5291 ,
525 5213 633 5273 nbi
661 5211 863 5272 solum
893 5208 971 5267 de
1002 5205 1439 5285 cpiscoporum
1469 5199 1772 5261 electione

254 5308 556 5387 loquitur,
603 5304 713 5364 sed
744 5301 1027 5363 doctrina
1055 5296 1355 5376 applicari
1382 5312 1564 5374 posse
1592 5292 1768 5352 vide-

256 5407 350 5463 tur
388 5403 467 5462 ad
512 5400 631 5459 alia
661 5394 968 5457 beneficia
997 5392 1214 5453 saltem
1247 5394 1483 5451 curata.
1537 5387 1774 5448 Notan-

3243 275 3359 332 573

1830 464 1981 524 dum
2014 463 2182 523 enim
2212 463 2333 534 est,
2370 458 2430 517 in
2464 457 2559 516 his
2587 453 2797 515 verbis
2829 470 2951 513 non
2984 449 3220 530 imponi
3252 466 3364 508 no·

1830 574 1976 617 vum
2010 559 2392 634 pracceptum
2418 597 2432 626 ,
2484 554 2554 610 ut
2582 552 2865 622 constat,
2914 545 3020 604 sed
3056 542 3272 603 reduci
3301 542 3365 601 in

1832 649 2205 710 memoriam
2273 644 2723 722 obligationem
2781 657 2920 719 quae
2971 637 3105 716 jam
3178 641 3312 697 erat
3344 655 3357 697 :

1835 762 2028 823 quare
2056 758 2199 801 cum
2231 739 2453 799 eadem
2482 737 2561 796 sit
2588 735 2747 795 ratio
2778 734 2857 793 de
2881 733 3017 792 aliis
3045 730 3368 791 beneficiis

1836 835 2101 912 curatis,
2147 834 2208 893 in
2240 831 2466 911 quibus
2497 828 2785 889 omnibus
2819 831 3100 904 pastores
3129 825 3370 884 anima-

1836 947 1976 989 rum
2023 925 2520 998 constituuntur,
2583 921 2806 981 eadem
2848 919 3098 979 videtur
3143 917 3206 977 in
3247 917 3368 977 illis

1839 1040 1973 1082 esse
2005 1018 2327 1097 obligatiO.

1917 1113 2263 1175 Difficultas
2291 1115 2504 1170 tamen
2550 1110 2643 1168 est
2683 1106 2744 1164 in
2776 1104 3100 1164 reddenda
3129 1105 3368 1166 ratione

1841 1208 2028 1285 hujus
2054 1202 2488 1282 obligationis;
2527 1217 2650 1259 non
2675 1198 2840 1258 enim
2861 1197 3107 1258 videtur
3136 1215 3270 1258 esse
3292 1197 3370 1257 de

1834 1299 1976 1381 jure
2005 1296 2271 1377 positivo
2303 1295 2576 1354 humano
2602 1339 2617 1367 ,
2670 1309 2812 1351 cum
2844 1291 3058 1350 nullibi
3088 1289 3367 1350 invenia-

1841 1397 1963 1468 tur,
1998 1396 2060 1452 et
2089 1408 2230 1450 cum
2262 1388 2459 1448 sancti
2480 1388 2696 1447 Patres
2725 1384 2804 1442 ab
2834 1383 3009 1444 initio
3031 1383 3192 1443 hanc
3223 1383 3373 1444 obli-

1844 1485 2164 1565 gationem
2222 1480 2551 1560 agnovisse
2607 1477 2939 1538 videantur
2961 1523 2976 1552 ,
3037 1481 3373 1555 antequam

1839 1579 1942 1659 jus
1971 1576 2342 1637 canonicum
2375 1571 2785 1647 conderetur,
2833 1570 3036 1648 colligi
3069 1574 3274 1648 potest
3303 1589 3376 1629 ex

1846 1669 2193 1748 Augustino
2224 1666 2465 1746 epistol.
2490 1681 2656 1725 xxxx.
2691 1662 2771 1722 ad
2788 1663 3238 1742 Hieronymum,
3270 1680 3378 1742 pa·

1847 1781 1988 1823 rum
2020 1766 2165 1821 ante
2192 1760 2404 1833 finem,
2438 1761 2645 1819 Leone
2676 1756 2919 1834 epistol.
2944 1771 3189 1816 Lxxxiv.
3225 1774 3278 1816 c.
3312 1759 3371 1816 9.

1846 1853 2148 1917 Bernard.
2196 1851 2301 1912 lib.
2340 1868 2426 1910 lv.
2474 1847 2545 1909 de
2571 1846 2913 1908 considerat.
2948 1847 3028 1907 ad
3051 1847 3286 1927 Eugyen.
3318 1850 3381 1907 et

1848 1949 1909 2009 in
1941 1944 2398 2007 declamatione
2421 1989 2437 2018 ,
2483 1942 2644 2001 Ecce
2668 1960 2770 2000 nos
2796 1940 3133 2021 reliquimus
3161 1941 3373 2001 omnia.

1929 2039 2159 2113 Primo,
2195 2055 2344 2116 ergo
2375 2036 2568 2114 aliqui
2599 2034 2846 2110 dicunt,
2880 2034 3189 2095 rationem
3218 2053 3375 2110 esse,

1850 2132 2019 2214 quod
2050 2131 2285 2192 elector
2332 2128 2393 2188 in
2441 2127 2564 2188 hoc
2611 2145 2868 2186 munere
2897 2127 2978 2187 sit
3006 2128 3183 2206 quasi
3214 2144 3382 2187 oeco-

1852 2243 2075 2287 nomus
2103 2222 2431 2293 Ecclesiae;
2481 2223 2730 2283 tenet-ur
2767 2222 2977 2280 autem
3018 2237 3382 2280 oeconomus

1851 2316 2181 2398 providere
2226 2315 2413 2374 rebus
2442 2313 2680 2374 domini
2708 2313 2942 2390 optimo
2971 2313 3195 2386 modo;
3232 2313 3384 2373 alio-

1851 2412 2001 2491 quin
2056 2412 2275 2489 peccat
2319 2407 2598 2484 graviter
2652 2410 2870 2466 contra
2923 2405 3287 2466 fidelitatem
3326 2405 3384 2464 ei

1853 2503 2151 2564 debitam.
2200 2503 2376 2560 Hanc
2404 2505 2613 2560 tamen
2644 2497 2950 2559 rationem
2976 2498 3204 2559 refellit
3229 2500 3385 2558 Vas-

1854 2614 2009 2675 quez
2041 2612 2213 2653 num.
2246 2595 2346 2653 50.
2396 2595 2457 2652 et
2484 2594 2582 2652 52.
2631 2595 2849 2650 contra
2877 2592 3094 2651 Sotum
3118 2636 3134 2662 ,
3183 2595 3244 2650 et
3271 2607 3384 2650 nos

1854 2687 2186 2768 rejecimus
2232 2685 2393 2763 disp.
2429 2682 2805 2762 praecedenti
2854 2683 3097 2761 agendo
3141 2682 3218 2742 de
3257 2683 3384 2743 ele-

1854 2781 2058 2841 ctione
2087 2779 2167 2840 ad
2200 2777 2406 2838 officia
2436 2775 2760 2837 saecularia
2791 2792 2804 2837 :
2842 2775 2989 2854 quia
3019 2793 3384 2836 oeconomus

1855 2892 1979 2935 non
2009 2872 2200 2932 debet
2240 2871 2357 2931 sub
2399 2870 2579 2949 gravi
2606 2873 2861 2948 peccato
2907 2887 3217 2929 summam
3247 2868 3385 2927 dili-

1855 2965 2131 3045 gentiam
2162 2964 2417 3024 domino
2440 3009 2455 3040 ,
2504 2962 2616 3022 sed
2644 2960 2986 3020 humanam
3016 2965 3078 3022 et
3104 2979 3387 3022 commu-

1858 3076 2001 3119 nem
2020 3104 2035 3134 ,
2098 3057 2345 3136 qualem
2400 3056 2667 3135 ipsemet
2716 3053 3005 3113 dominus
3046 3053 3389 3132 prudenter

1857 3150 2158 3214 adbibere
2190 3149 2525 3228 potuisset;
2578 3165 2720 3209 cum
2768 3165 2916 3226 ergo
2950 3147 3234 3209 homines
3263 3166 3387 3218 non

1857 3263 2104 3324 semper
2133 3246 2418 3321 quaerant
2447 3242 2681 3320 optima
2706 3289 2720 3316 ,
2754 3242 2864 3301 sed
2892 3241 3088 3316 bona,
3132 3242 3248 3302 boc
3278 3260 3390 3320 pa-

1858 3343 1958 3399 cto
1991 3335 2365 3396 satisfecisse
2412 3334 2735 3413 putabitur
2780 3334 3010 3395 elector
3039 3334 3247 3396 debito
3279 3353 3390 3395 suo

1858 3449 2007 3508 erga
2038 3428 2404 3489 Ecclesiam.

1939 3522 2057 3583 Alii
2089 3539 2238 3599 ergo
2269 3519 2544 3580 secundo
2575 3519 2792 3579 dicunt
2812 3563 2827 3594 ‚
2879 3519 3042 3579 hanc
3071 3538 3206 3581 esse
3236 3520 3392 3581 obli-

1859 3616 2178 3695 gationem
2210 3612 2556 3673 naturalem
2582 3658 2597 3686 ,
2643 3614 2963 3690 supposita
3006 3613 3391 3674 institutione

1861 3707 2308 3769 beneficiorum
2367 3726 2379 3765 ε
2434 3723 2580 3765 nam
2617 3705 2763 3764 licet
2790 3705 3084 3782 primario
3116 3705 3395 3767 instituta

1861 3803 1986 3863 sint
2012 3801 2075 3858 in
2105 3800 2342 3859 bonum
2371 3797 2688 3872 Ecclesiae,
2724 3801 2793 3857 ut
2821 3797 3050 3859 habeat
3076 3799 3395 3858 ministros

1865 3899 1927 3955 et
1955 3897 2276 3972 pastores;
2325 3886 2702 3951 secundario
2732 3893 2941 3950 tamen
2970 3890 3204 3951 suntin
3231 3908 3394 3970 prae-

1863 3988 1989 4047 mia
2019 3984 2617 4059 ecclesiasticorum,
2670 3983 2897 4062 quibus
2946 3985 3290 4046 excitentur
3318 3984 3396 4043 ad

1862 4077 2311 4149 laborandum3
2345 4094 2539 4156 quare
2571 4094 2646 4135 ex
2673 4075 2792 4135 hac
2821 4079 2998 4154 parte
3021 4077 3155 4155 jam
3182 4076 3401 4136 viden-

1865 4178 1965 4235 tur
1989 4188 2124 4231 esse
2153 4169 2320 4230 bona
2350 4168 2708 4229 communia
2731 4215 2746 4244 ,
2781 4172 2845 4228 et
2869 4187 2983 4247 per
3010 4187 3401 4248 consequens

1865 4263 2136 4345 pertinet
2161 4261 2243 4321 ad
2265 4260 2572 4339 justitiam
2601 4260 3063 4321 distributivam
3093 4260 3401 4339 ejusmodi

1864 4358 2032 4418 bona
2060 4354 2319 4432 singulis
2364 4372 2477 4432 pro
2524 4353 2767 4415 ratione
2795 4354 3164 4415 meritorum
3194 4355 3403 4417 distri-

1865 4451 2081 4525 buere,
2115 4449 2203 4508 ita
2229 4446 2496 4522 LessiuS,
2523 4436 2824 4525 Sanchez,
2849 4453 2912 4509 et
2935 4448 3035 4507 alii
3059 4449 3403 4508 communi-

1866 4548 1982 4605 ter.
2028 4543 2177 4601 Haec
2205 4545 2415 4601 tamen
2461 4540 2618 4601 ratio
2664 4540 2933 4600 difficilis
2975 4540 3109 4600 aliis
3155 4540 3403 4601 videtur

1869 4639 1932 4696 et
1957 4633 2215 4707 merito;
2267 4633 2413 4711 quia
2442 4651 2566 4692 non
2595 4637 2741 4693 sunt
2778 4652 2854 4692 ex
2884 4639 3104 4694 natura
3131 4634 3219 4693 rei
3252 4651 3404 4693 con-

1871 4745 2027 4787 nexa
2054 4727 2160 4785 illa
2190 4725 2312 4785 duo
2337 4771 2351 4800 ‚
2401 4744 2602 4804 neque
2634 4744 2706 4784 ex
2737 4743 2809 4787 eo
2840 4726 3004 4804 quod
3038 4744 3403 4787 oeconomus

1869 4820 2097 4881 debeat
2117 4818 2468 4878 conducere
2496 4819 2818 4896 operarios
2842 4865 2856 4894 ,
2910 4822 3019 4880 aut
3043 4819 3311 4879 famulos
3338 4818 3401 4877 in

1869 4913 2138 4992 gratiam
2168 4909 2424 4986 domini,
2458 4910 2738 4990 sequitur
2767 4912 2935 4989 quod
2951 4911 3260 4988 stipendia
3282 4912 3406 4972 sint

1869 5007 2035 5068 facta
2062 5004 2249 5065 etiam
2280 5004 2649 5065 secundario
2691 5003 2854 5065 bona
2885 5004 3242 5065 communia
3269 5023 3405 5065 om-

1870 5101 2044 5160 nium
2072 5098 2450 5158 famulorum
2480 5096 2968 5157 conducibilium
2992 5144 3008 5172 ‚
3042 5102 3230 5177 atque
3263 5098 3400 5159 ideo

1869 5193 1989 5253 illis
2018 5192 2141 5253 sint
2168 5189 2378 5251 debita
2408 5208 2481 5250 ex
2504 5189 2746 5269 justitia
2776 5189 3189 5266 distributiva,
3223 5195 3286 5252 et
3314 5208 3404 5251 ω,-

1872 5302 2173 5348 conomus
2201 5287 2418 5361 peccet
2445 5288 2661 5343 contra
2701 5282 2839 5344 illos
2868 5283 3054 5343 etiam
3073 5328 3089 5358 ,
3149 5284 3401 5364 quando

1871 5398 1995 5443 non
2024 5376 2321 5439 conducit
2364 5375 2676 5438 meliores.
2728 5376 2934 5437 Potuit
2978 5394 3127 5455 ergo
3166 5377 3405 5438 benefi-

3518 1079 3591 1137 13

3418 1205 3484 1247 An
3504 1205 3582 1249 hoc
3609 1219 3715 1262 pro-

3463 1259 3598 1302 veniat
3610 1273 3660 1304 ex

3473 1312 3665 1358 fidelitate

3500 1365 3651 1410 debita.

3565 3510 3639 3568 14

3468 3636 3531 3678 Αιι
3553 3647 3602 3677 ex
3619 3635 3711 3689 jure

3442 3689 3739 3744 eligendorum-
