<?xml version="1.0" encoding="UTF-8"?>
<!DOCTYPE html PUBLIC "-//W3C//DTD XHTML 1.0 Transitional//EN"
    "http://www.w3.org/TR/xhtml1/DTD/xhtml1-transitional.dtd">
<html xmlns="http://www.w3.org/1999/xhtml" xml:lang="en" lang="en">
 <head>
  <title>
</title>
<meta http-equiv="Content-Type" content="text/html;charset=utf-8" />
  <meta name='ocr-system' content='tesseract 3.04.00' />
  <meta name='ocr-capabilities' content='ocr_page ocr_carea ocr_par ocr_line ocrx_word'/>
</head>
<body>
  <div class='ocr_page' id='page_1' title='image "./joannisdelugodi00lugogoog_0091.png"; bbox 0 0 4263 6376; ppageno 0'>
   <div class='ocr_carea' id='block_1_1' title="bbox 1204 262 2405 338">
    <p class='ocr_par' dir='ltr' id='par_1_1' title="bbox 1204 262 2405 338">
     <span class='ocr_line' id='line_1_1' title="bbox 1204 262 2405 338; baseline -0.002 -14"><span class='ocrx_word' id='word_1_1' title='bbox 1204 263 1673 325; x_wconf 74' lang='lat' dir='ltr'><strong>ulsPU&#39;rA&#39;rlu</strong></span> <span class='ocrx_word' id='word_1_2' title='bbox 1717 262 1933 338; x_wconf 83' lang='lat' dir='ltr'><strong>XXIV,</strong></span> <span class='ocrx_word' id='word_1_3' title='bbox 1985 262 2259 324; x_wconf 83' lang='lat' dir='ltr'>SEGTIO</span> <span class='ocrx_word' id='word_1_4' title='bbox 2305 263 2405 322; x_wconf 88' lang='lat' dir='ltr'><strong>Vl.</strong></span> 
     </span>
    </p>
   </div>
   <div class='ocr_carea' id='block_1_2' title="bbox 3295 266 3366 325">
    <p class='ocr_par' dir='ltr' id='par_1_2' title="bbox 3295 266 3366 325">
     <span class='ocr_line' id='line_1_2' title="bbox 3295 266 3366 325; baseline -0.014 0"><span class='ocrx_word' id='word_1_5' title='bbox 3295 266 3366 325; x_wconf 77' lang='lat'><strong>81</strong></span> 
     </span>
    </p>
   </div>
   <div class='ocr_carea' id='block_1_3' title="bbox 178 437 3377 612">
    <p class='ocr_par' dir='ltr' id='par_1_3' title="bbox 178 437 3377 612">
     <span class='ocr_line' id='line_1_3' title="bbox 178 437 3375 522; baseline -0.003 -13"><span class='ocrx_word' id='word_1_6' title='bbox 178 437 190 464; x_wconf 91' lang='lat'><em>&#39;</em></span> <span class='ocrx_word' id='word_1_7' title='bbox 237 457 290 509; x_wconf 78' lang='lat' dir='ltr'><strong>et</strong></span> <span class='ocrx_word' id='word_1_8' title='bbox 312 449 406 508; x_wconf 90' lang='lat' dir='ltr'><strong>lib.</strong></span> <span class='ocrx_word' id='word_1_9' title='bbox 439 465 479 506; x_wconf 86' lang='lat'><strong>1.</strong></span> <span class='ocrx_word' id='word_1_10' title='bbox 534 445 605 506; x_wconf 76' lang='lat' dir='ltr'><strong>de</strong></span> <span class='ocrx_word' id='word_1_11' title='bbox 631 444 889 504; x_wconf 84' lang='lat' dir='ltr'><strong>matrim.</strong></span> <span class='ocrx_word' id='word_1_12' title='bbox 942 443 1169 522; x_wconf 86' lang='lat' dir='ltr'><strong>disput.</strong></span> <span class='ocrx_word' id='word_1_13' title='bbox 1203 458 1272 502; x_wconf 91' lang='lat'><strong>11.</strong></span> <span class='ocrx_word' id='word_1_14' title='bbox 1327 460 1498 502; x_wconf 90' lang='lat' dir='ltr'><strong>num.</strong></span> <span class='ocrx_word' id='word_1_15' title='bbox 1532 443 1589 501; x_wconf 90' lang='lat'><strong>8.</strong></span> <span class='ocrx_word' id='word_1_16' title='bbox 1630 440 1737 518; x_wconf 86' lang='lat' dir='ltr'><strong>qui</strong></span> <span class='ocrx_word' id='word_1_17' title='bbox 1838 445 2098 518; x_wconf 84' lang='lat' dir='ltr'><strong>generet</strong></span> <span class='ocrx_word' id='word_1_18' title='bbox 2124 439 2280 500; x_wconf 85' lang='lat' dir='ltr'><strong>alios</strong></span> <span class='ocrx_word' id='word_1_19' title='bbox 2309 440 2627 501; x_wconf 78' lang='lat' dir='ltr'><strong>naturales</strong></span> <span class='ocrx_word' id='word_1_20' title='bbox 2657 459 2730 500; x_wconf 83' lang='lat' dir='ltr'><strong>ex</strong></span> <span class='ocrx_word' id='word_1_21' title='bbox 2761 440 2885 501; x_wconf 84' lang='lat' dir='ltr'><strong>alia</strong></span> <span class='ocrx_word' id='word_1_22' title='bbox 2908 487 2922 516; x_wconf 94' lang='lat'><strong>,</strong></span> <span class='ocrx_word' id='word_1_23' title='bbox 2975 445 3038 501; x_wconf 89' lang='lat' dir='ltr'><strong>et</strong></span> <span class='ocrx_word' id='word_1_24' title='bbox 3086 458 3228 502; x_wconf 90' lang='lat' dir='ltr'><strong>cum</strong></span> <span class='ocrx_word' id='word_1_25' title='bbox 3260 441 3375 501; x_wconf 86' lang='lat' dir='ltr'><strong>hac</strong></span> 
     </span>
     <span class='ocr_line' id='line_1_4' title="bbox 235 533 3377 612; baseline -0.003 -10"><span class='ocrx_word' id='word_1_26' title='bbox 235 544 379 602; x_wconf 88' lang='lat' dir='ltr'><strong>idem</strong></span> <span class='ocrx_word' id='word_1_27' title='bbox 406 540 740 599; x_wconf 87' lang='lat' dir='ltr'><strong>dicendum</strong></span> <span class='ocrx_word' id='word_1_28' title='bbox 790 540 966 597; x_wconf 89' lang='lat' dir='ltr'><strong>notat</strong></span> <span class='ocrx_word' id='word_1_29' title='bbox 993 536 1074 594; x_wconf 90' lang='lat' dir='ltr'><strong>de</strong></span> <span class='ocrx_word' id='word_1_30' title='bbox 1101 535 1227 595; x_wconf 82' lang='lat' dir='ltr'><strong>filio</strong></span> <span class='ocrx_word' id='word_1_31' title='bbox 1257 534 1482 612; x_wconf 88' lang='lat' dir='ltr'><strong>equitis</strong></span> <span class='ocrx_word' id='word_1_32' title='bbox 1511 533 1740 594; x_wconf 88' lang='lat' dir='ltr'><strong>milita·</strong></span> <span class='ocrx_word' id='word_1_33' title='bbox 1838 533 2009 612; x_wconf 90' lang='lat' dir='ltr'><strong>prius</strong></span> <span class='ocrx_word' id='word_1_34' title='bbox 2040 533 2372 594; x_wconf 85' lang='lat' dir='ltr'><strong>contrahat</strong></span> <span class='ocrx_word' id='word_1_35' title='bbox 2396 533 2862 594; x_wconf 82' lang='lat' dir='ltr'><strong>matrimonium</strong></span> <span class='ocrx_word' id='word_1_36' title='bbox 2884 579 2900 609; x_wconf 90' lang='lat'><strong>,</strong></span> <span class='ocrx_word' id='word_1_37' title='bbox 2940 537 3001 594; x_wconf 89' lang='lat' dir='ltr'><strong>et</strong></span> <span class='ocrx_word' id='word_1_38' title='bbox 3028 552 3102 594; x_wconf 89' lang='lat' dir='ltr'><strong>ea</strong></span> <span class='ocrx_word' id='word_1_39' title='bbox 3129 538 3377 595; x_wconf 88' lang='lat' dir='ltr'><strong>mortua</strong></span> 
     </span>
    </p>
   </div>
   <div class='ocr_carea' id='block_1_4' title="bbox 234 626 1740 695">
    <p class='ocr_par' dir='ltr' id='par_1_4' title="bbox 234 626 1740 695">
     <span class='ocr_line' id='line_1_5' title="bbox 234 626 1740 695; baseline -0.007 -1"><span class='ocrx_word' id='word_1_40' title='bbox 234 636 305 695; x_wconf 84' lang='lat' dir='ltr'><strong>ris</strong></span> <span class='ocrx_word' id='word_1_41' title='bbox 329 630 835 693; x_wconf 85' lang='lat' dir='ltr'><strong>commendatarii</strong></span> <span class='ocrx_word' id='word_1_42' title='bbox 878 627 1164 687; x_wconf 86' lang='lat' dir='ltr'><strong>habentis</strong></span> <span class='ocrx_word' id='word_1_43' title='bbox 1195 631 1408 687; x_wconf 85' lang='lat' dir='ltr'><strong>votum</strong></span> <span class='ocrx_word' id='word_1_44' title='bbox 1440 626 1740 686; x_wconf 87' lang='lat' dir='ltr'><strong>castitatis</strong></span> 
     </span>
    </p>
   </div>
   <div class='ocr_carea' id='block_1_5' title="bbox 1841 625 3377 704">
    <p class='ocr_par' dir='ltr' id='par_1_5' title="bbox 1841 625 3377 704">
     <span class='ocr_line' id='line_1_6' title="bbox 1841 625 3377 704; baseline 0.002 -21"><span class='ocrx_word' id='word_1_45' title='bbox 1841 643 1983 684; x_wconf 82' lang='lat' dir='ltr'><strong>cum</strong></span> <span class='ocrx_word' id='word_1_46' title='bbox 2015 626 2117 684; x_wconf 89' lang='lat' dir='ltr'><strong>illa</strong></span> <span class='ocrx_word' id='word_1_47' title='bbox 2147 625 2359 703; x_wconf 84' lang='lat' dir='ltr'>priori,</span> <span class='ocrx_word' id='word_1_48' title='bbox 2381 626 2488 685; x_wconf 85' lang='lat' dir='ltr'><strong>filii</strong></span> <span class='ocrx_word' id='word_1_49' title='bbox 2508 626 2677 704; x_wconf 90' lang='lat' dir='ltr'><strong>prius</strong></span> <span class='ocrx_word' id='word_1_50' title='bbox 2695 625 3023 704; x_wconf 81' lang='lat' dir='ltr'><strong>legitimati</strong></span> <span class='ocrx_word' id='word_1_51' title='bbox 3043 627 3377 704; x_wconf 77' lang='lat' dir='ltr'><strong>praeferun-</strong></span> 
     </span>
    </p>
   </div>
   <div class='ocr_carea' id='block_1_6' title="bbox 235 718 3377 804">
    <p class='ocr_par' dir='ltr' id='par_1_6' title="bbox 235 718 3377 804">
     <span class='ocr_line' id='line_1_7' title="bbox 235 718 3377 804; baseline -0.003 -18"><span class='ocrx_word' id='word_1_52' title='bbox 235 725 576 804; x_wconf 71' lang='lat' dir='ltr'><strong>conjugalis.</strong></span> <span class='ocrx_word' id='word_1_53' title='bbox 630 725 717 782; x_wconf 75' lang='lat' dir='ltr'><strong>De</strong></span> <span class='ocrx_word' id='word_1_54' title='bbox 750 741 822 782; x_wconf 89' lang='lat' dir='ltr'><strong>eo</strong></span> <span class='ocrx_word' id='word_1_55' title='bbox 853 739 1001 781; x_wconf 82' lang='lat' dir='ltr'><strong>vero</strong></span> <span class='ocrx_word' id='word_1_56' title='bbox 1022 766 1037 795; x_wconf 89' lang='lat'><strong>,</strong></span> <span class='ocrx_word' id='word_1_57' title='bbox 1093 720 1198 798; x_wconf 91' lang='lat' dir='ltr'><strong>qui</strong></span> <span class='ocrx_word' id='word_1_58' title='bbox 1231 719 1522 797; x_wconf 87' lang='lat' dir='ltr'><strong>copulam</strong></span> <span class='ocrx_word' id='word_1_59' title='bbox 1552 718 1742 778; x_wconf 83' lang='lat' dir='ltr'><strong>habet</strong></span> <span class='ocrx_word' id='word_1_60' title='bbox 1838 723 1940 778; x_wconf 91' lang='lat' dir='ltr'><strong>tur</strong></span> <span class='ocrx_word' id='word_1_61' title='bbox 1967 718 2317 779; x_wconf 88' lang='lat' dir='ltr'><strong>senioribus</strong></span> <span class='ocrx_word' id='word_1_62' title='bbox 2363 723 2582 795; x_wconf 84' lang='lat' dir='ltr'><strong>postea</strong></span> <span class='ocrx_word' id='word_1_63' title='bbox 2610 719 2996 798; x_wconf 84' lang='lat' dir='ltr'><strong>legitimatis,</strong></span> <span class='ocrx_word' id='word_1_64' title='bbox 3042 719 3120 780; x_wconf 90' lang='lat' dir='ltr'><strong>de</strong></span> <span class='ocrx_word' id='word_1_65' title='bbox 3150 719 3377 799; x_wconf 86' lang='lat' dir='ltr'><strong>quibus</strong></span> 
     </span>
    </p>
   </div>
   <div class='ocr_carea' id='block_1_7' title="bbox 232 811 1741 1081">
    <p class='ocr_par' dir='ltr' id='par_1_7' title="bbox 232 811 1741 1081">
     <span class='ocr_line' id='line_1_8' title="bbox 234 811 1741 895; baseline -0.007 -15"><span class='ocrx_word' id='word_1_66' title='bbox 234 838 359 881; x_wconf 89' lang='lat' dir='ltr'><strong>cum</strong></span> <span class='ocrx_word' id='word_1_67' title='bbox 383 835 609 895; x_wconf 84' lang='lat' dir='ltr'><strong>sponsa</strong></span> <span class='ocrx_word' id='word_1_68' title='bbox 638 815 897 876; x_wconf 85' lang='lat' dir='ltr'><strong>alterius</strong></span> <span class='ocrx_word' id='word_1_69' title='bbox 922 861 938 890; x_wconf 92' lang='lat'><strong>,</strong></span> <span class='ocrx_word' id='word_1_70' title='bbox 984 812 1177 891; x_wconf 81' lang='lat' dir='ltr'>aliqui</span> <span class='ocrx_word' id='word_1_71' title='bbox 1207 811 1442 887; x_wconf 91' lang='lat' dir='ltr'><strong>dicunt,</strong></span> <span class='ocrx_word' id='word_1_72' title='bbox 1477 811 1644 890; x_wconf 86' lang='lat' dir='ltr'><strong>quod</strong></span> <span class='ocrx_word' id='word_1_73' title='bbox 1674 811 1741 870; x_wconf 87' lang='lat' dir='ltr'><strong>fi-</strong></span> 
     </span>
     <span class='ocr_line' id='line_1_9' title="bbox 233 903 1739 990; baseline -0.007 -16"><span class='ocrx_word' id='word_1_74' title='bbox 233 915 335 974; x_wconf 90' lang='lat' dir='ltr'><strong>lius</strong></span> <span class='ocrx_word' id='word_1_75' title='bbox 371 911 504 990; x_wconf 87' lang='lat' dir='ltr'><strong>ejus</strong></span> <span class='ocrx_word' id='word_1_76' title='bbox 532 910 610 970; x_wconf 89' lang='lat' dir='ltr'><strong>sit</strong></span> <span class='ocrx_word' id='word_1_77' title='bbox 640 908 890 988; x_wconf 88' lang='lat' dir='ltr'><strong>spurius</strong></span> <span class='ocrx_word' id='word_1_78' title='bbox 916 953 929 982; x_wconf 85' lang='lat'><strong>‚</strong></span> <span class='ocrx_word' id='word_1_79' title='bbox 973 925 1129 986; x_wconf 88' lang='lat' dir='ltr'><strong>quos</strong></span> <span class='ocrx_word' id='word_1_80' title='bbox 1159 908 1338 966; x_wconf 82' lang='lat' dir='ltr'><strong>affert</strong></span> <span class='ocrx_word' id='word_1_81' title='bbox 1369 904 1598 966; x_wconf 88' lang='lat' dir='ltr'><strong>Sanch.</strong></span> <span class='ocrx_word' id='word_1_82' title='bbox 1632 903 1739 979; x_wconf 87' lang='lat' dir='ltr'><strong>ibi,</strong></span> 
     </span>
     <span class='ocr_line' id='line_1_10' title="bbox 232 999 1738 1081; baseline -0.007 -14"><span class='ocrx_word' id='word_1_83' title='bbox 232 1015 287 1067; x_wconf 85' lang='lat' dir='ltr'><strong>et</strong></span> <span class='ocrx_word' id='word_1_84' title='bbox 325 1005 482 1065; x_wconf 90' lang='lat' dir='ltr'><strong>idem</strong></span> <span class='ocrx_word' id='word_1_85' title='bbox 528 1002 817 1081; x_wconf 87' lang='lat' dir='ltr'><strong>sequitur</strong></span> <span class='ocrx_word' id='word_1_86' title='bbox 847 1003 1080 1080; x_wconf 85' lang='lat' dir='ltr'><strong>Vasqu.</strong></span> <span class='ocrx_word' id='word_1_87' title='bbox 1130 999 1193 1059; x_wconf 89' lang='lat' dir='ltr'><strong>d.</strong></span> <span class='ocrx_word' id='word_1_88' title='bbox 1227 1000 1282 1076; x_wconf 83' lang='lat'><strong>§.</strong></span> <span class='ocrx_word' id='word_1_89' title='bbox 1319 1015 1388 1058; x_wconf 87' lang='lat'><strong>11.</strong></span> <span class='ocrx_word' id='word_1_90' title='bbox 1436 1016 1605 1057; x_wconf 90' lang='lat' dir='ltr'><strong>num.</strong></span> <span class='ocrx_word' id='word_1_91' title='bbox 1642 1002 1738 1057; x_wconf 73' lang='lat'><strong>29.</strong></span> 
     </span>
    </p>
   </div>
   <div class='ocr_carea' id='block_1_8' title="bbox 1842 811 3378 1076">
    <p class='ocr_par' dir='ltr' id='par_1_8' title="bbox 1842 811 3378 1076">
     <span class='ocr_line' id='line_1_11' title="bbox 1842 811 2404 872; baseline 0.002 -2"><span class='ocrx_word' id='word_1_92' title='bbox 1842 811 2010 871; x_wconf 88' lang='lat' dir='ltr'><strong>idem</strong></span> <span class='ocrx_word' id='word_1_93' title='bbox 2040 811 2271 872; x_wconf 81' lang='lat' dir='ltr'><strong>Melina</strong></span> <span class='ocrx_word' id='word_1_94' title='bbox 2296 811 2404 871; x_wconf 89' lang='lat' dir='ltr'><strong>ibi.</strong></span> 
     </span>
     <span class='ocr_line' id='line_1_12' title="bbox 1924 903 3378 983; baseline 0.001 -19"><span class='ocrx_word' id='word_1_95' title='bbox 1924 907 2054 965; x_wconf 89' lang='lat' dir='ltr'><strong>Hoc</strong></span> <span class='ocrx_word' id='word_1_96' title='bbox 2085 904 2463 966; x_wconf 74' lang='lat' dir='ltr'><strong>matrimonii</strong></span> <span class='ocrx_word' id='word_1_97' title='bbox 2492 903 2885 983; x_wconf 80' lang='lat' dir='ltr'><strong>privilegium</strong></span> <span class='ocrx_word' id='word_1_98' title='bbox 2916 904 3270 966; x_wconf 76' lang='lat' dir='ltr'><strong>extenditur</strong></span> <span class='ocrx_word' id='word_1_99' title='bbox 3297 904 3378 965; x_wconf 87' lang='lat' dir='ltr'><strong>ad</strong></span> 
     </span>
     <span class='ocr_line' id='line_1_13' title="bbox 1846 996 3377 1076; baseline 0.001 -20"><span class='ocrx_word' id='word_1_100' title='bbox 1846 1001 2124 1076; x_wconf 81' lang='lat' dir='ltr'><strong>nepoteS,</strong></span> <span class='ocrx_word' id='word_1_101' title='bbox 2160 1004 2221 1058; x_wconf 89' lang='lat' dir='ltr'><strong>et</strong></span> <span class='ocrx_word' id='word_1_102' title='bbox 2248 997 2403 1058; x_wconf 84' lang='lat' dir='ltr'><strong>alios</strong></span> <span class='ocrx_word' id='word_1_103' title='bbox 2433 996 3006 1073; x_wconf 80' lang='lat' dir='ltr'><strong>descendentes,ita</strong></span> <span class='ocrx_word' id='word_1_104' title='bbox 3037 1003 3104 1059; x_wconf 91' lang='lat' dir='ltr'><strong>ut</strong></span> <span class='ocrx_word' id='word_1_105' title='bbox 3131 1004 3377 1059; x_wconf 89' lang='lat' dir='ltr'><strong>mortuo</strong></span> 
     </span>
    </p>
   </div>
   <div class='ocr_carea' id='block_1_9' title="bbox 3523 914 3601 975">
    <p class='ocr_par' dir='ltr' id='par_1_9' title="bbox 3523 914 3601 975">
     <span class='ocr_line' id='line_1_14' title="bbox 3523 914 3601 975; baseline 0 0"><span class='ocrx_word' id='word_1_106' title='bbox 3523 914 3601 975; x_wconf 77' lang='lat'><strong>85</strong></span> 
     </span>
    </p>
   </div>
   <div class='ocr_carea' id='block_1_10' title="bbox 3473 1040 3681 1083">
    <p class='ocr_par' dir='ltr' id='par_1_10' title="bbox 3473 1040 3681 1083">
     <span class='ocr_line' id='line_1_15' title="bbox 3473 1040 3681 1083; baseline -0.005 0"><span class='ocrx_word' id='word_1_107' title='bbox 3473 1042 3538 1083; x_wconf 80' lang='lat' dir='ltr'><strong>An</strong></span> <span class='ocrx_word' id='word_1_108' title='bbox 3557 1040 3681 1083; x_wconf 75' lang='lat' dir='ltr'><strong>etiam</strong></span> 
     </span>
    </p>
   </div>
   <div class='ocr_carea' id='block_1_11' title="bbox 234 1089 3706 1172">
    <p class='ocr_par' dir='ltr' id='par_1_11' title="bbox 234 1089 3706 1172">
     <span class='ocr_line' id='line_1_16' title="bbox 234 1089 3706 1172; baseline -0.004 -12"><span class='ocrx_word' id='word_1_109' title='bbox 234 1101 323 1160; x_wconf 91' lang='lat' dir='ltr'><strong>ubi</strong></span> <span class='ocrx_word' id='word_1_110' title='bbox 342 1098 507 1158; x_wconf 90' lang='lat' dir='ltr'><strong>idem</strong></span> <span class='ocrx_word' id='word_1_111' title='bbox 537 1095 727 1168; x_wconf 87' lang='lat' dir='ltr'><strong>dicit,</strong></span> <span class='ocrx_word' id='word_1_112' title='bbox 781 1092 1032 1172; x_wconf 86' lang='lat' dir='ltr'><strong>quando</strong></span> <span class='ocrx_word' id='word_1_113' title='bbox 1076 1097 1366 1170; x_wconf 86' lang='lat' dir='ltr'><strong>parentes</strong></span> <span class='ocrx_word' id='word_1_114' title='bbox 1394 1095 1609 1151; x_wconf 81' lang='lat' dir='ltr'><strong>votum</strong></span> <span class='ocrx_word' id='word_1_115' title='bbox 1641 1089 1745 1148; x_wconf 87' lang='lat' dir='ltr'><strong>ha·</strong></span> <span class='ocrx_word' id='word_1_116' title='bbox 1838 1090 1973 1169; x_wconf 87' lang='lat' dir='ltr'><strong>jam</strong></span> <span class='ocrx_word' id='word_1_117' title='bbox 2001 1090 2126 1150; x_wconf 85' lang='lat' dir='ltr'><strong>filio</strong></span> <span class='ocrx_word' id='word_1_118' title='bbox 2176 1090 2443 1151; x_wconf 86' lang='lat' dir='ltr'><strong>naturali</strong></span> <span class='ocrx_word' id='word_1_119' title='bbox 2471 1094 2752 1168; x_wconf 89' lang='lat' dir='ltr'><strong>tempore</strong></span> <span class='ocrx_word' id='word_1_120' title='bbox 2795 1090 2930 1151; x_wconf 93' lang='lat' dir='ltr'><strong>initi</strong></span> <span class='ocrx_word' id='word_1_121' title='bbox 2977 1090 3374 1167; x_wconf 78' lang='lat' dir='ltr'><strong>matrimonii,</strong></span> <span class='ocrx_word' id='word_1_122' title='bbox 3456 1097 3706 1158; x_wconf 51' lang='lat' dir='ltr'><strong>”emta-‚0²</strong></span> 
     </span>
    </p>
   </div>
   <div class='ocr_carea' id='block_1_12' title="bbox 208 1185 1768 5519">
    <p class='ocr_par' dir='ltr' id='par_1_12' title="bbox 216 1185 1759 3573">
     <span class='ocr_line' id='line_1_17' title="bbox 230 1185 1750 1265; baseline -0.006 -13"><span class='ocrx_word' id='word_1_123' title='bbox 230 1195 427 1252; x_wconf 88' lang='lat' dir='ltr'><strong>berent</strong></span> <span class='ocrx_word' id='word_1_124' title='bbox 452 1188 779 1262; x_wconf 78' lang='lat' dir='ltr'><strong>castitatis,</strong></span> <span class='ocrx_word' id='word_1_125' title='bbox 808 1186 957 1265; x_wconf 84' lang='lat' dir='ltr'><strong>quia</strong></span> <span class='ocrx_word' id='word_1_126' title='bbox 985 1185 1047 1244; x_wconf 88' lang='lat' dir='ltr'><strong>in</strong></span> <span class='ocrx_word' id='word_1_127' title='bbox 1077 1190 1295 1245; x_wconf 91' lang='lat' dir='ltr'><strong>neutro</strong></span> <span class='ocrx_word' id='word_1_128' title='bbox 1313 1202 1459 1244; x_wconf 89' lang='lat' dir='ltr'><strong>casu</strong></span> <span class='ocrx_word' id='word_1_129' title='bbox 1488 1186 1750 1261; x_wconf 88' lang='lat' dir='ltr'><strong>possunt</strong></span> 
     </span>
     <span class='ocr_line' id='line_1_18' title="bbox 231 1276 1749 1362; baseline -0.007 -18"><span class='ocrx_word' id='word_1_130' title='bbox 231 1285 443 1362; x_wconf 77' lang='lat' dir='ltr'>absque</span> <span class='ocrx_word' id='word_1_131' title='bbox 491 1286 752 1359; x_wconf 88' lang='lat' dir='ltr'><strong>peccato</strong></span> <span class='ocrx_word' id='word_1_132' title='bbox 811 1276 1201 1339; x_wconf 82' lang='lat' dir='ltr'><strong>contrahere.</strong></span> <span class='ocrx_word' id='word_1_133' title='bbox 1265 1279 1609 1353; x_wconf 86' lang='lat' dir='ltr'><strong>Utrumque</strong></span> <span class='ocrx_word' id='word_1_134' title='bbox 1639 1293 1749 1334; x_wconf 86' lang='lat' dir='ltr'><strong>au-</strong></span> 
     </span>
     <span class='ocr_line' id='line_1_19' title="bbox 231 1365 1745 1450; baseline -0.009 -12"><span class='ocrx_word' id='word_1_135' title='bbox 231 1384 341 1439; x_wconf 85' lang='lat' dir='ltr'><strong>tem</strong></span> <span class='ocrx_word' id='word_1_136' title='bbox 367 1385 459 1435; x_wconf 84' lang='lat' dir='ltr'><strong>est</strong></span> <span class='ocrx_word' id='word_1_137' title='bbox 486 1380 711 1435; x_wconf 85' lang='lat' dir='ltr'><strong>contra</strong></span> <span class='ocrx_word' id='word_1_138' title='bbox 742 1371 1017 1450; x_wconf 80' lang='lat' dir='ltr'><strong>praxim,</strong></span> <span class='ocrx_word' id='word_1_139' title='bbox 1051 1375 1114 1430; x_wconf 91' lang='lat' dir='ltr'><strong>et</strong></span> <span class='ocrx_word' id='word_1_140' title='bbox 1142 1368 1345 1448; x_wconf 86' lang='lat' dir='ltr'><strong>rejicit</strong></span> <span class='ocrx_word' id='word_1_141' title='bbox 1373 1367 1603 1428; x_wconf 86' lang='lat' dir='ltr'><strong>Sanch.</strong></span> <span class='ocrx_word' id='word_1_142' title='bbox 1637 1365 1745 1440; x_wconf 89' lang='lat' dir='ltr'><strong>ibi,</strong></span> 
     </span>
     <span class='ocr_line' id='line_1_20' title="bbox 231 1458 1745 1545; baseline -0.009 -15"><span class='ocrx_word' id='word_1_143' title='bbox 231 1476 285 1532; x_wconf 84' lang='lat' dir='ltr'><strong>et</strong></span> <span class='ocrx_word' id='word_1_144' title='bbox 308 1468 451 1528; x_wconf 86' lang='lat' dir='ltr'><strong>dub.</strong></span> <span class='ocrx_word' id='word_1_145' title='bbox 498 1484 568 1528; x_wconf 90' lang='lat'><strong>11.</strong></span> <span class='ocrx_word' id='word_1_146' title='bbox 622 1465 772 1545; x_wconf 85' lang='lat' dir='ltr'><strong>quia</strong></span> <span class='ocrx_word' id='word_1_147' title='bbox 816 1464 981 1524; x_wconf 88' lang='lat' dir='ltr'><strong>filius</strong></span> <span class='ocrx_word' id='word_1_148' title='bbox 1021 1461 1323 1523; x_wconf 83' lang='lat' dir='ltr'><strong>naturalis</strong></span> <span class='ocrx_word' id='word_1_149' title='bbox 1367 1460 1592 1520; x_wconf 90' lang='lat' dir='ltr'><strong>dicitur</strong></span> <span class='ocrx_word' id='word_1_150' title='bbox 1620 1458 1745 1534; x_wconf 89' lang='lat' dir='ltr'><strong>ille,</strong></span> 
     </span>
     <span class='ocr_line' id='line_1_21' title="bbox 228 1552 1751 1640; baseline -0.008 -18"><span class='ocrx_word' id='word_1_151' title='bbox 228 1562 389 1640; x_wconf 80' lang='lat' dir='ltr'><strong>cujus</strong></span> <span class='ocrx_word' id='word_1_152' title='bbox 416 1565 712 1639; x_wconf 84' lang='lat' dir='ltr'><strong>parentes</strong></span> <span class='ocrx_word' id='word_1_153' title='bbox 759 1556 930 1616; x_wconf 89' lang='lat' dir='ltr'><strong>nullo</strong></span> <span class='ocrx_word' id='word_1_154' title='bbox 975 1554 1423 1634; x_wconf 90' lang='lat' dir='ltr'><strong>impedimento</strong></span> <span class='ocrx_word' id='word_1_155' title='bbox 1454 1552 1751 1612; x_wconf 86' lang='lat' dir='ltr'><strong>teneban-</strong></span> 
     </span>
     <span class='ocr_line' id='line_1_22' title="bbox 228 1645 1750 1731; baseline -0.009 -15"><span class='ocrx_word' id='word_1_156' title='bbox 228 1662 334 1730; x_wconf 86' lang='lat' dir='ltr'><strong>tur,</strong></span> <span class='ocrx_word' id='word_1_157' title='bbox 367 1652 703 1731; x_wconf 85' lang='lat' dir='ltr'><strong>quominus</strong></span> <span class='ocrx_word' id='word_1_158' title='bbox 725 1648 929 1708; x_wconf 80' lang='lat' dir='ltr'><strong>valide</strong></span> <span class='ocrx_word' id='word_1_159' title='bbox 960 1645 1420 1719; x_wconf 79' lang='lat' dir='ltr'><strong>contraherent,</strong></span> <span class='ocrx_word' id='word_1_160' title='bbox 1453 1645 1599 1706; x_wconf 91' lang='lat' dir='ltr'><strong>licet</strong></span> <span class='ocrx_word' id='word_1_161' title='bbox 1627 1662 1750 1704; x_wconf 92' lang='lat' dir='ltr'><strong>non</strong></span> 
     </span>
     <span class='ocr_line' id='line_1_23' title="bbox 224 1736 1746 1827; baseline -0.007 -20"><span class='ocrx_word' id='word_1_162' title='bbox 224 1749 461 1827; x_wconf 81' lang='lat' dir='ltr'><strong>possent</strong></span> <span class='ocrx_word' id='word_1_163' title='bbox 488 1745 684 1805; x_wconf 86' lang='lat' dir='ltr'><strong>licite.</strong></span> <span class='ocrx_word' id='word_1_164' title='bbox 735 1741 930 1803; x_wconf 86' lang='lat' dir='ltr'><strong>Addit</strong></span> <span class='ocrx_word' id='word_1_165' title='bbox 970 1758 1117 1800; x_wconf 85' lang='lat' dir='ltr'><strong>vero</strong></span> <span class='ocrx_word' id='word_1_166' title='bbox 1162 1739 1327 1798; x_wconf 90' lang='lat' dir='ltr'><strong>idem</strong></span> <span class='ocrx_word' id='word_1_167' title='bbox 1375 1736 1604 1799; x_wconf 90' lang='lat' dir='ltr'><strong>Sanch.</strong></span> <span class='ocrx_word' id='word_1_168' title='bbox 1638 1737 1746 1796; x_wconf 90' lang='lat' dir='ltr'><strong>lib.</strong></span> 
     </span>
     <span class='ocr_line' id='line_1_24' title="bbox 228 1830 1751 1912; baseline -0.009 -11"><span class='ocrx_word' id='word_1_169' title='bbox 228 1842 318 1901; x_wconf 81' lang='lat' dir='ltr'><strong>lx.</strong></span> <span class='ocrx_word' id='word_1_170' title='bbox 346 1837 415 1898; x_wconf 80' lang='lat' dir='ltr'><strong>de</strong></span> <span class='ocrx_word' id='word_1_171' title='bbox 440 1835 708 1898; x_wconf 78' lang='lat' dir='ltr'><strong>matrim.</strong></span> <span class='ocrx_word' id='word_1_172' title='bbox 750 1834 912 1912; x_wconf 85' lang='lat' dir='ltr'><strong>disp.</strong></span> <span class='ocrx_word' id='word_1_173' title='bbox 946 1849 1207 1893; x_wconf 82' lang='lat' dir='ltr'><strong>xxxvm.</strong></span> <span class='ocrx_word' id='word_1_174' title='bbox 1260 1851 1366 1890; x_wconf 91' lang='lat' dir='ltr'><strong>nu.</strong></span> <span class='ocrx_word' id='word_1_175' title='bbox 1400 1834 1459 1890; x_wconf 88' lang='lat'><strong>3.</strong></span> <span class='ocrx_word' id='word_1_176' title='bbox 1512 1830 1751 1907; x_wconf 88' lang='lat' dir='ltr'><strong>prolem</strong></span> 
     </span>
     <span class='ocr_line' id='line_1_25' title="bbox 226 1924 1754 2005; baseline -0.009 -12"><span class='ocrx_word' id='word_1_177' title='bbox 226 1931 491 1993; x_wconf 84' lang='lat' dir='ltr'><strong>habitam</strong></span> <span class='ocrx_word' id='word_1_178' title='bbox 543 1948 618 1988; x_wconf 80' lang='lat' dir='ltr'><strong>ex</strong></span> <span class='ocrx_word' id='word_1_179' title='bbox 648 1925 1024 2005; x_wconf 78' lang='lat' dir='ltr'><strong>conjugibus</strong></span> <span class='ocrx_word' id='word_1_180' title='bbox 1073 1924 1338 1984; x_wconf 84' lang='lat' dir='ltr'><strong>astrictis</strong></span> <span class='ocrx_word' id='word_1_181' title='bbox 1368 1926 1586 1982; x_wconf 91' lang='lat' dir='ltr'><strong>mutuo</strong></span> <span class='ocrx_word' id='word_1_182' title='bbox 1611 1940 1754 1982; x_wconf 89' lang='lat' dir='ltr'><strong>con-</strong></span> 
     </span>
     <span class='ocr_line' id='line_1_26' title="bbox 223 2014 1753 2099; baseline -0.008 -13"><span class='ocrx_word' id='word_1_183' title='bbox 223 2044 393 2086; x_wconf 85' lang='lat' dir='ltr'><strong>sensu</strong></span> <span class='ocrx_word' id='word_1_184' title='bbox 422 2027 575 2083; x_wconf 77' lang='lat' dir='ltr'><strong>voto</strong></span> <span class='ocrx_word' id='word_1_185' title='bbox 602 2019 874 2099; x_wconf 87' lang='lat' dir='ltr'><strong>simplici</strong></span> <span class='ocrx_word' id='word_1_186' title='bbox 904 2017 1230 2091; x_wconf 80' lang='lat' dir='ltr'><strong>castitatiS,</strong></span> <span class='ocrx_word' id='word_1_187' title='bbox 1263 2034 1399 2076; x_wconf 81' lang='lat' dir='ltr'><strong>esse</strong></span> <span class='ocrx_word' id='word_1_188' title='bbox 1428 2034 1574 2074; x_wconf 86' lang='lat' dir='ltr'><strong>vere</strong></span> <span class='ocrx_word' id='word_1_189' title='bbox 1603 2014 1753 2092; x_wconf 83' lang='lat' dir='ltr'><strong>legi-</strong></span> 
     </span>
     <span class='ocr_line' id='line_1_27' title="bbox 224 2106 1752 2193; baseline -0.009 -14"><span class='ocrx_word' id='word_1_190' title='bbox 224 2120 449 2193; x_wconf 86' lang='lat' dir='ltr'><strong>timam,</strong></span> <span class='ocrx_word' id='word_1_191' title='bbox 485 2121 552 2175; x_wconf 90' lang='lat' dir='ltr'><strong>et</strong></span> <span class='ocrx_word' id='word_1_192' title='bbox 579 2132 756 2174; x_wconf 89' lang='lat' dir='ltr'><strong>num.</strong></span> <span class='ocrx_word' id='word_1_193' title='bbox 789 2116 848 2173; x_wconf 81' lang='lat'><strong>5.</strong></span> <span class='ocrx_word' id='word_1_194' title='bbox 884 2117 946 2172; x_wconf 86' lang='lat' dir='ltr'><strong>et</strong></span> <span class='ocrx_word' id='word_1_195' title='bbox 973 2115 1032 2171; x_wconf 84' lang='lat'><strong>7.</strong></span> <span class='ocrx_word' id='word_1_196' title='bbox 1084 2109 1251 2169; x_wconf 87' lang='lat' dir='ltr'><strong>idem</strong></span> <span class='ocrx_word' id='word_1_197' title='bbox 1290 2108 1441 2169; x_wconf 91' lang='lat' dir='ltr'><strong>dicit</strong></span> <span class='ocrx_word' id='word_1_198' title='bbox 1470 2107 1547 2167; x_wconf 92' lang='lat' dir='ltr'><strong>de</strong></span> <span class='ocrx_word' id='word_1_199' title='bbox 1578 2106 1752 2186; x_wconf 90' lang='lat' dir='ltr'><strong>prole</strong></span> 
     </span>
     <span class='ocr_line' id='line_1_28' title="bbox 223 2199 1754 2280; baseline -0.008 -9"><span class='ocrx_word' id='word_1_200' title='bbox 223 2212 423 2272; x_wconf 84' lang='lat' dir='ltr'><strong>habita</strong></span> <span class='ocrx_word' id='word_1_201' title='bbox 451 2228 537 2268; x_wconf 78' lang='lat' dir='ltr'><strong>ex</strong></span> <span class='ocrx_word' id='word_1_202' title='bbox 561 2206 827 2280; x_wconf 87' lang='lat' dir='ltr'><strong>eisdem,</strong></span> <span class='ocrx_word' id='word_1_203' title='bbox 862 2204 1005 2264; x_wconf 89' lang='lat' dir='ltr'><strong>licet</strong></span> <span class='ocrx_word' id='word_1_204' title='bbox 1033 2203 1191 2264; x_wconf 90' lang='lat' dir='ltr'><strong>alter</strong></span> <span class='ocrx_word' id='word_1_205' title='bbox 1218 2202 1319 2261; x_wconf 78' lang='lat' dir='ltr'><strong>vel</strong></span> <span class='ocrx_word' id='word_1_206' title='bbox 1349 2207 1612 2280; x_wconf 88' lang='lat' dir='ltr'><strong>uterque</strong></span> <span class='ocrx_word' id='word_1_207' title='bbox 1644 2199 1754 2259; x_wconf 88' lang='lat' dir='ltr'><strong>de·-</strong></span> 
     </span>
     <span class='ocr_line' id='line_1_29' title="bbox 222 2292 1754 2374; baseline -0.008 -8"><span class='ocrx_word' id='word_1_208' title='bbox 222 2306 339 2366; x_wconf 83' lang='lat' dir='ltr'><strong>bito</strong></span> <span class='ocrx_word' id='word_1_209' title='bbox 365 2301 562 2363; x_wconf 89' lang='lat' dir='ltr'><strong>modo</strong></span> <span class='ocrx_word' id='word_1_210' title='bbox 593 2298 890 2361; x_wconf 81' lang='lat' dir='ltr'><strong>transiret</strong></span> <span class='ocrx_word' id='word_1_211' title='bbox 917 2296 997 2356; x_wconf 89' lang='lat' dir='ltr'><strong>ad</strong></span> <span class='ocrx_word' id='word_1_212' title='bbox 1030 2294 1480 2374; x_wconf 82' lang='lat' dir='ltr'><strong>professionem</strong></span> <span class='ocrx_word' id='word_1_213' title='bbox 1508 2292 1754 2371; x_wconf 82' lang='lat' dir='ltr'><strong>religio-</strong></span> 
     </span>
     <span class='ocr_line' id='line_1_30' title="bbox 222 2385 1754 2472; baseline -0.009 -14"><span class='ocrx_word' id='word_1_214' title='bbox 222 2416 365 2472; x_wconf 85' lang='lat' dir='ltr'><strong>sam,</strong></span> <span class='ocrx_word' id='word_1_215' title='bbox 397 2395 498 2455; x_wconf 80' lang='lat' dir='ltr'><strong>vel</strong></span> <span class='ocrx_word' id='word_1_216' title='bbox 535 2393 823 2453; x_wconf 87' lang='lat' dir='ltr'><strong>ordinem</strong></span> <span class='ocrx_word' id='word_1_217' title='bbox 870 2404 1158 2464; x_wconf 87' lang='lat' dir='ltr'><strong>sacrum,</strong></span> <span class='ocrx_word' id='word_1_218' title='bbox 1216 2386 1363 2446; x_wconf 88' lang='lat' dir='ltr'><strong>licet</strong></span> <span class='ocrx_word' id='word_1_219' title='bbox 1406 2386 1546 2447; x_wconf 86' lang='lat' dir='ltr'><strong>talis</strong></span> <span class='ocrx_word' id='word_1_220' title='bbox 1590 2385 1754 2445; x_wconf 85' lang='lat' dir='ltr'><strong>filius</strong></span> 
     </span>
     <span class='ocr_line' id='line_1_31' title="bbox 221 2478 1749 2566; baseline -0.009 -16"><span class='ocrx_word' id='word_1_221' title='bbox 221 2492 293 2551; x_wconf 85' lang='lat' dir='ltr'><strong>sit</strong></span> <span class='ocrx_word' id='word_1_222' title='bbox 315 2484 710 2566; x_wconf 83' lang='lat' dir='ltr'><strong>irregularis.</strong></span> <span class='ocrx_word' id='word_1_223' title='bbox 758 2481 938 2544; x_wconf 83' lang='lat' dir='ltr'><strong>Unde</strong></span> <span class='ocrx_word' id='word_1_224' title='bbox 979 2478 1388 2557; x_wconf 89' lang='lat' dir='ltr'><strong>rejiciendum</strong></span> <span class='ocrx_word' id='word_1_225' title='bbox 1419 2478 1605 2539; x_wconf 87' lang='lat' dir='ltr'><strong>etiam</strong></span> <span class='ocrx_word' id='word_1_226' title='bbox 1636 2481 1749 2554; x_wconf 90' lang='lat' dir='ltr'><strong>est,</strong></span> 
     </span>
     <span class='ocr_line' id='line_1_32' title="bbox 224 2570 1755 2661; baseline -0.008 -19"><span class='ocrx_word' id='word_1_227' title='bbox 224 2582 377 2661; x_wconf 86' lang='lat' dir='ltr'><strong>quod</strong></span> <span class='ocrx_word' id='word_1_228' title='bbox 407 2580 569 2639; x_wconf 92' lang='lat' dir='ltr'><strong>dicit</strong></span> <span class='ocrx_word' id='word_1_229' title='bbox 596 2577 769 2637; x_wconf 91' lang='lat' dir='ltr'><strong>idem</strong></span> <span class='ocrx_word' id='word_1_230' title='bbox 784 2577 975 2653; x_wconf 81' lang='lat' dir='ltr'><strong>Vasq.</strong></span> <span class='ocrx_word' id='word_1_231' title='bbox 1011 2591 1180 2633; x_wconf 91' lang='lat' dir='ltr'><strong>num.</strong></span> <span class='ocrx_word' id='word_1_232' title='bbox 1207 2576 1306 2632; x_wconf 73' lang='lat'><strong>32.</strong></span> <span class='ocrx_word' id='word_1_233' title='bbox 1341 2571 1507 2650; x_wconf 83' lang='lat' dir='ltr'><strong>quod</strong></span> <span class='ocrx_word' id='word_1_234' title='bbox 1540 2570 1591 2631; x_wconf 87' lang='lat' dir='ltr'><strong>si</strong></span> <span class='ocrx_word' id='word_1_235' title='bbox 1620 2587 1755 2630; x_wconf 86' lang='lat' dir='ltr'><strong>ma-</strong></span> 
     </span>
     <span class='ocr_line' id='line_1_33' title="bbox 223 2663 1755 2742; baseline -0.008 -5"><span class='ocrx_word' id='word_1_236' title='bbox 223 2682 305 2737; x_wconf 84' lang='lat' dir='ltr'><strong>ter</strong></span> <span class='ocrx_word' id='word_1_237' title='bbox 332 2692 456 2735; x_wconf 92' lang='lat' dir='ltr'><strong>non</strong></span> <span class='ocrx_word' id='word_1_238' title='bbox 489 2678 631 2732; x_wconf 83' lang='lat' dir='ltr'><strong>erat</strong></span> <span class='ocrx_word' id='word_1_239' title='bbox 659 2667 990 2742; x_wconf 89' lang='lat' dir='ltr'><strong>catholica,</strong></span> <span class='ocrx_word' id='word_1_240' title='bbox 1023 2665 1187 2725; x_wconf 89' lang='lat' dir='ltr'><strong>filius</strong></span> <span class='ocrx_word' id='word_1_241' title='bbox 1217 2668 1309 2724; x_wconf 91' lang='lat' dir='ltr'><strong>est</strong></span> <span class='ocrx_word' id='word_1_242' title='bbox 1336 2663 1605 2742; x_wconf 85' lang='lat' dir='ltr'><strong>spurius,</strong></span> <span class='ocrx_word' id='word_1_243' title='bbox 1641 2682 1755 2724; x_wconf 90' lang='lat' dir='ltr'><strong>nec</strong></span> 
     </span>
     <span class='ocr_line' id='line_1_34' title="bbox 218 2756 1752 2846; baseline -0.008 -17"><span class='ocrx_word' id='word_1_244' title='bbox 218 2768 599 2846; x_wconf 75' lang='lat' dir='ltr'><strong>legitimatur</strong></span> <span class='ocrx_word' id='word_1_245' title='bbox 627 2760 1034 2840; x_wconf 82' lang='lat' dir='ltr'><strong>subsequenti</strong></span> <span class='ocrx_word' id='word_1_246' title='bbox 1062 2757 1483 2833; x_wconf 86' lang='lat' dir='ltr'><strong>matrimonio,</strong></span> <span class='ocrx_word' id='word_1_247' title='bbox 1502 2757 1647 2818; x_wconf 88' lang='lat' dir='ltr'><strong>licet</strong></span> <span class='ocrx_word' id='word_1_248' title='bbox 1674 2756 1752 2817; x_wconf 89' lang='lat' dir='ltr'><strong>ad</strong></span> 
     </span>
     <span class='ocr_line' id='line_1_35' title="bbox 216 2849 1756 2924; baseline -0.01 -2"><span class='ocrx_word' id='word_1_249' title='bbox 216 2861 395 2924; x_wconf 84' lang='lat' dir='ltr'><strong>fidem</strong></span> <span class='ocrx_word' id='word_1_250' title='bbox 424 2861 844 2919; x_wconf 80' lang='lat' dir='ltr'><strong>convertatur</strong></span> <span class='ocrx_word' id='word_1_251' title='bbox 873 2873 888 2912; x_wconf 90' lang='lat'>:</span> <span class='ocrx_word' id='word_1_252' title='bbox 922 2853 974 2912; x_wconf 88' lang='lat' dir='ltr'><strong>si</strong></span> <span class='ocrx_word' id='word_1_253' title='bbox 1003 2856 1209 2912; x_wconf 89' lang='lat' dir='ltr'><strong>tamen</strong></span> <span class='ocrx_word' id='word_1_254' title='bbox 1240 2855 1443 2910; x_wconf 85' lang='lat' dir='ltr'><strong>mater</strong></span> <span class='ocrx_word' id='word_1_255' title='bbox 1473 2854 1634 2910; x_wconf 89' lang='lat' dir='ltr'><strong>esset</strong></span> <span class='ocrx_word' id='word_1_256' title='bbox 1663 2849 1756 2908; x_wconf 91' lang='lat' dir='ltr'><strong>in-</strong></span> 
     </span>
     <span class='ocr_line' id='line_1_36' title="bbox 218 2942 1754 3027; baseline -0.009 -12"><span class='ocrx_word' id='word_1_257' title='bbox 218 2954 407 3016; x_wconf 84' lang='lat' dir='ltr'><strong>fidelis</strong></span> <span class='ocrx_word' id='word_1_258' title='bbox 434 2970 571 3012; x_wconf 87' lang='lat' dir='ltr'><strong>non</strong></span> <span class='ocrx_word' id='word_1_259' title='bbox 600 2946 939 3027; x_wconf 82' lang='lat' dir='ltr'><strong>baptizata,</strong></span> <span class='ocrx_word' id='word_1_260' title='bbox 971 2963 1190 3006; x_wconf 82' lang='lat' dir='ltr'><strong>verum</strong></span> <span class='ocrx_word' id='word_1_261' title='bbox 1220 2948 1404 3017; x_wconf 88' lang='lat' dir='ltr'><strong>esset,</strong></span> <span class='ocrx_word' id='word_1_262' title='bbox 1428 2942 1575 3021; x_wconf 84' lang='lat' dir='ltr'><strong>quia</strong></span> <span class='ocrx_word' id='word_1_263' title='bbox 1601 2942 1754 3002; x_wconf 87' lang='lat' dir='ltr'><strong>illud</strong></span> 
     </span>
     <span class='ocr_line' id='line_1_37' title="bbox 217 3034 1753 3123; baseline -0.009 -15"><span class='ocrx_word' id='word_1_264' title='bbox 217 3054 341 3108; x_wconf 80' lang='lat' dir='ltr'><strong>erat</strong></span> <span class='ocrx_word' id='word_1_265' title='bbox 360 3043 891 3123; x_wconf 86' lang='lat' dir='ltr'><strong>impedimentum</strong></span> <span class='ocrx_word' id='word_1_266' title='bbox 914 3037 1213 3098; x_wconf 84' lang='lat' dir='ltr'><strong>dirimens</strong></span> <span class='ocrx_word' id='word_1_267' title='bbox 1228 3035 1608 3114; x_wconf 83' lang='lat' dir='ltr'><strong>disparitatis</strong></span> <span class='ocrx_word' id='word_1_268' title='bbox 1628 3034 1753 3094; x_wconf 89' lang='lat' dir='ltr'><strong>cul-</strong></span> 
     </span>
     <span class='ocr_line' id='line_1_38' title="bbox 218 3128 1754 3209; baseline -0.01 -6"><span class='ocrx_word' id='word_1_269' title='bbox 218 3145 328 3202; x_wconf 88' lang='lat' dir='ltr'><strong>tus.</strong></span> <span class='ocrx_word' id='word_1_270' title='bbox 378 3137 590 3201; x_wconf 85' lang='lat' dir='ltr'><strong>Debet</strong></span> <span class='ocrx_word' id='word_1_271' title='bbox 616 3139 829 3196; x_wconf 88' lang='lat' dir='ltr'><strong>autem</strong></span> <span class='ocrx_word' id='word_1_272' title='bbox 859 3130 1099 3193; x_wconf 87' lang='lat' dir='ltr'><strong>attendi</strong></span> <span class='ocrx_word' id='word_1_273' title='bbox 1126 3136 1376 3209; x_wconf 89' lang='lat' dir='ltr'><strong>tempus</strong></span> <span class='ocrx_word' id='word_1_274' title='bbox 1402 3128 1501 3188; x_wconf 85' lang='lat' dir='ltr'><strong>vel</strong></span> <span class='ocrx_word' id='word_1_275' title='bbox 1530 3146 1754 3188; x_wconf 90' lang='lat' dir='ltr'><strong>conce-</strong></span> 
     </span>
     <span class='ocr_line' id='line_1_39' title="bbox 217 3222 1754 3313; baseline -0.01 -18"><span class='ocrx_word' id='word_1_276' title='bbox 217 3233 438 3313; x_wconf 82' lang='lat' dir='ltr'><strong>ptionis</strong></span> <span class='ocrx_word' id='word_1_277' title='bbox 461 3278 481 3308; x_wconf 89' lang='lat'><strong>,</strong></span> <span class='ocrx_word' id='word_1_278' title='bbox 538 3229 638 3289; x_wconf 83' lang='lat' dir='ltr'><strong>vel</strong></span> <span class='ocrx_word' id='word_1_279' title='bbox 668 3225 1047 3301; x_wconf 76' lang='lat' dir='ltr'><strong>nativitatiS,</strong></span> <span class='ocrx_word' id='word_1_280' title='bbox 1105 3224 1474 3285; x_wconf 86' lang='lat' dir='ltr'><strong>alterutrum</strong></span> <span class='ocrx_word' id='word_1_281' title='bbox 1522 3222 1754 3301; x_wconf 91' lang='lat' dir='ltr'><strong>quippe</strong></span> 
     </span>
     <span class='ocr_line' id='line_1_40' title="bbox 216 3316 1759 3400; baseline -0.008 -13"><span class='ocrx_word' id='word_1_282' title='bbox 216 3327 478 3400; x_wconf 85' lang='lat' dir='ltr'><strong>sufficit,</strong></span> <span class='ocrx_word' id='word_1_283' title='bbox 532 3328 602 3383; x_wconf 92' lang='lat' dir='ltr'><strong>ut</strong></span> <span class='ocrx_word' id='word_1_284' title='bbox 648 3320 815 3381; x_wconf 90' lang='lat' dir='ltr'><strong>filius</strong></span> <span class='ocrx_word' id='word_1_285' title='bbox 854 3337 979 3379; x_wconf 91' lang='lat' dir='ltr'><strong>non</strong></span> <span class='ocrx_word' id='word_1_286' title='bbox 1020 3317 1101 3378; x_wconf 92' lang='lat' dir='ltr'><strong>sit</strong></span> <span class='ocrx_word' id='word_1_287' title='bbox 1135 3316 1417 3395; x_wconf 81' lang='lat' dir='ltr'><strong>spuriuS,</strong></span> <span class='ocrx_word' id='word_1_288' title='bbox 1469 3320 1538 3376; x_wconf 90' lang='lat' dir='ltr'><strong>ut</strong></span> <span class='ocrx_word' id='word_1_289' title='bbox 1583 3320 1759 3376; x_wconf 86' lang='lat' dir='ltr'><strong>notat</strong></span> 
     </span>
     <span class='ocr_line' id='line_1_41' title="bbox 216 3410 1751 3493; baseline -0.007 -13"><span class='ocrx_word' id='word_1_290' title='bbox 216 3419 442 3480; x_wconf 77' lang='lat' dir='ltr'><strong>Melina</strong></span> <span class='ocrx_word' id='word_1_291' title='bbox 490 3416 728 3493; x_wconf 87' lang='lat' dir='ltr'><strong>disput.</strong></span> <span class='ocrx_word' id='word_1_292' title='bbox 785 3411 1073 3473; x_wconf 87' lang='lat' dir='ltr'><strong>CLXXII.</strong></span> <span class='ocrx_word' id='word_1_293' title='bbox 1122 3410 1178 3487; x_wconf 85' lang='lat'><strong>§.</strong></span> <span class='ocrx_word' id='word_1_294' title='bbox 1227 3426 1270 3470; x_wconf 91' lang='lat'><strong>1.</strong></span> <span class='ocrx_word' id='word_1_295' title='bbox 1324 3413 1388 3467; x_wconf 93' lang='lat' dir='ltr'><strong>et</strong></span> <span class='ocrx_word' id='word_1_296' title='bbox 1431 3426 1600 3467; x_wconf 89' lang='lat' dir='ltr'><strong>num.</strong></span> <span class='ocrx_word' id='word_1_297' title='bbox 1651 3411 1751 3469; x_wconf 81' lang='lat'><strong>27.</strong></span> 
     </span>
     <span class='ocr_line' id='line_1_42' title="bbox 217 3516 396 3573; baseline 0.006 -2"><span class='ocrx_word' id='word_1_298' title='bbox 217 3518 274 3573; x_wconf 86' lang='lat' dir='ltr'><strong>et</strong></span> <span class='ocrx_word' id='word_1_299' title='bbox 295 3516 396 3573; x_wconf 70' lang='lat'><strong>29.</strong></span> 
     </span>
    </p>

    <p class='ocr_par' dir='ltr' id='par_1_13' title="bbox 208 3592 1768 5448">
     <span class='ocr_line' id='line_1_43' title="bbox 290 3592 1760 3676; baseline -0.008 -11"><span class='ocrx_word' id='word_1_300' title='bbox 290 3600 592 3666; x_wconf 86' lang='lat' dir='ltr'><strong>Secundo</strong></span> <span class='ocrx_word' id='word_1_301' title='bbox 623 3596 1106 3676; x_wconf 88' lang='lat' dir='ltr'><strong>supponendum</strong></span> <span class='ocrx_word' id='word_1_302' title='bbox 1127 3599 1240 3670; x_wconf 89' lang='lat' dir='ltr'><strong>est,</strong></span> <span class='ocrx_word' id='word_1_303' title='bbox 1266 3592 1576 3672; x_wconf 88' lang='lat' dir='ltr'><strong>ejusmodi</strong></span> <span class='ocrx_word' id='word_1_304' title='bbox 1602 3593 1760 3654; x_wconf 88' lang='lat' dir='ltr'><strong>filios</strong></span> 
     </span>
     <span class='ocr_line' id='line_1_44' title="bbox 217 3686 1759 3769; baseline -0.008 -12"><span class='ocrx_word' id='word_1_305' title='bbox 217 3695 539 3759; x_wconf 84' lang='lat' dir='ltr'><strong>naturales</strong></span> <span class='ocrx_word' id='word_1_306' title='bbox 564 3691 929 3769; x_wconf 84' lang='lat' dir='ltr'><strong>illegitimos</strong></span> <span class='ocrx_word' id='word_1_307' title='bbox 958 3689 1094 3749; x_wconf 79' lang='lat' dir='ltr'><strong>sieri</strong></span> <span class='ocrx_word' id='word_1_308' title='bbox 1122 3687 1434 3765; x_wconf 83' lang='lat' dir='ltr'><strong>legitimos</strong></span> <span class='ocrx_word' id='word_1_309' title='bbox 1477 3704 1589 3763; x_wconf 87' lang='lat' dir='ltr'><strong>per</strong></span> <span class='ocrx_word' id='word_1_310' title='bbox 1618 3686 1759 3746; x_wconf 88' lang='lat' dir='ltr'><strong>sub-</strong></span> 
     </span>
     <span class='ocr_line' id='line_1_45' title="bbox 217 3777 1768 3870; baseline -0.009 -19"><span class='ocrx_word' id='word_1_311' title='bbox 217 3808 488 3870; x_wconf 84' lang='lat' dir='ltr'><strong>sequens</strong></span> <span class='ocrx_word' id='word_1_312' title='bbox 521 3783 997 3846; x_wconf 84' lang='lat' dir='ltr'><strong>matrimonium</strong></span> <span class='ocrx_word' id='word_1_313' title='bbox 1023 3828 1038 3858; x_wconf 92' lang='lat'><strong>,</strong></span> <span class='ocrx_word' id='word_1_314' title='bbox 1086 3800 1162 3841; x_wconf 84' lang='lat' dir='ltr'><strong>ex</strong></span> <span class='ocrx_word' id='word_1_315' title='bbox 1190 3800 1243 3840; x_wconf 92' lang='lat' dir='ltr'><strong>c.</strong></span> <span class='ocrx_word' id='word_1_316' title='bbox 1280 3788 1444 3839; x_wconf 81' lang='lat' dir='ltr'><strong>tanta</strong></span> <span class='ocrx_word' id='word_1_317' title='bbox 1468 3825 1483 3854; x_wconf 91' lang='lat'><strong>,</strong></span> <span class='ocrx_word' id='word_1_318' title='bbox 1516 3778 1621 3858; x_wconf 81' lang='lat' dir='ltr'><strong>qui</strong></span> <span class='ocrx_word' id='word_1_319' title='bbox 1646 3777 1768 3859; x_wconf 77' lang='lat' dir='ltr'><strong>filii</strong></span> 
     </span>
     <span class='ocr_line' id='line_1_46' title="bbox 214 3872 1761 3962; baseline -0.01 -17"><span class='ocrx_word' id='word_1_320' title='bbox 214 3886 322 3945; x_wconf 73' lang='lat' dir='ltr'><strong>sint</strong></span> <span class='ocrx_word' id='word_1_321' title='bbox 353 3880 633 3962; x_wconf 71' lang='lat' dir='ltr'><strong>Ieyitimi.</strong></span> <span class='ocrx_word' id='word_1_322' title='bbox 670 3877 767 3939; x_wconf 84' lang='lat' dir='ltr'><strong>Ad</strong></span> <span class='ocrx_word' id='word_1_323' title='bbox 797 3876 961 3936; x_wconf 86' lang='lat' dir='ltr'><strong>hanc</strong></span> <span class='ocrx_word' id='word_1_324' title='bbox 1005 3880 1214 3935; x_wconf 88' lang='lat' dir='ltr'><strong>autem</strong></span> <span class='ocrx_word' id='word_1_325' title='bbox 1244 3872 1761 3951; x_wconf 82' lang='lat' dir='ltr'><strong>legitimationem</strong></span> 
     </span>
     <span class='ocr_line' id='line_1_47' title="bbox 217 3965 1762 4054; baseline -0.008 -16"><span class='ocrx_word' id='word_1_326' title='bbox 217 3997 335 4038; x_wconf 90' lang='lat' dir='ltr'><strong>non</strong></span> <span class='ocrx_word' id='word_1_327' title='bbox 364 3973 721 4054; x_wconf 82' lang='lat' dir='ltr'><strong>requiritur</strong></span> <span class='ocrx_word' id='word_1_328' title='bbox 749 3988 1089 4030; x_wconf 80' lang='lat' dir='ltr'><strong>consensus</strong></span> <span class='ocrx_word' id='word_1_329' title='bbox 1108 3972 1458 4046; x_wconf 85' lang='lat' dir='ltr'><strong>parentum,</strong></span> <span class='ocrx_word' id='word_1_330' title='bbox 1482 3965 1580 4024; x_wconf 86' lang='lat' dir='ltr'><strong>vel</strong></span> <span class='ocrx_word' id='word_1_331' title='bbox 1609 3965 1762 4025; x_wconf 88' lang='lat' dir='ltr'><strong>filio-</strong></span> 
     </span>
     <span class='ocr_line' id='line_1_48' title="bbox 214 4057 1758 4144; baseline -0.008 -13"><span class='ocrx_word' id='word_1_332' title='bbox 214 4089 373 4144; x_wconf 84' lang='lat' dir='ltr'><strong>rum,</strong></span> <span class='ocrx_word' id='word_1_333' title='bbox 406 4066 529 4128; x_wconf 88' lang='lat' dir='ltr'><strong>sed</strong></span> <span class='ocrx_word' id='word_1_334' title='bbox 559 4064 712 4142; x_wconf 88' lang='lat' dir='ltr'><strong>ipsis</strong></span> <span class='ocrx_word' id='word_1_335' title='bbox 726 4063 937 4123; x_wconf 80' lang='lat' dir='ltr'><strong>invitis</strong></span> <span class='ocrx_word' id='word_1_336' title='bbox 955 4060 1301 4121; x_wconf 84' lang='lat' dir='ltr'><strong>necessario</strong></span> <span class='ocrx_word' id='word_1_337' title='bbox 1323 4057 1758 4136; x_wconf 79' lang='lat' dir='ltr'><strong>consequitur:</strong></span> 
     </span>
     <span class='ocr_line' id='line_1_49' title="bbox 214 4150 1762 4240; baseline -0.008 -17"><span class='ocrx_word' id='word_1_338' title='bbox 214 4182 322 4223; x_wconf 86' lang='lat' dir='ltr'><strong>nec</strong></span> <span class='ocrx_word' id='word_1_339' title='bbox 348 4157 677 4240; x_wconf 88' lang='lat' dir='ltr'><strong>ejusmodi</strong></span> <span class='ocrx_word' id='word_1_340' title='bbox 725 4153 1095 4233; x_wconf 85' lang='lat' dir='ltr'><strong>legitimatio</strong></span> <span class='ocrx_word' id='word_1_341' title='bbox 1138 4156 1473 4215; x_wconf 85' lang='lat' dir='ltr'><strong>revocatur</strong></span> <span class='ocrx_word' id='word_1_342' title='bbox 1514 4169 1624 4227; x_wconf 90' lang='lat' dir='ltr'><strong>per</strong></span> <span class='ocrx_word' id='word_1_343' title='bbox 1653 4150 1762 4210; x_wconf 84' lang='lat' dir='ltr'><strong>tilii</strong></span> 
     </span>
     <span class='ocr_line' id='line_1_50' title="bbox 210 4242 1764 4335; baseline -0.011 -17"><span class='ocrx_word' id='word_1_344' title='bbox 210 4251 742 4335; x_wconf 84' lang='lat' dir='ltr'><strong>ingratitudinem</strong></span> <span class='ocrx_word' id='word_1_345' title='bbox 766 4295 781 4324; x_wconf 91' lang='lat'><strong>,</strong></span> <span class='ocrx_word' id='word_1_346' title='bbox 833 4248 995 4307; x_wconf 87' lang='lat' dir='ltr'><strong>sicut</strong></span> <span class='ocrx_word' id='word_1_347' title='bbox 1036 4245 1401 4324; x_wconf 85' lang='lat' dir='ltr'><strong>legitimatio</strong></span> <span class='ocrx_word' id='word_1_348' title='bbox 1440 4262 1516 4303; x_wconf 89' lang='lat' dir='ltr'><strong>ex</strong></span> <span class='ocrx_word' id='word_1_349' title='bbox 1543 4242 1764 4303; x_wconf 85' lang='lat' dir='ltr'><strong>rescri-</strong></span> 
     </span>
     <span class='ocr_line' id='line_1_51' title="bbox 211 4336 1761 4427; baseline -0.01 -17"><span class='ocrx_word' id='word_1_350' title='bbox 211 4356 313 4427; x_wconf 84' lang='lat' dir='ltr'><strong>pto</strong></span> <span class='ocrx_word' id='word_1_351' title='bbox 340 4343 659 4427; x_wconf 90' lang='lat' dir='ltr'><strong>principis</strong></span> <span class='ocrx_word' id='word_1_352' title='bbox 689 4345 1024 4401; x_wconf 78' lang='lat' dir='ltr'><strong>revocatur</strong></span> <span class='ocrx_word' id='word_1_353' title='bbox 1063 4337 1269 4416; x_wconf 85' lang='lat' dir='ltr'><strong>quoad</strong></span> <span class='ocrx_word' id='word_1_354' title='bbox 1302 4336 1761 4396; x_wconf 87' lang='lat' dir='ltr'><strong>successionem</strong></span> 
     </span>
     <span class='ocr_line' id='line_1_52' title="bbox 210 4429 1766 4516; baseline -0.01 -13"><span class='ocrx_word' id='word_1_355' title='bbox 210 4442 268 4501; x_wconf 86' lang='lat' dir='ltr'><strong>in</strong></span> <span class='ocrx_word' id='word_1_356' title='bbox 297 4440 491 4502; x_wconf 88' lang='lat' dir='ltr'><strong>bonis</strong></span> <span class='ocrx_word' id='word_1_357' title='bbox 521 4436 661 4516; x_wconf 88' lang='lat' dir='ltr'><strong>ejus</strong></span> <span class='ocrx_word' id='word_1_358' title='bbox 701 4432 977 4512; x_wconf 86' lang='lat' dir='ltr'><strong>parentis</strong></span> <span class='ocrx_word' id='word_1_359' title='bbox 1001 4479 1016 4507; x_wconf 89' lang='lat'><strong>,</strong></span> <span class='ocrx_word' id='word_1_360' title='bbox 1077 4429 1174 4491; x_wconf 90' lang='lat' dir='ltr'><strong>cui</strong></span> <span class='ocrx_word' id='word_1_361' title='bbox 1214 4429 1597 4507; x_wconf 84' lang='lat' dir='ltr'><strong>legitimatur</strong></span> <span class='ocrx_word' id='word_1_362' title='bbox 1619 4473 1634 4504; x_wconf 92' lang='lat'><strong>,</strong></span> <span class='ocrx_word' id='word_1_363' title='bbox 1695 4432 1766 4488; x_wconf 90' lang='lat' dir='ltr'><strong>ut</strong></span> 
     </span>
     <span class='ocr_line' id='line_1_53' title="bbox 211 4522 1756 4600; baseline -0.009 -6"><span class='ocrx_word' id='word_1_364' title='bbox 211 4552 351 4593; x_wconf 88' lang='lat' dir='ltr'><strong>cum</strong></span> <span class='ocrx_word' id='word_1_365' title='bbox 381 4527 717 4593; x_wconf 89' lang='lat' dir='ltr'><strong>communi</strong></span> <span class='ocrx_word' id='word_1_366' title='bbox 764 4526 951 4585; x_wconf 89' lang='lat' dir='ltr'><strong>docet</strong></span> <span class='ocrx_word' id='word_1_367' title='bbox 976 4523 1206 4584; x_wconf 87' lang='lat' dir='ltr'><strong>Molina</strong></span> <span class='ocrx_word' id='word_1_368' title='bbox 1245 4522 1412 4600; x_wconf 88' lang='lat' dir='ltr'><strong>disp.</strong></span> <span class='ocrx_word' id='word_1_369' title='bbox 1445 4537 1667 4581; x_wconf 66' lang='lat' dir='ltr'><strong>ctxxu.</strong></span> <span class='ocrx_word' id='word_1_370' title='bbox 1700 4522 1756 4598; x_wconf 64' lang='grc' dir='ltr'><strong>ἓ.</strong></span> 
     </span>
     <span class='ocr_line' id='line_1_54' title="bbox 216 4613 1763 4694; baseline -0.01 -6"><span class='ocrx_word' id='word_1_371' title='bbox 216 4626 294 4687; x_wconf 71' lang='lat' dir='ltr'><strong>[ft</strong></span> <span class='ocrx_word' id='word_1_372' title='bbox 318 4621 655 4686; x_wconf 77' lang='lat' dir='ltr'><strong>naturales.</strong></span> <span class='ocrx_word' id='word_1_373' title='bbox 714 4621 852 4680; x_wconf 88' lang='lat' dir='ltr'><strong>Non</strong></span> <span class='ocrx_word' id='word_1_374' title='bbox 888 4622 1098 4678; x_wconf 88' lang='lat' dir='ltr'><strong>tamen</strong></span> <span class='ocrx_word' id='word_1_375' title='bbox 1130 4616 1547 4694; x_wconf 80' lang='lat' dir='ltr'><strong>praeferuntur</strong></span> <span class='ocrx_word' id='word_1_376' title='bbox 1574 4613 1615 4673; x_wconf 89' lang='lat' dir='ltr'><strong>ii</strong></span> <span class='ocrx_word' id='word_1_377' title='bbox 1654 4613 1763 4674; x_wconf 77' lang='lat' dir='ltr'><strong>filii</strong></span> 
     </span>
     <span class='ocr_line' id='line_1_55' title="bbox 211 4705 1764 4787; baseline -0.007 -10"><span class='ocrx_word' id='word_1_378' title='bbox 211 4719 270 4778; x_wconf 88' lang='lat' dir='ltr'><strong>in</strong></span> <span class='ocrx_word' id='word_1_379' title='bbox 298 4715 711 4779; x_wconf 82' lang='lat' dir='ltr'><strong>successione</strong></span> <span class='ocrx_word' id='word_1_380' title='bbox 743 4710 937 4785; x_wconf 86' lang='lat' dir='ltr'><strong>feudi,</strong></span> <span class='ocrx_word' id='word_1_381' title='bbox 981 4714 1044 4770; x_wconf 92' lang='lat' dir='ltr'><strong>et</strong></span> <span class='ocrx_word' id='word_1_382' title='bbox 1069 4708 1362 4768; x_wconf 86' lang='lat' dir='ltr'><strong>similium</strong></span> <span class='ocrx_word' id='word_1_383' title='bbox 1395 4726 1533 4786; x_wconf 75' lang='lat' dir='ltr'><strong>quae</strong></span> <span class='ocrx_word' id='word_1_384' title='bbox 1563 4705 1764 4787; x_wconf 88' lang='lat' dir='ltr'><strong>majo-</strong></span> 
     </span>
     <span class='ocr_line' id='line_1_56' title="bbox 208 4799 1763 4880; baseline -0.007 -8"><span class='ocrx_word' id='word_1_385' title='bbox 208 4812 380 4872; x_wconf 83' lang='lat' dir='ltr'><strong>ribus</strong></span> <span class='ocrx_word' id='word_1_386' title='bbox 410 4815 571 4871; x_wconf 83' lang='lat' dir='ltr'><strong>natu</strong></span> <span class='ocrx_word' id='word_1_387' title='bbox 604 4806 937 4879; x_wconf 87' lang='lat' dir='ltr'><strong>debentur,</strong></span> <span class='ocrx_word' id='word_1_388' title='bbox 970 4802 1046 4863; x_wconf 90' lang='lat' dir='ltr'><strong>iis</strong></span> <span class='ocrx_word' id='word_1_389' title='bbox 1077 4801 1216 4861; x_wconf 80' lang='lat' dir='ltr'><strong>filiis</strong></span> <span class='ocrx_word' id='word_1_390' title='bbox 1245 4801 1354 4880; x_wconf 91' lang='lat' dir='ltr'><strong>qui</strong></span> <span class='ocrx_word' id='word_1_391' title='bbox 1382 4800 1530 4860; x_wconf 89' lang='lat' dir='ltr'><strong>licet</strong></span> <span class='ocrx_word' id='word_1_392' title='bbox 1551 4799 1763 4879; x_wconf 86' lang='lat' dir='ltr'><strong>junio-</strong></span> 
     </span>
     <span class='ocr_line' id='line_1_57' title="bbox 209 4894 1762 4977; baseline -0.008 -11"><span class='ocrx_word' id='word_1_393' title='bbox 209 4923 307 4965; x_wconf 82' lang='lat' dir='ltr'><strong>res</strong></span> <span class='ocrx_word' id='word_1_394' title='bbox 333 4906 490 4977; x_wconf 87' lang='lat' dir='ltr'><strong>sint,</strong></span> <span class='ocrx_word' id='word_1_395' title='bbox 525 4900 660 4961; x_wconf 86' lang='lat' dir='ltr'><strong>nati</strong></span> <span class='ocrx_word' id='word_1_396' title='bbox 688 4901 833 4959; x_wconf 89' lang='lat' dir='ltr'><strong>sunt</strong></span> <span class='ocrx_word' id='word_1_397' title='bbox 860 4902 1071 4957; x_wconf 88' lang='lat' dir='ltr'><strong>tamen</strong></span> <span class='ocrx_word' id='word_1_398' title='bbox 1092 4914 1164 4955; x_wconf 84' lang='lat' dir='ltr'><strong>ex</strong></span> <span class='ocrx_word' id='word_1_399' title='bbox 1196 4894 1314 4954; x_wconf 90' lang='lat' dir='ltr'><strong>alio</strong></span> <span class='ocrx_word' id='word_1_400' title='bbox 1335 4894 1611 4972; x_wconf 80' lang='lat' dir='ltr'><strong>legitimo</strong></span> <span class='ocrx_word' id='word_1_401' title='bbox 1633 4912 1762 4953; x_wconf 90' lang='lat' dir='ltr'><strong>ma·</strong></span> 
     </span>
     <span class='ocr_line' id='line_1_58' title="bbox 210 4986 1761 5070; baseline -0.008 -13"><span class='ocrx_word' id='word_1_402' title='bbox 210 4995 537 5067; x_wconf 79' lang='lat' dir='ltr'><strong>trimoni0‚</strong></span> <span class='ocrx_word' id='word_1_403' title='bbox 573 4997 919 5070; x_wconf 87' lang='lat' dir='ltr'><strong>antequam</strong></span> <span class='ocrx_word' id='word_1_404' title='bbox 949 4988 1034 5048; x_wconf 91' lang='lat' dir='ltr'><strong>illi</strong></span> <span class='ocrx_word' id='word_1_405' title='bbox 1055 4988 1156 5047; x_wconf 88' lang='lat' dir='ltr'><strong>alii</strong></span> <span class='ocrx_word' id='word_1_406' title='bbox 1177 4987 1449 5047; x_wconf 89' lang='lat' dir='ltr'><strong>seniores</strong></span> <span class='ocrx_word' id='word_1_407' title='bbox 1480 5006 1593 5065; x_wconf 91' lang='lat' dir='ltr'><strong>per</strong></span> <span class='ocrx_word' id='word_1_408' title='bbox 1621 4986 1761 5046; x_wconf 88' lang='lat' dir='ltr'><strong>sub·</strong></span> 
     </span>
     <span class='ocr_line' id='line_1_59' title="bbox 208 5078 1762 5169; baseline -0.009 -18"><span class='ocrx_word' id='word_1_409' title='bbox 208 5108 487 5169; x_wconf 83' lang='lat' dir='ltr'><strong>sequens</strong></span> <span class='ocrx_word' id='word_1_410' title='bbox 517 5082 991 5147; x_wconf 87' lang='lat' dir='ltr'><strong>matrimonium</strong></span> <span class='ocrx_word' id='word_1_411' title='bbox 1034 5079 1566 5158; x_wconf 83' lang='lat' dir='ltr'><strong>legitimarentur,</strong></span> <span class='ocrx_word' id='word_1_412' title='bbox 1616 5078 1762 5157; x_wconf 87' lang='lat' dir='ltr'><strong>quia</strong></span> 
     </span>
     <span class='ocr_line' id='line_1_60' title="bbox 208 5171 1762 5260; baseline -0.008 -18"><span class='ocrx_word' id='word_1_413' title='bbox 208 5182 353 5243; x_wconf 87' lang='lat' dir='ltr'><strong>licet</strong></span> <span class='ocrx_word' id='word_1_414' title='bbox 373 5181 672 5260; x_wconf 71' lang='lat' dir='ltr'><strong>juniores</strong></span> <span class='ocrx_word' id='word_1_415' title='bbox 702 5180 888 5238; x_wconf 80' lang='lat' dir='ltr'><strong>aetate</strong></span> <span class='ocrx_word' id='word_1_416' title='bbox 920 5174 1076 5250; x_wconf 88' lang='lat' dir='ltr'><strong>sint,</strong></span> <span class='ocrx_word' id='word_1_417' title='bbox 1112 5178 1257 5233; x_wconf 90' lang='lat' dir='ltr'><strong>sunt</strong></span> <span class='ocrx_word' id='word_1_418' title='bbox 1284 5176 1495 5232; x_wconf 85' lang='lat' dir='ltr'><strong>tamen</strong></span> <span class='ocrx_word' id='word_1_419' title='bbox 1523 5171 1762 5250; x_wconf 88' lang='lat' dir='ltr'><strong>priores</strong></span> 
     </span>
     <span class='ocr_line' id='line_1_61' title="bbox 208 5263 1763 5354; baseline -0.008 -20"><span class='ocrx_word' id='word_1_420' title='bbox 208 5277 270 5335; x_wconf 91' lang='lat' dir='ltr'><strong>in</strong></span> <span class='ocrx_word' id='word_1_421' title='bbox 296 5272 764 5354; x_wconf 76' lang='lat' dir='ltr'><strong>legitimatione</strong></span> <span class='ocrx_word' id='word_1_422' title='bbox 794 5274 858 5329; x_wconf 88' lang='lat' dir='ltr'><strong>et</strong></span> <span class='ocrx_word' id='word_1_423' title='bbox 879 5267 1022 5347; x_wconf 82' lang='lat' dir='ltr'><strong>jure</strong></span> <span class='ocrx_word' id='word_1_424' title='bbox 1053 5265 1449 5327; x_wconf 90' lang='lat' dir='ltr'><strong>succedendi.</strong></span> <span class='ocrx_word' id='word_1_425' title='bbox 1502 5264 1681 5326; x_wconf 88' lang='lat' dir='ltr'><strong>Unde</strong></span> <span class='ocrx_word' id='word_1_426' title='bbox 1713 5263 1763 5322; x_wconf 88' lang='lat' dir='ltr'><strong>si</strong></span> 
     </span>
     <span class='ocr_line' id='line_1_62' title="bbox 210 5360 1766 5448; baseline -0.009 -19"><span class='ocrx_word' id='word_1_427' title='bbox 210 5369 348 5448; x_wconf 82' lang='lat' dir='ltr'><strong>quis</strong></span> <span class='ocrx_word' id='word_1_428' title='bbox 380 5367 627 5428; x_wconf 82' lang='lat' dir='ltr'><strong>habens</strong></span> <span class='ocrx_word' id='word_1_429' title='bbox 654 5362 819 5424; x_wconf 86' lang='lat' dir='ltr'><strong>filios</strong></span> <span class='ocrx_word' id='word_1_430' title='bbox 863 5360 1177 5422; x_wconf 84' lang='lat' dir='ltr'><strong>naturales</strong></span> <span class='ocrx_word' id='word_1_431' title='bbox 1225 5378 1299 5419; x_wconf 85' lang='lat' dir='ltr'><strong>ex</strong></span> <span class='ocrx_word' id='word_1_432' title='bbox 1334 5378 1496 5434; x_wconf 90' lang='lat' dir='ltr'><strong>una,</strong></span> <span class='ocrx_word' id='word_1_433' title='bbox 1552 5363 1766 5436; x_wconf 85' lang='lat' dir='ltr'><strong>postea</strong></span> 
     </span>
    </p>

    <p class='ocr_par' dir='ltr' id='par_1_14' title="bbox 538 5456 871 5519">
     <span class='ocr_line' id='line_1_63' title="bbox 538 5456 871 5519; baseline -0.021 1"><span class='ocrx_word' id='word_1_434' title='bbox 538 5462 699 5519; x_wconf 82' lang='grc' dir='ltr'><strong>Τοιι.</strong></span> <span class='ocrx_word' id='word_1_435' title='bbox 739 5456 871 5516; x_wconf 87' lang='lat' dir='ltr'><strong>Vll.</strong></span> 
     </span>
    </p>
   </div>
   <div class='ocr_carea' id='block_1_13' title="bbox 1846 1182 3392 5436">
    <p class='ocr_par' dir='ltr' id='par_1_15' title="bbox 1846 1182 3388 3117">
     <span class='ocr_line' id='line_1_64' title="bbox 1846 1182 3384 1261; baseline 0.001 -19"><span class='ocrx_word' id='word_1_436' title='bbox 1846 1182 2229 1260; x_wconf 84' lang='lat' dir='ltr'><strong>legitimetur</strong></span> <span class='ocrx_word' id='word_1_437' title='bbox 2260 1202 2451 1261; x_wconf 89' lang='lat' dir='ltr'><strong>nepos</strong></span> <span class='ocrx_word' id='word_1_438' title='bbox 2489 1202 2562 1241; x_wconf 79' lang='lat' dir='ltr'><strong>ex</strong></span> <span class='ocrx_word' id='word_1_439' title='bbox 2611 1183 2831 1242; x_wconf 85' lang='lat' dir='ltr'><strong>eodem</strong></span> <span class='ocrx_word' id='word_1_440' title='bbox 2877 1183 3001 1243; x_wconf 87' lang='lat' dir='ltr'><strong>filio</strong></span> <span class='ocrx_word' id='word_1_441' title='bbox 3042 1190 3262 1258; x_wconf 87' lang='lat' dir='ltr'><strong>natus,</strong></span> <span class='ocrx_word' id='word_1_442' title='bbox 3315 1188 3384 1244; x_wconf 91' lang='lat' dir='ltr'><strong>ut</strong></span> 
     </span>
     <span class='ocr_line' id='line_1_65' title="bbox 1849 1275 3383 1354; baseline 0 -19"><span class='ocrx_word' id='word_1_443' title='bbox 1849 1281 2063 1335; x_wconf 90' lang='lat' dir='ltr'><strong>contra</strong></span> <span class='ocrx_word' id='word_1_444' title='bbox 2096 1275 2250 1334; x_wconf 87' lang='lat' dir='ltr'><strong>alios</strong></span> <span class='ocrx_word' id='word_1_445' title='bbox 2280 1275 2464 1335; x_wconf 91' lang='lat' dir='ltr'><strong>docet</strong></span> <span class='ocrx_word' id='word_1_446' title='bbox 2493 1275 2657 1335; x_wconf 88' lang='lat' dir='ltr'><strong>idem</strong></span> <span class='ocrx_word' id='word_1_447' title='bbox 2675 1276 2904 1336; x_wconf 87' lang='lat' dir='ltr'><strong>Molina</strong></span> <span class='ocrx_word' id='word_1_448' title='bbox 2934 1277 3111 1354; x_wconf 75' lang='lat' dir='ltr'><strong>ibi,§.</strong></span> <span class='ocrx_word' id='word_1_449' title='bbox 3130 1276 3383 1336; x_wconf 77' lang='lat' dir='ltr'><strong>Dubium</strong></span> 
     </span>
     <span class='ocr_line' id='line_1_66' title="bbox 1847 1369 3387 1447; baseline 0.001 -19"><span class='ocrx_word' id='word_1_450' title='bbox 1847 1377 1950 1440; x_wconf 84' lang='lat' dir='ltr'><strong>est,</strong></span> <span class='ocrx_word' id='word_1_451' title='bbox 1984 1375 2047 1429; x_wconf 91' lang='lat' dir='ltr'><strong>et</strong></span> <span class='ocrx_word' id='word_1_452' title='bbox 2078 1370 2265 1447; x_wconf 87' lang='lat' dir='ltr'><strong>Vasq.</strong></span> <span class='ocrx_word' id='word_1_453' title='bbox 2301 1387 2355 1428; x_wconf 92' lang='lat' dir='ltr'><strong>c.</strong></span> <span class='ocrx_word' id='word_1_454' title='bbox 2391 1371 2465 1429; x_wconf 87' lang='lat' dir='ltr'><strong>V.</strong></span> <span class='ocrx_word' id='word_1_455' title='bbox 2498 1370 2553 1446; x_wconf 83' lang='lat'><strong>§.</strong></span> <span class='ocrx_word' id='word_1_456' title='bbox 2590 1385 2657 1428; x_wconf 87' lang='lat'><strong>11.</strong></span> <span class='ocrx_word' id='word_1_457' title='bbox 2694 1369 2844 1430; x_wconf 91' lang='lat' dir='ltr'><strong>dub.</strong></span> <span class='ocrx_word' id='word_1_458' title='bbox 2882 1387 2947 1430; x_wconf 84' lang='lat'><strong>11.</strong></span> <span class='ocrx_word' id='word_1_459' title='bbox 2985 1388 3156 1430; x_wconf 91' lang='lat' dir='ltr'><strong>num.</strong></span> <span class='ocrx_word' id='word_1_460' title='bbox 3190 1373 3287 1432; x_wconf 89' lang='lat'><strong>38.</strong></span> <span class='ocrx_word' id='word_1_461' title='bbox 3324 1375 3387 1430; x_wconf 88' lang='lat' dir='ltr'><strong>et</strong></span> 
     </span>
     <span class='ocr_line' id='line_1_67' title="bbox 1847 1460 3387 1523; baseline 0 -2"><span class='ocrx_word' id='word_1_462' title='bbox 1847 1462 2055 1521; x_wconf 88' lang='lat' dir='ltr'><strong>locum</strong></span> <span class='ocrx_word' id='word_1_463' title='bbox 2087 1460 2279 1522; x_wconf 88' lang='lat' dir='ltr'><strong>habet</strong></span> <span class='ocrx_word' id='word_1_464' title='bbox 2308 1461 2495 1521; x_wconf 89' lang='lat' dir='ltr'><strong>etiam</strong></span> <span class='ocrx_word' id='word_1_465' title='bbox 2535 1465 2597 1520; x_wconf 86' lang='lat' dir='ltr'><strong>in</strong></span> <span class='ocrx_word' id='word_1_466' title='bbox 2624 1460 3021 1522; x_wconf 87' lang='lat' dir='ltr'><strong>matrimonio</strong></span> <span class='ocrx_word' id='word_1_467' title='bbox 3053 1463 3387 1523; x_wconf 88' lang='lat' dir='ltr'><strong>clandesti-</strong></span> 
     </span>
     <span class='ocr_line' id='line_1_68' title="bbox 1850 1553 3379 1632; baseline 0.002 -18"><span class='ocrx_word' id='word_1_468' title='bbox 1850 1572 1952 1630; x_wconf 82' lang='lat' dir='ltr'><strong>ne,</strong></span> <span class='ocrx_word' id='word_1_469' title='bbox 1986 1554 2038 1613; x_wconf 86' lang='lat' dir='ltr'><strong>si</strong></span> <span class='ocrx_word' id='word_1_470' title='bbox 2066 1553 2344 1612; x_wconf 85' lang='lat' dir='ltr'><strong>validum</strong></span> <span class='ocrx_word' id='word_1_471' title='bbox 2365 1553 2464 1629; x_wconf 88' lang='lat' dir='ltr'><strong>sit,</strong></span> <span class='ocrx_word' id='word_1_472' title='bbox 2498 1559 2567 1615; x_wconf 91' lang='lat' dir='ltr'><strong>ut</strong></span> <span class='ocrx_word' id='word_1_473' title='bbox 2607 1553 2832 1632; x_wconf 89' lang='lat' dir='ltr'><strong>probat</strong></span> <span class='ocrx_word' id='word_1_474' title='bbox 2858 1554 2980 1615; x_wconf 89' lang='lat' dir='ltr'><strong>late</strong></span> <span class='ocrx_word' id='word_1_475' title='bbox 3011 1556 3239 1618; x_wconf 89' lang='lat' dir='ltr'><strong>Sanch.</strong></span> <span class='ocrx_word' id='word_1_476' title='bbox 3273 1556 3379 1617; x_wconf 85' lang='lat' dir='ltr'><strong>lib.</strong></span> 
     </span>
     <span class='ocr_line' id='line_1_69' title="bbox 1849 1645 3384 1725; baseline 0.001 -17"><span class='ocrx_word' id='word_1_477' title='bbox 1849 1647 1950 1708; x_wconf 83' lang='grc' dir='ltr'><strong>ΙΙΙ.</strong></span> <span class='ocrx_word' id='word_1_478' title='bbox 1984 1645 2055 1709; x_wconf 85' lang='lat' dir='ltr'><strong>de</strong></span> <span class='ocrx_word' id='word_1_479' title='bbox 2080 1645 2340 1706; x_wconf 82' lang='lat' dir='ltr'><strong>matrim.</strong></span> <span class='ocrx_word' id='word_1_480' title='bbox 2374 1645 2532 1725; x_wconf 87' lang='lat' dir='ltr'><strong>disp.</strong></span> <span class='ocrx_word' id='word_1_481' title='bbox 2568 1663 2730 1706; x_wconf 63' lang='lat' dir='ltr'><strong>niv.</strong></span> <span class='ocrx_word' id='word_1_482' title='bbox 2780 1653 2842 1709; x_wconf 85' lang='lat' dir='ltr'><strong>et</strong></span> <span class='ocrx_word' id='word_1_483' title='bbox 2887 1647 3034 1710; x_wconf 89' lang='lat' dir='ltr'><strong>licet</strong></span> <span class='ocrx_word' id='word_1_484' title='bbox 3063 1649 3384 1711; x_wconf 88' lang='lat' dir='ltr'><strong>matrimo-</strong></span> 
     </span>
     <span class='ocr_line' id='line_1_70' title="bbox 1851 1738 3387 1814; baseline 0.001 -16"><span class='ocrx_word' id='word_1_485' title='bbox 1851 1739 2023 1798; x_wconf 90' lang='lat' dir='ltr'><strong>nium</strong></span> <span class='ocrx_word' id='word_1_486' title='bbox 2051 1738 2162 1800; x_wconf 88' lang='lat' dir='ltr'><strong>fiat</strong></span> <span class='ocrx_word' id='word_1_487' title='bbox 2192 1738 2251 1797; x_wconf 92' lang='lat' dir='ltr'><strong>in</strong></span> <span class='ocrx_word' id='word_1_488' title='bbox 2281 1738 2499 1798; x_wconf 90' lang='lat' dir='ltr'><strong>mortis</strong></span> <span class='ocrx_word' id='word_1_489' title='bbox 2526 1738 2811 1814; x_wconf 89' lang='lat' dir='ltr'><strong>articulo,</strong></span> <span class='ocrx_word' id='word_1_490' title='bbox 2836 1740 2935 1798; x_wconf 83' lang='lat' dir='ltr'><strong>vel</strong></span> <span class='ocrx_word' id='word_1_491' title='bbox 2958 1745 3139 1801; x_wconf 80' lang='lat' dir='ltr'><strong>aetate</strong></span> <span class='ocrx_word' id='word_1_492' title='bbox 3170 1741 3387 1802; x_wconf 88' lang='lat' dir='ltr'><strong>decre-</strong></span> 
     </span>
     <span class='ocr_line' id='line_1_71' title="bbox 1851 1830 3385 1910; baseline 0.001 -19"><span class='ocrx_word' id='word_1_493' title='bbox 1851 1833 1979 1910; x_wconf 81' lang='lat' dir='ltr'><strong>pita</strong></span> <span class='ocrx_word' id='word_1_494' title='bbox 1998 1877 2014 1907; x_wconf 90' lang='lat'><strong>,</strong></span> <span class='ocrx_word' id='word_1_495' title='bbox 2049 1837 2118 1893; x_wconf 89' lang='lat' dir='ltr'><strong>ut</strong></span> <span class='ocrx_word' id='word_1_496' title='bbox 2147 1836 2365 1891; x_wconf 86' lang='lat' dir='ltr'><strong>contra</strong></span> <span class='ocrx_word' id='word_1_497' title='bbox 2395 1831 2549 1890; x_wconf 88' lang='lat' dir='ltr'><strong>alios</strong></span> <span class='ocrx_word' id='word_1_498' title='bbox 2577 1830 2762 1892; x_wconf 87' lang='lat' dir='ltr'><strong>docet</strong></span> <span class='ocrx_word' id='word_1_499' title='bbox 2788 1832 3018 1893; x_wconf 87' lang='lat' dir='ltr'><strong>Molina</strong></span> <span class='ocrx_word' id='word_1_500' title='bbox 3048 1850 3190 1892; x_wconf 88' lang='lat' dir='ltr'><strong>cum</strong></span> <span class='ocrx_word' id='word_1_501' title='bbox 3221 1852 3385 1894; x_wconf 91' lang='lat' dir='ltr'><strong>com-</strong></span> 
     </span>
     <span class='ocr_line' id='line_1_72' title="bbox 1848 1922 3387 2005; baseline 0.001 -22"><span class='ocrx_word' id='word_1_502' title='bbox 1848 1924 2045 2000; x_wconf 90' lang='lat' dir='ltr'><strong>muni,</strong></span> <span class='ocrx_word' id='word_1_503' title='bbox 2078 1926 2134 2003; x_wconf 62' lang='grc' dir='ltr'><strong>ς.</strong></span> <span class='ocrx_word' id='word_1_504' title='bbox 2167 1922 2422 1983; x_wconf 77' lang='lat' dir='ltr'><strong>Dubium</strong></span> <span class='ocrx_word' id='word_1_505' title='bbox 2445 1933 2733 2003; x_wconf 81' lang='lat' dir='ltr'><strong>proeterea</strong></span> <span class='ocrx_word' id='word_1_506' title='bbox 2763 1933 2866 1985; x_wconf 84' lang='lat' dir='ltr'><strong>esc.</strong></span> <span class='ocrx_word' id='word_1_507' title='bbox 2899 1929 2991 1985; x_wconf 83' lang='lat' dir='ltr'><strong>An</strong></span> <span class='ocrx_word' id='word_1_508' title='bbox 3017 1944 3165 1986; x_wconf 82' lang='lat' dir='ltr'><strong>vero</strong></span> <span class='ocrx_word' id='word_1_509' title='bbox 3189 1945 3387 2005; x_wconf 86' lang='lat' dir='ltr'><strong>quan-</strong></span> 
     </span>
     <span class='ocr_line' id='line_1_73' title="bbox 1851 2016 3387 2097; baseline 0.002 -21"><span class='ocrx_word' id='word_1_510' title='bbox 1851 2017 1930 2077; x_wconf 88' lang='lat' dir='ltr'><strong>do</strong></span> <span class='ocrx_word' id='word_1_511' title='bbox 1961 2021 2140 2094; x_wconf 86' lang='lat' dir='ltr'><strong>pater</strong></span> <span class='ocrx_word' id='word_1_512' title='bbox 2168 2016 2481 2077; x_wconf 85' lang='lat' dir='ltr'><strong>contrahit</strong></span> <span class='ocrx_word' id='word_1_513' title='bbox 2507 2016 2572 2076; x_wconf 92' lang='lat' dir='ltr'><strong>in</strong></span> <span class='ocrx_word' id='word_1_514' title='bbox 2602 2016 2814 2077; x_wconf 90' lang='lat' dir='ltr'><strong>odium</strong></span> <span class='ocrx_word' id='word_1_515' title='bbox 2846 2017 2981 2096; x_wconf 84' lang='lat' dir='ltr'><strong>ejus</strong></span> <span class='ocrx_word' id='word_1_516' title='bbox 3004 2064 3020 2092; x_wconf 90' lang='lat'><strong>,</strong></span> <span class='ocrx_word' id='word_1_517' title='bbox 3082 2019 3187 2097; x_wconf 89' lang='lat' dir='ltr'><strong>qui</strong></span> <span class='ocrx_word' id='word_1_518' title='bbox 3234 2020 3387 2079; x_wconf 89' lang='lat' dir='ltr'><strong>alio-</strong></span> 
     </span>
     <span class='ocr_line' id='line_1_74' title="bbox 1852 2108 3383 2189; baseline 0.002 -19"><span class='ocrx_word' id='word_1_519' title='bbox 1852 2110 1999 2189; x_wconf 90' lang='lat' dir='ltr'><strong>quin</strong></span> <span class='ocrx_word' id='word_1_520' title='bbox 2031 2109 2367 2170; x_wconf 88' lang='lat' dir='ltr'><strong>succedere</strong></span> <span class='ocrx_word' id='word_1_521' title='bbox 2397 2108 2687 2184; x_wconf 85' lang='lat' dir='ltr'><strong>debebat,</strong></span> <span class='ocrx_word' id='word_1_522' title='bbox 2708 2115 2770 2171; x_wconf 90' lang='lat' dir='ltr'><strong>et</strong></span> <span class='ocrx_word' id='word_1_523' title='bbox 2784 2111 3042 2171; x_wconf 90' lang='lat' dir='ltr'><strong>utillum</strong></span> <span class='ocrx_word' id='word_1_524' title='bbox 3075 2112 3383 2188; x_wconf 84' lang='lat' dir='ltr'><strong>excludat,</strong></span> 
     </span>
     <span class='ocr_line' id='line_1_75' title="bbox 1851 2202 3387 2281; baseline 0.001 -18"><span class='ocrx_word' id='word_1_525' title='bbox 1851 2204 2014 2263; x_wconf 78' lang='lat' dir='ltr'><strong>filius</strong></span> <span class='ocrx_word' id='word_1_526' title='bbox 2043 2203 2272 2263; x_wconf 80' lang='lat' dir='ltr'><strong>debeat</strong></span> <span class='ocrx_word' id='word_1_527' title='bbox 2299 2202 2577 2280; x_wconf 78' lang='lat' dir='ltr'><strong>praeferri</strong></span> <span class='ocrx_word' id='word_1_528' title='bbox 2621 2202 2737 2261; x_wconf 88' lang='lat' dir='ltr'><strong>illis</strong></span> <span class='ocrx_word' id='word_1_529' title='bbox 2766 2205 3248 2281; x_wconf 85' lang='lat' dir='ltr'><strong>successoribus,</strong></span> <span class='ocrx_word' id='word_1_530' title='bbox 3284 2224 3387 2264; x_wconf 84' lang='lat' dir='ltr'><strong>ne-</strong></span> 
     </span>
     <span class='ocr_line' id='line_1_76' title="bbox 1852 2294 3388 2376; baseline 0.001 -22"><span class='ocrx_word' id='word_1_531' title='bbox 1852 2300 2006 2374; x_wconf 84' lang='lat' dir='ltr'><strong>gant</strong></span> <span class='ocrx_word' id='word_1_532' title='bbox 2035 2294 2244 2373; x_wconf 89' lang='lat' dir='ltr'><strong>plures</strong></span> <span class='ocrx_word' id='word_1_533' title='bbox 2269 2340 2284 2368; x_wconf 91' lang='lat'><strong>,</strong></span> <span class='ocrx_word' id='word_1_534' title='bbox 2346 2312 2501 2373; x_wconf 89' lang='lat' dir='ltr'><strong>quos</strong></span> <span class='ocrx_word' id='word_1_535' title='bbox 2540 2296 2809 2356; x_wconf 84' lang='lat' dir='ltr'><strong>afferunt</strong></span> <span class='ocrx_word' id='word_1_536' title='bbox 2837 2296 3066 2357; x_wconf 88' lang='lat' dir='ltr'><strong>Molina</strong></span> <span class='ocrx_word' id='word_1_537' title='bbox 3096 2298 3152 2376; x_wconf 66' lang='grc' dir='ltr'><strong>ἓ.</strong></span> <span class='ocrx_word' id='word_1_538' title='bbox 3182 2297 3388 2358; x_wconf 83' lang='lat' dir='ltr'><strong>Posita</strong></span> 
     </span>
     <span class='ocr_line' id='line_1_77' title="bbox 1850 2386 3381 2464; baseline 0.003 -17"><span class='ocrx_word' id='word_1_539' title='bbox 1850 2386 2174 2462; x_wconf 81' lang='lat' dir='ltr'><strong>validitate,</strong></span> <span class='ocrx_word' id='word_1_540' title='bbox 2200 2387 2387 2464; x_wconf 87' lang='lat' dir='ltr'><strong>Vasq.</strong></span> <span class='ocrx_word' id='word_1_541' title='bbox 2423 2403 2477 2446; x_wconf 92' lang='lat' dir='ltr'><strong>c.</strong></span> <span class='ocrx_word' id='word_1_542' title='bbox 2500 2388 2573 2447; x_wconf 89' lang='lat' dir='ltr'><strong>V.</strong></span> <span class='ocrx_word' id='word_1_543' title='bbox 2605 2388 2660 2464; x_wconf 65' lang='grc' dir='ltr'><strong>ἓ.</strong></span> <span class='ocrx_word' id='word_1_544' title='bbox 2689 2404 2756 2447; x_wconf 84' lang='lat'><strong>1¹.</strong></span> <span class='ocrx_word' id='word_1_545' title='bbox 2792 2387 2941 2449; x_wconf 90' lang='lat' dir='ltr'><strong>dub.</strong></span> <span class='ocrx_word' id='word_1_546' title='bbox 2980 2392 3036 2449; x_wconf 84' lang='lat'><strong>1.</strong></span> <span class='ocrx_word' id='word_1_547' title='bbox 3072 2396 3133 2450; x_wconf 90' lang='lat' dir='ltr'><strong>et</strong></span> <span class='ocrx_word' id='word_1_548' title='bbox 3154 2390 3381 2453; x_wconf 86' lang='lat' dir='ltr'><strong>Sanch.</strong></span> 
     </span>
     <span class='ocr_line' id='line_1_78' title="bbox 1850 2477 3387 2562; baseline 0.002 -22"><span class='ocrx_word' id='word_1_549' title='bbox 1850 2480 1959 2541; x_wconf 91' lang='lat' dir='ltr'><strong>lib.</strong></span> <span class='ocrx_word' id='word_1_550' title='bbox 1996 2482 2125 2540; x_wconf 84' lang='lat' dir='ltr'><strong>VII.</strong></span> <span class='ocrx_word' id='word_1_551' title='bbox 2161 2477 2231 2538; x_wconf 85' lang='lat' dir='ltr'><strong>de</strong></span> <span class='ocrx_word' id='word_1_552' title='bbox 2257 2479 2515 2539; x_wconf 81' lang='lat' dir='ltr'><strong>matrim.</strong></span> <span class='ocrx_word' id='word_1_553' title='bbox 2551 2480 2709 2559; x_wconf 90' lang='lat' dir='ltr'><strong>disp.</strong></span> <span class='ocrx_word' id='word_1_554' title='bbox 2746 2497 2841 2540; x_wconf 80' lang='lat' dir='ltr'><strong>cv.</strong></span> <span class='ocrx_word' id='word_1_555' title='bbox 2878 2500 2984 2543; x_wconf 91' lang='lat' dir='ltr'><strong>nu.</strong></span> <span class='ocrx_word' id='word_1_556' title='bbox 3017 2486 3075 2543; x_wconf 83' lang='lat'><strong>9.</strong></span> <span class='ocrx_word' id='word_1_557' title='bbox 3113 2484 3217 2562; x_wconf 88' lang='lat' dir='ltr'><strong>qui</strong></span> <span class='ocrx_word' id='word_1_558' title='bbox 3249 2501 3387 2542; x_wconf 86' lang='lat' dir='ltr'><strong>eam</strong></span> 
     </span>
     <span class='ocr_line' id='line_1_79' title="bbox 1852 2572 3386 2650; baseline 0 -16"><span class='ocrx_word' id='word_1_559' title='bbox 1852 2572 2226 2634; x_wconf 80' lang='lat' dir='ltr'><strong>sententiam</strong></span> <span class='ocrx_word' id='word_1_560' title='bbox 2274 2572 2422 2632; x_wconf 86' lang='lat' dir='ltr'><strong>satis</strong></span> <span class='ocrx_word' id='word_1_561' title='bbox 2463 2572 2851 2650; x_wconf 87' lang='lat' dir='ltr'><strong>probabilem</strong></span> <span class='ocrx_word' id='word_1_562' title='bbox 2899 2577 2963 2634; x_wconf 91' lang='lat' dir='ltr'><strong>et</strong></span> <span class='ocrx_word' id='word_1_563' title='bbox 2990 2592 3386 2634; x_wconf 89' lang='lat' dir='ltr'><strong>communem</strong></span> 
     </span>
     <span class='ocr_line' id='line_1_80' title="bbox 1852 2664 3386 2746; baseline 0 -19"><span class='ocrx_word' id='word_1_564' title='bbox 1852 2667 2171 2727; x_wconf 84' lang='lat' dir='ltr'><strong>fatentur:</strong></span> <span class='ocrx_word' id='word_1_565' title='bbox 2223 2664 2339 2742; x_wconf 88' lang='lat' dir='ltr'><strong>ipsi</strong></span> <span class='ocrx_word' id='word_1_566' title='bbox 2388 2670 2595 2724; x_wconf 89' lang='lat' dir='ltr'><strong>tamen</strong></span> <span class='ocrx_word' id='word_1_567' title='bbox 2640 2683 2783 2724; x_wconf 90' lang='lat' dir='ltr'><strong>cum</strong></span> <span class='ocrx_word' id='word_1_568' title='bbox 2825 2665 2961 2726; x_wconf 86' lang='lat' dir='ltr'><strong>aliis</strong></span> <span class='ocrx_word' id='word_1_569' title='bbox 2991 2666 3201 2727; x_wconf 86' lang='lat' dir='ltr'><strong>multis</strong></span> <span class='ocrx_word' id='word_1_570' title='bbox 3230 2685 3386 2746; x_wconf 89' lang='lat' dir='ltr'><strong>quos</strong></span> 
     </span>
     <span class='ocr_line' id='line_1_81' title="bbox 1850 2757 3386 2838; baseline -0.001 -17"><span class='ocrx_word' id='word_1_571' title='bbox 1850 2763 2141 2834; x_wconf 81' lang='lat' dir='ltr'><strong>afferunt,</strong></span> <span class='ocrx_word' id='word_1_572' title='bbox 2175 2758 2392 2818; x_wconf 90' lang='lat' dir='ltr'><strong>dicunt</strong></span> <span class='ocrx_word' id='word_1_573' title='bbox 2419 2762 2481 2818; x_wconf 91' lang='lat' dir='ltr'><strong>et</strong></span> <span class='ocrx_word' id='word_1_574' title='bbox 2499 2757 2743 2833; x_wconf 90' lang='lat' dir='ltr'><strong>merito,</strong></span> <span class='ocrx_word' id='word_1_575' title='bbox 2767 2759 2972 2818; x_wconf 81' lang='lat' dir='ltr'><strong>valere</strong></span> <span class='ocrx_word' id='word_1_576' title='bbox 2992 2759 3386 2838; x_wconf 84' lang='lat' dir='ltr'><strong>legitimatio-</strong></span> 
     </span>
     <span class='ocr_line' id='line_1_82' title="bbox 1852 2850 3386 2932; baseline 0 -20"><span class='ocrx_word' id='word_1_577' title='bbox 1852 2852 2078 2912; x_wconf 87' lang='lat' dir='ltr'><strong>nemin</strong></span> <span class='ocrx_word' id='word_1_578' title='bbox 2110 2850 2547 2930; x_wconf 81' lang='lat' dir='ltr'><strong>proejudicium</strong></span> <span class='ocrx_word' id='word_1_579' title='bbox 2574 2853 2972 2929; x_wconf 88' lang='lat' dir='ltr'><strong>successoris,</strong></span> <span class='ocrx_word' id='word_1_580' title='bbox 3000 2853 3146 2932; x_wconf 84' lang='lat' dir='ltr'><strong>quia</strong></span> <span class='ocrx_word' id='word_1_581' title='bbox 3166 2871 3386 2932; x_wconf 89' lang='lat' dir='ltr'><strong>paren-</strong></span> 
     </span>
     <span class='ocr_line' id='line_1_83' title="bbox 1849 2943 3385 3024; baseline -0.001 -17"><span class='ocrx_word' id='word_1_582' title='bbox 1849 2950 1943 3007; x_wconf 90' lang='lat' dir='ltr'><strong>tes</strong></span> <span class='ocrx_word' id='word_1_583' title='bbox 1966 2943 2108 3024; x_wconf 82' lang='lat' dir='ltr'><strong>jure</strong></span> <span class='ocrx_word' id='word_1_584' title='bbox 2139 2962 2251 3003; x_wconf 75' lang='lat' dir='ltr'><strong>suo</strong></span> <span class='ocrx_word' id='word_1_585' title='bbox 2283 2947 2573 3018; x_wconf 89' lang='lat' dir='ltr'><strong>utuntur,</strong></span> <span class='ocrx_word' id='word_1_586' title='bbox 2621 2961 2760 3022; x_wconf 69' lang='lat' dir='ltr'><strong>qua}</strong></span> <span class='ocrx_word' id='word_1_587' title='bbox 2810 2945 3019 3006; x_wconf 88' lang='lat' dir='ltr'><strong>omnia</strong></span> <span class='ocrx_word' id='word_1_588' title='bbox 3066 2946 3188 3006; x_wconf 88' lang='lat' dir='ltr'><strong>late</strong></span> <span class='ocrx_word' id='word_1_589' title='bbox 3217 2945 3385 3024; x_wconf 88' lang='lat' dir='ltr'><strong>apud</strong></span> 
     </span>
     <span class='ocr_line' id='line_1_84' title="bbox 1850 3036 3033 3117; baseline 0.002 -20"><span class='ocrx_word' id='word_1_590' title='bbox 1850 3036 2184 3117; x_wconf 80' lang='lat' dir='ltr'><strong>proedictos</strong></span> <span class='ocrx_word' id='word_1_591' title='bbox 2209 3041 2495 3096; x_wconf 85' lang='lat' dir='ltr'><strong>auctores</strong></span> <span class='ocrx_word' id='word_1_592' title='bbox 2524 3036 2719 3096; x_wconf 84' lang='lat' dir='ltr'><strong>videri</strong></span> <span class='ocrx_word' id='word_1_593' title='bbox 2751 3042 3033 3117; x_wconf 87' lang='lat' dir='ltr'><strong>possunt.</strong></span> 
     </span>
    </p>

    <p class='ocr_par' dir='ltr' id='par_1_16' title="bbox 1851 3127 3392 4862">
     <span class='ocr_line' id='line_1_85' title="bbox 1928 3127 3386 3212; baseline 0.001 -20"><span class='ocrx_word' id='word_1_594' title='bbox 1928 3127 2137 3192; x_wconf 85' lang='lat' dir='ltr'><strong>Tertio</strong></span> <span class='ocrx_word' id='word_1_595' title='bbox 2163 3128 2641 3208; x_wconf 87' lang='lat' dir='ltr'><strong>supponendum</strong></span> <span class='ocrx_word' id='word_1_596' title='bbox 2671 3134 2786 3207; x_wconf 87' lang='lat' dir='ltr'><strong>est,</strong></span> <span class='ocrx_word' id='word_1_597' title='bbox 2817 3131 3013 3192; x_wconf 81' lang='lat' dir='ltr'><strong>fllium</strong></span> <span class='ocrx_word' id='word_1_598' title='bbox 3035 3131 3386 3212; x_wconf 80' lang='lat' dir='ltr'><strong>legitimum</strong></span> 
     </span>
     <span class='ocr_line' id='line_1_86' title="bbox 1852 3223 3386 3304; baseline 0.001 -19"><span class='ocrx_word' id='word_1_599' title='bbox 1852 3223 2154 3304; x_wconf 87' lang='lat' dir='ltr'><strong>appellari</strong></span> <span class='ocrx_word' id='word_1_600' title='bbox 2185 3223 2374 3283; x_wconf 87' lang='lat' dir='ltr'><strong>etiam</strong></span> <span class='ocrx_word' id='word_1_601' title='bbox 2405 3241 2547 3282; x_wconf 89' lang='lat' dir='ltr'><strong>eum</strong></span> <span class='ocrx_word' id='word_1_602' title='bbox 2572 3268 2588 3298; x_wconf 90' lang='lat'><strong>,</strong></span> <span class='ocrx_word' id='word_1_603' title='bbox 2624 3224 2727 3302; x_wconf 90' lang='lat' dir='ltr'><strong>qui</strong></span> <span class='ocrx_word' id='word_1_604' title='bbox 2761 3242 2833 3284; x_wconf 80' lang='lat' dir='ltr'><strong>ex</strong></span> <span class='ocrx_word' id='word_1_605' title='bbox 2864 3225 3137 3287; x_wconf 88' lang='lat' dir='ltr'><strong>invalido</strong></span> <span class='ocrx_word' id='word_1_606' title='bbox 3168 3227 3386 3288; x_wconf 89' lang='lat' dir='ltr'><strong>matri-</strong></span> 
     </span>
     <span class='ocr_line' id='line_1_87' title="bbox 1851 3315 3385 3391; baseline 0.001 -13"><span class='ocrx_word' id='word_1_607' title='bbox 1851 3317 2063 3378; x_wconf 89' lang='lat' dir='ltr'><strong>monio</strong></span> <span class='ocrx_word' id='word_1_608' title='bbox 2094 3315 2401 3391; x_wconf 87' lang='lat' dir='ltr'><strong>nascitur,</strong></span> <span class='ocrx_word' id='word_1_609' title='bbox 2435 3316 2601 3376; x_wconf 88' lang='lat' dir='ltr'><strong>bona</strong></span> <span class='ocrx_word' id='word_1_610' title='bbox 2628 3320 2840 3377; x_wconf 88' lang='lat' dir='ltr'><strong>tamen</strong></span> <span class='ocrx_word' id='word_1_611' title='bbox 2869 3317 2993 3377; x_wconf 89' lang='lat' dir='ltr'><strong>fide</strong></span> <span class='ocrx_word' id='word_1_612' title='bbox 3023 3320 3279 3381; x_wconf 89' lang='lat' dir='ltr'><strong>alterius</strong></span> <span class='ocrx_word' id='word_1_613' title='bbox 3310 3340 3385 3382; x_wconf 82' lang='lat' dir='ltr'><strong>ex</strong></span> 
     </span>
     <span class='ocr_line' id='line_1_88' title="bbox 1852 3408 3386 3492; baseline 0.002 -21"><span class='ocrx_word' id='word_1_614' title='bbox 1852 3409 2216 3489; x_wconf 83' lang='lat' dir='ltr'><strong>parentibus</strong></span> <span class='ocrx_word' id='word_1_615' title='bbox 2246 3408 2655 3469; x_wconf 88' lang='lat' dir='ltr'><strong>existimantis</strong></span> <span class='ocrx_word' id='word_1_616' title='bbox 2689 3410 2965 3471; x_wconf 82' lang='lat' dir='ltr'><strong>validum</strong></span> <span class='ocrx_word' id='word_1_617' title='bbox 2996 3430 3152 3488; x_wconf 87' lang='lat' dir='ltr'><strong>esse,</strong></span> <span class='ocrx_word' id='word_1_618' title='bbox 3187 3433 3386 3492; x_wconf 87' lang='lat' dir='ltr'><strong>quan-</strong></span> 
     </span>
     <span class='ocr_line' id='line_1_89' title="bbox 1855 3501 3385 3568; baseline 0.001 -5"><span class='ocrx_word' id='word_1_619' title='bbox 1855 3504 1935 3564; x_wconf 91' lang='lat' dir='ltr'><strong>do</strong></span> <span class='ocrx_word' id='word_1_620' title='bbox 1952 3501 2417 3563; x_wconf 86' lang='lat' dir='ltr'><strong>matrimonium</strong></span> <span class='ocrx_word' id='word_1_621' title='bbox 2439 3502 2500 3561; x_wconf 91' lang='lat' dir='ltr'><strong>in</strong></span> <span class='ocrx_word' id='word_1_622' title='bbox 2518 3501 2674 3563; x_wconf 82' lang='lat' dir='ltr'><strong>facie</strong></span> <span class='ocrx_word' id='word_1_623' title='bbox 2687 3503 2977 3563; x_wconf 72' lang='lat' dir='ltr'><strong>Ecclesiae</strong></span> <span class='ocrx_word' id='word_1_624' title='bbox 2997 3508 3385 3568; x_wconf 87' lang='lat' dir='ltr'><strong>contractum</strong></span> 
     </span>
     <span class='ocr_line' id='line_1_90' title="bbox 1857 3596 3381 3676; baseline 0.002 -19"><span class='ocrx_word' id='word_1_625' title='bbox 1857 3600 1971 3672; x_wconf 89' lang='lat' dir='ltr'><strong>est,</strong></span> <span class='ocrx_word' id='word_1_626' title='bbox 2005 3599 2074 3656; x_wconf 91' lang='lat' dir='ltr'><strong>ut</strong></span> <span class='ocrx_word' id='word_1_627' title='bbox 2099 3597 2343 3655; x_wconf 85' lang='lat' dir='ltr'><strong>constat</strong></span> <span class='ocrx_word' id='word_1_628' title='bbox 2372 3612 2444 3652; x_wconf 87' lang='lat' dir='ltr'><strong>ex</strong></span> <span class='ocrx_word' id='word_1_629' title='bbox 2476 3612 2529 3654; x_wconf 95' lang='lat' dir='ltr'><strong>c.</strong></span> <span class='ocrx_word' id='word_1_630' title='bbox 2565 3610 2632 3654; x_wconf 92' lang='lat'><strong>11.</strong></span> <span class='ocrx_word' id='word_1_631' title='bbox 2668 3599 2731 3656; x_wconf 91' lang='lat' dir='ltr'><strong>et</strong></span> <span class='ocrx_word' id='word_1_632' title='bbox 2759 3614 2832 3655; x_wconf 86' lang='lat' dir='ltr'><strong>ex</strong></span> <span class='ocrx_word' id='word_1_633' title='bbox 2861 3614 2999 3674; x_wconf 90' lang='lat' dir='ltr'><strong>cap.</strong></span> <span class='ocrx_word' id='word_1_634' title='bbox 3032 3596 3141 3657; x_wconf 69' lang='lat' dir='ltr'><strong>Es:</strong></span> <span class='ocrx_word' id='word_1_635' title='bbox 3168 3608 3381 3676; x_wconf 81' lang='lat' dir='ltr'><strong>tenore,</strong></span> 
     </span>
     <span class='ocr_line' id='line_1_91' title="bbox 1857 3686 3387 3769; baseline 0.003 -22"><span class='ocrx_word' id='word_1_636' title='bbox 1857 3689 1962 3769; x_wconf 80' lang='lat' dir='ltr'><strong>qui</strong></span> <span class='ocrx_word' id='word_1_637' title='bbox 1986 3688 2104 3768; x_wconf 78' lang='lat' dir='ltr'><strong>filii</strong></span> <span class='ocrx_word' id='word_1_638' title='bbox 2126 3688 2244 3747; x_wconf 78' lang='lat' dir='ltr'><strong>sint</strong></span> <span class='ocrx_word' id='word_1_639' title='bbox 2273 3686 2547 3766; x_wconf 62' lang='lat' dir='ltr'><strong>legitimi,</strong></span> <span class='ocrx_word' id='word_1_640' title='bbox 2582 3691 2653 3748; x_wconf 91' lang='lat' dir='ltr'><strong>ut</strong></span> <span class='ocrx_word' id='word_1_641' title='bbox 2677 3707 2819 3749; x_wconf 91' lang='lat' dir='ltr'><strong>cum</strong></span> <span class='ocrx_word' id='word_1_642' title='bbox 2849 3690 2985 3750; x_wconf 89' lang='lat' dir='ltr'><strong>aliis</strong></span> <span class='ocrx_word' id='word_1_643' title='bbox 3016 3697 3190 3752; x_wconf 86' lang='lat' dir='ltr'><strong>notat</strong></span> <span class='ocrx_word' id='word_1_644' title='bbox 3217 3692 3387 3753; x_wconf 88' lang='lat' dir='ltr'><strong>Moli-</strong></span> 
     </span>
     <span class='ocr_line' id='line_1_92' title="bbox 1859 3780 3387 3863; baseline 0.003 -23"><span class='ocrx_word' id='word_1_645' title='bbox 1859 3800 1940 3841; x_wconf 89' lang='lat' dir='ltr'><strong>na</strong></span> <span class='ocrx_word' id='word_1_646' title='bbox 1969 3780 2197 3859; x_wconf 89' lang='lat' dir='ltr'><strong>disput.</strong></span> <span class='ocrx_word' id='word_1_647' title='bbox 2232 3796 2406 3839; x_wconf 81' lang='lat' dir='ltr'><strong>Cva.</strong></span> <span class='ocrx_word' id='word_1_648' title='bbox 2437 3780 2501 3838; x_wconf 90' lang='lat' dir='ltr'><strong>in</strong></span> <span class='ocrx_word' id='word_1_649' title='bbox 2530 3781 2857 3860; x_wconf 89' lang='lat' dir='ltr'><strong>principi0,</strong></span> <span class='ocrx_word' id='word_1_650' title='bbox 2884 3783 3050 3844; x_wconf 89' lang='lat' dir='ltr'><strong>circa</strong></span> <span class='ocrx_word' id='word_1_651' title='bbox 3081 3786 3246 3863; x_wconf 88' lang='lat' dir='ltr'><strong>quod</strong></span> <span class='ocrx_word' id='word_1_652' title='bbox 3276 3786 3387 3845; x_wconf 92' lang='lat' dir='ltr'><strong>du-</strong></span> 
     </span>
     <span class='ocr_line' id='line_1_93' title="bbox 1859 3873 3388 3951; baseline 0.001 -17"><span class='ocrx_word' id='word_1_653' title='bbox 1859 3875 2031 3934; x_wconf 91' lang='lat' dir='ltr'><strong>bium</strong></span> <span class='ocrx_word' id='word_1_654' title='bbox 2060 3879 2156 3933; x_wconf 90' lang='lat' dir='ltr'><strong>est</strong></span> <span class='ocrx_word' id='word_1_655' title='bbox 2182 3873 2383 3951; x_wconf 88' lang='lat' dir='ltr'><strong>primo</strong></span> <span class='ocrx_word' id='word_1_656' title='bbox 2410 3919 2425 3949; x_wconf 90' lang='lat'><strong>,</strong></span> <span class='ocrx_word' id='word_1_657' title='bbox 2470 3891 2548 3931; x_wconf 87' lang='lat' dir='ltr'><strong>an</strong></span> <span class='ocrx_word' id='word_1_658' title='bbox 2594 3873 2761 3933; x_wconf 89' lang='lat' dir='ltr'><strong>idem</strong></span> <span class='ocrx_word' id='word_1_659' title='bbox 2821 3874 3156 3936; x_wconf 91' lang='lat' dir='ltr'><strong>dicendum</strong></span> <span class='ocrx_word' id='word_1_660' title='bbox 3206 3877 3284 3937; x_wconf 88' lang='lat' dir='ltr'><strong>sit</strong></span> <span class='ocrx_word' id='word_1_661' title='bbox 3310 3877 3388 3937; x_wconf 89' lang='lat' dir='ltr'><strong>de</strong></span> 
     </span>
     <span class='ocr_line' id='line_1_94' title="bbox 1858 3964 3387 4048; baseline 0.003 -22"><span class='ocrx_word' id='word_1_662' title='bbox 1858 3966 2001 4026; x_wconf 89' lang='lat' dir='ltr'><strong>filiis</strong></span> <span class='ocrx_word' id='word_1_663' title='bbox 2043 3984 2200 4044; x_wconf 90' lang='lat' dir='ltr'><strong>quos</strong></span> <span class='ocrx_word' id='word_1_664' title='bbox 2246 3964 2526 4024; x_wconf 86' lang='lat' dir='ltr'><strong>infideles</strong></span> <span class='ocrx_word' id='word_1_665' title='bbox 2555 3973 2893 4043; x_wconf 84' lang='lat' dir='ltr'><strong>generant,</strong></span> <span class='ocrx_word' id='word_1_666' title='bbox 2941 3973 3277 4048; x_wconf 87' lang='lat' dir='ltr'><strong>autequam</strong></span> <span class='ocrx_word' id='word_1_667' title='bbox 3308 3969 3387 4030; x_wconf 90' lang='lat' dir='ltr'><strong>ad</strong></span> 
     </span>
     <span class='ocr_line' id='line_1_95' title="bbox 1858 4060 3391 4134; baseline 0.003 -15"><span class='ocrx_word' id='word_1_668' title='bbox 1858 4060 2049 4119; x_wconf 88' lang='lat' dir='ltr'><strong>fidem</strong></span> <span class='ocrx_word' id='word_1_669' title='bbox 2078 4062 2523 4119; x_wconf 82' lang='lat' dir='ltr'><strong>convertantur</strong></span> <span class='ocrx_word' id='word_1_670' title='bbox 2544 4104 2559 4134; x_wconf 92' lang='lat'><strong>,</strong></span> <span class='ocrx_word' id='word_1_671' title='bbox 2612 4076 2687 4118; x_wconf 82' lang='lat' dir='ltr'><strong>ex</strong></span> <span class='ocrx_word' id='word_1_672' title='bbox 2727 4060 3138 4121; x_wconf 89' lang='lat' dir='ltr'><strong>matrimoniis</strong></span> <span class='ocrx_word' id='word_1_673' title='bbox 3170 4063 3391 4123; x_wconf 82' lang='lat' dir='ltr'><strong>invali-</strong></span> 
     </span>
     <span class='ocr_line' id='line_1_96' title="bbox 1861 4150 3391 4234; baseline 0.005 -22"><span class='ocrx_word' id='word_1_674' title='bbox 1861 4152 1977 4228; x_wconf 84' lang='lat' dir='ltr'><strong>dis,</strong></span> <span class='ocrx_word' id='word_1_675' title='bbox 2012 4170 2152 4230; x_wconf 77' lang='lat' dir='ltr'><strong>quae</strong></span> <span class='ocrx_word' id='word_1_676' title='bbox 2176 4150 2354 4229; x_wconf 86' lang='lat' dir='ltr'><strong>juxta</strong></span> <span class='ocrx_word' id='word_1_677' title='bbox 2382 4169 2526 4210; x_wconf 86' lang='lat' dir='ltr'><strong>suas</strong></span> <span class='ocrx_word' id='word_1_678' title='bbox 2555 4155 2755 4212; x_wconf 86' lang='lat' dir='ltr'><strong>sectas</strong></span> <span class='ocrx_word' id='word_1_679' title='bbox 2782 4152 2986 4213; x_wconf 87' lang='lat' dir='ltr'><strong>valida</strong></span> <span class='ocrx_word' id='word_1_680' title='bbox 3008 4161 3267 4234; x_wconf 88' lang='lat' dir='ltr'><strong>putant,</strong></span> <span class='ocrx_word' id='word_1_681' title='bbox 3323 4163 3391 4219; x_wconf 88' lang='lat' dir='ltr'><strong>ut</strong></span> 
     </span>
     <span class='ocr_line' id='line_1_97' title="bbox 1859 4243 3386 4329; baseline 0.003 -24"><span class='ocrx_word' id='word_1_682' title='bbox 1859 4244 1910 4305; x_wconf 88' lang='lat' dir='ltr'><strong>si</strong></span> <span class='ocrx_word' id='word_1_683' title='bbox 1938 4247 1970 4306; x_wconf 87' lang='lat' dir='ltr'>J</span> <span class='ocrx_word' id='word_1_684' title='bbox 1981 4244 2195 4304; x_wconf 83' lang='lat' dir='ltr'><strong>udaeus</strong></span> <span class='ocrx_word' id='word_1_685' title='bbox 2224 4243 2472 4304; x_wconf 84' lang='lat' dir='ltr'><strong>vivente</strong></span> <span class='ocrx_word' id='word_1_686' title='bbox 2501 4244 2703 4323; x_wconf 89' lang='lat' dir='ltr'><strong>prima</strong></span> <span class='ocrx_word' id='word_1_687' title='bbox 2733 4264 2946 4323; x_wconf 88' lang='lat' dir='ltr'><strong>uxore,</strong></span> <span class='ocrx_word' id='word_1_688' title='bbox 2982 4267 3169 4326; x_wconf 86' lang='lat' dir='ltr'><strong>quam</strong></span> <span class='ocrx_word' id='word_1_689' title='bbox 3200 4267 3386 4329; x_wconf 91' lang='lat' dir='ltr'><strong>repu-</strong></span> 
     </span>
     <span class='ocr_line' id='line_1_98' title="bbox 1859 4336 3391 4418; baseline 0.004 -22"><span class='ocrx_word' id='word_1_690' title='bbox 1859 4336 2075 4411; x_wconf 85' lang='lat' dir='ltr'><strong>diavit,</strong></span> <span class='ocrx_word' id='word_1_691' title='bbox 2110 4354 2189 4395; x_wconf 80' lang='lat' dir='ltr'><strong>ex</strong></span> <span class='ocrx_word' id='word_1_692' title='bbox 2215 4336 2489 4395; x_wconf 89' lang='lat' dir='ltr'><strong>secunda</strong></span> <span class='ocrx_word' id='word_1_693' title='bbox 2519 4356 2711 4397; x_wconf 79' lang='lat' dir='ltr'><strong>uxore</strong></span> <span class='ocrx_word' id='word_1_694' title='bbox 2742 4339 2900 4399; x_wconf 81' lang='lat' dir='ltr'><strong>filios</strong></span> <span class='ocrx_word' id='word_1_695' title='bbox 2929 4341 3229 4418; x_wconf 80' lang='lat' dir='ltr'><strong>generet?</strong></span> <span class='ocrx_word' id='word_1_696' title='bbox 3282 4343 3391 4403; x_wconf 85' lang='lat' dir='ltr'><strong>Af-</strong></span> 
     </span>
     <span class='ocr_line' id='line_1_99' title="bbox 1859 4428 3392 4513; baseline 0.005 -25"><span class='ocrx_word' id='word_1_697' title='bbox 1859 4428 2069 4490; x_wconf 86' lang='lat' dir='ltr'><strong>firmat</strong></span> <span class='ocrx_word' id='word_1_698' title='bbox 2113 4429 2342 4489; x_wconf 86' lang='lat' dir='ltr'><strong>Moliua</strong></span> <span class='ocrx_word' id='word_1_699' title='bbox 2385 4429 2552 4491; x_wconf 91' lang='lat' dir='ltr'><strong>dicta</strong></span> <span class='ocrx_word' id='word_1_700' title='bbox 2595 4429 2822 4509; x_wconf 86' lang='lat' dir='ltr'><strong>disput.</strong></span> <span class='ocrx_word' id='word_1_701' title='bbox 2868 4448 3039 4494; x_wconf 73' lang='lat' dir='ltr'><strong>ctxv.</strong></span> <span class='ocrx_word' id='word_1_702' title='bbox 3081 4435 3135 4513; x_wconf 66' lang='grc' dir='ltr'><strong>ἓ.</strong></span> <span class='ocrx_word' id='word_1_703' title='bbox 3178 4434 3392 4497; x_wconf 78' lang='lat' dir='ltr'><strong>Utrum</strong></span> 
     </span>
     <span class='ocr_line' id='line_1_100' title="bbox 1859 4521 3391 4599; baseline 0.005 -18"><span class='ocrx_word' id='word_1_704' title='bbox 1859 4539 2019 4597; x_wconf 83' lang='lat' dir='ltr'><strong>vera,</strong></span> <span class='ocrx_word' id='word_1_705' title='bbox 2052 4526 2184 4580; x_wconf 90' lang='lat' dir='ltr'><strong>tum</strong></span> <span class='ocrx_word' id='word_1_706' title='bbox 2231 4521 2379 4599; x_wconf 86' lang='lat' dir='ltr'><strong>quia</strong></span> <span class='ocrx_word' id='word_1_707' title='bbox 2405 4521 2572 4582; x_wconf 89' lang='lat' dir='ltr'><strong>bona</strong></span> <span class='ocrx_word' id='word_1_708' title='bbox 2614 4523 2735 4582; x_wconf 85' lang='lat' dir='ltr'><strong>fide</strong></span> <span class='ocrx_word' id='word_1_709' title='bbox 2781 4525 3159 4586; x_wconf 89' lang='lat' dir='ltr'><strong>matrimonii</strong></span> <span class='ocrx_word' id='word_1_710' title='bbox 3201 4528 3391 4588; x_wconf 83' lang='lat' dir='ltr'><strong>validi</strong></span> 
     </span>
     <span class='ocr_line' id='line_1_101' title="bbox 1862 4616 3390 4698; baseline 0.005 -24"><span class='ocrx_word' id='word_1_711' title='bbox 1862 4632 1969 4674; x_wconf 90' lang='lat' dir='ltr'><strong>eos</strong></span> <span class='ocrx_word' id='word_1_712' title='bbox 2019 4619 2409 4691; x_wconf 86' lang='lat' dir='ltr'><strong>genuerunt,</strong></span> <span class='ocrx_word' id='word_1_713' title='bbox 2468 4618 2603 4675; x_wconf 91' lang='lat' dir='ltr'><strong>tum</strong></span> <span class='ocrx_word' id='word_1_714' title='bbox 2648 4616 2837 4677; x_wconf 89' lang='lat' dir='ltr'><strong>etiam</strong></span> <span class='ocrx_word' id='word_1_715' title='bbox 2884 4625 3138 4697; x_wconf 85' lang='lat' dir='ltr'><strong>propter</strong></span> <span class='ocrx_word' id='word_1_716' title='bbox 3191 4622 3390 4698; x_wconf 87' lang='lat' dir='ltr'><strong>publi-</strong></span> 
     </span>
     <span class='ocr_line' id='line_1_102' title="bbox 1861 4706 3392 4783; baseline 0.005 -16"><span class='ocrx_word' id='word_1_717' title='bbox 1861 4725 2001 4767; x_wconf 88' lang='lat' dir='ltr'><strong>eam</strong></span> <span class='ocrx_word' id='word_1_718' title='bbox 2041 4706 2406 4783; x_wconf 87' lang='lat' dir='ltr'><strong>utilitatem,</strong></span> <span class='ocrx_word' id='word_1_719' title='bbox 2484 4727 2561 4768; x_wconf 89' lang='lat' dir='ltr'><strong>ne</strong></span> <span class='ocrx_word' id='word_1_720' title='bbox 2610 4714 2941 4772; x_wconf 90' lang='lat' dir='ltr'><strong>arceantur</strong></span> <span class='ocrx_word' id='word_1_721' title='bbox 2984 4731 3023 4771; x_wconf 88' lang='lat' dir='ltr'><strong>a</strong></span> <span class='ocrx_word' id='word_1_722' title='bbox 3063 4712 3185 4773; x_wconf 86' lang='lat' dir='ltr'><strong>fide</strong></span> <span class='ocrx_word' id='word_1_723' title='bbox 3226 4713 3392 4775; x_wconf 87' lang='lat' dir='ltr'><strong>chri-</strong></span> 
     </span>
     <span class='ocr_line' id='line_1_103' title="bbox 1858 4800 2080 4862; baseline -0.005 -2"><span class='ocrx_word' id='word_1_724' title='bbox 1858 4800 2080 4862; x_wconf 88' lang='lat' dir='ltr'><strong>stiana.</strong></span> 
     </span>
    </p>

    <p class='ocr_par' dir='ltr' id='par_1_17' title="bbox 1860 4893 3391 5436">
     <span class='ocr_line' id='line_1_104' title="bbox 1940 4893 3390 4961; baseline 0.004 -8"><span class='ocrx_word' id='word_1_725' title='bbox 1940 4893 2266 4953; x_wconf 86' lang='lat' dir='ltr'><strong>Contraria</strong></span> <span class='ocrx_word' id='word_1_726' title='bbox 2293 4897 2504 4954; x_wconf 90' lang='lat' dir='ltr'><strong>tamen</strong></span> <span class='ocrx_word' id='word_1_727' title='bbox 2537 4895 2845 4957; x_wconf 87' lang='lat' dir='ltr'><strong>sententia</strong></span> <span class='ocrx_word' id='word_1_728' title='bbox 2875 4898 3024 4957; x_wconf 86' lang='lat' dir='ltr'><strong>mihi</strong></span> <span class='ocrx_word' id='word_1_729' title='bbox 3050 4901 3246 4961; x_wconf 87' lang='lat' dir='ltr'><strong>multo</strong></span> <span class='ocrx_word' id='word_1_730' title='bbox 3265 4917 3390 4959; x_wconf 86' lang='lat' dir='ltr'><strong>ma-</strong></span> 
     </span>
     <span class='ocr_line' id='line_1_105' title="bbox 1861 4986 3385 5071; baseline 0.007 -27"><span class='ocrx_word' id='word_1_731' title='bbox 1861 4986 1956 5063; x_wconf 85' lang='lat' dir='ltr'><strong>gis</strong></span> <span class='ocrx_word' id='word_1_732' title='bbox 1987 4986 2210 5063; x_wconf 80' lang='lat' dir='ltr'><strong>placet,</strong></span> <span class='ocrx_word' id='word_1_733' title='bbox 2260 5005 2451 5065; x_wconf 86' lang='lat' dir='ltr'><strong>quam</strong></span> <span class='ocrx_word' id='word_1_734' title='bbox 2496 4989 2793 5067; x_wconf 87' lang='lat' dir='ltr'><strong>supponit</strong></span> <span class='ocrx_word' id='word_1_735' title='bbox 2837 4990 3023 5050; x_wconf 89' lang='lat' dir='ltr'><strong>etiam</strong></span> <span class='ocrx_word' id='word_1_736' title='bbox 3054 4994 3287 5071; x_wconf 81' lang='lat' dir='ltr'><strong>Vasqu.</strong></span> <span class='ocrx_word' id='word_1_737' title='bbox 3324 4993 3385 5054; x_wconf 91' lang='lat' dir='ltr'><strong>d.</strong></span> 
     </span>
     <span class='ocr_line' id='line_1_106' title="bbox 1860 5080 3390 5165; baseline 0.004 -25"><span class='ocrx_word' id='word_1_738' title='bbox 1860 5080 1917 5158; x_wconf 69' lang='lat'><strong>§-</strong></span> <span class='ocrx_word' id='word_1_739' title='bbox 1954 5096 2018 5139; x_wconf 91' lang='lat'><strong>11.</strong></span> <span class='ocrx_word' id='word_1_740' title='bbox 2055 5097 2229 5143; x_wconf 89' lang='lat' dir='ltr'><strong>num.</strong></span> <span class='ocrx_word' id='word_1_741' title='bbox 2261 5082 2336 5139; x_wconf 77' lang='lat'><strong>25</strong></span> <span class='ocrx_word' id='word_1_742' title='bbox 2393 5086 2456 5141; x_wconf 88' lang='lat' dir='ltr'><strong>et</strong></span> <span class='ocrx_word' id='word_1_743' title='bbox 2484 5081 2731 5158; x_wconf 87' lang='lat' dir='ltr'><strong>probari</strong></span> <span class='ocrx_word' id='word_1_744' title='bbox 2763 5088 2966 5160; x_wconf 81' lang='lat' dir='ltr'><strong>potest</strong></span> <span class='ocrx_word' id='word_1_745' title='bbox 2996 5084 3220 5162; x_wconf 87' lang='lat' dir='ltr'><strong>primo,</strong></span> <span class='ocrx_word' id='word_1_746' title='bbox 3244 5087 3390 5165; x_wconf 86' lang='lat' dir='ltr'><strong>quia</strong></span> 
     </span>
     <span class='ocr_line' id='line_1_107' title="bbox 1861 5171 3389 5252; baseline 0.007 -22"><span class='ocrx_word' id='word_1_747' title='bbox 1861 5171 2257 5249; x_wconf 82' lang='lat' dir='ltr'><strong>privilegium</strong></span> <span class='ocrx_word' id='word_1_748' title='bbox 2306 5172 2456 5233; x_wconf 92' lang='lat' dir='ltr'><strong>illud</strong></span> <span class='ocrx_word' id='word_1_749' title='bbox 2488 5175 2702 5234; x_wconf 88' lang='lat' dir='ltr'><strong>datum</strong></span> <span class='ocrx_word' id='word_1_750' title='bbox 2746 5175 2903 5252; x_wconf 87' lang='lat' dir='ltr'><strong>proli</strong></span> <span class='ocrx_word' id='word_1_751' title='bbox 2934 5177 3013 5236; x_wconf 89' lang='lat' dir='ltr'><strong>ob</strong></span> <span class='ocrx_word' id='word_1_752' title='bbox 3056 5177 3288 5239; x_wconf 91' lang='lat' dir='ltr'><strong>bonam</strong></span> <span class='ocrx_word' id='word_1_753' title='bbox 3318 5182 3389 5239; x_wconf 82' lang='lat' dir='ltr'><strong>fi-</strong></span> 
     </span>
     <span class='ocr_line' id='line_1_108' title="bbox 1866 5264 3389 5350; baseline 0.007 -27"><span class='ocrx_word' id='word_1_754' title='bbox 1866 5264 2008 5323; x_wconf 91' lang='lat' dir='ltr'><strong>dem</strong></span> <span class='ocrx_word' id='word_1_755' title='bbox 2056 5270 2410 5343; x_wconf 85' lang='lat' dir='ltr'><strong>parentum‚</strong></span> <span class='ocrx_word' id='word_1_756' title='bbox 2461 5267 2661 5327; x_wconf 88' lang='lat' dir='ltr'><strong>solum</strong></span> <span class='ocrx_word' id='word_1_757' title='bbox 2717 5269 3082 5330; x_wconf 89' lang='lat' dir='ltr'><strong>conceditur</strong></span> <span class='ocrx_word' id='word_1_758' title='bbox 3137 5274 3389 5350; x_wconf 82' lang='lat' dir='ltr'><strong>quando</strong></span> 
     </span>
     <span class='ocr_line' id='line_1_109' title="bbox 1865 5358 3391 5436; baseline 0.007 -20"><span class='ocrx_word' id='word_1_759' title='bbox 1865 5362 2157 5436; x_wconf 88' lang='lat' dir='ltr'><strong>parentes</strong></span> <span class='ocrx_word' id='word_1_760' title='bbox 2187 5358 2354 5418; x_wconf 87' lang='lat' dir='ltr'><strong>bona</strong></span> <span class='ocrx_word' id='word_1_761' title='bbox 2379 5360 2503 5419; x_wconf 85' lang='lat' dir='ltr'><strong>fide</strong></span> <span class='ocrx_word' id='word_1_762' title='bbox 2534 5361 2754 5422; x_wconf 89' lang='lat' dir='ltr'><strong>saltem</strong></span> <span class='ocrx_word' id='word_1_763' title='bbox 2783 5361 3038 5423; x_wconf 88' lang='lat' dir='ltr'><strong>alterius</strong></span> <span class='ocrx_word' id='word_1_764' title='bbox 3069 5369 3391 5427; x_wconf 83' lang='lat' dir='ltr'><strong>contraxe-</strong></span> 
     </span>
    </p>
   </div>
   <div class='ocr_carea' id='block_1_14' title="bbox 3446 1147 3705 1297">
    <p class='ocr_par' dir='ltr' id='par_1_18' title="bbox 3446 1147 3705 1297">
     <span class='ocr_line' id='line_1_110' title="bbox 3446 1147 3705 1202; baseline -0.004 -13"><span class='ocrx_word' id='word_1_765' title='bbox 3446 1147 3557 1202; x_wconf 75' lang='lat' dir='ltr'><strong>quid,</strong></span> <span class='ocrx_word' id='word_1_766' title='bbox 3579 1147 3614 1189; x_wconf 72' lang='lat' dir='ltr'><strong>si</strong></span> <span class='ocrx_word' id='word_1_767' title='bbox 3634 1147 3705 1189; x_wconf 71' lang='lat' dir='ltr'><strong>fiat</strong></span> 
     </span>
     <span class='ocr_line' id='line_1_111' title="bbox 3475 1200 3672 1243; baseline 0 -1"><span class='ocrx_word' id='word_1_768' title='bbox 3475 1201 3515 1242; x_wconf 86' lang='lat' dir='ltr'><strong>in</strong></span> <span class='ocrx_word' id='word_1_769' title='bbox 3536 1200 3672 1243; x_wconf 86' lang='lat' dir='ltr'><strong>odium</strong></span> 
     </span>
     <span class='ocr_line' id='line_1_112' title="bbox 3484 1254 3670 1297; baseline 0.005 -1"><span class='ocrx_word' id='word_1_770' title='bbox 3484 1254 3670 1297; x_wconf 70' lang='lat' dir='ltr'><strong>alterius.</strong></span> 
     </span>
    </p>
   </div>
   <div class='ocr_carea' id='block_1_15' title="bbox 3553 3147 3635 3210">
    <p class='ocr_par' dir='ltr' id='par_1_19' title="bbox 3553 3147 3635 3210">
     <span class='ocr_line' id='line_1_113' title="bbox 3553 3147 3635 3210; baseline -0.012 0"><span class='ocrx_word' id='word_1_771' title='bbox 3553 3147 3635 3210; x_wconf 81' lang='lat'><strong>86</strong></span> 
     </span>
    </p>
   </div>
   <div class='ocr_carea' id='block_1_16' title="bbox 3448 3273 3721 3424">
    <p class='ocr_par' dir='ltr' id='par_1_20' title="bbox 3448 3273 3721 3424">
     <span class='ocr_line' id='line_1_114' title="bbox 3448 3273 3710 3327; baseline 0.008 -11"><span class='ocrx_word' id='word_1_772' title='bbox 3448 3273 3554 3327; x_wconf 75' lang='lat' dir='ltr'><strong>Quid</strong></span> <span class='ocrx_word' id='word_1_773' title='bbox 3572 3273 3624 3318; x_wconf 77' lang='lat' dir='ltr'><strong>de</strong></span> <span class='ocrx_word' id='word_1_774' title='bbox 3642 3286 3710 3326; x_wconf 75' lang='lat' dir='ltr'><strong>oo.</strong></span> 
     </span>
     <span class='ocr_line' id='line_1_115' title="bbox 3450 3327 3721 3383; baseline 0 -13"><span class='ocrx_word' id='word_1_775' title='bbox 3450 3329 3519 3383; x_wconf 84' lang='lat' dir='ltr'><strong>qui</strong></span> <span class='ocrx_word' id='word_1_776' title='bbox 3539 3327 3721 3370; x_wconf 69' lang='lat' dir='ltr'><strong>nascitur</strong></span> 
     </span>
     <span class='ocr_line' id='line_1_116' title="bbox 3472 3381 3692 3424; baseline -0.009 0"><span class='ocrx_word' id='word_1_777' title='bbox 3472 3394 3565 3424; x_wconf 82' lang='lat' dir='ltr'><strong>eum</strong></span> <span class='ocrx_word' id='word_1_778' title='bbox 3582 3381 3692 3423; x_wconf 73' lang='lat' dir='ltr'><strong>bona</strong></span> 
     </span>
    </p>
   </div>
   <div class='ocr_carea' id='block_1_17' title="bbox 3435 3432 3727 3489">
    <p class='ocr_par' dir='ltr' id='par_1_21' title="bbox 3435 3432 3727 3489">
     <span class='ocr_line' id='line_1_117' title="bbox 3435 3432 3727 3489; baseline -0.003 -12"><span class='ocrx_word' id='word_1_779' title='bbox 3435 3434 3516 3478; x_wconf 73' lang='lat' dir='ltr'><strong>udo</strong></span> <span class='ocrx_word' id='word_1_780' title='bbox 3530 3432 3727 3489; x_wconf 67' lang='lat' dir='ltr'><strong>pan-enus.</strong></span> 
     </span>
    </p>
   </div>
  </div>
 </body>
</html>
