4263 6376
646 4504 764 4566 159

605 4631 708 4683 Quid
739 4631 790 4674 de

548 4683 766 4728 donatione
791 4684 842 4727 nd

562 4750 705 4781 uum
722 4739 826 4794 pias.

854 333 934 392 38
2016 333 2118 391 DE
2160 331 2514 391 JUSTITIA
2562 331 2662 390 ΕΤ
2704 332 2903 392 JURE

854 512 1177 569 contractu
1206 508 1444 585 absque
1475 508 1845 569 auctoritate
1889 507 2193 568 curatoris
2222 507 2384 568 facto

855 600 1221 661 naturaliter
1241 600 1571 679 obligetur,
1598 604 1801 679 potest
1820 607 2027 662 tamen
2052 600 2226 660 illum
2251 618 2389 677 pos-

853 697 958 754 tea
985 692 1360 769 rescindere,
1396 693 1543 771 quia
1563 693 1760 754 voluit
1778 694 1877 753 lex
1893 693 2027 771 ejus
2049 693 2217 753 aetati
2243 691 2390 752 sub-

854 785 1089 861 venire,
1116 789 1185 845 ut
1204 785 1450 845 nonnisi
1470 785 1766 864 prudenti
1788 785 2042 846 consilio
2066 785 2388 865 praemisso

856 878 1251 951 contrahant,
1285 882 1347 939 et
1366 877 1506 953 hoc,
1541 878 1685 939 licet
1708 878 1910 938 nullus
1937 882 2141 938 metus
2164 878 2259 938 vel
2280 877 2393 937 do-

852 970 952 1030 lus
979 968 1395 1048 praecesserit;
1431 969 1518 1029 ita
1541 970 1734 1030 voluit
1753 970 1848 1030 lex
1880 971 2168 1031 omnibus
2197 970 2259 1029 in
2292 988 2392 1030 or-

856 1063 1000 1122 dine
1031 1062 1110 1121 ad
1140 1061 1509 1122 donationes
1538 1063 1887 1122 excessivas
1932 1063 2081 1123 dare
2111 1080 2392 1123 commu·

857 1154 1039 1228 niter,
1091 1155 1271 1233 quasi
1301 1158 1653 1215 curatorem
1693 1160 1755 1215 et
1783 1156 2205 1218 consultorem
2253 1174 2395 1234 pru-

856 1248 1133 1323 dentem,
1174 1266 1398 1326 nempe
1420 1247 1724 1327 judicem,
1771 1249 1879 1328 qui
1908 1249 2104 1327 possit
2133 1249 2221 1308 eis
2250 1267 2395 1309 con-

857 1341 1063 1400 sulere
1092 1357 1326 1419 eosque
1356 1340 1651 1419 dirigere,
1702 1359 1777 1399 ne
1808 1340 1988 1400 facile
2019 1342 2246 1401 affectu
2279 1340 2393 1400 du-

858 1436 1080 1493 cantur
1108 1432 1186 1491 ad
1217 1432 1477 1511 prodige
1508 1431 1891 1507 donandum,
1927 1451 2066 1512 quae
2096 1434 2255 1494 ratio
2288 1433 2394 1493 ad·

861 1525 985 1586 huc
1012 1529 1316 1601 remanet,
1374 1524 1520 1585 licet
1549 1525 1719 1584 nulla
1765 1525 1859 1584 vis
1887 1526 1984 1584 vel
2033 1525 2214 1586 dolus
2244 1543 2395 1604 prae-

862 1618 1138 1678 cesserit.

942 1711 1037 1771 Ab
1067 1710 1186 1771 hac
1214 1709 1582 1771 necessitate
1613 1708 2050 1770 insinuationis
2081 1709 2400 1788 excipiun-

862 1810 966 1866 tur
990 1804 1201 1883 plures
1232 1822 1434 1863 casuS.
1499 1802 1728 1879 PrimO,
1781 1802 1829 1861 si
1879 1803 2133 1864 donatio
2181 1803 2293 1864 fiat
2321 1802 2399 1862 ad

861 1896 1359 1974 redemptionem
1417 1895 1808 1972 captivorum
1861 1895 1984 1972 leg.
2037 1895 2274 1972 penult.
2330 1897 2395 1956 C.

752 2008 791 2036 ¹·
863 1989 932 2050 de
958 1988 1358 2050 donationibus
1406 2009 1419 2049 :
1470 1988 1764 2066 idemque
1793 1987 2147 2049 extenditur
2192 1988 2275 2048 ad
2303 2006 2402 2047 re-

864 2083 1253 2163 parationem
1284 2082 1529 2157 domuS,
1583 2099 1723 2161 quae
1753 2082 1934 2141 ruina
1980 2082 2078 2141 vel
2111 2080 2398 2141 incendio

867 2175 1184 2237 destructa
1209 2179 1322 2251 est,
1356 2174 1694 2234 dummodo
1725 2173 1978 2234 donatio
2010 2178 2138 2234 tota
2169 2173 2231 2232 in
2259 2192 2402 2233 eum

866 2268 1064 2328 solum
1095 2285 1277 2327 usum
1325 2266 1735 2344 expendatur.
1789 2266 2078 2327 Secundo
2123 2266 2174 2325 si
2206 2267 2403 2326 dona-

866 2360 1085 2435 tariuS,
1136 2359 1235 2419 vel
1265 2359 1534 2420 donator
1561 2359 1639 2420 sit
1686 2358 1979 2436 princeps
2009 2377 2133 2419 non
2166 2358 2405 2418 habens

868 2453 1276 2532 superiorem,
1330 2470 1406 2511 ex
1454 2452 1575 2529 leg.
1611 2450 1941 2516 Sancimus.
1993 2452 2048 2530 ἓ.
2086 2450 2398 2533 Eoeceptis,

869 2550 933 2607 et
954 2547 1020 2605 iu
1048 2544 1425 2606 Authentica
1451 2544 1597 2605 Item
1627 2564 1663 2604 a
1680 2543 1958 2624 privatis,
2006 2545 2071 2605 C.
2106 2543 2175 2603 de
2202 2543 2400 2605 donat.

869 2638 1077 2700 Tertio
1107 2638 1155 2698 si
1185 2638 1483 2716 magister
1511 2638 1777 2699 militum
1809 2638 1917 2697 dat
1945 2636 2120 2697 militi
2154 2637 2406 2698 mobilia

871 2750 945 2794 ex
972 2732 1094 2810 leg.
1129 2732 1366 2810 penult.
1403 2733 1468 2792 C.
1502 2729 1571 2791 de
1598 2729 1795 2791 donat.
1833 2732 2087 2806 Quarto,
2123 2730 2176 2789 si
2207 2730 2407 2790 dona-

872 2824 956 2887 tio
987 2824 1065 2885 sit
1093 2823 1610 2899 remuneratoria,
1668 2823 1767 2883 vel
1812 2822 1892 2883 ob
1935 2841 2189 2883 causam
2235 2827 2305 2884 ut
2333 2841 2406 2882 ex

872 2917 1192 2979 communi
1220 2916 1549 2977 doctorum
1578 2916 1891 2977 sententia
1920 2916 2149 2994 probat
2174 2915 2408 2976 Molina

873 3014 960 3073 to.
993 3027 1062 3070 11.
1097 3009 1260 3087 disp.
1303 3012 1441 3070 279.
1478 3027 1583 3069 nu.
1617 3012 1677 3069 5.
1731 3008 1909 3081 Quod
1947 3014 2158 3069 tamen
2188 3008 2409 3068 intelli-

872 3102 1042 3182 gitur
1068 3102 1149 3162 ab
1198 3101 1270 3161 iis
1316 3100 1698 3176 doctoribus,
1753 3100 2006 3179 quando
2055 3100 2310 3161 donatio
2340 3102 2410 3160 li-

874 3196 1057 3257 mites
1084 3194 1626 3270 remuncrationiS,
1685 3199 1793 3254 aut
1838 3212 2043 3254 causae
2080 3212 2208 3254 non
2236 3212 2409 3254 exce-

877 3288 1000 3363 dit,
1045 3287 1322 3366 alioquin
1368 3285 1576 3365 quoad
1625 3304 1946 3347 excessum
1992 3285 2409 3346 insinuatione

876 3379 1203 3458 indigebit.
1255 3379 1433 3440 Unde
1464 3379 1717 3439 donatio
1765 3379 2086 3456 reciproca
2118 3397 2242 3438 non
2272 3397 2412 3457 pro-

879 3474 1150 3547 hibetur,
1175 3475 1245 3533 ut
1263 3489 1406 3532 cum
1426 3471 1564 3532 dico
1605 3492 1617 3531 :
1645 3471 1812 3532 Dono
1837 3471 2075 3532 tibitale
2090 3471 2407 3552 proedium,

879 3576 934 3627 et
962 3575 1024 3626 tu
1069 3564 1317 3625 vicissim
1361 3562 1513 3624 dona
1555 3564 1703 3624 mihi
1740 3563 1892 3624 illud
1931 3563 2112 3641 aliud,
2172 3569 2242 3625 ut
2268 3582 2412 3625 cum

880 3659 1088 3738 glossa
1115 3658 1177 3718 in
1207 3660 1329 3736 leg.
1365 3655 1547 3733 Licet,
1593 3657 1810 3732 verb0,
1862 3657 2066 3716 mortis
2108 3675 2302 3730 causa,
2341 3657 2407 3717 C.

881 3751 1161 3834 depactis
1190 3755 1252 3812 et
1279 3749 1417 3811 aliis
1450 3750 1743 3811 observat
1770 3750 2003 3811 Molina
2038 3750 2127 3810 ibi
2170 3769 2274 3810 nu.
2312 3752 2407 3810 10.

884 3865 957 3908 ex
987 3863 1110 3926 quo
1141 3845 1330 3905 etiam
1359 3843 1561 3921 capite
1591 3842 1868 3919 donati0,
1921 3862 2043 3922 qua
2073 3845 2416 3922 majoratus

883 3938 1245 4013 instituitur,
1280 3955 1402 3998 non
1433 3936 1673 4015 indiget
1702 3937 2118 3997 communiter
2146 3936 2419 3996 insinua-

884 4033 1072 4107 tione,
1125 4030 1265 4110 quia
1302 4030 1670 4108 plerumque
1715 4030 1785 4091 fit
1814 4048 1889 4090 ex
1919 4047 2130 4105 causa,
2184 4034 2247 4090 et
2275 4047 2418 4089 cum

885 4124 1097 4185 multis
1125 4123 1614 4202 gravaminibuS,
1650 4123 1727 4183 de
1760 4141 1882 4201 quo
1913 4123 2072 4182 bene
2102 4123 2315 4183 Molin.
2355 4141 2414 4182 n.

891 4220 986 4278 11.
1022 4216 1300 4293 Denique
1330 4215 1581 4275 donatio
1604 4233 1794 4276 causa
1821 4215 2039 4276 mortis
2059 4215 2120 4274 in
2144 4215 2421 4294 quolibet

888 4326 1134 4370 summa
1157 4307 1570 4368 insinuatione
1601 4326 1725 4367 non
1756 4307 2013 4385 indiget,
2048 4326 2121 4367 cx
2149 4308 2271 4385 leg.
2308 4307 2417 4368 ult.

892 4404 959 4463 C.
992 4400 1062 4462 de
1086 4400 1284 4461 donat.
1318 4419 1491 4460 causa
1518 4400 1740 4460 mortis.

974 4494 1303 4556 Dubitatur
1332 4494 1557 4572 primo,
1609 4512 1688 4552 an
1719 4493 1972 4554 donatio
2022 4492 2317 4572 quaelibet
2344 4492 2423 4552 ad

892 4605 1146 4648 causam
1174 4587 1342 4667 piam
1370 4586 1736 4665 excipienda
1766 4587 1953 4647 etiam
1993 4587 2073 4646 sit
2101 4586 2182 4646 ab
2211 4605 2286 4646 ea
2318 4604 2417 4645 ne-

892 4681 1178 4741 cessitate
1225 4679 1704 4741 insinuationis?
1749 4679 1958 4758 Aliqui
2001 4679 2246 4755 dicunt,
2299 4697 2423 4740 non

890 4773 1123 4852 excipi,
1173 4772 1225 4834 si
1273 4772 1536 4834 excedat
1584 4773 1959 4852 quingentos
2007 4773 2260 4833 solidos
2330 4772 2422 4832 lta

888 4870 1034 4928 Ant.
1070 4869 1319 4943 Gomez,
1356 4872 1418 4928 et
1446 4867 1551 4926 alii
1581 4867 1748 4945 apud
1768 4866 2064 4926 Molinam
2095 4865 2200 4925 ubi
2232 4883 2423 4942 supra

887 4978 1059 5021 num.
1096 4963 1151 5020 1.
1188 4965 1251 5022 et
1279 4959 1445 5038 apud
1477 4958 1828 5020 Gabrielem
1857 4958 1965 5019 lib.
1999 4960 2102 5018 111.
2145 4956 2217 5017 de
2243 4956 2424 5017 dona-

886 5052 1134 5114 tionibus
1163 5053 1436 5113 conclus.
1472 5069 1514 5113 1.
1549 5072 1656 5115 nu.
1688 5055 1788 5113 28.
1839 5055 1901 5110 et
1944 5050 2423 5111 fundamentum

882 5165 1183 5225 magnum
1222 5146 1460 5207 habent
1488 5147 1550 5205 in
1578 5145 1703 5223 leg.
1739 5143 1902 5204 Illud
1928 5147 1994 5204 C.
2029 5143 2098 5205 de
2121 5162 2423 5204 sacrosan-

882 5239 988 5299 ctis
1014 5238 1282 5314 ecclesiis,
1340 5244 1402 5299 et
1427 5239 1550 5316 leg.
1585 5236 1913 5309 Sanc-imus,
1967 5239 2032 5298 C.
2065 5235 2136 5296 de
2162 5235 2423 5296 donatio-

883 5330 1025 5406 bus,·
1069 5331 1419 5392 communis
1452 5335 1660 5392 tamen
1707 5331 2014 5391 sententia
2047 5329 2420 5408 juristarum

883 5428 944 5483 ct
970 5423 1410 5502 theologorum
1451 5423 1724 5485 affirmat
1771 5422 1967 5500 excipi
2016 5421 2095 5481 ab
2144 5421 2263 5482 hac
2309 5440 2421 5482 ne-

880 5517 1165 5578 cessitate
1221 5517 1562 5596 quamlibet
1611 5516 2016 5577 donationem
2063 5516 2146 5575 ad
2192 5534 2413 5576 causas

2491 507 2646 586 pias,
2682 525 2872 587 quam
2900 508 3113 568 multis
3141 508 3352 568 relatis
3382 512 3553 568 tenet
3578 505 3808 567 Molina
3836 506 3923 565 ibi
3960 525 4022 564 u.

2488 603 2548 659 2.
2582 600 2829 660 Lessius
2858 600 2964 660 ubi
2993 618 3184 679 supra
3213 619 3385 661 num.
3425 603 3558 662 102.
3594 599 3883 660 Rebellus
3912 618 4024 678 qu.

2492 708 2603 752 vn.
2639 711 2699 752 n.
2739 696 2794 752 1.
2826 693 3169 753 Turrianus
3198 693 3363 754 dicta
3381 693 3540 771 disp.
3563 693 3833 754 LXXIII.
3867 691 4024 751 dub.

2493 803 2553 846 v.
2587 786 2650 845 in
2681 785 2825 861 fine,
2877 790 2938 845 et
2967 786 3073 844 alii
3102 786 3552 861 communiter,
3604 804 3643 846 a
3671 785 3898 864 quibus
3929 802 4033 844 re»

2493 878 2844 938 cedendum
2873 896 2995 938 non
3027 882 3139 939 est.

2575 970 2833 1032 Probari
2860 970 3018 1030 solet
3046 971 3246 1049 primo
3278 988 3315 1029 a
3343 969 3552 1047 simili,
3595 969 3743 1049 quia
3771 970 4032 1031 donatio

2495 1063 2573 1123 ad
2603 1062 3095 1141 redemptionem
3129 1064 3541 1142 captivorum,
3576 1068 3638 1123 et
3668 1063 3744 1122 ad
3774 1082 4033 1141 repara-

2497 1156 2728 1218 tionem
2770 1156 2994 1216 domus
3026 1155 3249 1216 dirutae
3301 1174 3424 1216 non
3472 1155 3713 1234 indiget
3757 1157 4034 1216 insinua-

2495 1250 2684 1309 tione.
2719 1250 2873 1310 Item
2902 1248 3155 1310 donatio
3186 1249 3351 1309 facta
3380 1266 3416 1306 a
3444 1249 3743 1325 magistro
3764 1249 4035 1311 militum

2496 1341 2559 1401 in
2588 1343 2868 1401 favorem
2908 1341 3166 1416 militiae,
3227 1346 3290 1402 et
3332 1341 3497 1402 facta
3540 1342 3809 1420 principi
3853 1342 3955 1401 vel
4000 1360 4037 1400 a

2498 1434 2800 1513 principe,
2851 1452 3000 1513 ergo
3033 1438 3096 1494 et
3141 1434 3281 1495 aliae
3310 1434 3389 1494 ad
3420 1452 3641 1495 causas
3671 1434 3826 1512 pia5‚
3884 1452 4037 1514 qua-

2498 1545 2637 1587 rum
2668 1544 2856 1587 causa
2905 1545 3106 1605 aeque,
3156 1527 3256 1586 vel
3301 1528 3503 1605 magis
3552 1527 3912 1588 favorabilis
3944 1533 4041 1588 est

2501 1620 2701 1698 excipi
2730 1618 2936 1679 debet.
2970 1620 3125 1680 Item
3154 1618 3303 1698 quia
3330 1619 3537 1698 legata
3557 1620 3636 1679 ad
3666 1638 3888 1680 causas
3909 1637 4038 1679 nou

2499 1713 2635 1791 pias
2664 1711 2948 1790 indigent
2977 1730 3238 1772 numero
3281 1711 3535 1773 testium
3565 1713 3645 1772 ad
3674 1713 3797 1772 alia
3828 1712 4041 1790 legata

2500 1805 2797 1884 requisito
2828 1822 2902 1863 ex
2940 1822 3078 1883 cap.
3113 1803 3406 1881 Relatum,
3464 1821 3507 1865 1.
3558 1803 3627 1865 de
3655 1803 4035 1880 testamentis,

2502 1916 2650 1976 ergo
2695 1915 2810 1957 nec
2856 1896 2919 1955 in
2959 1897 3294 1958 donatione
3340 1897 3419 1957 ad
3452 1916 3709 1958 causam
3740 1897 3910 1976 piam
3941 1918 4041 1959 re-

2502 1990 2770 2070 quiritur
2797 1989 3180 2063 solemnitaS,
3214 1989 3353 2067 lege
3376 1989 3539 2050 civili
3561 1991 3642 2051 ad
3665 1990 4041 2052 donationes

2503 2082 2794 2162 profanas
2818 2082 3138 2160 requisita.
3174 2083 3488 2157 Secunda,
3523 2084 3671 2162 quia
3698 2083 3759 2142 in
3792 2083 3869 2143 iis
3898 2101 4042 2164 quae

2503 2177 2583 2235 ad
2612 2176 2802 2235 finem
2852 2175 3238 2254 spiritualem
3286 2175 3504 2235 salutis
3550 2175 3804 2251 animae,
3851 2182 3917 2236 et
3962 2176 4042 2236 ad

2502 2268 2799 2348 pietatem
2830 2271 3135 2345 spectant,
3168 2267 3343 2345 leges
3372 2267 3586 2328 civiles
3614 2274 3676 2329 et
3704 2270 4042 2329 saeculares

2503 2361 2710 2421 locum
2740 2379 2865 2421 non
2895 2359 3149 2436 habent,
3203 2378 3345 2420 cum
3394 2359 3530 2422 haec
3575 2362 3935 2440 pertineant
3961 2362 4041 2422 ad

2505 2458 2877 2533 potestatem
2946 2453 3332 2531 spiritualem
3397 2459 3461 2515 et
3528 2454 4039 2531 ecclesiasticam,

2506 2566 2654 2625 ergo
2683 2547 2781 2607 lex
2824 2546 3020 2607 civilis
3067 2564 3190 2606 non
3237 2551 3445 2624 potest
3492 2547 3831 2609 terminum
3880 2568 4041 2628 prze-

2505 2640 2777 2701 scribere
2808 2638 2872 2698 iu
2902 2638 3240 2700 donatione
3285 2640 3411 2718 pia,
3463 2657 3603 2720 quae
3646 2641 3889 2701 bonum
3915 2643 4046 2702 ani-

2506 2751 2626 2793 mae
2655 2732 2996 2793 concernit.

2587 2826 2795 2888 Tertio
2826 2829 2888 2885 et
2917 2824 3138 2885 melius
3168 2825 3419 2905 probari
3446 2829 3670 2905 potest,
3707 2827 3854 2906 quia
3885 2830 4045 2890 ratio

2509 2919 2670 2978 illius
2700 2918 3135 2997 prohibitionis
3178 2917 3311 2991 suit,
3366 2937 3442 2979 ne
3493 2919 3779 2980 homines
3808 2925 4047 2982 temere

2510 3016 2571 3072 et
2590 3011 3021 3090 imprudenter
3041 3011 3480 3072 donationibus
3497 3012 3788 3090 profusiS,
3825 3019 3891 3074 et
3909 3034 4048 3094 pro-

2510 3104 2672 3182 digis
2700 3123 2767 3164 se
2822 3103 3183 3182 spoliarent.
3245 3105 3394 3164 Haec
3448 3109 3658 3166 autem
3713 3105 3874 3166 ratio
3927 3125 4048 3167 non

2510 3197 2790 3277 procedit
2814 3197 2877 3256 in
2927 3197 3366 3258 donationibus
3396 3197 3476 3258 ad
3527 3216 3748 3260 causas
3780 3198 3939 3277 pias,
3988 3201 4049 3260 in

2512 3292 2738 3370 quibus
2780 3309 3030 3368 semper
3084 3291 3325 3351 donans
3375 3293 3658 3370 sequitur
3713 3293 4047 3354 consilium

2512 3383 2729 3462 optimi
2759 3382 3151 3458 consultoris,
3200 3402 3425 3462 nempe
3454 3383 3682 3446 Christi
3726 3385 3999 3447 dicentis
4031 3406 4044 3446 ε

2527 3475 2713 3537 Vende
2757 3474 2950 3535 omnia
2971 3521 2986 3552 ,
3060 3494 3191 3555 quoe
3243 3475 3413 3536 habes
3439 3523 3453 3552 ,
3522 3485 3576 3536 et
3633 3476 3711 3537 da
3762 3478 4051 3560 pauperi-

2514 3568 2615 3628 bus
2664 3587 2689 3628 .·
2748 3586 2862 3628 nec
2908 3571 3113 3647 potest
3159 3568 3220 3627 in
3270 3587 3344 3630 eo
3393 3588 3626 3647 genere
3673 3571 4046 3649 periculum,

2516 3666 2624 3721 aut
2650 3660 2871 3721 vitium
2901 3678 3035 3720 esse
3086 3661 3540 3740 prodigalitatis
3590 3682 3605 3723 ;
3653 3663 3718 3721 in
3766 3663 3844 3723 iis
3890 3665 4051 3724 enim

2516 3752 2957 3814 donationibus
3003 3753 3221 3833 optima
3267 3773 3534 3814 mensura
3575 3763 3657 3815 est
3704 3754 4051 3816 donatarum

2515 3865 2711 3905 rerum
2739 3844 3111 3921 immensitas,
3166 3851 3233 3907 ut
3260 3846 3415 3907 dixit
3439 3849 3474 3908 J
3482 3847 3832 3908 ustinianus
3858 3848 4055 3928 impe-

2519 3943 2690 3999 rator
2732 3938 2797 3997 in
2844 3938 3243 4014 AuthenticO,
3308 3938 3500 4000 [snam
3548 3940 3949 4014 intentionem,
3998 3943 4049 4020 §-

2518 4031 2781 4091 Sinimus
2815 4029 3019 4110 ἐρίων,
3054 4031 3261 4092 collat.
3300 4049 3369 4092 11.
3404 4032 3583 4092 titulo
3617 4036 3672 4092 1.
3708 4036 3770 4093 et
3797 4032 4056 4094 inferius

2520 4124 2695 4184 addit
2745 4143 2758 4183 :
2819 4144 2846 4179 «
2878 4125 3012 4183 Non
3061 4124 3326 4185 multum
3356 4124 3607 4185 differre
3636 4124 3717 4184 ab
3744 4125 4050 4188 alterutro

2523 4215 2968 4291 sacerdotium,
3030 4221 3092 4276 et
3122 4217 3478 4295 imperium,
3539 4221 3601 4278 et
3628 4235 3730 4277 res
3776 4236 3996 4279 sacras
4024 4237 4057 4278 a

2523 4308 2961 4370 communibus
2991 4313 3053 4370 et
3082 4309 3365 4386 publiciS,
3400 4309 3651 4388 quando
3683 4311 3888 4370 omnis
3918 4330 4059 4372 san-

2523 4402 2814 4464 ctissimis
2844 4400 3122 4461 ecclesiis
3169 4401 3576 4478 abundantia,
3628 4408 3692 4462 et
3737 4409 3943 4466 status
3990 4424 4058 4464 ex

2524 4493 2949 4572 imperialibus
2976 4494 3417 4555 munificentiis
3437 4500 3740 4574 perpetuo
3772 4497 4060 4574 praebea-

2524 4592 2643 4649 tur.
2678 4610 2707 4644 υ

2602 4680 2781 4744 Unde
2838 4699 3053 4744 rursus
3108 4679 3356 4758 probari
3414 4685 3637 4758 potest,
3705 4700 3829 4743 non
3877 4701 4060 4761 posse

2523 4774 2659 4852 lege
2715 4772 2879 4833 civili
2928 4772 3089 4832 hanc
3137 4772 3570 4833 necessitatem
3626 4774 4060 4836 insinuationis

2522 4866 2897 4944 generaliter
2940 4865 3154 4926 induci
3182 4865 3260 4925 ad
3306 4865 3439 4943 pias
3469 4866 3863 4943 donationeS,
3917 4868 4061 4948 quia

2522 4958 2581 5017 id
2615 4963 2782 5019 esset
2810 4963 3030 5019 contra
3057 4958 3415 5037 evangelica
3448 4959 3707 5020 consilia
3737 4960 3797 5020 in
3832 4961 4059 5040 quihus

2522 5051 2803 5113 Christus
2835 5070 2960 5112 non
2989 5051 3191 5112 solum
3234 5052 3699 5130 eleemosynam
3737 5053 4060 5115 liberalem

2522 5144 2850 5220 consuluit,
2897 5144 3006 5205 sed
3037 5144 3227 5204 etiam
3256 5144 3723 5205 commendavit
3748 5153 4060 5208 secretum

2522 5238 2585 5297 in
2615 5237 2686 5296 iis
2717 5237 3071 5315 erogandi8‚
3107 5237 3356 5316 quando
3379 5238 3537 5298 dixit
3557 5237 3773 5300 Matth.
3800 5256 3888 5300 vl.
3918 5239 3974 5302 C
3976 5260 4062 5300 um

2521 5349 2658 5409 erqo
2686 5330 2835 5410 facis
2863 5328 3299 5410 eleemosynam,
3351 5330 3475 5391 noli
3517 5330 3657 5392 tuba
3697 5351 3910 5396 canere
3936 5342 4064 5394 ante

2528 5432 2600 5496 te,
2652 5423 2800 5482 sicut
2827 5421 3153 5503 hypocritae
3178 5422 3403 5503 faciunt
3433 5424 3492 5483 in
3517 5425 3864 5505 synaqoyis,
3924 5437 3985 5488 et
4010 5426 4062 5486 in

2524 5515 2689 5591 vicis,
2745 5524 2807 5574 ut
2848 5513 3309 5595 honorificentur
3349 5514 3422 5575 ab
3450 5515 3774 5576 horninibus
3810 5536 3835 5577 .·
3877 5521 3929 5579 Α
3942 5538 4058 5580 men
