4263 6376
1287 352 1758 414 DISPUTATIO
1802 354 2049 430 XXXV,
2097 355 2370 416 SECTlO
2415 356 2490 417 V.

258 520 435 597 tim-i,
471 522 595 584 nisi
607 528 929 587 reservata
952 527 1252 604 pensione
1274 544 1349 587 ex
1377 527 1680 589 fructibus
1700 546 1816 607 pro

255 614 697 692 renuntiante,
724 617 888 677 unde
918 622 980 678 et
1004 619 1371 680 renuntians
1399 624 1818 681 mercaturam

256 705 414 769 facit
441 710 722 787 turpem,
755 709 1145 789 impetrando
1169 712 1284 771 sibi
1306 712 1482 791 plura
1511 712 1818 773 beneficia

254 801 647 876 successive,
679 820 947 881 quorum
981 803 1227 883 singula
1253 804 1555 883 paulatim
1585 824 1814 866 renun-

252 889 394 967 tiat,
430 897 501 954 et
545 893 791 955 ditescit
836 895 1239 973 pensionibus
1295 916 1368 957 ex
1426 897 1707 976 sing-ulie,
1749 900 1810 958 et

249 983 667 1062 resignatarii
693 986 930 1048 habent
948 1005 1140 1049 onera
1184 988 1630 1049 beneficiorum
1675 990 1806 1049 sine

2390 867 2811 951 Ssscho
2882 869 2963 953 V.

250 1075 573 1137 fructibus
600 1077 880 1157 integris,
932 1082 1013 1155 et,
1046 1081 1215 1159 quod
1256 1083 1433 1161 pejus
1490 1086 1603 1157 est,
1653 1083 1806 1143 resi-

247 1186 460 1246 gnans
490 1175 793 1249 procurat
837 1171 1004 1250 quod
1050 1174 1497 1252 resignatarius
1538 1173 1805 1235 redimat

248 1265 476 1340 postea
495 1263 861 1340 pensionem
884 1265 1083 1343 pretio
1105 1268 1419 1344 praesenti,
1442 1271 1630 1346 atque
1658 1267 1800 1328 ideo

245 1355 732 1434 aequivalenter,
768 1360 830 1417 et
859 1358 1068 1437 quoad
1098 1361 1387 1420 effectum
1415 1360 1632 1421 vendit
1658 1365 1800 1439 post

243 1446 579 1508 modicum
606 1454 853 1528 tempus
879 1452 1243 1512 renuntians
1271 1453 1469 1531 pretio
1506 1453 1798 1531 praesenti

242 1539 501 1619 singula
528 1541 856 1618 beneficia,
908 1561 1049 1622 quae
1088 1546 1436 1607 successive
1477 1547 1791 1624 impetrat,

241 1631 483 1712 dequo
529 1632 730 1693 videri
784 1639 990 1713 potest
1042 1638 1327 1717 Vasquez
1383 1638 1548 1701 dicto
1585 1641 1640 1718 §-
1695 1656 1788 1700 ιιι.

2047 1173 2314 1254 Interim·
2365 1191 2439 1233 ωε·
2492 1170 2660 1232 dictis
2715 1172 2987 1233 resolutio
3043 1172 3294 1234 aliarum

2468 1277 2869 1358 quoestionum.

1974 1542 2180 1615 Quaeri
2209 1542 2364 1603 solet
2391 1542 2616 1621 primo,
2649 1560 2730 1601 an
2768 1559 2908 1622 quae
2957 1541 3124 1603 dicta
3162 1545 3307 1602 sunt
3349 1542 3429 1602 de

1892 1634 2271 1714 obligatione
2300 1634 2573 1714 eligendi
2601 1634 2920 1712 digniores
2949 1633 3025 1694 ad
3052 1652 3268 1696 curam
3299 1635 3426 1694 ani-
3477 1680 3513 1722 R

3577 1557 3655 1615 54

3515 1682 3772 1734 eculei-eun

242 1723 550 1786 duh.x11.
585 1727 792 1788 Tertio
812 1728 1133 1806 resignare
1164 1731 1320 1791 solet
1340 1749 1528 1791 senex
1555 1732 1619 1791 in
1647 1751 1793 1839 gra-
1889 1747 2157 1804 marum,
2189 1728 2397 1788 locum
2427 1727 2739 1788 habeant'
2725 1746 2787 1786 in
2818 1726 3119 1788 electione
3148 1727 3429 1806 praelato·
3476 1734 3631 1777 debean
3634 1740 3650 1778 t
3684 1737 3766 1779 eli-

240 1817 395 1877 tiam
425 1818 851 1881 adolescentis
879 1822 1144 1899 nepotiS,
1178 1824 1275 1883 vel
1307 1825 1784 1903 consanguinei,

239 1914 310 1969 ut
343 1909 437 1971 ita
491 1910 873 1974 beneficium
930 1914 1393 1977 haereditarium
1434 1924 1792 1997 perseveret

239 2002 403 2062 intra
430 2021 620 2063 suam
646 2004 947 2065 familiam
978 2028 991 2067 :
1026 2025 1103 2068 ex
1156 2027 1278 2087 quo
1335 2011 1406 2071 fit
1448 2015 1517 2071 ut
1556 2011 1789 2072 elector

240 2095 344 2174 qui
371 2101 647 2158 vacante
676 2097 980 2161 beneficio
1010 2100 1279 2163 debebat
1319 2102 1470 2163 illud
1518 2104 1783 2182 digniori

237 2188 552 2265 conferre,
589 2208 711 2250 non
738 2190 803 2250 id
844 2191 1054 2267 faciat,
1087 2194 1199 2253 sed
1253 2196 1533 2256 conferat
1567 2196 1779 2275 dignO,

237 2279 296 2339 in
324 2280 512 2360 cujus
541 2283 809 2360 gratiam
837 2285 1253 2364 renuntiatur,
1289 2288 1459 2365 quod
1490 2288 1656 2348 idem
1685 2289 1779 2348 in-

235 2374 621 2434 conveniens
648 2374 952 2455 sequitur,
1005 2379 1257 2457 quando
1299 2380 1485 2440 datur
1527 2381 1785 2461 coadju-

236 2466 350 2526 tori
379 2484 530 2527 cum
560 2466 771 2528 futura
789 2470 1202 2532 successione.
1230 2473 1380 2545 Quae
1411 2474 1621 2534 omnia
1647 2493 1785 2553 gra·

233 2557 388 2618 viter
413 2559 652 2619 laedere
680 2560 916 2621 bonum
937 2580 1290 2641 commune,
1325 2570 1570 2628 constat
1614 2568 1778 2628 clare

235 2669 305 2709 ex
331 2650 510 2715 Trid.
543 2670 698 2713 sess,
731 2670 901 2715 xxrv.
951 2674 1005 2716 c.
1059 2673 1148 2717 vn
1193 2655 1265 2717 de
1314 2659 1620 2738 reformat.
1673 2660 1780 2720 ubi

234 2760 418 2821 quam
448 2762 598 2805 raro
627 2749 691 2807 et
718 2750 897 2808 caute
925 2748 988 2808 id
1018 2750 1152 2809 fieri
1182 2750 1430 2827 debeat,
1481 2752 1777 2829 gravissi-

234 2836 346 2896 mis
384 2838 601 2898 verbis
631 2838 1007 2902 decernitur.
1060 2844 1180 2902 Per
1224 2842 1344 2904 hoc
1383 2846 1597 2904 tamen
1652 2864 1774 2907 non

232 2927 657 3008 intelligimus,
690 2951 812 2993 non
842 2952 1023 3013 posse
1054 2952 1425 2996 concurrere
1455 2956 1677 2998 causas
1713 2944 1776 3000 et

232 3019 756 3100 circumstantum,
784 3026 1011 3104 quibus
1041 3028 1238 3105 possit
1262 3029 1428 3090 licite
1456 3031 1615 3107 fieri,
1661 3032 1772 3091 sed

230 3113 429 3174 solum
476 3115 544 3175 in
599 3120 915 3178 communi
959 3120 1316 3198 asserimus,
1374 3127 1525 3183 tunc
1569 3125 1770 3184 solum

229 3206 290 3265 id
314 3207 530 3285 licere,
568 3210 819 3289 quando
867 3213 1273 3276 consideratis
1315 3216 1581 3294 damniS‚
1629 3237 1769 3297 quae

230 3300 521 3363 Ecclesiae
555 3309 904 3382 sequuntur
932 3324 1007 3365 ex
1035 3306 1141 3367 tali
1183 3308 1623 3387 resignatIOne,
1668 3309 1767 3371 vel

228 3395 711 3473 permutatione,
744 3401 807 3458 et
831 3399 1036 3459 causis
1065 3399 1275 3477 etiam,
1311 3419 1450 3480 quae
1481 3402 1563 3463 ad
1595 3404 1766 3464 illam

228 3487 704 3561 permittendam
734 3496 1013 3567 movent,
1057 3491 1329 3571 judicari
1374 3496 1571 3573 possit
1611 3516 1761 3574 pru-

227 3575 458 3656 denter,
493 3581 559 3640 in
591 3580 687 3642 his
716 3583 1195 3646 circumstantiis
1238 3605 1481 3665 parum,
1515 3590 1616 3648 vel
1670 3590 1762 3648 ni·-

226 3668 306 3729 hil
339 3673 636 3735 Ecclesiae
683 3674 1106 3755 praejudicari,
1149 3680 1438 3741 omnibus
1460 3683 1755 3758 pensatis»,

227 3763 274 3822 si
297 3764 423 3826 fiat.
457 3767 559 3827 Ad
588 3769 757 3847 quod
788 3769 977 3829 etiam
1015 3772 1366 3833 conducere
1395 3775 1623 3852 poterit
1654 3794 1761 3835 ex-

226 3857 543 3934 perientia,
577 3861 746 3940 quod
777 3862 966 3923 etiam
995 3864 1048 3923 si
1076 3883 1190 3943 per
1218 3865 1479 3943 obitum,
1512 3872 1623 3928 aut
1651 3868 1760 3927 ali-

225 3951 312 4008 ter
360 3950 740 4013 beneficium
808 3960 1009 4032 vacet,
1070 3976 1193 4017 non
1249 3959 1453 4038 major
1506 3959 1587 4022 sit
1614 3979 1756 4039 spes

226 4042 381 4118 quod
410 4044 680 4124 digniori
727 4050 876 4109 tunc
927 4049 1303 4127 conferetur,
1354 4071 1544 4131 quam
1590 4072 1755 4114 nunc

222 4150 326 4211 per
349 4137 839 4216 resignationem
868 4142 1083 4201 confe1
1087 4146 1246 4219 atur
1282 4148 1474 4224 atque
1508 4145 1646 4207 ideo
1679 4165 1754 4207 ex

224 4222 332 4285 hac
356 4235 532 4307 parte
563 4249 688 4292 non
736 4234 1003 4295 multum
1050 4235 1342 4297 Ecclesiae
1383 4238 1749 4317 praejudice-

222 4317 331 4389 tur,
364 4337 505 4399 quae
535 4324 746 4384 omnia
766 4331 829 4387 et
852 4327 1097 4406 singula
1124 4329 1348 4389 melius
1395 4331 1748 4409 ponderare

224 4414 540 4512 poterunt
527 4416 566 4475 ιί
610 4417 690 4476 ad
724 4436 881 4523 quos
917 4421 1207 4498 pertinet,
1243 4441 1431 4502 quam
1487 4442 1598 4484 nos
1641 4427 1748 4505 qui

223 4500 411 4564 minus
440 4510 702 4588 experti,
738 4511 944 4573 minus
972 4515 1162 4575 etiam
1206 4514 1283 4575 de
1340 4516 1746 4580 circumstan-

224 4592 314 4653 tiis
337 4602 812 4675 particularibus
841 4622 1171 4685 possumus
1198 4607 1500 4687 judicare.

3476 1788 3772 1886 gemdignio-

1887 1839 2027 1882 rum
2081 1820 2488 1899 regularium,
2547 1819 2635 1880 ita
2682 1823 2752 1881 ut
2804 1818 2844 1878 ii
2891 1819 2971 1879 ad
3013 1838 3172 1899 quos
3203 1820 3423 1882 electio
3547 1843 3704 1886 rem-d

1884 1917 2147 2016 spectat,
2183 1916 2513 1973 teneantur
2552 1910 2666 1972 sub
2724 1915 2980 1990 peccato
3022 1912 3223 1990 gravi,
3265 1931 3422 1974 non·
3498 1896 3623 1950 ”¹²¹³
3599 1899 3749 1939 ’ω’

1885 2005 2002 2065 nisi
2031 2004 2346 2108 digniores
2366 2003 2617 2082 eligere.
2634 2003 2843 2083 Aliqui
2871 2009 3127 2082 negant,
3150 2006 3425 2066 loannes

1884 2097 2146 2158 Valerus
2201 2117 2260 2156 m
2314 2095 2656 2176 defferente&
2708 2096 3009 2177 utriusque
3051 2096 3194 2176 sori,
3239 2098 3418 2159 verb.

1882 2190 2096 2251 electio.
2133 2189 2486 2251 differentia
2513 2206 2556 2251 1.
2592 2208 2767 2254 num.
2803 2206 2845 2250 1.
2882 2194 2943 2250 et
2973 2191 3186 2262 Castro
3233 2191 3420 2251 Palao

1881 2283 2048 2344 dicto
2077 2288 2257 2344 tract.
2291 2298 2429 2344 x111.
2460 2281 2529 2343 de
2559 2281 2846 2363 beneficiis
2899 2281 3061 2361 disp.
3097 2299 3166 2344 11.
3202 2288 3414 2362 punct.

1878 2392 1964 2436 xl.
1997 2377 2053 2455 ἓ.
2086 2380 2147 2438 2.
2182 2395 2244 2437 ιι.
2281 2379 2377 2437 14.
2410 2375 2668 2436 seclusis
2697 2375 2864 2435 enim
2904 2375 3280 2453 specialibus
3324 2395 3421 2437 re-

1875 2469 2127 2547 ligionis
2156 2470 2458 2548 cujusque
2514 2467 3080 2544 constitutionihuS,
3142 2473 3205 2529 et
3241 2468 3421 2547 jura-

1877 2565 2089 2622 mento
2135 2562 2410 2640 eligendi
2434 2560 2774 2639 dignioreS,
2817 2578 2942 2620 non
2984 2560 3234 2622 videtur
3257 2579 3420 2640 prae-

1876 2660 2128 2734 ceptum
2171 2654 2324 2715 illud
2379 2654 2539 2734 juris
2593 2653 2943 2714 communis
2997 2653 3076 2713 de
3127 2654 3416 2733 eligendo

1877 2747 2148 2825 digniori
2176 2751 2501 2808 extensum
2531 2763 2809 2825 unquam
2838 2746 2902 2805 in
2924 2745 3068 2825 jure
3097 2747 3417 2807 communi

1876 2857 2009 2900 3333
2051 2840 2133 2900 ad
2179 2839 2514 2902 electiones
2567 2839 2968 2919 praelatorum
3004 2839 3410 2918 regularium,

1875 2951 1990 2993 nec
2019 2936 2401 3012 praeceptum
2430 2932 2767 3012 positivum
2795 2931 2984 2993 debet
3011 2931 3091 2993 ob
3128 2932 3416 2995 similitu—

1873 3025 2084 3087 dinem
2140 3026 2397 3087 rationis
2451 3025 2700 3087 extendi
2754 3025 2835 3085 ad
2892 3043 3105 3086 casum
3146 3025 3413 3087 similem

1870 3119 2009 3199 lege
2064 3137 2189 3180 non
2245 3119 2792 3198 comprehensum.
2828 3120 2908 3180 Et
2959 3118 3109 3199 quia
3152 3137 3278 3179 non
3319 3124 3415 3182 est

1869 3213 2092 3273 eadem
2119 3213 2275 3274 ratio
2305 3213 2369 3273 in
2397 3213 2732 3291 praelatura
2760 3213 3072 3291 religiosa,
3098 3226 3236 3292 quae
3258 3218 3415 3276 tem-

1867 3306 2115 3385 poraria
2145 3309 2259 3381 est,
2285 3311 2347 3367 et
2365 3306 2546 3366 facile
2573 3311 2921 3368 amovetur.
2953 3307 3234 3386 Denique
3264 3308 3412 3388 quia

1866 3417 2111 3478 proecep
2127 3405 2261 3459 tum
2290 3398 2442 3459 illud
2474 3418 2549 3459 ex
2578 3399 2708 3460 sola
2737 3400 3074 3461 traditione
3118 3400 3404 3477 habetur,

1864 3492 2032 3571 quod
2060 3495 2272 3553 tamen
2294 3511 2417 3553 non
2447 3492 2714 3554 habetur
2742 3493 2805 3552 in
2836 3511 2987 3554 casu
3015 3498 3254 3556 nostro.

1942 3585 2061 3646 Alii
2091 3589 2300 3647 tamen
2323 3585 2611 3646 doctores
2627 3587 3043 3648 communiter
3063 3587 3401 3665 affirmant,

1862 3678 2150 3738 eamdem
2180 3697 2315 3739 esse
2360 3678 2807 3756 obligationem
2848 3679 3121 3759 eligendi
3158 3681 3402 3758 dignio-

1858 3788 1993 3830 rem
2022 3771 2084 3832 in
2122 3771 2453 3850 praelatum
2493 3772 2874 3850 regularem.
2909 3775 3194 3851 vasquez
3237 3773 3403 3835 dicto

1857 3881 1996 3940 cap.
2031 3881 2099 3924 11.
2131 3866 2188 3942 ἓ.
2214 3880 2308 3925 111.
2345 3864 2496 3941 dub,
2520 3868 2579 3925 2.
2615 3866 2799 3925 Sotus
2828 3868 2890 3926 et
2913 3865 3201 3926 Rebellus
3230 3867 3403 3945 apud

1855 3958 2070 4018 Castro
2125 3956 2232 4018 ibi.
2294 3956 2574 4018 Sanchez
2625 3956 2792 4018 dicto
2849 3975 2988 4035 cap.
3044 3974 3089 4019 1.
3135 3957 3287 4020 dub.
3324 3975 3394 4021 11.

1856 4068 1965 4114 nu.
1995 4053 2092 4111 28.
2127 4050 2470 4111 Turrianus
2500 4050 2667 4111 dicta
2718 4050 2880 4128 disp.
2931 4067 3085 4112 xxn.
3119 4051 3270 4113 dub.
3307 4069 3393 4114 lv.

1855 4160 2030 4203 num.
2068 4146 2124 4204 1.
2159 4143 2421 4218 adden3‚
2452 4143 2674 4203 eodem
2704 4142 2893 4204 modo
2920 4142 3188 4222 obligari
3214 4164 3402 4224 gene-

1852 4236 2050 4295 ralem
2105 4237 2188 4296 ad
2244 4236 2602 4315 eligendum
2661 4237 3049 4315 superiorem
3107 4237 3400 4316 dignissi-

1849 4347 2044 4406 mum,
2067 4330 2319 4408 quando
2351 4330 2432 4389 ad
2477 4329 2680 4390 solum
2709 4329 3068 4408 generalem
3113 4331 3398 4410 superio-

1848 4441 1991 4483 rum
2045 4424 2266 4483 electio
2324 4426 2585 4501 spectat.
2637 4424 2940 4498 Navarra,
3000 4425 3387 4500 Fernandez,

1848 4516 2077 4591 Portel‚
2118 4516 2421 4591 PeirinuS,
2457 4516 2767 4591 Salonius,
2795 4520 2858 4576 et
2878 4517 3216 4578 villalobos
3235 4536 3394 4597 quos

1845 4609 2047 4684 affert,
2110 4614 2173 4669 et
2215 4608 2497 4688 sequitur
2554 4608 2754 4669 Diana
2799 4613 2951 4672 tom.
3010 4625 3056 4670 1.
3121 4617 3295 4686 tract,
3342 4628 3385 4671 1.

1842 4700 2088 4762 Mz'scell.
2122 4702 2309 4763 resol.
2343 4705 2441 4763 61.
2477 4705 2540 4762 et
2581 4706 2709 4763 tom
2766 4718 2852 4762 ιν.
2886 4706 3048 4781 part.
3101 4720 3160 4765 v.
3210 4711 3381 4764 tract.

1840 4794 2466 4857 X1v.M2scell.resol.
2501 4810 2571 4856 11.

1925 4892 2072 4950 Haec
2101 4889 2452 4949 communis
2480 4890 2787 4950 sententia
2819 4908 2932 4968 per
2951 4908 3016 4949 se
3041 4890 3381 4969 loquendo,

3533 4900 3614 4958 35

1839 5001 1987 5044 vera
2017 4986 2143 5055 est;
2178 4987 2242 5044 et
2262 4982 2443 5061 juxta
2473 4986 2686 5042 nostra
2714 4982 3071 5061 principia:
3103 4984 3265 5045 ratio
3291 4989 3386 5047 est
3471 5023 3598 5068 Sem
3600 5023 3688 5068 „m

1837 5077 2044 5148 clara;
2080 5074 2228 5155 quia
2258 5093 2402 5136 cum
2432 5079 2564 5136 tota
2577 5075 2738 5137 ratio
2768 5074 2954 5154 hujus
2978 5075 3375 5154 obligationis

1834 5171 2119 5230 sumatur
2148 5187 2223 5229 ex
2250 5167 2415 5229 bono
2446 5167 2912 5228 communitatis
2941 5169 3043 5229 cui
3076 5169 3378 5231 electores

1837 5261 2070 5323 debent
2088 5260 2437 5337 consulere,
2460 5265 2523 5323 et
2545 5278 2621 5320 ex
2641 5259 2887 5320 damnis
2907 5278 2959 5339 e]
2948 5259 3190 5321 usdem
3208 5278 3375 5322 com-

1834 5354 2185 5428 munitatis,
2246 5372 2388 5433 quae
2435 5352 2742 5432 impedire
2787 5355 3100 5429 tenentur,
3158 5355 3375 5433 negari

1835 5465 1959 5508 non
1990 5451 2196 5526 potest
2223 5447 2390 5527 quod
2422 5445 2645 5507 eadem
2667 5446 2833 5507 mala
2865 5446 3015 5506 oriri
3047 5446 3290 5526 possint
3312 5448 3374 5508 in

1827 5540 2152 5621 religione,
2183 5540 2233 5601 si
2274 5558 2401 5602 non
2447 5538 2759 5619 eligantur
2786 5539 3175 5620 dignissimi,
3216 5559 3360 5603 cum

3483 5081 3637 5122 επιστ·
3627 5093 3661 5123 is
3670 5111 3680 5121 .
