4263 6376
1245 300 1714 399 DlSPUTA'rIO
1758 338 1945 413 xxv,
1996 338 2269 398 sncr1o
2315 338 2417 398 Χι.

344 509 540 569 Infero
596 510 894 585 secundo,
926 509 1076 589 quid
1122 509 1459 570 dicendum
1505 511 1585 572 sit
1612 511 1688 571 de
1717 511 1792 570 iis

185 640 213 680 ἦ,
273 601 462 681 quise
491 606 714 663 tenent
759 620 830 661 ex
857 606 1034 680 parte
1077 603 1366 679 usurarii,
1401 608 1463 664 et
1488 603 1793 683 imprimis

185 698 228 734 ⁷¹¹¹
270 696 369 773 qui
395 694 447 753 ei
478 693 813 755 consulunt
831 699 1118 756 mutuare
1146 695 1263 755 sub
1283 695 1508 771 usuris,
1527 697 1626 757 vel
1643 697 1796 757 dant

268 787 348 846 illi
390 786 689 864 pecunias
733 790 801 846 ut
846 791 1135 847 mutuare
1184 789 1398 865 possit,
1432 789 1510 849 de
1542 789 1788 868 quibuS,

268 879 400 940 licet
426 883 710 955 peccent,
744 898 863 939 non
894 883 1103 940 tamen
1133 881 1330 941 teneri
1349 882 1428 940 ad
1463 880 1795 944 restitutio-

268 990 397 1031 nem
428 972 659 1032 docent
688 971 873 1033 Gabr.
905 973 1176 1049 Medina,
1232 974 1547 1053 Silvester,
1600 980 1662 1037 et
1688 973 1796 1036 alii

267 1063 420 1143 apud
448 1062 751 1124 Molinam
795 1064 851 1143 ἓ.
889 1063 1057 1138 Quod
1099 1064 1180 1124 ad
1201 1084 1314 1126 εοε.
1366 1067 1540 1127 Idem
1568 1068 1797 1130 docent

267 1155 526 1231 ToletuS,
561 1156 862 1234 Angelus,
904 1158 1006 1232 Sa,
1044 1159 1302 1218 Summa
1344 1162 1790 1239 confessorum,

271 1247 448 1309 etalii
477 1248 647 1327 apud
681 1248 857 1310 Salas
905 1268 1073 1309 num.
1110 1252 1168 1311 3.
1220 1253 1608 1312 Contrarium
1657 1273 1796 1313 sen-

270 1340 513 1400 teutiam
544 1340 783 1402 docent
833 1340 998 1401 idem
1029 1342 1282 1419 Molina,
1320 1345 1526 1421 SotuS,
1560 1346 1798 1406 Navar-

268 1452 385 1509 ruS,
417 1436 696 1510 Aragon.
748 1435 1015 1510 BanneS,
1044 1436 1253 1495 Salon.
1300 1437 1604 1514 Valentia,
1636 1439 1797 1499 Mer-

270 1525 436 1599 cad0,
469 1526 669 1602 Vega,
704 1526 922 1587 Palud.
959 1531 1021 1587 et
1049 1527 1175 1602 alii,
1210 1545 1367 1605 quos
1397 1529 1576 1606 afert,
1611 1534 1672 1591 et
1700 1550 1798 1591 se—

273 1617 468 1697 quitur
493 1618 675 1678 Salas
704 1618 813 1694 ibi,
846 1619 1092 1679 Lessius
1122 1638 1293 1678 num.
1327 1622 1424 1680 78.
1458 1622 1798 1683 Turrianus

273 1710 418 1787 disp.
463 1726 609 1770 mm.
666 1709 817 1771 dub.
846 1715 905 1771 4.
942 1715 1004 1771 et
1040 1711 1142 1770 alii
1174 1713 1607 1775 communiter.
1666 1716 1797 1793 Ego

266 1803 429 1881 juxta
457 1805 741 1862 nostram
788 1803 1069 1881 regulam
1119 1805 1385 1882 positam
1416 1804 1801 1884 distinguen-

273 1895 410 1955 dum
437 1899 587 1973 puto
622 1914 636 1952 ε
673 1894 1012 1973 aliquando
1054 1896 1221 1954 enim
1269 1896 1495 1957 horum
1523 1898 1800 1959 actiones

271 1986 634 2048 mutuatario
666 1986 1002 2066 displicent
1027 1988 1325 2065 graviter,
1381 1995 1444 2049 et
1471 1993 1622 2050 tunc
1653 2009 1797 2068 pec-

274 2079 491 2140 cabunt
518 2083 742 2140 contra
765 2079 1097 2158 justitiam,
1157 2085 1226 2142 ut
1254 2080 1304 2140 si
1353 2080 1589 2142 homini
1626 2082 1803 2143 diviti

274 2171 545 2232 consulas
602 2172 853 2231 nonnisi
908 2172 1024 2232 sub
1072 2173 1279 2233 usuris
1332 2178 1655 2251 mutuare,
1702 2175 1802 2234 vel

275 2282 405 2324 eum
450 2264 510 2322 in
539 2264 660 2324 hoc
690 2265 1011 2344 proposito
1042 2267 1374 2326 confirmes
1409 2286 1423 2327 ε
1456 2266 1798 2346 aliquando

276 2356 397 2416 baec
447 2356 654 2416 suasio
714 2357 784 2417 fit
849 2357 1124 2435 graviter
1177 2358 1369 2419 invito
1399 2360 1800 2437 mutuatario,

277 2450 373 2527 qui
414 2448 572 2510 sicut
614 2448 808 2509 vellet
847 2450 1049 2527 ipsum
1098 2450 1355 2510 divitem
1398 2456 1709 2529 mutuare,
1745 2457 1807 2514 et

277 2559 385 2602 non
414 2541 528 2600 sub
558 2541 791 2616 usuriS,
833 2541 918 2602 ita
947 2560 1069 2602 non
1098 2542 1232 2603 vult
1259 2543 1425 2621 quod
1453 2545 1807 2606 retrahatur

278 2634 525 2694 aliorum
581 2634 878 2694 suasione
925 2652 961 2693 a
988 2634 1334 2696 mutuando
1394 2636 1525 2696 sine
1567 2638 1798 2698 usuris.

279 2726 613 2805 Aliquando
630 2726 943 2806 ejusmodi
975 2727 1251 2788 actiones
1278 2730 1656 2791 mutuatario
1681 2750 1802 2792 non

279 2819 637 2897 displicent:
674 2818 846 2898 quod
901 2820 1012 2879 des
1051 2820 1217 2879 enim
1277 2822 1561 2883 usurario
1619 2840 1807 2900 pecu-

281 2912 401 2971 nias
473 2931 630 2991 quas
691 2916 983 2975 mutuare
1041 2914 1259 2992 possit,
1321 2932 1443 2974 non
1493 2915 1802 2994 displicet,

280 3006 378 3064 sed
422 3005 626 3083 placet
672 3006 1078 3067 mutuatario.
1123 3024 1266 3066 cum
1297 3011 1469 3086 optet
1494 3012 1803 3085 mutuum,

281 3102 336 3158 et
361 3116 467 3176 per
494 3116 890 3177 consequens
934 3097 1083 3158 velit
1111 3098 1318 3158 media
1362 3101 1716 3160 necessaria
1745 3104 1809 3162 et

281 3191 442 3252 utilia
485 3192 564 3252 ad
595 3192 1016 3252 mutuandum
1047 3212 1060 3253 ε
1095 3191 1479 3271 impossibile
1523 3194 1688 3254 enim
1719 3199 1812 3256 est

282 3283 425 3342 velle
451 3285 643 3343 tinem
672 3288 738 3344 et
767 3302 901 3344 esse
947 3285 1211 3346 invitum
1257 3286 1422 3346 circa
1464 3287 1673 3347 media
1702 3307 1811 3347 ne-

284 3376 536 3436 cessaria
577 3376 661 3437 ad
698 3376 891 3436 finem
925 3396 938 3436 :
976 3395 1100 3437 non
1159 3395 1307 3455 ergo
1347 3377 1536 3439 infers
1566 3379 1622 3439 ei
1653 3379 1811 3458 inju-

283 3469 426 3528 riam
453 3469 663 3530 dando
691 3468 977 3529 usurario
1000 3469 1328 3547 pecuniam
1361 3474 1429 3531 ut
1454 3471 1649 3550 possit
1673 3490 1812 3532 mu-

286 3564 465 3621 tuare.
517 3561 877 3641 Aliquando
925 3562 1114 3622 etiam
1156 3579 1281 3622 non
1329 3567 1424 3623 est
1467 3563 1694 3625 invitus
1738 3582 1809 3624 eo

287 3654 437 3731 quod
474 3653 768 3714 consulas
816 3658 1101 3714 mutuare
1129 3654 1246 3714 sub
1276 3655 1481 3716 usuris
1514 3675 1527 3717 :
1563 3656 1810 3736 quando

289 3745 506 3807 scilicet
532 3746 688 3806 illud
721 3746 1048 3806 consilium
1093 3748 1514 3808 necessarium
1534 3748 1632 3808 vel
1663 3750 1812 3808 utile

289 3838 662 3898 existimatur
690 3843 761 3899 ut
786 3838 1263 3914 velitmutuare,
1284 3839 1431 3917 quia
1460 3840 1592 3900 sine
1611 3860 1720 3900 usu
1732 3840 1814 3900 ris

289 3948 400 3989 non
425 3934 766 4005 mutuaret,
821 3948 942 4009 quo
974 3948 1119 3990 casu
1151 3932 1480 3992 consilium
1507 3932 1658 3992 illud
1690 3952 1815 3994 non

290 4020 557 4099 displicet
597 4024 1004 4098 mutuatariO,
1056 4023 1159 4102 qui
1208 4024 1409 4102 primo
1456 4024 1594 4085 loco
1643 4030 1817 4103 optat

290 4121 578 4192 mutuum,
614 4121 807 4195 atque
837 4117 977 4176 ideo
1007 4120 1257 4194 gratum
1288 4116 1369 4176 illi
1403 4122 1495 4178 est
1521 4118 1690 4196 quod
1722 4118 1817 4177 in-

291 4207 466 4268 ducas
507 4209 870 4269 usurarium
897 4208 978 4268 ad
1006 4209 1422 4269 mutuandum
1465 4211 1652 4271 etiam
1700 4210 1815 4270 sub

291 4301 512 4373 usuris;
541 4301 801 4381 quando
833 4302 948 4361 hoc
980 4301 1307 4361 consilium
1339 4320 1464 4362 non
1496 4306 1590 4363 est
1628 4320 1817 4363 causa

293 4394 441 4470 quod
471 4412 593 4454 non
622 4397 872 4454 mutuet
898 4393 1111 4472 gratiS.
1167 4395 1304 4454 Non
1345 4397 1439 4454 est
1466 4412 1616 4473 ergo
1646 4394 1815 4455 bona

294 4486 492 4563 regula
520 4505 715 4566 quam
770 4487 960 4546 tradit
980 4486 1265 4562 LessiuS,
1324 4486 1494 4546 illum
1554 4486 1817 4566 obligari

296 4577 363 4636 ad
393 4579 863 4655 restituendum,
915 4579 1020 4658 qui
1068 4582 1160 4639 est
1207 4596 1397 4638 causa
1444 4577 1663 4638 efficax
1707 4597 1819 4640 cur

296 4686 482 4731 usurae
511 4672 856 4746 solvantur,
890 4671 999 4732 sed
1043 4671 1303 4732 deberet
1349 4671 1558 4731 dicere
1589 4671 1694 4750 qui
1726 4675 1822 4734 est

296 4779 467 4822 causa
518 4783 631 4825 cur
688 4783 813 4825 non
841 4764 952 4825 fiat
1007 4767 1296 4824 mutuum
1341 4762 1537 4841 gratis
1579 4767 1642 4824 et
1686 4763 1818 4824 sine

298 4857 501 4917 usuris,
559 4860 722 4918 Nam
776 4856 1190 4917 mutuatarius
1246 4855 1447 4933 primo
1491 4856 1629 4916 loco
1685 4856 1822 4916 vult

299 4953 561 5009 mutuum
591 4950 810 5029 gratiS.
864 4949 1151 5010 Secundo
1198 4948 1337 5009 loco
1367 4948 1500 5009 vult
1526 4952 1818 5009 mutuum

299 5040 401 5099 sub
449 5043 685 5119 usuriS‚
733 5060 809 5101 ex
862 5042 1286 5121 suppositione
1344 5040 1513 5119 quod
1562 5059 1685 5101 non
1741 5041 1821 5103 sit

301 5130 553 5194 dandum
580 5134 779 5213 gratis
814 5155 826 5196 ε
860 5139 1048 5214 atque
1090 5135 1231 5195 ideo
1263 5153 1338 5193 ex
1367 5132 1485 5193 hac
1534 5134 1820 5213 supposi-

301 5224 451 5285 tione
479 5229 608 5289 vult
649 5229 864 5289 omnia
891 5228 1101 5289 media
1132 5227 1484 5288 necessaria
1511 5226 1611 5286 vel
1642 5226 1818 5286 utilia

302 5319 363 5375 ut
387 5317 557 5380 detur
583 5325 875 5382 mutuum
922 5321 1037 5380 sub
1088 5320 1330 5392 usuris;
1390 5338 1512 5379 non
1545 5338 1691 5399 ergo
1727 5324 1822 5380 est

300 5407 510 5556 {avitus
548 5414 715 5493 quod
761 5432 835 5473 ex
882 5413 986 5473 illa
1033 5413 1459 5493 suppositione
1503 5411 1567 5472 id
1597 5430 1821 5473 consu-

323 5517 400 5562 ηε.

3296 337 3411 396 249

1971 510 2152 570 Dices
2176 557 2190 586 ,
2248 511 2437 571 etiam
2479 530 2551 570 ex
2583 511 3009 590 suppositione
3041 510 3209 591 quod
3240 510 3415 571 dives

1892 603 2045 664 nolit
2072 608 2360 664 mutuare
2389 604 2604 683 gratiS,
2640 605 2869 666 invitus
2900 603 3084 665 solvit
3108 607 3417 665 mutuata-

1890 696 2020 757 rius
2066 715 2319 773 usuraS,
2382 696 2657 776 alioquin
2715 715 2835 757 non
2883 700 3205 775 pateretur
3249 695 3413 775 inju-

1888 788 2049 848 riam
2080 807 2094 847 :
2143 806 2292 867 ergo
2323 788 2515 849 etiam
2553 808 2625 848 ex
2672 806 2745 847 ea
2773 788 3201 866 suppositione
3231 787 3421 848 infert

1890 881 2185 960 injuriam
2230 881 2333 960 qui
2381 881 2650 942 consulit
2695 885 2986 943 mutuum
3028 880 3143 941 sub
3188 880 3413 942 usuriS.

1893 973 2360 1052 Respondetur,
2414 992 2548 1034 esse
2591 974 2926 1035 discrimen
2968 977 3253 1051 respectu
3281 993 3420 1034 mu-

1891 1066 2147 1141 tuantis,
2180 1069 2242 1126 et
2269 1069 2554 1144 respectu
2588 1066 2851 1126 aliorum
2887 1086 2900 1126 :
2944 1070 3077 1127 tum
3106 1066 3253 1145 quia
3281 1084 3421 1126 mu-

1892 1161 2077 1218 tuans
2106 1162 2248 1235 post
2294 1162 2581 1218 mutuum
2612 1157 2828 1217 datum
2858 1158 3049 1237 exigit
3095 1162 3156 1218 et
3200 1157 3421 1237 recipit

1893 1268 2146 1326 usuraS,
2206 1250 2370 1310 circa
2418 1268 2605 1329 quam
2654 1250 2961 1310 actionem
3006 1250 3420 1311 mutuatarius

1895 1344 1989 1403 est
2017 1342 2266 1418 invituS,
2302 1359 2442 1402 cum
2474 1346 2730 1420 accepto
2754 1341 2890 1420 jam
2915 1346 3133 1402 mutuo
3162 1342 3265 1402 illa
3296 1360 3419 1402 non

1895 1433 2219 1513 indigeat:
2266 1438 2400 1495 tum
2446 1434 2635 1495 etiam
2686 1433 2831 1513 quia
2877 1438 3170 1494 mutuans
3214 1438 3424 1512 posset

1894 1532 2183 1588 mutuare
2232 1528 2363 1587 sine
2412 1531 2594 1605 pacto
2636 1545 3006 1599 usurarum;
3058 1545 3250 1606 quare
3278 1546 3414 1586 mu·

1896 1620 2163 1680 tuatario
2193 1618 2415 1680 merito
2448 1618 2741 1696 displicet
2786 1618 2954 1697 quod
2985 1617 3289 1698 adjungat
3313 1637 3423 1698 pa·

1897 1715 2066 1772 ctum
2096 1710 2272 1774 illud.
2324 1710 2670 1771 Consulens
2701 1716 2910 1771 autem
2940 1709 3003 1769 in
3034 1728 3183 1770 casu
3213 1715 3423 1772 nostro

1898 1803 2050 1863 nihil
2078 1803 2229 1864 facit
2268 1803 2436 1882 quod
2464 1802 2842 1864 mutuatario
2874 1802 3230 1881 displiceat,
3278 1822 3424 1864 nam

1899 1895 2226 1956 consilium
2256 1895 2430 1972 illud,
2467 1895 2716 1975 quando
2749 1894 2968 1971 datur,
3003 1895 3426 1955 necessarium

1900 1988 2102 2049 estad
2131 1992 2420 2049 mutuum
2452 1987 2902 2060 obtinendum;
2954 1991 3017 2048 et
3062 2005 3185 2048 non
3230 1992 3324 2049 est
3362 1988 3425 2048 in

1899 2080 2034 2160 ejus
2076 2084 2382 2158 potestate
2431 2080 2599 2159 quod
2645 2084 2917 2159 ponatur
2959 2084 3247 2140 mutuum
3294 2081 3426 2141 sine

1900 2177 2082 2252 pacto
2110 2190 2480 2245 usurarum;
2517 2190 2708 2251 quare
2739 2172 2800 2232 in
2831 2172 2964 2250 ipso
2998 2190 3121 2233 non
3145 2172 3430 2251 displicet

1900 2265 2281 2325 mutuatario
2325 2264 2479 2325 illud
2510 2263 2876 2341 consilium,
2923 2264 3232 2344 siquidem
3276 2265 3429 2325 nibil

1901 2358 2071 2419 aliud
2103 2357 2253 2418 facit
2281 2357 2399 2417 nisi
2427 2357 2593 2436 quod
2634 2357 2766 2435 ipse
2796 2357 3213 2418 mutuatarius
3242 2357 3430 2418 etiam

1901 2450 2137 2511 taceret
2166 2449 2244 2509 ad
2265 2453 2556 2510 mutuum
2576 2448 3007 2509 obtinendum.
3041 2448 3226 2509 Aliud
3245 2454 3426 2526 esset,

1905 2542 1954 2603 si
2011 2542 2341 2602 consulens
2386 2560 2564 2620 aeque
2610 2544 2822 2620 posset
2867 2540 3247 2620 persuadere
3298 2560 3431 2601 mu-

1902 2638 2080 2697 tuum
2108 2634 2341 2713 gratiS,
2390 2639 2452 2694 et
2498 2638 2788 2695 mutuum
2834 2633 2949 2693 sub
2980 2634 3234 2694 usuris:
3284 2637 3434 2695 tunc

1906 2728 2071 2788 enim
2110 2727 2231 2788 hoc
2278 2727 2659 2787 consulendo
2689 2729 2981 2805 peccaret
3016 2730 3230 2786 contra
3251 2725 3438 2805 justi-

1904 2820 2057 2881 tiam
2078 2867 2092 2895 ,
2141 2819 2287 2900 quia
2317 2819 2485 2880 circa
2512 2819 2636 2880 tale
2668 2818 2994 2879 consilium
3023 2817 3243 2878 merito
3274 2823 3438 2881 esset

1905 2913 2333 2973 mutuatarius
2363 2913 2613 2973 invituS.

1987 3006 2191 3067 Infero
2223 3006 2404 3066 tertio
2424 3053 2439 3083 ,
2476 3005 2625 3085 quid
2658 3004 2995 3066 dicendum
3025 3005 3105 3067 sit
3133 3005 3211 3065 de
3243 3005 3437 3083 depo-

1907 3103 2095 3160 nonte
2125 3117 2270 3159 suas
2298 3099 2596 3178 pecunias
2627 3098 2793 3177 apud
2816 3116 2959 3157 eum
2991 3098 3095 3177 qui
3118 3098 3207 3158 eis
3227 3101 3438 3158 utetur

1907 3192 1988 3253 ad
2016 3211 2275 3268 usuras,
2328 3191 2405 3252 de
2450 3209 2574 3270 quo
2623 3191 2816 3270 aliqui
2863 3192 3119 3267 dicunt,
3178 3209 3437 3269 peccare

1909 3289 2124 3347 contra
2145 3285 2485 3364 justitiam,
2535 3284 2776 3346 etiamsi
2805 3304 2929 3344 non
2958 3285 3279 3360 intendat,
3328 3283 3439 3344 sed

1909 3378 2253 3457 praevideat
2289 3378 2422 3437 fore
2469 3376 2796 3437 materiam
2846 3396 3073 3438 usurae.
3125 3378 3215 3437 Ita
3265 3374 3442 3438 Salo-

1910 3471 2070 3545 niuS,
2116 3469 2285 3548 quod
2328 3468 2518 3529 etiam
2559 3468 2832 3529 insinuat
2874 3471 3059 3530 Sotus
3085 3515 3100 3545 ,
3161 3473 3223 3530 et
3255 3467 3439 3528 valde

1910 3562 2237 3641 probabile
2265 3564 2444 3641 putat
2471 3562 2757 3637 Bannes,
2793 3562 2981 3622 etiam
3012 3561 3265 3641 quando
3295 3579 3444 3640 pro-

1909 3658 2050 3734 pter
2097 3672 2401 3732 magnum
2457 3671 2640 3714 suum
2698 3653 3098 3713 commodum
3147 3653 3443 3731 pecunias

1911 3747 2205 3825 deponit,
2267 3764 2423 3824 quos
2466 3748 2646 3807 affert
2699 3746 2875 3807 Salas
2917 3764 3087 3806 num.
3122 3750 3181 3807 4.
3212 3745 3445 3807 Molina

1910 3858 2060 3901 vero
2091 3839 2196 3899 ubi
2228 3856 2418 3917 supra
2445 3885 2460 3914 ,
2495 3856 2683 3917 quem
2713 3838 3002 3917 sequitur
3031 3838 3206 3899 Salas
3226 3885 3241 3913 ,
3295 3837 3447 3898 dicit

1912 3952 2036 3994 non
2084 3949 2347 4010 peccare
2400 3935 2618 3991 contra
2658 3931 3007 4008 justitiam,
3068 3931 3178 3990 sed
3226 3934 3447 3991 contra

1914 4025 2307 4099 charitatem,
2343 4024 2593 4102 quando
2616 4042 2759 4083 eum
2780 4023 2967 4082 finem
2992 4041 3114 4083 non
3134 4022 3402 4083 intendit
3428 4042 3441 4083 :

1915 4120 1965 4178 si
2019 4136 2168 4177 vero
2217 4116 2635 4195 depositarius
2690 4115 2964 4176 habebat
2987 4161 3002 4191 ,
3063 4116 3162 4174 vel
3211 4114 3447 4176 habere

1913 4211 2094 4272 facile
2140 4212 2386 4287 poterat
2439 4208 2690 4268 aliunde
2733 4208 3032 4286 pecunias
3072 4207 3154 4268 ad
3202 4226 3443 4284 usuraS,

1914 4322 2118 4382 neque
2176 4301 2316 4361 ideo
2360 4300 2666 4379 majorem
2721 4300 3132 4379 quantitatem
3190 4300 3451 4361 daturus

1917 4396 2315 4470 credebatur,
2351 4413 2476 4453 non
2506 4411 2768 4472 peccare
2801 4393 3220 4471 deponentem
3258 4393 3447 4453 etiam

1916 4493 2131 4550 contra
2152 4486 2544 4562 charitatem,
2580 4486 2740 4546 sicut
2758 4504 2963 4564 neque
2994 4484 3181 4546 etiam
3198 4487 3448 4565 quando

3560 513 3677 572 216

3518 636 3621 688 Quid
3654 635 3706 678 do

3486 689 3735 732 consulenti-

3466 744 3541 785 bus
3558 742 3757 785 uoundo.

3582 3001 3695 3056 217

3537 3124 3641 3177 Quid
3677 3124 3729 3166 do

3523 3178 3753 3233 deponente

3580 3232 3686 3295 apud

3519 3298 3764 3329 muranum.

1915 4582 1996 4642 ob
2051 4580 2375 4658 ingentem
2430 4578 2868 4640 necessitatem
2925 4577 3226 4658 pecunias
3282 4576 3451 4657 apud
3516 4615 3519 4616 ν

1917 4692 2060 4734 eum
2089 4671 2400 4751 deposuit.
2445 4672 2558 4732 Cui
2586 4671 2718 4731 fere
2746 4670 3058 4732 consentit
3088 4669 3369 4733 Sanchez
3399 4687 3443 4732 1.

1915 4767 2022 4826 lib.
2072 4765 2133 4824 in
2162 4763 2441 4843 Decoloy.
2496 4781 2634 4841 cap.
2672 4780 2784 4824 vn.
2839 4782 3011 4823 num.
3046 4766 3145 4824 36.
3199 4763 3443 4842 cajeta-

1916 4878 2054 4935 nuS,
2087 4861 2363 4935 Aragon.
2384 4854 2631 4935 etjdem
2660 4857 2906 4915 Bannes
2935 4855 3104 4934 apud
3136 4854 3312 4917 Salas
3343 4854 3446 4914 illo

1916 4969 2088 5010 num.
2119 4949 2436 5024 4.dicunt,
2490 4947 2826 5026 deponenti
2868 4966 2992 5007 non
3040 4946 3333 5025 imputari
3367 4945 3448 5005 ad

1913 5041 2282 5122 injustitiam
2313 5044 2641 5119 peccatum
2679 5059 2884 5100 usurae
2928 5039 3097 5118 quod
3127 5038 3448 5115 deposita-

1917 5136 2046 5195 rius
2077 5133 2437 5209 committit,
2473 5151 2740 5212 quorum
2771 5132 3144 5193 sententiam
3174 5130 3454 5209 sequitur

1920 5229 2105 5288 etiam
2136 5225 2384 5286 Lessius
2414 5244 2584 5284 num.
2613 5228 2748 5286 184.
2785 5222 3018 5284 etmihi
3050 5222 3236 5283 etiam
3258 5223 3453 5283 veris-

1919 5320 2076 5381 sima
2105 5318 2393 5394 videtur,
2442 5316 2587 5395 quia
2635 5314 3051 5376 mutuatarius
3096 5332 3220 5374 non
3249 5313 3450 5375 solum

1921 5432 2046 5473 non
2075 5410 2137 5470 id
2170 5428 2335 5487 aegre
2365 5409 2504 5484 fert,
2538 5408 2646 5468 sed
2677 5407 2914 5486 gaudet
2933 5406 3100 5486 quod
3132 5407 3453 5467 usurarius

1920 5503 2216 5584 pecunias
2274 5501 2336 5561 in
2395 5504 2685 5584 promptu
2717 5499 2978 5578 habeat,
3041 5501 3107 5563 ut
3160 5499 3354 5578 possit
3397 5499 3451 5558 ei
