4263 6376
1264 281 1739 343 DISPUTATIO
1786 280 2000 357 XXIV,
2051 282 2328 344 SECTIO
2374 283 2447 343 11.

341 458 627 521 Secundo
658 457 961 538 sequitur,
996 457 1165 539 quod
1194 457 1340 520 lieet
1359 457 1694 538 promissio
1707 457 1807 539 ju·

272 556 395 614 rata
446 571 573 613 non
630 550 970 613 revocandi
1027 552 1302 629 primum
1356 555 1804 613 testamentum

273 663 385 705 non
428 644 649 705 fuisset
705 644 871 705 facta
930 644 993 704 in
1051 644 1185 723 ipso
1243 648 1642 720 testamentO,
1693 643 1803 706 sed

269 737 542 814 seorsim,
577 741 766 816 atque
795 735 956 797 adeo
986 755 1110 798 non
1140 755 1283 799 cum
1318 739 1495 798 tanta
1510 735 1808 797 solemni-

269 833 408 906 tate,
441 835 502 892 et
530 835 625 891 tot
650 829 915 891 testibus
937 874 952 905 ,
1000 830 1153 909 quot
1183 828 1263 888 ad
1311 828 1670 891 testamenti
1698 846 1808 888 va·-

267 924 455 984 lorem
485 921 921 1002 requiruntur;
956 922 1163 982 adhuc
1200 922 1442 984 ratione
1464 920 1809 1002 juramenti

268 1016 538 1094 adjuncti
570 1015 894 1093 obligabat
921 1019 1287 1076 testatorem
1318 1034 1394 1075 ex
1415 1014 1657 1094 justitia
1682 1061 1697 1092 ‚
1747 1018 1810 1075 et

267 1110 391 1187 ejus
409 1108 669 1169 violatio
692 1108 1015 1169 constituit
1034 1108 1306 1186 primum
1334 1107 1651 1168 baeredem
1668 1125 1799 1168 cre-

268 1200 527 1262 ditorem
555 1201 860 1261 adversus
888 1200 1057 1261 bona
1082 1200 1270 1261 modo
1300 1200 1631 1279 explicato,
1661 1198 1809 1279 quia

192 1354 203 1367 ,
267 1312 385 1355 non
405 1293 601 1355 habet
620 1292 727 1372 jus
754 1293 838 1352 ad
866 1293 972 1354 illa
999 1311 1074 1353 ex
1104 1296 1477 1354 testamento
1504 1339 1519 1368 ‚
1552 1292 1663 1352 sed
1692 1293 1810 1352 im-

266 1385 532 1446 mediate
562 1404 642 1445 ex
668 1385 899 1465 injuria
931 1383 1047 1445 sibi
1089 1384 1260 1446 illata
1291 1384 1369 1445 ob
1408 1384 1704 1446 violatam
1735 1385 1810 1445 fi-

268 1478 404 1539 dem
449 1479 682 1556 juratoe
728 1476 1181 1556 promissionis.
1235 1477 1301 1538 Si
1352 1482 1563 1538 tamen
1615 1480 1805 1538 testa·

267 1577 568 1646 mentum,
603 1569 775 1649 quod
822 1573 1083 1630 testator
1112 1569 1228 1629 sub
1261 1568 1620 1649 juramento
1669 1587 1811 1646 pro·

267 1663 431 1722 misit
461 1680 589 1721 non
618 1679 918 1722 revocare
940 1707 961 1738 ,
1008 1661 1439 1723 defectuosum
1481 1661 1699 1722 fuisset
1727 1661 1806 1722 ob

267 1755 583 1814 defectum
635 1753 1048 1815 solemnitatis
1088 1754 1404 1834 requisitae
1429 1800 1445 1831 ,
1492 1753 1806 1815 revocatio

263 1848 656 1926 subsequens
687 1866 801 1926 per
830 1846 999 1907 aliud
1021 1851 1466 1909 testamentum
1483 1865 1606 1907 non
1629 1847 1811 1908 daret

260 1941 357 2020 jus
386 1941 597 2019 primo
645 1939 881 2000 haeredi
912 1945 1129 2000 contra
1159 1940 1505 2002 secundum
1533 1939 1613 2000 ad
1642 1940 1810 2001 bona

267 2034 542 2095 defuncti
570 2054 586 2106 ;
619 2033 770 2114 quia
797 2033 999 2094 solum
1030 2038 1234 2112 potest
1261 2038 1473 2113 petere
1506 2038 1808 2113 quantum

265 2145 372 2187 sua
402 2127 689 2202 interest,
723 2145 802 2186 ne
832 2127 1104 2205 primum
1132 2131 1577 2188 testamentum
1595 2125 1810 2187 fuisset

264 2224 629 2281 revocatum
666 2240 679 2280 ε
714 2218 835 2280 hoc
877 2225 1087 2281 autem
1133 2238 1244 2298 pro
1274 2218 1468 2279 nihilo
1498 2218 1809 2299 reputabi·

264 2317 382 2389 tur,
431 2313 486 2372 si
517 2311 795 2390 primum
833 2316 1277 2373 testamentum
1322 2330 1445 2372 non
1485 2311 1599 2391 fuit
1637 2311 1811 2372 suffi-

265 2406 503 2466 cienter
528 2404 835 2480 solemne,
870 2404 1017 2482 quia
1048 2404 1288 2464 etiamsi
1320 2422 1443 2464 non
1472 2404 1690 2464 inisset
1715 2420 1810 2463 re-

265 2501 561 2560 vocatum
592 2515 707 2574 per
732 2496 1081 2556 secundum
1105 2543 1119 2572 ,
1153 2515 1227 2556 ex
1259 2515 1331 2557 eo
1364 2495 1518 2556 nihil
1556 2495 1810 2557 babuis-

263 2595 354 2650 set
376 2590 626 2669 primus
656 2588 859 2648 haeres
879 2635 894 2663 ‚
947 2589 1056 2648 sed
1087 2588 1496 2650 succederent
1529 2587 1810 2649 haeredes

262 2683 339 2743 ab
369 2684 693 2742 intestato.
746 2682 814 2741 In
846 2699 968 2741 uno
1000 2685 1208 2742 tamen
1239 2699 1390 2742 casu
1431 2686 1644 2760 posset
1682 2680 1811 2760 pri·

264 2795 404 2836 mus
432 2775 642 2835 haeres
670 2773 1062 2852 praetendere
1091 2774 1259 2835 bona
1287 2773 1499 2834 omnia
1522 2820 1537 2850 ,
1571 2773 1670 2835 vel
1699 2773 1813 2833 ali-

265 2887 389 2948 qua
420 2886 458 2928 a
483 2866 767 2928 secundo
798 2865 1047 2927 haerede
1071 2913 1087 2942 ,
1137 2865 1379 2927 etiamsi
1420 2866 1691 2945 primum
1720 2869 1812 2925 te-

264 2965 655 3021 stamentum
703 2959 921 3020 fuisset
964 2958 1172 3019 minus
1210 2959 1525 3032 solemne;
1560 2957 1809 3037 quando

262 3055 504 3115 scilicet
552 3052 725 3113 idem
769 3052 943 3131 ipse,
996 3052 1101 3132 qui
1148 3051 1465 3112 institutus
1505 3052 1708 3112 suerat
1749 3050 1813 3111 in

263 3147 470 3226 primo
501 3150 884 3208 testamento
914 3162 1314 3206 successurus
1345 3142 1583 3221 fuisset,
1623 3144 1720 3205 vel
1749 3143 1813 3203 in

265 3246 490 3315 totum,
523 3239 627 3299 vel
659 3238 870 3317 quoad
901 3242 1145 3317 partem
1174 3237 1252 3298 ab
1284 3237 1574 3298 intestato
1606 3237 1813 3297 eidem

264 3332 551 3395 testatori
586 3352 600 3393 ε
636 3337 788 3392 tunc
815 3331 982 3392 enim
1012 3331 1278 3392 multum
1300 3331 1619 3407 intererat,
1646 3328 1815 3409 quod

265 3427 544 3505 primum
591 3428 1041 3486 testamentum
1088 3440 1215 3483 non
1263 3427 1662 3483 revoc-aretur
1706 3440 1818 3500 per

266 3518 438 3579 aliud
466 3517 822 3579 secundum
847 3562 864 3592 ,
913 3515 976 3575 in
1007 3534 1130 3595 quo
1170 3515 1273 3575 alii
1316 3514 1599 3575 haeredes
1642 3514 1819 3576 insti-

264 3615 599 3672 tuerentur
627 3627 773 3670 cum
794 3607 929 3688 ejus
958 3607 1364 3687 proejudicio;
1400 3607 1547 3687 quia
1566 3607 1618 3667 si
1646 3606 1816 3669 aliud

264 3706 723 3765 testamentum
769 3701 1089 3762 eonditum
1121 3718 1243 3761 non
1291 3700 1660 3780 fuissetque
1697 3698 1818 3779 pri-

265 3816 441 3856 mum
489 3800 922 3869 revocaretur,
975 3799 1262 3855 mortuus
1301 3793 1517 3854 fuisset
1559 3796 1821 3855 testator

267 3909 412 3949 cum
454 3889 593 3951 solo
621 3889 730 3948 illo
758 3890 1133 3950 testamento
1163 3885 1367 3946 minus
1396 3884 1697 3962 solemni,
1730 3889 1820 3946 at-

268 4002 391 4062 que
448 3982 614 4043 adeo
662 3980 744 4040 ab
796 3980 1112 4055 intestata,
1172 3983 1233 4039 et
1275 3997 1386 4057 per
1431 3996 1821 4056 consequens

266 4073 681 4135 suecessiszet
706 4072 788 4132 ab
833 4073 1125 4133 intestato
1169 4071 1339 4131 idem
1369 4070 1570 4131 haeres
1617 4071 1680 4130 in
1729 4074 1822 4131 to-

267 4172 401 4227 tum
425 4214 440 4243 ,
476 4166 581 4225 vel
614 4165 825 4244 quoad
857 4167 1100 4243 partem
1135 4182 1148 4227 :
1182 4164 1305 4223 imo
1336 4163 1597 4224 fortasse
1630 4162 1822 4223 habe-

268 4267 363 4321 ret
391 4260 539 4337 plus
569 4257 753 4333 lucri,
787 4275 976 4337 quam
999 4257 1052 4316 si
1080 4255 1351 4335 primum
1382 4260 1822 4318 testamentum

269 4352 557 4411 validum
590 4351 849 4425 fuisset,
905 4348 1053 4427 quia
1097 4368 1221 4409 non
1269 4348 1487 4409 fuisset
1514 4348 1823 4427 obligatus

271 4444 354 4503 ad
381 4445 599 4523 legata
627 4442 690 4501 in
721 4460 794 4501 eo
825 4445 1120 4502 contenta
1149 4442 1229 4502 ob
1260 4441 1573 4502 defectum
1603 4441 1823 4503 solem-

272 4537 489 4607 nitatis
520 4535 840 4614 requisita}
871 4534 1061 4594 etiam
1092 4534 1171 4594 ad
1202 4533 1561 4595 codicillum
1589 4554 1601 4594 τ
1627 4553 1824 4613 quare

268 4634 540 4691 testator
567 4633 791 4688 eontra
804 4627 1231 4707 juramentum
1252 4626 1578 4687 condendo
1594 4645 1825 4686 novum

272 4725 727 4783 testamentum
754 4767 768 4797 ‚
818 4720 1066 4780 videtur
1110 4723 1312 4780 totum
1362 4719 1480 4778 hoc
1527 4718 1825 4779 damnum

270 4816 480 4893 primo
515 4813 757 4874 haeredi
785 4812 1014 4891 injuste
1045 4812 1325 4872 intulisse
1355 4858 1371 4888 ,
1422 4815 1486 4872 et
1511 4812 1823 4873 secundus

274 4908 480 4968 haeres
513 4905 712 4966 teneri
743 4904 821 4964 ad
853 4904 1001 4964 illud
1024 4903 1511 4965 resarciendum.
1546 4904 1667 4965 Sed
1687 4904 1831 4964 licet

275 4999 398 5061 hoc
429 5017 656 5060 verum
685 4998 766 5058 sit
792 4997 1004 5077 quoad
1053 4996 1520 5073 haereditatem,
1566 4996 1663 5055 vel
1694 4995 1828 5075 ejus

273 5095 640 5173 portionem
671 5090 906 5151 haeredi
938 5090 1001 5149 in
1050 5089 1251 5169 primo
1298 5093 1669 5151 testamento
1710 5089 1831 5148 mi-

276 5205 395 5247 nus
422 5185 694 5247 solemni
724 5184 1108 5262 assignatam
1131 5229 1148 5260 ,
1183 5183 1351 5261 quod
1383 5182 1545 5243 hanc
1574 5181 1832 5243 deberet

278 5278 600 5340 secundus
633 5275 838 5336 haeres
868 5275 926 5335 ei
956 5274 1283 5336 restituere
1307 5321 1323 5352 ,
1354 5274 1404 5335 si
1434 5273 1827 5337 tantumdem

278 5371 360 5431 ab
401 5372 698 5432 intestato
747 5367 1076 5429 habiturus
1118 5367 1337 5429 fuisset
1385 5387 1398 5428 :
1450 5385 1576 5427 non
1613 5371 1828 5428 tamen

611 5464 770 5522 Tou.
806 5462 940 5520 vll.

3360 286 3438 345 6⁵

1904 458 2116 537 credo,
2152 458 2321 539 quod
2351 459 2609 521 deberet
2636 459 2695 520 ei
2721 460 3052 523 restituere
3076 506 3091 535 ,
3135 464 3442 541 quantum

1903 553 2245 614 succedens
2275 554 2354 614 ab
2384 552 2675 615 intestato
2723 553 2862 632 plus
2910 553 3264 631 habuisset,
3311 555 3442 617 sive

1905 665 1979 706 ex
2010 646 2231 724 legatis
2263 665 2384 708 non
2424 646 2660 723 solutis,
2690 646 2820 706 sive
2850 664 2926 705 ex
2953 645 3178 726 majori
3208 649 3445 727 portio-

1904 758 1982 799 ne
2013 738 2420 815 haereditatis‚
2455 757 2594 818 quae
2616 738 2697 800 ad
2722 739 2926 818 ipsum
2953 738 3216 815 veniret,
3260 739 3314 801 si
3356 743 3445 803 te-

1904 835 2102 893 stator
2155 831 2323 892 aliud
2373 836 2816 893 testamentum
2864 849 2988 892 non
3036 831 3439 909 condidisset,

1917 943 2029 1003 luo
2058 924 2231 1003 prius
2261 924 2468 984 minus
2510 924 2791 985 solemne
2835 929 3213 987 revocasset.
3263 925 3444 987 Ratio

1903 1021 2117 1078 autem
2156 1022 2270 1091 est,
2303 1016 2451 1096 quia
2480 1016 2648 1096 quod
2695 1016 2812 1078 hoc
2862 1017 3051 1079 etiam
3091 1016 3298 1080 minus
3333 1019 3447 1079 ha·

1902 1110 2109 1171 buerit
2153 1114 2411 1190 propter
2457 1109 2804 1170 secundum
2854 1115 3301 1172 testamentum
3353 1112 3446 1174 fa-

1905 1207 2097 1279 ctum,
2134 1220 2259 1263 non
2291 1202 2487 1263 oritur
2515 1222 2589 1262 ex
2618 1202 2845 1283 injuria
2877 1203 3190 1265 testatoris
3223 1222 3236 1262 :
3272 1209 3446 1283 pote-

1903 1300 2005 1357 rat
2034 1296 2266 1374 quippe
2301 1298 2565 1356 testator
2596 1295 2729 1355 sine
2777 1296 2904 1356 ulla
2944 1295 3169 1378 injuria
3219 1297 3448 1358 confir-

1904 1407 2078 1449 mare
2107 1388 2470 1449 solemniter
2514 1387 2788 1468 primum
2836 1393 3302 1466 testamentum,
3332 1408 3448 1469 per

1905 1481 2074 1561 quod
2107 1480 2259 1541 nihil
2286 1480 2535 1542 fecisset
2561 1485 2777 1541 contra
2817 1479 3248 1560 juramentum
3289 1499 3446 1560 prae·

1906 1575 2119 1635 stitum
2144 1619 2160 1649 ,
2193 1573 2360 1652 quod
2391 1573 2592 1634 solum
2623 1577 2762 1634 erat.
2784 1574 2861 1634 de
2893 1593 3017 1634 non
3065 1573 3443 1651 revocandO,

1906 1685 2030 1727 non
2060 1683 2209 1727 vero
2239 1666 2316 1725 de
2364 1684 2489 1726 non
2534 1665 2962 1727 confirmando
3010 1665 3212 1745 primo
3259 1670 3448 1729 testa·

1905 1763 2147 1830 mento;
2182 1776 2307 1836 qua
2334 1758 2808 1819 confirmatione
2840 1758 3060 1837 posita,
3091 1758 3293 1820 haeres
3322 1777 3448 1820 non

1905 1849 2272 1911 succederet
2290 1850 2368 1910 ab
2386 1849 2698 1927 intestato,
2725 1850 2836 1910 sed
2855 1850 3058 1911 solum
3083 1850 3145 1912 in
3162 1851 3447 1931 portione

1906 1943 2025 2004 sibi
2051 1944 2115 2002 in
2147 1944 2518 2004 testamento
2547 1943 2750 2022 primo
2782 1942 3118 2020 assignata,
3155 1946 3218 2004 et
3231 1943 3449 2004 solutis

1908 2035 2224 2110 oneribus,
2260 2053 2336 2095 ac
2363 2035 2584 2113 legatis
2612 2036 2919 2096 contentis
2949 2036 3009 2095 in
3043 2035 3168 2112 ille,
3191 2054 3340 2115 ergo
3358 2036 3448 2095 lu·

1908 2146 2083 2188 crum
2114 2127 2287 2203 illud,
2321 2127 2489 2206 quod
2519 2146 2592 2187 ex
2620 2127 3013 2188 successione
3044 2130 3123 2189 ab
3153 2129 3447 2190 intestato

1909 2220 2265 2296 habuisset,
2320 2238 2443 2280 non
2491 2219 2679 2282 debet
2719 2220 2776 2280 ei
2806 2240 2842 2281 a
2872 2221 3148 2282 seeundo
3198 2220 3448 2283 haerede

1910 2312 2173 2374 restitui.

1988 2405 2198 2467 Tertio
2229 2405 2477 2466 videtur
2503 2404 2701 2484 sequi,
2738 2404 2906 2484 quod
2935 2405 2986 2466 si
3016 2407 3278 2468 testator
3304 2406 3449 2467 abs-

1909 2516 2029 2578 que
2060 2496 2284 2576 injuria
2305 2516 2320 2572 ;
2345 2497 2454 2558 sed
2478 2498 2643 2558 bona
2660 2497 2784 2558 fide
2807 2497 2978 2576 prius
3007 2501 3450 2560 testamentum

3597 2432 3674 2492 34

3556 2556 3672 2610 Quid,
3708 2560 3744 2603 ιι

1910 2589 2267 2666 revocavit,
2342 2590 2593 2650 condito
2642 2590 2954 2666 secundo,
3014 2609 3135 2651 non
3194 2590 3455 2652 deberet
3501 2613 3798 2656 munorum

1911 2683 2109 2743 haeres
2139 2682 2452 2743 secundus
2500 2682 2562 2742 in
2592 2683 2726 2743 soro
2766 2682 3199 2759 conscientiae,
3250 2701 3454 2762 neque

1911 2776 2099 2837 etiam
2122 2774 2184 2835 in
2214 2776 2348 2836 foro
2378 2776 2632 2836 externo
2658 2821 2673 2851 ,
2707 2775 2757 2834 si
2788 2775 2955 2836 bona
3000 2776 3156 2836 fides
3203 2776 3456 2855 probari

1911 2872 2141 2948 posset,
2176 2867 2464 2946 compelli
2511 2868 2590 2927 ad
2640 2867 2922 2927 dandum
2967 2867 3201 2947 aliquid
3252 2868 3453 2947 primo

1910 2961 2183 3033 hoeredi3
2219 2960 2365 3039 quia
2395 2964 2842 3022 testamentum
2870 2961 3240 3038 secundum,
3260 2965 3331 3022 ut
3359 2961 3449 3021 di-

1910 3053 2150 3130 ximuS,
2181 3052 2457 3113 validum
2487 3051 2633 3129 fuit,
2685 3055 2748 3113 et
2792 3052 3032 3130 primus
3079 3053 3282 3115 haeres
3330 3073 3455 3115 non

1914 3146 2104 3207 habet
2122 3144 2248 3227 jue,
2282 3144 2397 3206 nisi
2439 3144 2520 3206 ob
2548 3143 2841 3224 injuriam
2858 3145 2975 3206 sibi
2997 3145 3232 3207 illatam
3263 3146 3328 3206 in
3358 3165 3457 3207 re-

1912 3239 2240 3301 vocatione
2270 3238 2495 3318 prioris
2526 3238 2907 3315 testamenti,
2943 3242 3163 3300 contra
3192 3238 3255 3299 id
3286 3239 3457 3319 quod

1914 3332 2292 3412 promissum
2339 3332 2768 3392 t‘uerat10um
2815 3349 2965 3410 ergo
3014 3330 3242 3411 injuria
3287 3332 3460 3393 nulla

1915 3424 2372 3500 intercesserit,
2408 3422 2647 3484 nullum
2678 3424 2797 3485 erit
2825 3424 3105 3487 debitum
3150 3424 3451 3502 defuncti,

1917 3535 2028 3597 pro
2058 3535 2180 3596 quo
2212 3515 2346 3595 ejus
2375 3516 2578 3576 haeres
2607 3516 2968 3577 satisfacere
2987 3516 3215 3579 debeat
3248 3538 3261 3578 :
3295 3518 3346 3578 si
3363 3522 3458 3579 ta-

1915 3628 2060 3669 men
2091 3612 2351 3670 testator
2393 3613 2536 3668 ante
2584 3612 2891 3684 mortem,
2949 3614 3012 3670 et
3056 3613 3196 3687 post
3239 3629 3463 3670 secun·-

1919 3701 2069 3761 dum
2101 3704 2543 3762 testamentum
2577 3701 2843 3778 factum,
2895 3701 3125 3762 bonam
3170 3702 3341 3763 illam
3389 3705 3464 3762 fi-

1920 3794 2075 3854 dem*
2095 3792 2411 3854 amitteret
2433 3839 2448 3870 ,
2481 3797 2545 3854 et
2575 3794 2932 3855 adverteret
2976 3793 3058 3854 ad
3104 3814 3281 3854 suam
3313 3795 3463 3855 obli-

1918 3887 2269 3966 gationem,
2320 3886 2579 3949 deberet
2619 3886 2966 3946 secundum
3014 3890 3459 3948 testamentum

1921 3997 2218 4039 revocare
2241 3983 2303 4040 et
2322 3979 2695 4039 confirmare
2724 3978 3035 4058 primum;
3066 3978 3214 4057 quia
3249 3979 3465 4041 adhuc

1921 4072 2268 4132 secundum
2298 4074 2771 4146 testamentum,
2807 4075 2870 4131 et
2893 4071 3205 4133 revocatio
3235 4071 3464 4151 prioris

1922 4164 1983 4224 in
2014 4182 2086 4223 eo
2119 4163 2285 4223 facta
2314 4163 2676 4241 dependens
2706 4167 2841 4224 erat
2870 4164 2949 4225 ab
2980 4163 3116 4244 ejus
3143 4166 3466 4226 voluntat-e

1922 4255 2336 4316 ambulatoria
2366 4274 2562 4334 usque
2594 4255 2673 4315 ad
2704 4262 2994 4333 mortem,
3031 4260 3093 4317 et
3121 4275 3197 4317 ex
3224 4257 3287 4318 vi
3307 4258 3470 4336 prio-

1920 4350 2004 4408 ris
2027 4348 2367 4428 juramenti
2401 4348 2673 4410 debebat
2710 4366 2956 4410 cessare
2997 4368 3032 4409 a
3061 4350 3466 4411 revocatione

1924 4440 2150 4520 prioris
2172 4440 2526 4501 testamenti
2553 4487 2569 4517 ,
2622 4446 2685 4500 et
2713 4459 2933 4502 curare
2981 4460 3060 4502 ne
3109 4461 3224 4503 sua
3269 4448 3470 4504 morte

1925 4535 2422 4595 confirmaretur.

2007 4626 2169 4703 Dixi,
2203 4626 2324 4686 boc
2352 4624 2549 4687 videri
2580 4625 2758 4704 sequi
2802 4645 2876 4685 ex
2915 4626 3204 4688 doctrina
3249 4626 3374 4704 illa,
3409 4631 3472 4688 et

1925 4737 2145 4779 revera
2173 4722 2560 4796 sequeretur,
2593 4718 2641 4778 si
2674 4723 2874 4779 totum
2905 4719 3024 4780 hoc
3055 4718 3338 4781 debitum
3370 4739 3469 4780 se·

1928 4811 2115 4873 cundi
2149 4809 2417 4870 haeredis
2447 4810 2816 4871 fundaretur
2858 4811 2916 4870 in
2949 4811 3262 4873 testatoris
3310 4811 3475 4889 inju-

1930 4904 2022 4964 ria
2068 4923 2080 4963 ε
2133 4902 2244 4962 sed
2275 4906 2485 4962 tamen
2516 4922 2641 4963 non
2672 4902 2919 4964 videtur
2946 4904 3008 4963 in
3037 4904 3142 4963 illa
3171 4903 3303 4963 sola
3330 4903 3472 4963 fun-

1931 4996 2089 5072 dari,
2125 4994 2237 5055 sed
2268 4994 2329 5053 in
2361 4994 2771 5073 promissione
2794 4995 3040 5072 jurata,
3073 5013 3196 5073 qua
3235 4995 3476 5073 prorni-

1931 5089 2011 5150 sit
2051 5106 2176 5149 non
2218 5104 2517 5147 revocare
2557 5087 2729 5165 prius
2776 5090 3216 5147 testamentum
3242 5133 3257 5162 ‚
3307 5088 3477 5166 quod

1930 5181 2193 5259 perinde
2257 5184 2394 5239 erat
2440 5197 2515 5240 ac
2562 5178 2927 5257 promittere
2974 5179 3176 5257 primo
3236 5178 3477 5241 haeredi

1933 5291 2110 5334 suam
2140 5271 2599 5333 haereditatem.
2651 5273 2707 5331 ls
2751 5273 3005 5347 autem,
3046 5270 3153 5349 qui
3186 5272 3481 5349 promisit

1929 5368 2110 5428 Petro
2141 5382 2326 5426 suum
2376 5382 2646 5443 equum,
2692 5363 2839 5424 licet
2867 5367 3089 5442 postea
3139 5363 3306 5424 bona
3352 5364 3478 5424 fide

3111 5458 3148 5517 5

3612 2667 3692 2710 tiele

3544 2723 3769 2768 nvomu't.
