4263 6376
652 4473 768 4539 118

569 4602 714 4652 Potest
737 4601 864 4650 etiam

581 4658 798 4757 ssu-¹²⁶

667 4726 716 4758 us
737 4672 856 4757 1611111

568 4763 857 4820 antecedenter

889 278 1007 338 302

896 450 1239 513 aestimatur
1263 468 1365 510 res
1402 452 1685 528 tempore
1715 464 1858 510 cum
1886 449 2058 511 tanto
2088 446 2302 507 valore
2327 445 2424 506 fu-

894 548 1036 608 turo
1067 545 1351 606 extitura.
1408 545 1593 605 Posse
1639 546 1851 604 autem
1893 539 2012 601 1106
2062 540 2423 618 contingere

895 639 1030 701 sine
1055 639 1179 699 ulla
1208 638 1414 718 specie
1446 654 1650 699 usurae
1671 635 1914 696 ostendi
1942 638 2165 714 potest.

974 731 1204 807 Primo,
1237 731 1383 810 quia
1428 749 1552 791 non
1598 733 1804 809 potest
1849 747 1983 789 esse
2010 745 2200 788 usura
2227 745 2303 789 ex
2333 725 2427 786 di-

892 824 1238 887 minutione
1266 823 1470 904 pretii‚
1504 822 1608 884 ubi
1647 822 1817 884 nulla
1846 825 1940 883 est
1965 820 2306 899 anticipata
2332 837 2427 881 so·

893 917 1231 994 lutio,'cum
1259 916 1500 978 nullum
1528 914 1977 977 ibiintercedat
2004 918 2293 976 mutuum
2312 912 2430 974 vir-

893 1010 1061 1072 tualc
1089 1010 1267 1089 cujus
1294 1008 1520 1071 intuitu
1551 1008 1822 1087 pretium
1851 1007 2259 1068 diminuatur.
2310 1007 2430 1066 Po-

894 1106 1015 1167 test
1042 1106 1249 1164 autem
1280 1102 1641 1180 contingere
1671 1100 1838 1180 quod
1870 1103 2038 1162 emat
2083 1099 2307 1178 aliquis
2335 1098 2427 1159 la-

896 1213 1064 1271 nam,
1122 1194 1299 1255 verbi
1324 1194 1547 1274 gratia,
1597 1212 1673 1253 ex
1702 1193 1922 1253 ovibus
1949 1197 2090 1271 post
2134 1195 2430 1253 semestre

895 1287 1265 1364 tondendis,
1336 1306 1461 1349 non
1524 1290 1738 1349 tamen
1794 1286 1939 1347 dato
2008 1285 2207 1365 pretio
2285 1287 2431 1345 ante

895 1381 1056 1443 lanae
1136 1380 1534 1443 traditionem
1553 1426 1570 1457 ,
1654 1379 1763 1440 sed
1841 1379 2045 1440 solum
2117 1377 2431 1439 celebrato

898 1479 1244 1551 contractu,
1280 1477 1341 1537 et
1367 1478 1579 1536 tamen
1608 1472 1776 1552 quod
1807 1475 1976 1533 emat
2008 1471 2176 1551 juste
2205 1469 2435 1531 minori

898 1566 1098 1648 pretio
1129 1585 1318 1647 quam
1362 1567 1509 1628 lana
1554 1569 1837 1646 tempore
1866 1564 2219 1628 traditionis
2245 1563 2436 1626 vendi

899 1663 1129 1741 posset,
1177 1664 1240 1722 et
1266 1660 1386 1722 hoc
1431 1664 1688 1739 propter
1731 1659 2229 1720 circumstantlas
2273 1675 2435 1738 pra}-

899 1758 1128 1831 060160,
1152 1772 1293 1833 quae
1309 1753 1546 1814 faciunt
1566 1771 1731 1813 nunc
1746 1752 2017 1831 pretium
2039 1752 2427 1813 decrescere.

900 1850 975 1911 V.
1008 1866 1070 1927 g.
1106 1847 1156 1907 si
1185 1847 1393 1926 plures
1421 1864 1721 1926 pecorum
1764 1845 2003 1906 domini
2032 1844 2112 1904 ad
2141 1862 2286 1904 suas
2332 1860 2435 1904 ne-

900 1939 1480 2020 negotiationes‚vel
1507 1940 1586 2000 ob
1615 1938 1770 2000 alias
1790 1954 2010 1999 causas
2028 1936 2340 2016 proficisci
2361 1954 2436 1996 ex

901 2033 1105 2114 patria
1157 2035 1487 2112 coguntur,
1538 2036 1600 2093 61
1653 2036 1794 2094 0016
1850 2029 2193 2092 discessum
2221 2030 2439 2092 volunt

902 2126 1174 2189 vendere
1201 2126 1410 2187 lanam
1436 2129 1655 2205 postea
1683 2143 1758 2186 ex
1784 2124 2115 2204 pecoribus
2146 2122 2436 2202 colligen-

904 2220 1074 2297 dam,
1106 2238 1229 2281 non
1252 2218 1507 2298 quidem
1533 2218 1874 2297 anticipata
1905 2217 2210 2278 solutione
2230 2215 2433 2296 pretii,

902 2313 1017 2375 sed
1062 2316 1135 2375 ut
1160 2310 1430 2391 pretium
1477 2312 1754 2373 sobvatur
1796 2309 2027 2372 tradita
2072 2310 2256 2370 lana:
2292 2308 2439 2389 quia

905 2406 1125 2468 nolunt
1150 2404 1573 2468 venditionem
1600 2404 1728 2466 suis
1741 2403 2252 2484 procuratoribus
2273 2419 2440 2464 com-

904 2499 1170 2575 mittere,
1192 2497 1416 2578 quibus
1445 2516 1572 2559 non
1600 2497 1748 2559 satis
1776 2497 2014 2557 fidunt:
2036 2497 2101 2556 in
2130 2495 2251 2556 hoc
2272 2499 2440 2557 certe

905 2610 1076 2669 casu,
1110 2591 1162 2652 si
1188 2591 1365 2651 multi
1395 2594 1602 2651 essent
1627 2590 1983 2651 venditores
2026 2589 2187 2649 lanae
2216 2588 2442 2649 futuras

905 2690 968 2749 et
1008 2683 1188 2766 pauci
1235 2687 1571 2763 emptores,
1619 2682 1890 2763 pretium
1937 2682 2348 2758 decresceret,
2383 2685 2445 2742 et

903 2777 1088 2840 vilius
1117 2781 1432 2839 emeretur
1458 2776 1538 2837 ab
1584 2776 1705 2836 illis
1750 2775 2183 2836 venditoribus
2212 2774 2446 2835 disces-

904 2871 1088 2947 suris,
1124 2888 1312 2950 quam
1338 2873 1621 2948 tempore
1650 2868 2004 2930 traditionis
2032 2868 2448 2930 communiter

905 2961 1237 3025 vendende
1292 2962 1418 3025 sit:
1452 2980 1568 3023 066
1596 2962 1723 3023 ulla
1779 2965 1876 3023 est
1926 2961 2167 3040 species
2213 2979 2441 3036 usurae,

907 3073 1052 3117 cum
1080 3055 1251 3118 nulla
1282 3056 1361 3117 sit
1390 3054 1726 3133 anticipata
1768 3055 2030 3128 solutio;
2078 3072 2192 3115 nec
2223 3053 2446 3132 aliquis

907 3151 1220 3229 emptores
1264 3146 1682 3229 reprehendet
1726 3152 1796 3209 ut
1851 3146 2082 3228 injuste
2129 3150 2441 3219 ementes;

906 3240 1026 3321 ipsi
1072 3241 1239 3304 enim
1286 3245 1542 3321 propter
1581 3242 1999 3321 frequentiam
2047 3241 2448 3302 venditorum

906 3335 1013 3415 qui
1041 3353 1280 3396 merces
1308 3336 1470 3397 ultro
1500 3334 1868 3410 offerebant,
1894 3339 1955 3396 et
1983 3334 2449 3395 descendebant

904 3428 971 3489 in
1003 3428 1608 3509 pretiO‚invenerunt
1631 3431 1910 3507 tempore
1939 3431 2294 3489 contractus
2310 3445 2447 3505 pre·

904 3521 1062 3584 tium
1088 3521 1435 3582 viliuslanae
1464 3521 1711 3597 futurae,
1755 3538 1947 3600 quam
1975 3520 2259 3582 futurum
2284 3523 2449 3581 esset

906 3613 1191 3696 ejusdem
1218 3613 1377 3675 lanae
1408 3605 1627 3693 postea
1657 3613 2006 3692 praesentiS‚
2047 3614 2101 3674 si
2122 3613 2256 3694 jam
2286 3632 2447 3693 prse-

903 3726 1049 3769 sens
1076 3706 1418 3780 vendatur;
1471 3725 1620 3785 ergo
1667 3706 1937 3785 pretium
1960 3708 2202 3786 justum
2250 3706 2314 3767 in
2342 3706 2450 3767 1110

906 3799 1223 3879 emptione
1251 3817 1376 3861 non
1407 3798 1673 3860 sumitur
1701 3798 1902 3859 solum
1930 3817 1970 3859 a
2001 3800 2215 3860 valore
2260 3816 2449 3878 quem

905 3894 1052 3955 lana
1079 3892 1356 3969 habebit,
1390 3891 1641 3971 quande
1669 3890 1972 3968 tradetur,
2007 3892 2116 3952 sed
2148 3893 2338 3953 etiam
2367 3892 2447 3953 ab

908 3984 1322 4048 aestimatione
1353 4003 1545 4064 quam
1575 3984 1800 4045 eadem
1846 3985 1990 4045 lana
2018 3984 2231 4046 futura
2259 3985 2452 4046 habet

909 4078 1283 4140 commuiter
1308 4077 1374 4137 in
1404 4077 1623 4138 ordine
1652 4076 1735 4138 ad
1764 4077 2144 4138 commercia
2172 4078 2449 4138 humana

910 4176 1194 4250 tampore
1223 4173 1600 4248 6001106100,
1622 4188 1762 4250 (1001
1783 4170 2113 4232 aestimatio
2146 4171 2453 4232 decrescit

909 4267 1166 4344 propter
1191 4262 1654 4325 multitudiuem
1681 4263 2083 4326 venditorum
2114 4264 2277 4325 ultro
2309 4281 2450 4324 eam

913 4355 1331 4419 offerentium.

994 4450 1282 4512 Secundo
1311 4448 1433 4509 hoc
1459 4447 1667 4528 ipsum
1696 4449 1939 4511 ostendi
1967 4452 2176 4530 potest
2201 4449 2267 4510 in
2294 4467 2450 4511 ven-

913 4543 1100 4605 dente
1154 4542 1358 4604 carius
1413 4560 1547 4603 rem
1601 4542 1874 4604 futuram
1902 4548 2157 4624 propter
2207 4544 2452 4623 copiam

912 4639 1265 4715 emptorum
1295 4654 1434 4717 quoe
1460 4654 1626 4696 0006
1667 4639 1780 4713 est,
1835 4639 1899 4698 et
1925 4655 2048 4698 non
2092 4637 2212 4698 erit
2237 4643 2455 4716 postea

913 4733 1198 4810 tempore
1249 4728 1624 4792 traditionis,
1685 4729 1879 4808 Finge
1922 4729 2090 4790 enim
2147 4748 2180 4790 e
2236 4736 2454 4793 contra

911 4826 1294 4886 mercatores
1307 4821 1517 4902 plures
1537 4839 1900 4883 reversuros
1917 4823 1996 4882 ad
2011 4823 2454 4902 propria,velle

911 4935 1121 4981 emere
1174 4933 1415 4977 merces
1462 4915 1704 4995 aliquas
1749 4913 1813 4974 10
1857 4918 2064 4994 portu,
2116 4919 2456 4995 antequam

912 5010 1265 5086 discedant,
1288 5026 1427 5090 quae
1448 5025 1691 5070 merces
1710 5012 1862 5070 tunc
1878 5026 2004 5069 non
2025 5008 2452 5086 inveniuntur,

910 5106 1023 5166 sed
1043 5105 1458 5183 expectantur
1504 5101 1568 5162 in
1618 5101 1752 5162 dies
1786 5119 1987 5162 naves
2033 5106 2457 5163 mercatorum

911 5217 1018 5260 eas
1065 5195 1552 5275 asportantium.
1621 5196 1733 5255 Est
1779 5194 1967 5255 etiam
2011 5193 2097 5253 1111
2143 5199 2459 5257 mercator

910 5311 1073 5353 unus
1093 5290 1197 5352 cui
1221 5288 1288 5350 in
1318 5289 1558 5349 eisdam
1586 5287 1850 5349 navibus
1878 5287 2182 5348 mercium
2210 5288 2459 5349 illarum

911 5404 1059 5465 pars
1084 5382 1372 5459 mittitur,
1406 5400 1443 5442 a
1474 5399 1597 5461 quo
1639 5380 1969 5442 discessuri
1997 5380 2087 5441 illi
2114 5381 2220 5441 alii
2248 5399 2457 5444 emere

911 5479 1135 5543 volunt
1160 5480 1501 5557 antequam
1530 5474 1877 5552 discedant,
1911 5473 2059 5554 quia
2086 5476 2307 5538 nolunt
2334 5475 2456 5538 1106

2019 271 2123 331 DE
2163 270 2517 334 JUSTI'PIA
2560 270 2660 332 ET
2705 270 2903 334 JURE

2521 464 2750 507 munus
2779 444 2962 507 alicui
2992 444 3421 508 committere:
3451 462 3647 526 (10016
3674 462 4005 508 6006011011-

2522 539 2689 602 tibus
2718 539 2836 600 illis
2865 538 3154 602 omnibus
3180 539 3262 600 ad
3291 539 3590 601 emendas
3643 553 3878 600 merces
3908 540 4008 601 illas

2524 632 2861 694 tradendas
2890 637 3127 712 postea,
3153 637 3216 695 et
3242 633 3317 693 iis
3345 652 3384 693 a
3401 631 3725 694 venditore
3740 633 4012 695 transmit-

2523 727 2767 802 tendas,
2818 731 3072 807 propter
3117 745 3493 788 concursum
3557 731 3920 805 emptorum,
3965 734 4011 789 ct

2526 820 2906 898 paucitatem
2951 820 3348 882 venditorum
3403 820 3630 880 crescit
3655 817 3914 898 pretium
3934 836 4009 878 ea·

2524 931 2667 974 rum
2695 913 3020 989 mercium,
3053 917 3116 975 et
3142 915 3434 974 emuntur
3457 912 3524 972 in
3543 912 3821 973 futurum
3838 911 4012 989 majori

2527 1006 2749 1085 pretio,
2783 1024 2972 1085 quam
3001 1011 3218 1086 postea
3247 1025 3371 1087 quo
3393 1015 3681 1085 tempore
3706 1004 4011 1080 tradentur,

2530 1100 2945 1162 communiter
2969 1100 3316 1161 vendendas
3368 1103 3513 1161 sunt
3540 1100 3604 1159 10
3649 1097 3868 1159 eodem
3889 1097 4013 1159 loco.

2530 1194 2600 1253 In
2657 1211 2778 1273 000
2834 1193 3022 1255 611010
3093 1211 3242 1255 casu
3296 1212 3413 1254 nec
3459 1192 3797 1271 vestigium
3855 1209 4015 1252 03010

2532 1304 2667 1347 esse
2694 1286 2914 1364 potuit,
2929 1304 3091 1348 ‹cum
3117 1304 3233 1349 066
3264 1286 3642 1366 anticipetur
3669 1303 3788 1346 nec
3817 1283 4018 1345 differa-

2530 1382 2635 1441 tur
2676 1379 2901 1441 solutio
2940 1380 3156 1458 pretii,
3203 1383 3312 1441 001
3355 1379 3436 1440 sit
3477 1382 3769 1440 mutuum
3813 1377 4017 1457 aliquod

2531 1472 2819 1551 virtuale,
2887 1491 3003 1534 neo
3044 1472 3320 1535 venditio
3357 1472 3468 1533 illa
3509 1472 3799 1533 damnari
3841 1471 4019 1532 merito

2532 1569 2737 1645 potest
2765 1569 3022 1644 propter
3048 1584 3371 1628 excessum
3398 1565 3606 1646 pretii,
3626 1582 3772 1626 cum
3799 1564 4018 1643 pretium

2531 1658 2984 1721 rationabiliter
3020 1660 3364 1721 excreverit
3411 1663 3671 1739 propter
3695 1676 4019 1720 concursum

2533 1757 2909 1831 emptorum,
2942 1752 3049 1832 qui
3095 1771 3311 1814 omnes
3352 1768 3562 1814 emere
3609 1750 4022 1814 contendebant

2534 1846 2614 1908 ab
2667 1846 2850 1907 unico
2909 1845 3256 1908 venditore.
3339 1847 3433 1907 Ex
3487 1845 3714 1925 quibus
3774 1842 4022 1921 exemplis

2535 1943 2819 2002 constare
2877 1938 3128 2001 videtur
3182 1939 3243 1999 id
3299 1939 3467 2019 quod
3517 1938 3826 2014 diximus,
3884 1936 4022 2017 justi-

2534 2035 2686 2096 tiam
2751 2031 2955 2112 pretii,
3015 2032 3266 2111 quando
3320 2050 3422 2093 res
3477 2032 3690 2095 futura
3739 2030 4019 2103 venditur,

2536 2145 2661 2189 000
2738 2124 2980 2186 desumi
3034 2124 3236 2187 solum
3280 2143 3321 2185 a
3373 2124 3572 2203 pretio
3629 2142 3753 2205 quo
3849 2123 4025 2184 eadem

2536 2239 2637 2282 res
2690 2224 2972 2299 tempore
3026 2218 3382 2280 traditionis
3434 2217 3625 2278 vendi
3661 2216 3905 2296 poterit,
3943 2214 4026 2276 scd

2539 2314 2728 2376 etiam
2764 2313 2845 2373 ab
2892 2311 3303 2373 aestimatione
3338 2328 3530 2390 00010
3558 2310 3749 2371 habet
3792 2314 4026 2387 tempore

2539 2411 2928 2470 contractus:
2951 2424 3076 2465 non
3094 2404 3345 2485 quidem
3372 2403 3625 2485 apt-etio
3650 2421 3774 2482 quo
3794 2409 4027 2480 tempore

2541 2503 2896 2562 contractus
2933 2498 3156 2558 eadem
3198 2515 3301 2558 res
3343 2515 3620 2576 praesens
3663 2495 3851 2556 vendi
3889 2495 4026 2568 solet,

2542 2594 2654 2656 sed
2680 2611 2721 2654 a
2747 2591 2947 2671 pretio
2995 2609 3117 2671 quo
3161 2594 3310 2651 tunc
3357 2590 3582 2651 eadem
3607 2607 3708 2649 res
3735 2594 3808 2650 01
3842 2589 4027 2660 futura,

2541 2688 2606 2747 10
2633 2685 2862 2748 10111100
2915 2683 3396 2745 circumstantiis
3443 2682 3672 2743 emitur
3697 2686 3760 2744 et
3787 2680 4031 2742 venditur

2540 2781 2608 2841 in
2634 2777 2953 2840 communi
2978 2780 3396 2838 mercatorum
3423 2775 3581 2849 foro,
3611 2774 3780 2854 quod
3810 2772 4030 2853 pretium

2545 2872 2781 2951 absque
2812 2871 3110 2933 dilatione
3139 2870 3239 2931 vel
3272 2869 3716 2947 anticipatione
3727 2865 4027 2939 solutionis,

2546 2971 2732 3046 atque
2762 2965 2900 3026 ideo
2951 2964 3187 3045 absque
3229 2961 3398 3024 omni
3445 2981 3654 3023 usuras
3700 2961 4027 3041 suspicione,

2546 3076 2823 3120 crescere
2851 3062 2914 3118 et
2958 3057 3317 3117 decrescere
3365 3056 3593 3134 poterit
3621 3073 3698 3116 ex
3741 3055 3925 3115 variis
3945 3055 4034 3114 oe'r·

2545 3150 2955 3228 cumstantiis,
3004 3167 3218 3229 supra,
3260 3149 3361 3211 vel
3405 3148 3570 3211 infra
3612 3149 3900 3230 pretium,
3940 3164 4032 3228 (100

2545 3247 2768 3308 eadem
2795 3263 2895 3305 res
2922 3262 3200 3323 praesens
3218 3247 3500 3322 tempore
3518 3243 3871 3305 traditionis
3887 3239 4032 3302 vendi

2545 3340 2774 3421 poterit
2811 3359 2824 3400 :
2859 3356 2981 3418 quo
3001 3342 3284 3416 tempore
3313 3337 3644 3415 pauciores
3665 3334 4034 3417 jam,velplu·

2545 3452 2647 3495 res
2676 3435 2991 3509 emptores
3037 3435 3148 3492 aut
3192 3429 3552 3491 venditores
3611 3430 3871 3491 fortasse
3901 3427 4034 3488 inve·

2547 3526 2814 3593 nicatur,
2849 3542 3040 3604 quam
3068 3528 3352 3602 tempore
3380 3527 3758 3585 contractus.

2628 3617 2806 3679 Ratio
2822 3615 3084 3694 autemfa
3096 3616 3286 3695 priori
3305 3634 3441 3676 esse
3451 3615 3722 3692 videtur,
3730 3611 4035 3694 0001110111-

2543 3711 2630 3773 tia
2672 3712 3027 3771 contractus
3055 3708 3116 3767 in
3136 3708 3498 3769 venditione
3546 3713 3611 3771 et
3638 3708 3938 3787 emptione
3961 3724 4036 3765 su·

2545 3803 2738 3865 mitur
2766 3821 2841 3863 ex
2896 3802 3252 3881 aequalitate
3280 3801 3446 3863 inter
3496 3800 3944 3875 contrahentes,
3978 3796 4036 3857 ad

2548 3913 2739 3977 quam
2756 3894 3180 3975 aequalitatem
3202 3894 3662 3956 consideranda
3689 3898 3834 3956 sunt
3855 3909 4034 3964 00610,

2547 4007 2689 4069 quae
2717 3989 2836 4049 sibi
2854 3987 3124 4048 invicem
3140 3987 3471 4066 imponunt
3510 4006 3594 4049 00
3622 3987 3749 4049 sint
3773 3985 4035 4066 oequalie:

2547 4082 2628 4144 ad
2643 4081 2762 4143 hoc
2777 4085 2991 4143 autem
3006 4083 3253 4159 oportet
3267 4081 3730 4157 onsiderare‚et
3741 4078 4039 4160 ponderare

2548 4191 2742 4236 onera
2769 4174 3198 4252 ipsotempore
3218 4176 3602 4250 contractus,
3621 4192 3705 4234 an
3716 4173 3933 4234 scilicet
3950 4170 4039 4230 hoc

2551 4286 2708 4329 onus
2750 4267 3094 4329 venditoris
3142 4267 3334 4328 dandi
3358 4271 3577 4346 postea
3615 4285 3752 4328 rem
3791 4267 4038 4327 futuram.

2551 4361 2712 4424 tanti
2741 4379 2906 4422 nunc
2936 4360 3300 4438 aestimetur,
3317 4360 3537 4440 quanti
3568 4377 3739 4421 nunc
3754 4360 4044 4420 aestimatur

2553 4472 2710 4515 onus
2740 4453 3061 4532 emptoris,
3079 4453 3248 4533 quod
3263 4454 3382 4515 sibi
3410 4452 3869 4532 nuncimponit,
3890 4447 4041 4510 dandi

2551 4552 2769 4627 postea
2814 4550 3058 4609 tantum
3103 4547 3373 4627 pretium
3408 4546 3508 4608 :si
3556 4547 3726 4608 enim
3775 4562 3924 4607 nunc
3949 4559 4044 4604 non

2553 4640 2944 4701 aestimantur
2970 4640 3234 4718 01000110
3258 4639 3366 4700 1110
3394 4657 3611 4717 00610,
3645 4658 3772 4700 000
3807 4639 4045 4699 servatur

2555 4734 2877 4813 aequalitas
2906 4733 2972 4793 in
3012 4736 3306 4794 contactu
3339 4753 3353 4792 :
3389 4752 3515 4794 non
3571 4733 3868 4794 debemus
3905 4744 4045 4807 ergo,

2553 4845 2668 4888 066
2720 4844 3051 4905 possumus
3096 4825 3514 4905 praescindere
3559 4825 3640 4887 ab
3688 4822 4046 4887 aestimatione

2552 4919 2847 4998 praesenti
2892 4920 2956 4979 in
2996 4918 3132 4997 ipso
3186 4921 3471 4998 tempore
3520 4922 3894 4994 contractus,
3939 4927 4045 4994 (1οᾶ

2556 5012 2883 5073 aestimatio
2915 5030 2991 5072 ex
3017 5010 3207 5073 variis
3244 5012 3729 5074 circumstantiis
3768 5005 4050 5091 prasenti-

2555 5103 2673 5165 bus
2701 5122 2982 5166 crescere
3012 5109 3076 5167 et
3102 5105 3465 5166 decrescere
3493 5109 3720 5186 potest.

2638 5198 2972 5277 Supposito
3033 5213 3206 5278 ergO,
3242 5199 3414 5278 quod
3462 5200 3700 5279 absque
3742 5195 4047 5277 suspicione

2555 5309 2762 5352 usurae
2821 5292 3017 5370 possit
3051 5292 3276 5372 majori
3321 5293 3420 5353 vel
3473 5292 3701 5354 minori
3740 5291 3929 5370 pretio
3974 5302 4048 5347 ras

2555 5385 2767 5447 futura
2796 5385 2940 5463 6101,
2992 5403 3117 5447 000
3162 5386 3506 5466 0011610010
3552 5386 3852 5449 solutione
3881 5380 4044 5463 pretii,

2557 5496 2746 5559 quam
2776 5478 2998 5542 eadem
3026 5498 3129 5543 res
3154 5499 3431 5560 praesens
3461 5485 3684 5560 postea
3707 5476 3884 5544 vendi
3910 5479 4048 5557 pote·
