4263 6376
1103 328 1573 390 DISPUTATIO
1616 327 1943 402 XXXVIII,
1992 327 2266 388 SEGTIO
2308 328 2383 388 ΙΙ.

3199 329 3316 389 753

163 531 277 574 non
305 510 500 590 possit
525 507 792 587 probare
813 504 985 567 illud.
1024 507 1260 566 Rursus
1279 505 1678 567 consideran·
1779 504 1908 565 lute
1938 522 2192 582 negare,
2228 506 2414 565 Sotus
2443 503 2609 565 dicto
2639 503 2871 565 memb.
2907 506 2979 566 ΙΙ.
3029 521 3190 584 quae.
3226 520 3312 567 v1.

164 607 237 667 da
264 607 356 666 est
379 602 657 682 gravitas
693 598 974 661 materiae
995 648 1010 676 ,
1072 602 1135 660 et
1184 599 1454 678 denique
1481 598 1544 658 in
1575 597 1684 658 du·

162 700 258 759 hio
293 693 801 777 praesumendum
847 697 940 753 est
984 695 1370 772 praeceptum
1401 691 1678 771 justum;

162 792 332 872 plura
378 790 545 850 enim
581 784 1087 848 inconvenientia
1115 785 1471 846 considerat
1498 802 1685 862 supe-

163 886 281 945 rior
301 929 316 960 ,
360 901 499 962 quae
529 880 705 960 sequi
733 882 997 959 possunt
1023 897 1094 937 ex
1125 877 1237 938 tali
1264 895 1494 956 genere
1527 875 1684 935 deli-

165 983 398 1039 ctorum
422 1021 438 1051 ,
499 993 640 1054 quae
669 971 955 1033 subditus
983 971 1244 1032 fortasse
1277 971 1558 1049 ignorat,
1593 972 1689 1032 at-

165 1089 276 1150 que
311 1068 451 1128 ideo
485 1064 992 1146 praesumendum
1023 1067 1117 1126 est
1145 1081 1258 1141 pro
1287 1062 1544 1142 praelato
1565 1109 1581 1138 ,
1627 1065 1692 1122 et

165 1182 268 1243 pro
297 1160 674 1240 obligatione
731 1157 872 1218 talis
918 1156 1254 1236 praecepti,
1314 1155 1586 1216 maxime
1623 1155 1687 1215 in

166 1254 398 1316 delictis
427 1257 644 1314 contra
670 1250 862 1312 fidem
890 1250 988 1310 vel
1018 1250 1411 1329 religionem,
1444 1267 1520 1309 ex
1553 1247 1690 1328 qui-

165 1351 275 1409 bus
299 1346 592 1427 graviora
621 1349 684 1406 et
702 1343 970 1405 certiora
988 1343 1274 1404 oriuntur
1294 1342 1526 1402 damna
1541 1359 1691 1401 con-

165 1447 255 1505 tra
280 1438 732 1519 rempublicam
760 1436 1186 1498 christianam.
1222 1435 1400 1498 Unde
1429 1435 1550 1513 ipsi
1578 1453 1689 1495 au-

167 1538 363 1595 ctores
395 1532 611 1612 prima}
641 1529 965 1591 sententiae
999 1547 1124 1589 non
1152 1531 1388 1606 negant
1417 1546 1552 1587 esse
1582 1527 1694 1588 ob-

164 1626 517 1705 ligationem
549 1624 776 1684 delicta
803 1620 1245 1682 manifestandi
1275 1639 1416 1699 quae
1458 1624 1603 1682 sunt
1632 1618 1695 1678 in

167 1738 354 1798 grave
394 1716 748 1797 religionis,
807 1719 915 1777 aut
961 1712 1320 1793 reipublicae
1366 1715 1690 1774 damnum.

169 1815 292 1873 Imo
336 1811 612 1872 fatentur
653 1809 731 1869 de
779 1808 946 1868 facto
991 1807 1283 1885 praelatos
1340 1805 1695 1867 declarasse

169 1905 312 1966 satis
340 1922 520 1965 suam
549 1901 983 1975 intentionem,
1006 1918 1229 1978 nempe
1250 1918 1315 1959 se
1341 1898 1498 1959 velle
1529 1897 1695 1978 quod

171 1998 394 2059 delicta
423 2013 821 2076 quacumque
839 1994 940 2054 via
967 1992 1465 2054 manifestentur.
1519 1991 1698 2054 Unde

168 2093 309 2153 licet
335 2089 529 2151 verba
579 2090 800 2150 sonent
843 2089 1228 2166 praeceptum
1261 2084 1696 2161 denuntiandi,

172 2184 521 2264 significant
571 2186 781 2242 tamen
822 2183 1206 2259 praeceptum
1233 2176 1696 2254 manifestandi,

173 2279 297 2339 sive
329 2295 441 2355 per
459 2273 1018 2349 denuntiationem,
1044 2271 1175 2332 sive
1197 2290 1310 2350 per
1324 2270 1701 2333 testificatio·

174 2389 312 2432 nem
337 2416 353 2448 ,
414 2369 479 2429 in
528 2386 649 2447 quo
682 2384 829 2427 casu
880 2384 1005 2426 non
1035 2369 1281 2444 oportet
1309 2364 1479 2443 quod
1507 2362 1705 2443 possit

172 2465 340 2525 testis
357 2461 655 2541 probare3
679 2463 749 2520 ut
767 2458 1023 2520 tandem
1045 2457 1122 2516 de
1144 2456 1463 2518 hodiernis
1485 2454 1704 2517 edictis

172 2557 402 2618 fatetur
427 2554 651 2615 Thom.
688 2551 917 2614 Sanch.
971 2550 1077 2611 lib.
1114 2551 1216 2613 VI.
1258 2548 1307 2611 C
1310 2549 1475 2610 onsz'l.
1510 2567 1566 2610 c.
1602 2565 1696 2609 111.

172 2650 321 2710 dub.
357 2664 553 2709 xxvn.
590 2647 652 2706 in
683 2646 790 2705 fin.
830 2644 923 2706 Sit

249 2744 429 2803 Nona
457 2738 776 2801 conclusio
829 2757 842 2797 :
902 2737 952 2797 si
976 2736 1173 2816 judex
1202 2735 1265 2796 in
1296 2737 1514 2798 edictis
1545 2736 1707 2796 obli-

175 2840 279 2915 get
306 2836 389 2896 ad
413 2831 906 2908 testificandum,
950 2834 1012 2891 et
1041 2829 1273 2891 habeat
1292 2828 1426 2909 jam
1456 2829 1707 2890 aliunde

173 2928 581 3007 semiplenam
597 2924 1032 3005 probationem
1052 2922 1284 2999 delicti,
1304 2926 1552 2985 tenetur
1566 2921 1708 2984 sub-

176 3024 341 3084 ditus
381 3018 722 3082 testificari.
783 3019 877 3078 Ita
918 3016 1102 3077 Avila
1148 3016 1253 3076 ubi
1303 3035 1493 3095 supra
1541 3016 1705 3076 dicto

174 3116 324 3177 dub.
359 3116 463 3175 ΙΙΙ.
498 3111 696 3173 concl.
730 3128 790 3172 x.
828 3109 976 3191 quia
1003 3108 1179 3171 testis
1212 3108 1485 3187 legitime
1515 3105 1711 3170 inter-‘-

169 3213 428 3290 rogatus
457 3228 495 3268 a
523 3205 842 3287 superiore
871 3207 1118 3265 tenetur
1134 3203 1339 3263 dicere
1357 3203 1706 3278 veritatem;

172 3305 592 3380 interrogatur
622 3301 831 3358 autem
860 3296 1168 3374 legitime,
1204 3296 1453 3374 quando
1490 3295 1708 3375 judex,

172 3398 366 3458 habet
406 3395 540 3473 jam
590 3390 998 3469 semiplenam
1027 3389 1500 3469 probationem,
1536 3394 1600 3452 at
1625 3390 1714 3451 vi-

177 3489 467 3551 debimus
512 3484 787 3546 sectione
834 3482 1123 3562 sequenti
1154 3483 1398 3561 agendo
1431 3483 1507 3544 de
1538 3483 1712 3544 testi-

172 3586 321 3657 bus;
358 3598 508 3659 ergo
542 3576 793 3658 quando
816 3595 928 3656 per
944 3577 1148 3637 edicta
1185 3577 1469 3656 praecipit
1491 3576 1711 3656 judex,

175 3679 429 3739 tenetur
456 3669 837 3749 respondere
866 3669 968 3729 ille
1001 3669 1108 3748 qui
1139 3673 1346 3748 potest
1377 3670 1715 3746 testificari,

174 3770 223 3831 si
254 3769 380 3831 scit
419 3766 553 3847 jam
595 3763 894 3823 delictum
941 3781 1077 3823 esse
1119 3762 1463 3842 semiplene
1493 3764 1716 3841 proba-

175 3868 335 3925 tum.
385 3859 660 3921 Adverte
702 3859 950 3934 tamen,
1009 3856 1073 3915 in
1117 3855 1429 3935 aliquibus
1480 3855 1719 3917 delictis

175 3953 578 4036 gravioribus
615 3949 813 4011 teneri
845 3948 1085 4011 etiamsi
1118 3966 1243 4010 non
1272 3948 1430 4009 sciat
1457 3967 1592 4009 esse
1622 3967 1721 4009 se-

175 4049 458 4128 miplene
484 4043 820 4125 probatum
845 4088 861 4119 ,
922 4045 991 4104 ut
1019 4041 1289 4102 vidimus
1319 4042 1720 4103 conclusione

175 4139 588 4223 praecedenti.

255 4234 521 4297 Decima
551 4230 866 4295 conclusio
919 4246 932 4288 ε
993 4228 1245 4310 quando
1278 4227 1481 4290 edicta
1509 4226 1727 4307 praeci-

176 4331 366 4410 piunt
421 4326 884 4389 accusationem
918 4368 934 4401 ,
1007 4323 1106 4383 vel
1164 4321 1722 4397 denuntiationem,

176 4429 431 4486 certum
475 4422 569 4481 est
597 4418 877 4497 obligare
922 4415 1144 4476 saltem
1190 4416 1252 4475 in
1282 4416 1358 4475 iis
1388 4415 1635 4476 casibus
1661 4414 1724 4473 in

180 4516 421 4598 quibus
448 4514 602 4574 alias
631 4511 1005 4574 tenebamur
1033 4527 1328 4570 accusare
1357 4509 1455 4568 vel
1487 4509 1730 4568 denun-

177 4612 370 4673 tiare.
405 4609 477 4668 In
508 4608 624 4667 hac
654 4604 1040 4667 conveniunt
1067 4621 1284 4665 omnes
1319 4623 1332 4663 :
1379 4620 1493 4662 nec
1522 4604 1731 4680 potest

178 4722 323 4766 esse
356 4700 519 4762 ratio
551 4698 898 4760 dubitandi.
925 4697 1280 4758 Advertunt
1304 4700 1517 4757 tamen
1536 4694 1732 4774 aliqui

182 4798 402 4859 edicta
431 4793 664 4855 addere
688 4810 876 4872 supra
897 4791 1344 4870 obligationem
1374 4788 1731 4868 praeceden-

180 4896 317 4953 tem
344 4935 363 4964 ,
426 4905 553 4949 non
595 4886 800 4947 solum
828 4884 1111 4946 debitum
1141 4882 1511 4944 obedientias
1545 4929 1560 4960 ,
1621 4881 1732 4942 sed

180 4984 389 5046 etiam
436 4979 716 5041 debitum
759 4997 882 5038 non
945 4976 1272 5037 differendi
1320 4976 1483 5037 ultra
1525 4975 1733 5036 termi-

179 5096 345 5138 num
403 5075 467 5134 in
499 5073 717 5134 edictis
769 5071 1206 5150 praescriptum
1268 5091 1281 5131 :
1341 5088 1485 5130 cum
1525 5073 1736 5131 tamen

183 5168 504 5249 obligatio
563 5166 864 5227 naturalis
934 5183 1058 5225 non
1114 5164 1421 5242 obligaret
1474 5163 1736 5224 fortasse

181 5282 339 5325 cum
377 5264 548 5322 tanto
581 5259 807 5339 rigore.
869 5258 1216 5319 Difficultas
1247 5262 1369 5334 cst,
1418 5275 1500 5317 an
1531 5256 1735 5317 edicta

177 5356 484 5433 obligent
515 5353 597 5413 ad
638 5371 820 5414 casus
850 5352 912 5411 in
957 5351 1183 5432 quibus
1230 5350 1487 5413 seclusis
1518 5350 1736 5411 edictis

181 5469 315 5512 non
349 5447 749 5509 teneremur?
800 5446 1005 5526 Aliqui
1040 5445 1208 5507 enim
1240 5444 1533 5506 videntur
1563 5444 1740 5504 abso-

517 5541 679 5604 Ton.
721 5541 852 5603 vll.

1783 597 1979 658 concl.
2016 601 2076 657 2.
2110 597 2173 655 in
2201 597 2348 674 fine,
2384 597 2491 658 ubi
2517 597 2854 675 concludit,
2888 597 3220 678 proelatum
3253 598 3317 656 in

1782 690 2183 770 inquisitIOne
2210 689 2489 768 generali
2517 689 2718 750 solum
2741 709 2922 769 posse
2943 691 3318 769 compellere

1786 783 2066 844 subditos
2113 783 2196 842 ad
2226 782 2655 844 denuntianda
2684 783 2947 844 crimina
2975 784 3037 843 in
3068 783 3188 843 illis
3216 801 3321 843 ca-

1786 875 1978 952 sib'us,
2013 878 2075 936 et
2090 894 2163 936 eo
2185 875 2403 937 ordine
2440 895 2564 955 quo
2595 875 2710 956 ipsi
2742 877 3118 938 tenebantur
3145 879 3321 937 extra

1787 969 2229 1030 visitationem.
2271 969 2365 1031 Sit
2391 974 2603 1030 tamen

1866 1062 2214 1125 Undecima
2243 1062 2559 1124 conclusio
2590 1109 2605 1139 ,
2637 1082 2803 1142 saepe
2832 1067 3081 1124 tenetur
3107 1062 3323 1124 subdi-

1787 1159 1891 1217 tur
1917 1173 1994 1216 ex
2031 1155 2090 1215 vi
2140 1154 2369 1231 edicti,
2426 1154 2572 1217 licet
2613 1156 2766 1217 alias
2808 1175 2934 1218 non
2980 1161 3318 1218 teneretur.

1790 1250 1939 1309 Haec
1967 1250 2061 1309 est
2088 1246 2439 1309 communis
2481 1249 2611 1309 fere
2660 1250 2941 1310 omnium
2964 1296 2980 1327 ,
3038 1249 3329 1312 videatur

1790 1343 2051 1402 Navarr.
2094 1359 2233 1419 cap.
2267 1340 2430 1401 Inter
2455 1340 2670 1418 verba,
2720 1343 2993 1403 conclus,
3030 1359 3116 1404 vi.
3150 1360 3324 1404 num.

1791 1437 1930 1496 721.
1965 1437 2029 1495 et
2053 1434 2409 1514 sequentib.
2456 1434 2564 1513 qui
2609 1434 2868 1496 adducit
2892 1436 3091 1497 multa
3121 1453 3329 1496 exem-

1794 1527 1898 1606 pla
1929 1526 2117 1607 hujus
2144 1528 2414 1606 regu1ae3
2449 1546 2589 1606 quae
2619 1528 2881 1589 fortasse
2911 1547 3035 1590 non
3068 1533 3213 1589 sunt
3238 1548 3331 1589 sa·

1794 1620 1874 1682 tis
1931 1621 2012 1680 ad
2067 1639 2233 1694 rem;
2295 1626 2356 1682 et
2412 1621 2583 1681 idem
2631 1625 2699 1682 ut
2746 1626 2987 1683 certum
3036 1622 3335 1701 supponit

1798 1713 2027 1775 Sanch.
2062 1714 2230 1774 dicto
2253 1713 2361 1775 lib.
2398 1715 2499 1774 vl.
2536 1732 2674 1793 cap.
2711 1731 2780 1775 11.
2806 1715 2956 1776 dub.
2993 1732 3119 1777 x1v.
3156 1735 3328 1776 num.

1799 1810 1857 1870 1.
1890 1811 1954 1868 et
1981 1806 2131 1868 dub.
2164 1822 2268 1867 xv.
2304 1825 2477 1866 num.
2510 1809 2569 1868 8.
2617 1808 2873 1869 Probari
2902 1813 3107 1887 potest
3137 1828 3211 1869 ex
3241 1810 3338 1868 di-

1798 1900 1934 1976 otis,
1968 1899 2113 1978 quia
2145 1900 2352 1979 aliqua
2382 1904 2528 1961 sunt
2555 1900 2783 1961 delicta
2808 1947 2823 1977 ,
2867 1919 3007 1980 quae
3037 1902 3183 1962 licet
3211 1921 3337 1962 non

1797 1993 2279 2054 manifestentur
2299 2039 2316 2070 ,
2353 2012 2479 2054 non
2511 1995 2779 2064 asserunt
2805 2012 3106 2073 magnum
3134 1993 3339 2073 reipu-

1798 2086 1979 2147 blicae
2016 2086 2316 2146 damnum
2345 2087 2630 2165 obligans
2648 2087 2993 2149 secundum
3020 2107 3088 2148 se
3118 2088 3200 2147 ad
3231 2088 3341 2147 dc·-

1802 2179 2257 2254 nuntiandum;
2293 2181 2561 2240 afferunt
2587 2184 2799 2240 tamen
2829 2181 3115 2260 aliquod,
3150 2180 3342 2243 ratio-

1803 2292 1881 2333 ne
1911 2274 2093 2353 cujus
2135 2273 2213 2334 sit
2242 2277 2416 2334 actus
2462 2274 2759 2335 honestus
2805 2274 3175 2336 denuntiare
3203 2320 3219 2350 ,
3283 2277 3347 2335 ct

1805 2366 2056 2427 aliunde
2086 2384 2210 2427 non
2233 2368 2413 2428 affert
2440 2371 2910 2443 nocumentum,
2936 2368 3104 2446 quod
3135 2386 3211 2427 ea
3239 2367 3345 2427 de-

1807 2459 2115 2521 nuntiatio
2147 2459 2343 2539 possit
2361 2460 2653 2537 praecipi;
2688 2463 2837 2522 tunc
2855 2479 3005 2539 ergo
3019 2460 3215 2540 judex
3230 2478 3347 2539 po-

1806 2553 1953 2616 terit
1976 2553 2150 2612 illam
2180 2553 2524 2631 praecipere
2551 2598 2566 2629 ,
2625 2556 2689 2613 et
2736 2553 3025 2615 subditus
3055 2553 3160 2633 qni
3191 2553 3346 2614 alias

1809 2665 1935 2708 non
1961 2644 2296 2708 tenebatur
2318 2691 2334 2721 ,
2379 2645 2695 2707 tenebitur
2722 2646 3001 2708 obedire.
3035 2647 3202 2708 Talis
3233 2647 3352 2710 erit

1807 2738 2203 2818 blasphemia
2226 2784 2242 2816 ,
2297 2757 2489 2817 quam
2518 2739 2758 2800 secluso
2790 2744 3103 2818 praecepto
3134 2740 3350 2800 Eccle-

1810 2832 1953 2908 siae,
2004 2849 2129 2891 non
2160 2834 2523 2892 tenerentur
2565 2831 2891 2893 audientes
2940 2832 3347 2904 denuntiare3

1808 2928 2103 2988 tenentur
2146 2927 2360 2985 tamen
2407 2942 2481 2984 ex
2525 2928 2839 3003 praecepto
2898 2925 3347 3002 ecclesiastice,

1810 3018 1927 3079 nisi
1956 3018 2075 3080 hoc
2102 3017 2294 3079 etiam
2319 3017 2399 3078 sit
2426 3018 2877 3079 consuetudine
2910 3019 3138 3080 alicubi
3170 3020 3355 3080 abro-

1808 3116 2049 3192 gatum.
2096 3110 2263 3171 Talis
2310 3114 2405 3171 est
2432 3110 2621 3171 etiam
2662 3111 3117 3173 concubinatus
3145 3112 3356 3192 publi-

1814 3225 1923 3268 cus
1946 3252 1962 3283 ,
2014 3223 2204 3285 quem
2254 3222 2378 3264 non
2409 3207 2699 3265 tenentur
2727 3205 2959 3267 subditi
2987 3206 3356 3268 denuntiare

1813 3298 2207 3379 regulariter.
2242 3299 2560 3358 Tenentur
2586 3301 2822 3374 tamen,
2857 3299 3108 3377 quando
3140 3300 3356 3378 praela-

1814 3397 1914 3456 tus
1943 3392 2175 3469 visitat,
2211 3395 2274 3453 et
2301 3391 2586 3470 praecipit
2615 3391 2924 3470 ejusmodi
2953 3398 3217 3472 peccata
3246 3394 3356 3455 de·-

1815 3485 2111 3547 nuntiari.

1896 3578 2280 3640 Duodecima
2327 3579 2642 3640 conclusio
2692 3599 2704 3639 :
2765 3580 3143 3658 regulariter
3188 3599 3265 3640 ex
3293 3579 3351 3640 vi

1819 3673 2044 3733 horum
2074 3672 2424 3733 edictorum
2447 3718 2463 3749 ,
2523 3690 2649 3732 non
2691 3675 2937 3733 tenetur
2988 3673 3212 3751 aliquis
3244 3674 3355 3733 de-

3472 1074 3552 1135 30

3504 3613 3577 3674 31

3407 3741 3473 3784 An
3513 3738 3705 3793 obligent

1819 3764 2107 3827 nuntiare
2139 3766 2395 3843 praelato
2426 3770 2496 3826 ut
2536 3764 2736 3843 patri,
2790 3764 2937 3844 quia
2982 3765 3357 3843 regulariter
3410 3795 3459 3837 ,d
3486 3792 3681 3856 (gemmea

1820 3858 2191 3920 ordinantur
2234 3856 2319 3918 ad
2362 3857 2567 3918 forum
2615 3861 2942 3918 externum
2998 3861 3063 3919 et
3088 3857 3168 3918 ad
3192 3857 3359 3937 judi-

1820 3952 2018 4024 cium;
2050 3954 2237 4029 atque
2266 3950 2408 4012 ideo
2436 3949 2631 4028 accipi
2642 3953 2829 4011 untur
2857 3950 3361 4014 denuntiationes

1822 4048 1884 4106 et
1914 4042 2452 4105 manifestationes
2479 4043 2544 4103 in
2573 4043 2821 4121 scriptis
2839 4090 2855 4121 ,
2903 4049 2965 4106 et
3013 4062 3228 4105 coram
3259 4064 3365 4106 no·

1822 4138 2004 4213 tario,
2034 4140 2098 4199 et
2125 4140 2547 4213 asservantur,
2584 4140 2651 4197 ut
2679 4137 3021 4199 accedente
3049 4138 3175 4199 alia
3203 4138 3367 4199 noti-

1823 4230 1930 4305 tia,
1964 4230 2163 4309 possit
2189 4229 2474 4291 inchoari
2502 4248 2855 4309 processuS‚
2881 4230 2966 4291 ita
2995 4231 3181 4292 Avila
3211 4232 3359 4293 dict.

1825 4324 1976 4385 dub.
2012 4325 2113 4384 ΙΙΙ.
2160 4323 2436 4385 conclus,
2473 4340 2532 4384 v.
2586 4324 2742 4384 Cum
2791 4324 2911 4384 hoc
2961 4329 3176 4387 tamen
3217 4329 3363 4401 stat,

1828 4418 1998 4498 quod
2027 4417 2079 4477 si
2099 4420 2418 4477 constaret
2444 4414 2523 4476 de
2540 4416 2883 4477 intentione
2905 4417 3241 4497 superioris
3262 4436 3368 4478 vo-

1825 4511 2010 4573 lentis
2054 4509 2414 4572 denuntiari
2458 4509 2578 4571 sibi
2621 4514 2690 4573 ut
2735 4511 2940 4589 patri,
3002 4513 3368 4572 tenerentur

1827 4603 2060 4667 subditi
2110 4602 2365 4664 obedire
2412 4607 2660 4664 servato
2705 4603 2924 4664 ordine
2964 4602 3369 4665 correctionis

1829 4699 2143 4773 fraternae,
2177 4701 2239 4757 et
2265 4696 2665 4757 manifestare
2693 4696 2923 4757 delicta
2950 4697 3137 4758 etiam
3166 4697 3369 4758 occul-

1830 4796 1895 4854 ta
1916 4837 1932 4869 ,
1988 4808 2259 4871 quorum
2306 4790 2475 4850 nulla
2505 4793 2601 4849 est
2629 4789 2888 4849 infamia
2922 4794 3028 4851 aut
3055 4789 3363 4869 probatiO,

1833 4884 2178 4947 dummodo
2222 4884 2511 4963 superior
2540 4882 3002 4945 existimaretur
3032 4886 3222 4944 tantae
3251 4883 3372 4943 vir-

1832 4979 1985 5041 tutis
2015 4981 2078 5038 et
2104 4976 2478 5055 prudentiae,
2500 4980 2569 5037 ut
2594 4976 2890 5055 prodesse
2918 4981 3131 5055 posset
3156 4980 3220 5038 et
3248 4996 3369 5039 non

1835 5073 2075 5133 obesse.
2109 5071 2222 5131 Illa
2251 5070 2418 5130 enim
2446 5068 2864 5131 manifestatio
2898 5073 3060 5130 esset
3077 5069 3253 5149 juxta
3274 5088 3377 5131 or-

1834 5166 2044 5225 dinem
2074 5163 2418 5238 charitatiS‚
2444 5180 2588 5222 cum
2606 5160 3002 5224 ordinaretur
3029 5162 3111 5224 ad
3140 5163 3376 5224 bonum

1835 5257 2102 5337 proximi
2129 5303 2147 5333 ,
2208 5260 2277 5317 ut
2324 5258 2501 5316 notat
2528 5258 2841 5315 Navarrus
2888 5255 2997 5315 ubi
3044 5275 3237 5334 supra
3273 5275 3378 5318 co-

1839 5352 1977 5413 roll.
2013 5367 2177 5412 mvn
2213 5352 2277 5411 et
2305 5347 2751 5425 hincinfertur‚
2777 5348 3080 5410 famulum
3103 5349 3207 5429 qui
3239 5369 3377 5428 pro-

1842 5444 2010 5509 misit
2051 5442 2306 5506 domino
2367 5459 2511 5504 cum
2558 5443 2918 5520 juramento
2978 5442 3380 5505 manifestare

2980 5542 3059 5600 48

3483 3852 3636 3890 tionem
