<?xml version="1.0" encoding="UTF-8"?>
<!DOCTYPE html PUBLIC "-//W3C//DTD XHTML 1.0 Transitional//EN"
    "http://www.w3.org/TR/xhtml1/DTD/xhtml1-transitional.dtd">
<html xmlns="http://www.w3.org/1999/xhtml" xml:lang="en" lang="en">
 <head>
  <title>
</title>
<meta http-equiv="Content-Type" content="text/html;charset=utf-8" />
  <meta name='ocr-system' content='tesseract 3.04.00' />
  <meta name='ocr-capabilities' content='ocr_page ocr_carea ocr_par ocr_line ocrx_word'/>
</head>
<body>
  <div class='ocr_page' id='page_1' title='image "./joannisdelugodi00lugogoog_0261.png"; bbox 0 0 4263 6376; ppageno 0'>
   <div class='ocr_carea' id='block_1_1' title="bbox 88 1805 206 2054">
    <p class='ocr_par' dir='ltr' id='par_1_1' title="bbox 88 1805 206 1999">
     <span class='ocr_line' id='line_1_1' title="bbox 89 1805 206 1842; baseline -0.009 0"><span class='ocrx_word' id='word_1_1' title='bbox 89 1805 206 1842; x_wconf 68' lang='lat' dir='ltr'><strong>tuati-</strong></span> 
     </span>
     <span class='ocr_line' id='line_1_2' title="bbox 94 1866 158 1895; baseline 0 0"><span class='ocrx_word' id='word_1_2' title='bbox 94 1866 158 1895; x_wconf 72' lang='lat' dir='ltr'><strong>nen</strong></span> 
     </span>
     <span class='ocr_line' id='line_1_3' title="bbox 88 1919 203 1947; baseline -0.009 0"><span class='ocrx_word' id='word_1_3' title='bbox 88 1919 203 1947; x_wconf 68' lang='lat' dir='ltr'><strong>mura·</strong></span> 
     </span>
     <span class='ocr_line' id='line_1_4' title="bbox 95 1972 158 1999; baseline 0 0"><span class='ocrx_word' id='word_1_4' title='bbox 95 1972 158 1999; x_wconf 75' lang='lat' dir='ltr'><strong>mn</strong></span> 
     </span>
    </p>

    <p class='ocr_par' dir='ltr' id='par_1_2' title="bbox 88 2012 190 2054">
     <span class='ocr_line' id='line_1_5' title="bbox 88 2012 190 2054; baseline -0.02 0"><span class='ocrx_word' id='word_1_5' title='bbox 88 2012 110 2054; x_wconf 76' lang='lat' dir='ltr'><strong>ii</strong></span> <span class='ocrx_word' id='word_1_6' title='bbox 122 2014 190 2053; x_wconf 81' lang='lat' dir='ltr'><strong>do-</strong></span> 
     </span>
    </p>
   </div>
   <div class='ocr_carea' id='block_1_2' title="bbox 88 2079 202 2161">
    <p class='ocr_par' dir='ltr' id='par_1_3' title="bbox 88 2079 202 2161">
     <span class='ocr_line' id='line_1_6' title="bbox 88 2079 202 2107; baseline 0 0"><span class='ocrx_word' id='word_1_7' title='bbox 88 2079 101 2107; x_wconf 88' lang='grc' dir='ltr'>Ι</span> <span class='ocrx_word' id='word_1_8' title='bbox 124 2079 202 2107; x_wconf 68' lang='lat'><strong>020·</strong></span> 
     </span>
     <span class='ocr_line' id='line_1_7' title="bbox 89 2120 174 2161; baseline 0 0"><span class='ocrx_word' id='word_1_9' title='bbox 89 2120 174 2161; x_wconf 68' lang='lat' dir='ltr'><strong>hta.</strong></span> 
     </span>
    </p>
   </div>
   <div class='ocr_carea' id='block_1_3' title="bbox 88 3920 179 4173">
    <p class='ocr_par' dir='ltr' id='par_1_4' title="bbox 88 3920 179 4173">
     <span class='ocr_line' id='line_1_8' title="bbox 88 3920 179 4173; textangle 90"><span class='ocrx_word' id='word_1_10' title='bbox 88 3920 179 4173; x_wconf 56' lang='lat'><strong>513⁰</strong></span> 
     </span>
    </p>
   </div>
   <div class='ocr_carea' id='block_1_4' title="bbox 89 5270 139 5326">
    <p class='ocr_par' dir='ltr' id='par_1_5' title="bbox 89 5270 139 5326">
     <span class='ocr_line' id='line_1_9' title="bbox 89 5270 139 5326; baseline 0 0"><span class='ocrx_word' id='word_1_11' title='bbox 89 5270 139 5326; x_wconf 75' lang='lat' dir='ltr'><strong>Jss</strong></span> 
     </span>
    </p>
   </div>
   <div class='ocr_carea' id='block_1_5' title="bbox 88 5397 210 5490">
    <p class='ocr_par' dir='ltr' id='par_1_6' title="bbox 88 5397 210 5490">
     <span class='ocr_line' id='line_1_10' title="bbox 95 5397 210 5435; baseline 0 0"><span class='ocrx_word' id='word_1_12' title='bbox 95 5397 210 5435; x_wconf 64' lang='lat' dir='ltr'><strong>mio-</strong></span> 
     </span>
     <span class='ocr_line' id='line_1_11' title="bbox 88 5450 210 5490; baseline 0.016 -2"><span class='ocrx_word' id='word_1_13' title='bbox 88 5450 210 5490; x_wconf 64' lang='lat' dir='ltr'><strong>nath</strong></span> 
     </span>
    </p>
   </div>
   <div class='ocr_carea' id='block_1_6' title="bbox 1244 377 2408 454">
    <p class='ocr_par' dir='ltr' id='par_1_7' title="bbox 1244 377 2408 454">
     <span class='ocr_line' id='line_1_12' title="bbox 1244 377 2408 454; baseline -0.002 -14"><span class='ocrx_word' id='word_1_14' title='bbox 1244 378 1710 442; x_wconf 78' lang='lat' dir='ltr'>DISPUTATIO</span> <span class='ocrx_word' id='word_1_15' title='bbox 1754 377 1943 454; x_wconf 83' lang='lat' dir='ltr'><strong>XXV,</strong></span> <span class='ocrx_word' id='word_1_16' title='bbox 1988 378 2261 440; x_wconf 83' lang='lat' dir='ltr'>SECTIO</span> <span class='ocrx_word' id='word_1_17' title='bbox 2306 378 2408 438; x_wconf 88' lang='lat' dir='ltr'><strong>XI.</strong></span> 
     </span>
    </p>
   </div>
   <div class='ocr_carea' id='block_1_7' title="bbox 713 871 1318 959">
    <p class='ocr_par' dir='ltr' id='par_1_8' title="bbox 713 871 1318 959">
     <span class='ocr_line' id='line_1_13' title="bbox 713 871 1318 959; baseline 0.007 -4"><span class='ocrx_word' id='word_1_18' title='bbox 713 871 1123 956; x_wconf 62' lang='lat' dir='ltr'><strong>sturlo</strong></span> <span class='ocrx_word' id='word_1_19' title='bbox 1203 873 1318 959; x_wconf 82' lang='lat' dir='ltr'><strong>XL</strong></span> 
     </span>
    </p>
   </div>
   <div class='ocr_carea' id='block_1_8' title="bbox 255 1175 1764 1453">
    <p class='ocr_par' dir='ltr' id='par_1_9' title="bbox 255 1175 1764 1453">
     <span class='ocr_line' id='line_1_14' title="bbox 255 1175 1763 1261; baseline -0.005 -18"><span class='ocrx_word' id='word_1_20' title='bbox 255 1181 334 1243; x_wconf 83' lang='lat' dir='ltr'><strong>De</strong></span> <span class='ocrx_word' id='word_1_21' title='bbox 357 1180 721 1261; x_wconf 74' lang='lat' dir='ltr'><strong>obliqatione‚</strong></span> <span class='ocrx_word' id='word_1_22' title='bbox 770 1189 826 1240; x_wconf 81' lang='lat' dir='ltr'><strong>et</strong></span> <span class='ocrx_word' id='word_1_23' title='bbox 865 1178 1051 1260; x_wconf 82' lang='lat' dir='ltr'><strong>poenis</strong></span> <span class='ocrx_word' id='word_1_24' title='bbox 1077 1177 1358 1253; x_wconf 78' lang='lat' dir='ltr'><strong>usurarii,</strong></span> <span class='ocrx_word' id='word_1_25' title='bbox 1404 1176 1512 1241; x_wconf 77' lang='lat' dir='ltr'><strong>ubi</strong></span> <span class='ocrx_word' id='word_1_26' title='bbox 1546 1176 1616 1237; x_wconf 84' lang='lat' dir='ltr'><strong>de</strong></span> <span class='ocrx_word' id='word_1_27' title='bbox 1641 1175 1763 1256; x_wconf 69' lang='lat' dir='ltr'><strong>ejus</strong></span> 
     </span>
     <span class='ocr_line' id='line_1_15' title="bbox 324 1278 1764 1365; baseline -0.006 -18"><span class='ocrx_word' id='word_1_28' title='bbox 324 1284 540 1347; x_wconf 71' lang='lat' dir='ltr'><strong>hoerede</strong></span> <span class='ocrx_word' id='word_1_29' title='bbox 562 1295 620 1345; x_wconf 81' lang='lat' dir='ltr'><strong>et</strong></span> <span class='ocrx_word' id='word_1_30' title='bbox 647 1284 717 1345; x_wconf 87' lang='lat' dir='ltr'><strong>de</strong></span> <span class='ocrx_word' id='word_1_31' title='bbox 751 1282 1206 1365; x_wconf 78' lang='lat' dir='ltr'><strong>cooperantibus,</strong></span> <span class='ocrx_word' id='word_1_32' title='bbox 1237 1282 1332 1343; x_wconf 86' lang='lat' dir='ltr'><strong>vel</strong></span> <span class='ocrx_word' id='word_1_33' title='bbox 1355 1278 1764 1362; x_wconf 80' lang='lat' dir='ltr'><strong><em>accipientibus</em></strong></span> 
     </span>
     <span class='ocr_line' id='line_1_16' title="bbox 325 1391 539 1453; baseline 0.014 -3"><span class='ocrx_word' id='word_1_34' title='bbox 325 1392 392 1451; x_wconf 80' lang='lat' dir='ltr'><strong>ab</strong></span> <span class='ocrx_word' id='word_1_35' title='bbox 417 1391 539 1453; x_wconf 81' lang='lat' dir='ltr'><strong>illo.</strong></span> 
     </span>
    </p>
   </div>
   <div class='ocr_carea' id='block_1_9' title="bbox 233 1654 1791 5612">
    <p class='ocr_par' dir='ltr' id='par_1_10' title="bbox 245 1654 1760 1922">
     <span class='ocr_line' id='line_1_17' title="bbox 320 1654 1755 1733; baseline -0.004 -14"><span class='ocrx_word' id='word_1_36' title='bbox 320 1660 546 1733; x_wconf 84' lang='lat' dir='ltr'><strong>Restat,</strong></span> <span class='ocrx_word' id='word_1_37' title='bbox 568 1660 641 1717; x_wconf 93' lang='lat' dir='ltr'><strong>ut</strong></span> <span class='ocrx_word' id='word_1_38' title='bbox 660 1656 940 1717; x_wconf 86' lang='lat' dir='ltr'><strong>dicamus</strong></span> <span class='ocrx_word' id='word_1_39' title='bbox 961 1655 1038 1714; x_wconf 91' lang='lat' dir='ltr'><strong>de</strong></span> <span class='ocrx_word' id='word_1_40' title='bbox 1065 1654 1444 1733; x_wconf 78' lang='lat' dir='ltr'>obligatione</span> <span class='ocrx_word' id='word_1_41' title='bbox 1467 1655 1755 1730; x_wconf 86' lang='lat' dir='ltr'><strong>usurarii,</strong></span> 
     </span>
     <span class='ocr_line' id='line_1_18' title="bbox 246 1746 1760 1828; baseline -0.003 -17"><span class='ocrx_word' id='word_1_42' title='bbox 246 1755 303 1812; x_wconf 82' lang='lat' dir='ltr'><strong>et</strong></span> <span class='ocrx_word' id='word_1_43' title='bbox 328 1751 585 1810; x_wconf 85' lang='lat' dir='ltr'><strong>aliorum</strong></span> <span class='ocrx_word' id='word_1_44' title='bbox 631 1749 741 1828; x_wconf 90' lang='lat' dir='ltr'><strong>qui</strong></span> <span class='ocrx_word' id='word_1_45' title='bbox 769 1766 911 1808; x_wconf 88' lang='lat' dir='ltr'><strong>eum</strong></span> <span class='ocrx_word' id='word_1_46' title='bbox 952 1766 1026 1808; x_wconf 93' lang='lat' dir='ltr'><strong>eo</strong></span> <span class='ocrx_word' id='word_1_47' title='bbox 1057 1746 1266 1825; x_wconf 88' lang='lat' dir='ltr'><strong>aliquo</strong></span> <span class='ocrx_word' id='word_1_48' title='bbox 1296 1746 1482 1807; x_wconf 92' lang='lat' dir='ltr'><strong>modo</strong></span> <span class='ocrx_word' id='word_1_49' title='bbox 1514 1746 1760 1824; x_wconf 90' lang='lat' dir='ltr'><strong>partici-</strong></span> 
     </span>
     <span class='ocr_line' id='line_1_19' title="bbox 245 1844 540 1922; baseline -0.003 -19"><span class='ocrx_word' id='word_1_50' title='bbox 245 1844 428 1922; x_wconf 83' lang='lat' dir='ltr'><strong>piunt.</strong></span> <span class='ocrx_word' id='word_1_51' title='bbox 462 1844 540 1902; x_wconf 89' lang='lat' dir='ltr'><strong>Et</strong></span> 
     </span>
    </p>

    <p class='ocr_par' dir='ltr' id='par_1_11' title="bbox 233 1932 1767 3861">
     <span class='ocr_line' id='line_1_20' title="bbox 313 1932 1759 2011; baseline -0.002 -15"><span class='ocrx_word' id='word_1_52' title='bbox 313 1936 513 1996; x_wconf 88' lang='lat' dir='ltr'><strong>Primo</strong></span> <span class='ocrx_word' id='word_1_53' title='bbox 562 1934 844 1994; x_wconf 82' lang='lat' dir='ltr'><strong>dubitari</strong></span> <span class='ocrx_word' id='word_1_54' title='bbox 890 1932 1086 2007; x_wconf 89' lang='lat' dir='ltr'><strong>solet,</strong></span> <span class='ocrx_word' id='word_1_55' title='bbox 1135 1951 1217 1993; x_wconf 89' lang='lat' dir='ltr'><strong>an</strong></span> <span class='ocrx_word' id='word_1_56' title='bbox 1270 1932 1522 2011; x_wconf 90' lang='lat' dir='ltr'><strong>quando</strong></span> <span class='ocrx_word' id='word_1_57' title='bbox 1554 1952 1759 1993; x_wconf 82' lang='lat' dir='ltr'><strong>usuroe</strong></span> 
     </span>
     <span class='ocr_line' id='line_1_21' title="bbox 240 2024 1755 2105; baseline -0.003 -16"><span class='ocrx_word' id='word_1_58' title='bbox 240 2029 573 2102; x_wconf 83' lang='lat' dir='ltr'><strong>solvuntur,</strong></span> <span class='ocrx_word' id='word_1_59' title='bbox 608 2027 742 2087; x_wconf 90' lang='lat' dir='ltr'><strong>sive</strong></span> <span class='ocrx_word' id='word_1_60' title='bbox 771 2027 834 2085; x_wconf 92' lang='lat' dir='ltr'><strong>in</strong></span> <span class='ocrx_word' id='word_1_61' title='bbox 857 2026 1147 2105; x_wconf 86' lang='lat' dir='ltr'><strong>pecunia,</strong></span> <span class='ocrx_word' id='word_1_62' title='bbox 1183 2024 1313 2084; x_wconf 86' lang='lat' dir='ltr'><strong>sive</strong></span> <span class='ocrx_word' id='word_1_63' title='bbox 1336 2025 1401 2084; x_wconf 90' lang='lat' dir='ltr'><strong>in</strong></span> <span class='ocrx_word' id='word_1_64' title='bbox 1420 2025 1755 2102; x_wconf 83' lang='lat' dir='ltr'><strong>frumento,</strong></span> 
     </span>
     <span class='ocr_line' id='line_1_22' title="bbox 239 2117 1762 2196; baseline -0.003 -15"><span class='ocrx_word' id='word_1_65' title='bbox 239 2122 356 2181; x_wconf 85' lang='lat' dir='ltr'><strong>sive</strong></span> <span class='ocrx_word' id='word_1_66' title='bbox 384 2120 445 2179; x_wconf 92' lang='lat' dir='ltr'><strong>in</strong></span> <span class='ocrx_word' id='word_1_67' title='bbox 475 2120 617 2180; x_wconf 89' lang='lat' dir='ltr'><strong>aliis</strong></span> <span class='ocrx_word' id='word_1_68' title='bbox 651 2119 840 2179; x_wconf 84' lang='lat' dir='ltr'><strong>rebus</strong></span> <span class='ocrx_word' id='word_1_69' title='bbox 860 2165 876 2196; x_wconf 89' lang='lat'>,</span> <span class='ocrx_word' id='word_1_70' title='bbox 923 2136 1141 2180; x_wconf 86' lang='lat' dir='ltr'><strong>earum</strong></span> <span class='ocrx_word' id='word_1_71' title='bbox 1173 2117 1518 2177; x_wconf 84' lang='lat' dir='ltr'><strong>dominium</strong></span> <span class='ocrx_word' id='word_1_72' title='bbox 1548 2135 1762 2177; x_wconf 89' lang='lat' dir='ltr'><strong>usura-</strong></span> 
     </span>
     <span class='ocr_line' id='line_1_23' title="bbox 237 2209 1762 2291; baseline -0.003 -17"><span class='ocrx_word' id='word_1_73' title='bbox 237 2213 357 2274; x_wconf 87' lang='lat' dir='ltr'><strong>rius</strong></span> <span class='ocrx_word' id='word_1_74' title='bbox 382 2211 697 2291; x_wconf 86' lang='lat' dir='ltr'><strong>acquirat.</strong></span> <span class='ocrx_word' id='word_1_75' title='bbox 732 2214 976 2273; x_wconf 73' lang='lat' dir='ltr'><strong>Certum</strong></span> <span class='ocrx_word' id='word_1_76' title='bbox 1009 2215 1106 2271; x_wconf 90' lang='lat' dir='ltr'><strong>est</strong></span> <span class='ocrx_word' id='word_1_77' title='bbox 1133 2213 1365 2285; x_wconf 87' lang='lat' dir='ltr'><strong>autem,</strong></span> <span class='ocrx_word' id='word_1_78' title='bbox 1402 2227 1582 2285; x_wconf 89' lang='lat' dir='ltr'><strong>eum,</strong></span> <span class='ocrx_word' id='word_1_79' title='bbox 1614 2209 1762 2270; x_wconf 91' lang='lat' dir='ltr'><strong>licet</strong></span> 
     </span>
     <span class='ocr_line' id='line_1_24' title="bbox 238 2301 1760 2382; baseline -0.003 -17"><span class='ocrx_word' id='word_1_80' title='bbox 238 2305 574 2366; x_wconf 87' lang='lat' dir='ltr'><strong>dominium</strong></span> <span class='ocrx_word' id='word_1_81' title='bbox 595 2303 905 2382; x_wconf 86' lang='lat' dir='ltr'><strong>acquirat,</strong></span> <span class='ocrx_word' id='word_1_82' title='bbox 939 2320 1196 2363; x_wconf 86' lang='lat' dir='ltr'><strong>manere</strong></span> <span class='ocrx_word' id='word_1_83' title='bbox 1220 2320 1361 2362; x_wconf 90' lang='lat' dir='ltr'><strong>cum</strong></span> <span class='ocrx_word' id='word_1_84' title='bbox 1379 2301 1760 2379; x_wconf 82' lang='lat' dir='ltr'>obligatione</span> 
     </span>
     <span class='ocr_line' id='line_1_25' title="bbox 237 2394 1759 2472; baseline -0.003 -14"><span class='ocrx_word' id='word_1_85' title='bbox 237 2396 589 2458; x_wconf 81' lang='lat' dir='ltr'><strong>restituendi</strong></span> <span class='ocrx_word' id='word_1_86' title='bbox 621 2414 700 2455; x_wconf 87' lang='lat' dir='ltr'><strong>ea</strong></span> <span class='ocrx_word' id='word_1_87' title='bbox 726 2396 955 2471; x_wconf 88' lang='lat' dir='ltr'><strong>omnia,</strong></span> <span class='ocrx_word' id='word_1_88' title='bbox 989 2396 1087 2456; x_wconf 90' lang='lat' dir='ltr'><strong>vel</strong></span> <span class='ocrx_word' id='word_1_89' title='bbox 1116 2395 1190 2454; x_wconf 87' lang='lat' dir='ltr'><strong>iis</strong></span> <span class='ocrx_word' id='word_1_90' title='bbox 1218 2394 1622 2472; x_wconf 80' lang='lat' dir='ltr'><strong>consumptiS,</strong></span> <span class='ocrx_word' id='word_1_91' title='bbox 1659 2412 1759 2454; x_wconf 89' lang='lat' dir='ltr'><strong>eo-</strong></span> 
     </span>
     <span class='ocr_line' id='line_1_26' title="bbox 235 2486 1760 2563; baseline -0.003 -13"><span class='ocrx_word' id='word_1_92' title='bbox 235 2508 361 2550; x_wconf 86' lang='lat' dir='ltr'><strong>rum</strong></span> <span class='ocrx_word' id='word_1_93' title='bbox 391 2490 677 2549; x_wconf 88' lang='lat' dir='ltr'><strong>valorem</strong></span> <span class='ocrx_word' id='word_1_94' title='bbox 708 2493 769 2548; x_wconf 88' lang='lat' dir='ltr'><strong>et</strong></span> <span class='ocrx_word' id='word_1_95' title='bbox 794 2488 1032 2549; x_wconf 89' lang='lat' dir='ltr'><strong>fructus</strong></span> <span class='ocrx_word' id='word_1_96' title='bbox 1061 2505 1308 2563; x_wconf 79' lang='lat' dir='ltr'><strong>omneS,</strong></span> <span class='ocrx_word' id='word_1_97' title='bbox 1353 2488 1426 2546; x_wconf 90' lang='lat' dir='ltr'><strong>ut</strong></span> <span class='ocrx_word' id='word_1_98' title='bbox 1452 2504 1594 2545; x_wconf 90' lang='lat' dir='ltr'><strong>cum</strong></span> <span class='ocrx_word' id='word_1_99' title='bbox 1624 2486 1760 2546; x_wconf 84' lang='lat' dir='ltr'><strong>aliis</strong></span> 
     </span>
     <span class='ocr_line' id='line_1_27' title="bbox 237 2580 1753 2659; baseline -0.003 -17"><span class='ocrx_word' id='word_1_100' title='bbox 237 2586 399 2644; x_wconf 80' lang='lat' dir='ltr'><strong>notat</strong></span> <span class='ocrx_word' id='word_1_101' title='bbox 430 2581 680 2643; x_wconf 84' lang='lat' dir='ltr'><strong>Lessius</strong></span> <span class='ocrx_word' id='word_1_102' title='bbox 709 2598 847 2659; x_wconf 86' lang='lat' dir='ltr'><strong>cap.</strong></span> <span class='ocrx_word' id='word_1_103' title='bbox 879 2597 980 2641; x_wconf 83' lang='lat' dir='ltr'><strong>xx.</strong></span> <span class='ocrx_word' id='word_1_104' title='bbox 1013 2580 1164 2641; x_wconf 90' lang='lat' dir='ltr'><strong>dub.</strong></span> <span class='ocrx_word' id='word_1_105' title='bbox 1195 2596 1374 2640; x_wconf 83' lang='lat' dir='ltr'><strong>xv111.</strong></span> <span class='ocrx_word' id='word_1_106' title='bbox 1409 2597 1582 2639; x_wconf 90' lang='lat' dir='ltr'><strong>num.</strong></span> <span class='ocrx_word' id='word_1_107' title='bbox 1618 2582 1753 2640; x_wconf 78' lang='lat'><strong>158.</strong></span> 
     </span>
     <span class='ocr_line' id='line_1_28' title="bbox 236 2672 1761 2747; baseline -0.003 -12"><span class='ocrx_word' id='word_1_108' title='bbox 236 2680 292 2736; x_wconf 85' lang='lat' dir='ltr'><strong>et</strong></span> <span class='ocrx_word' id='word_1_109' title='bbox 317 2678 449 2736; x_wconf 78' lang='lat'><strong>160.</strong></span> <span class='ocrx_word' id='word_1_110' title='bbox 483 2676 748 2735; x_wconf 89' lang='lat' dir='ltr'><strong>Certum</strong></span> <span class='ocrx_word' id='word_1_111' title='bbox 778 2673 965 2734; x_wconf 88' lang='lat' dir='ltr'><strong>etiam</strong></span> <span class='ocrx_word' id='word_1_112' title='bbox 997 2691 1131 2733; x_wconf 88' lang='lat' dir='ltr'><strong>esse</strong></span> <span class='ocrx_word' id='word_1_113' title='bbox 1161 2672 1384 2747; x_wconf 88' lang='lat' dir='ltr'><strong>debet,</strong></span> <span class='ocrx_word' id='word_1_114' title='bbox 1434 2672 1483 2730; x_wconf 90' lang='lat' dir='ltr'><strong>si</strong></span> <span class='ocrx_word' id='word_1_115' title='bbox 1512 2675 1761 2732; x_wconf 88' lang='lat' dir='ltr'><strong>mutua-</strong></span> 
     </span>
     <span class='ocr_line' id='line_1_29' title="bbox 235 2763 1760 2828; baseline -0.003 0"><span class='ocrx_word' id='word_1_116' title='bbox 235 2767 418 2828; x_wconf 78' lang='lat' dir='ltr'>tarius</span> <span class='ocrx_word' id='word_1_117' title='bbox 459 2784 589 2826; x_wconf 92' lang='lat' dir='ltr'><strong>non</strong></span> <span class='ocrx_word' id='word_1_118' title='bbox 636 2765 869 2826; x_wconf 87' lang='lat' dir='ltr'><strong>habeat</strong></span> <span class='ocrx_word' id='word_1_119' title='bbox 894 2766 1176 2825; x_wconf 89' lang='lat' dir='ltr'><strong>animum</strong></span> <span class='ocrx_word' id='word_1_120' title='bbox 1205 2763 1622 2825; x_wconf 78' lang='lat' dir='ltr'><strong>transferendi</strong></span> <span class='ocrx_word' id='word_1_121' title='bbox 1652 2763 1760 2823; x_wconf 94' lang='lat' dir='ltr'><strong>do-</strong></span> 
     </span>
     <span class='ocr_line' id='line_1_30' title="bbox 235 2855 1758 2933; baseline -0.001 -15"><span class='ocrx_word' id='word_1_122' title='bbox 235 2860 483 2919; x_wconf 89' lang='lat' dir='ltr'><strong>minium</strong></span> <span class='ocrx_word' id='word_1_123' title='bbox 513 2875 857 2918; x_wconf 88' lang='lat' dir='ltr'><strong>usurarum</strong></span> <span class='ocrx_word' id='word_1_124' title='bbox 881 2904 897 2933; x_wconf 89' lang='lat'>,</span> <span class='ocrx_word' id='word_1_125' title='bbox 943 2858 1055 2917; x_wconf 89' lang='lat' dir='ltr'><strong>sed</strong></span> <span class='ocrx_word' id='word_1_126' title='bbox 1104 2856 1305 2916; x_wconf 90' lang='lat' dir='ltr'><strong>solum</strong></span> <span class='ocrx_word' id='word_1_127' title='bbox 1335 2855 1527 2915; x_wconf 87' lang='lat' dir='ltr'><strong>dandi</strong></span> <span class='ocrx_word' id='word_1_128' title='bbox 1564 2873 1758 2933; x_wconf 90' lang='lat' dir='ltr'><strong>pecu-</strong></span> 
     </span>
     <span class='ocr_line' id='line_1_31' title="bbox 235 2947 1760 3025; baseline -0.004 -13"><span class='ocrx_word' id='word_1_129' title='bbox 235 2951 358 3012; x_wconf 86' lang='lat' dir='ltr'><strong>nias</strong></span> <span class='ocrx_word' id='word_1_130' title='bbox 384 2951 521 3011; x_wconf 87' lang='lat' dir='ltr'><strong>illas</strong></span> <span class='ocrx_word' id='word_1_131' title='bbox 549 2950 856 3025; x_wconf 75' lang='lat' dir='ltr'><strong>exteriuS,</strong></span> <span class='ocrx_word' id='word_1_132' title='bbox 890 2969 968 3010; x_wconf 91' lang='lat' dir='ltr'><strong>ne</strong></span> <span class='ocrx_word' id='word_1_133' title='bbox 997 2949 1146 3010; x_wconf 90' lang='lat' dir='ltr'><strong>fidei</strong></span> <span class='ocrx_word' id='word_1_134' title='bbox 1165 2967 1293 3009; x_wconf 83' lang='lat' dir='ltr'><strong>suae</strong></span> <span class='ocrx_word' id='word_1_135' title='bbox 1314 2948 1530 3007; x_wconf 82' lang='lat' dir='ltr'><strong>deesse</strong></span> <span class='ocrx_word' id='word_1_136' title='bbox 1551 2947 1760 3007; x_wconf 89' lang='lat' dir='ltr'><strong>videa-</strong></span> 
     </span>
     <span class='ocr_line' id='line_1_32' title="bbox 233 3039 1756 3119; baseline -0.004 -15"><span class='ocrx_word' id='word_1_137' title='bbox 233 3047 345 3119; x_wconf 85' lang='lat' dir='ltr'><strong>tur,</strong></span> <span class='ocrx_word' id='word_1_138' title='bbox 376 3061 503 3103; x_wconf 90' lang='lat' dir='ltr'><strong>non</strong></span> <span class='ocrx_word' id='word_1_139' title='bbox 531 3042 869 3104; x_wconf 79' lang='lat' dir='ltr'><strong>transferri</strong></span> <span class='ocrx_word' id='word_1_140' title='bbox 897 3041 1249 3102; x_wconf 90' lang='lat' dir='ltr'><strong>dominium</strong></span> <span class='ocrx_word' id='word_1_141' title='bbox 1284 3040 1348 3099; x_wconf 93' lang='lat' dir='ltr'><strong>in</strong></span> <span class='ocrx_word' id='word_1_142' title='bbox 1379 3039 1756 3115; x_wconf 86' lang='lat' dir='ltr'><strong>usurarium,</strong></span> 
     </span>
     <span class='ocr_line' id='line_1_33' title="bbox 235 3131 1763 3216; baseline -0.003 -19"><span class='ocrx_word' id='word_1_143' title='bbox 235 3154 365 3197; x_wconf 86' lang='lat' dir='ltr'><strong>cum</strong></span> <span class='ocrx_word' id='word_1_144' title='bbox 387 3135 532 3216; x_wconf 89' lang='lat' dir='ltr'><strong>jure</strong></span> <span class='ocrx_word' id='word_1_145' title='bbox 571 3152 693 3197; x_wconf 88' lang='lat' dir='ltr'><strong>suo</strong></span> <span class='ocrx_word' id='word_1_146' title='bbox 723 3138 971 3210; x_wconf 87' lang='lat' dir='ltr'><strong>utatur,</strong></span> <span class='ocrx_word' id='word_1_147' title='bbox 1018 3152 1135 3195; x_wconf 89' lang='lat' dir='ltr'><strong>nec</strong></span> <span class='ocrx_word' id='word_1_148' title='bbox 1173 3132 1618 3212; x_wconf 77' lang='lat' dir='ltr'><strong>obligationem</strong></span> <span class='ocrx_word' id='word_1_149' title='bbox 1650 3131 1763 3193; x_wconf 90' lang='lat' dir='ltr'><strong>ha·</strong></span> 
     </span>
     <span class='ocr_line' id='line_1_34' title="bbox 234 3226 1764 3305; baseline -0.005 -15"><span class='ocrx_word' id='word_1_150' title='bbox 234 3229 372 3290; x_wconf 86' lang='lat' dir='ltr'><strong>beat</strong></span> <span class='ocrx_word' id='word_1_151' title='bbox 395 3227 825 3290; x_wconf 85' lang='lat' dir='ltr'><strong>transferendi</strong></span> <span class='ocrx_word' id='word_1_152' title='bbox 855 3226 1201 3287; x_wconf 90' lang='lat' dir='ltr'><strong>dominium</strong></span> <span class='ocrx_word' id='word_1_153' title='bbox 1226 3272 1241 3303; x_wconf 88' lang='lat'>,</span> <span class='ocrx_word' id='word_1_154' title='bbox 1290 3226 1400 3286; x_wconf 91' lang='lat' dir='ltr'><strong>sed</strong></span> <span class='ocrx_word' id='word_1_155' title='bbox 1430 3226 1638 3305; x_wconf 91' lang='lat' dir='ltr'><strong>potius</strong></span> <span class='ocrx_word' id='word_1_156' title='bbox 1659 3227 1764 3304; x_wconf 86' lang='lat' dir='ltr'><strong>jus</strong></span> 
     </span>
     <span class='ocr_line' id='line_1_35' title="bbox 235 3319 1763 3400; baseline -0.002 -20"><span class='ocrx_word' id='word_1_157' title='bbox 235 3320 646 3400; x_wconf 86' lang='lat' dir='ltr'><strong>recuperandi</strong></span> <span class='ocrx_word' id='word_1_158' title='bbox 676 3320 728 3380; x_wconf 89' lang='lat' dir='ltr'><strong>si</strong></span> <span class='ocrx_word' id='word_1_159' title='bbox 758 3319 1055 3380; x_wconf 81' lang='lat' dir='ltr'><strong>dedisset.</strong></span> <span class='ocrx_word' id='word_1_160' title='bbox 1109 3320 1314 3391; x_wconf 86' lang='lat' dir='ltr'><strong>Quare</strong></span> <span class='ocrx_word' id='word_1_161' title='bbox 1355 3337 1522 3397; x_wconf 85' lang='lat' dir='ltr'><strong>saepe</strong></span> <span class='ocrx_word' id='word_1_162' title='bbox 1565 3319 1763 3378; x_wconf 86' lang='lat' dir='ltr'><strong>faten-</strong></span> 
     </span>
     <span class='ocr_line' id='line_1_36' title="bbox 234 3410 1766 3490; baseline -0.002 -17"><span class='ocrx_word' id='word_1_163' title='bbox 234 3414 373 3473; x_wconf 89' lang='lat' dir='ltr'><strong>dum</strong></span> <span class='ocrx_word' id='word_1_164' title='bbox 401 3414 541 3490; x_wconf 85' lang='lat' dir='ltr'><strong>erit,</strong></span> <span class='ocrx_word' id='word_1_165' title='bbox 576 3414 664 3472; x_wconf 90' lang='lat' dir='ltr'><strong>de</strong></span> <span class='ocrx_word' id='word_1_166' title='bbox 691 3412 855 3473; x_wconf 88' lang='lat' dir='ltr'><strong>facto</strong></span> <span class='ocrx_word' id='word_1_167' title='bbox 885 3430 1005 3472; x_wconf 90' lang='lat' dir='ltr'><strong>non</strong></span> <span class='ocrx_word' id='word_1_168' title='bbox 1036 3411 1278 3490; x_wconf 89' lang='lat' dir='ltr'><strong>acquiri</strong></span> <span class='ocrx_word' id='word_1_169' title='bbox 1307 3411 1656 3472; x_wconf 90' lang='lat' dir='ltr'><strong>dominium</strong></span> <span class='ocrx_word' id='word_1_170' title='bbox 1688 3410 1766 3470; x_wconf 87' lang='lat' dir='ltr'><strong>ab</strong></span> 
     </span>
     <span class='ocr_line' id='line_1_37' title="bbox 235 3502 1767 3584; baseline -0.003 -18"><span class='ocrx_word' id='word_1_171' title='bbox 235 3506 532 3580; x_wconf 88' lang='lat' dir='ltr'><strong>usurario,</strong></span> <span class='ocrx_word' id='word_1_172' title='bbox 568 3504 722 3584; x_wconf 88' lang='lat' dir='ltr'><strong>quia</strong></span> <span class='ocrx_word' id='word_1_173' title='bbox 750 3505 1168 3566; x_wconf 76' lang='lat' dir='ltr'><strong>mutuatarius</strong></span> <span class='ocrx_word' id='word_1_174' title='bbox 1195 3504 1397 3564; x_wconf 88' lang='lat' dir='ltr'><strong>sciens</strong></span> <span class='ocrx_word' id='word_1_175' title='bbox 1425 3521 1491 3563; x_wconf 90' lang='lat' dir='ltr'><strong>se</strong></span> <span class='ocrx_word' id='word_1_176' title='bbox 1514 3522 1636 3564; x_wconf 90' lang='lat' dir='ltr'><strong>non</strong></span> <span class='ocrx_word' id='word_1_177' title='bbox 1664 3502 1767 3562; x_wconf 90' lang='lat' dir='ltr'><strong>de-</strong></span> 
     </span>
     <span class='ocr_line' id='line_1_38' title="bbox 235 3594 1767 3673; baseline -0.003 -15"><span class='ocrx_word' id='word_1_178' title='bbox 235 3598 375 3658; x_wconf 88' lang='lat' dir='ltr'><strong>bere</strong></span> <span class='ocrx_word' id='word_1_179' title='bbox 401 3598 679 3673; x_wconf 88' lang='lat' dir='ltr'><strong>solvere,</strong></span> <span class='ocrx_word' id='word_1_180' title='bbox 713 3615 838 3656; x_wconf 89' lang='lat' dir='ltr'><strong>non</strong></span> <span class='ocrx_word' id='word_1_181' title='bbox 864 3597 999 3656; x_wconf 91' lang='lat' dir='ltr'><strong>vult</strong></span> <span class='ocrx_word' id='word_1_182' title='bbox 1026 3614 1100 3656; x_wconf 86' lang='lat' dir='ltr'><strong>ex</strong></span> <span class='ocrx_word' id='word_1_183' title='bbox 1129 3594 1338 3655; x_wconf 89' lang='lat' dir='ltr'><strong>animo</strong></span> <span class='ocrx_word' id='word_1_184' title='bbox 1360 3595 1623 3671; x_wconf 88' lang='lat' dir='ltr'><strong>solvere,</strong></span> <span class='ocrx_word' id='word_1_185' title='bbox 1658 3594 1767 3654; x_wconf 87' lang='lat' dir='ltr'><strong>sed</strong></span> 
     </span>
     <span class='ocr_line' id='line_1_39' title="bbox 237 3686 1763 3766; baseline -0.001 -17"><span class='ocrx_word' id='word_1_186' title='bbox 237 3690 426 3750; x_wconf 89' lang='lat' dir='ltr'><strong>solum</strong></span> <span class='ocrx_word' id='word_1_187' title='bbox 456 3688 740 3750; x_wconf 84' lang='lat' dir='ltr'><strong>exterius</strong></span> <span class='ocrx_word' id='word_1_188' title='bbox 770 3688 920 3748; x_wconf 89' lang='lat' dir='ltr'><strong>dare</strong></span> <span class='ocrx_word' id='word_1_189' title='bbox 946 3734 961 3765; x_wconf 87' lang='lat'>,</span> <span class='ocrx_word' id='word_1_190' title='bbox 1014 3691 1271 3766; x_wconf 91' lang='lat' dir='ltr'><strong>propter</strong></span> <span class='ocrx_word' id='word_1_191' title='bbox 1309 3686 1499 3746; x_wconf 84' lang='lat' dir='ltr'><strong>fidem</strong></span> <span class='ocrx_word' id='word_1_192' title='bbox 1528 3686 1763 3748; x_wconf 79' lang='lat' dir='ltr'><strong>datam.</strong></span> 
     </span>
     <span class='ocr_line' id='line_1_40' title="bbox 237 3781 737 3861; baseline -0.006 -18"><span class='ocrx_word' id='word_1_193' title='bbox 237 3783 335 3843; x_wconf 86' lang='lat' dir='ltr'><strong>His</strong></span> <span class='ocrx_word' id='word_1_194' title='bbox 361 3781 737 3861; x_wconf 61' lang='lat' dir='ltr'><strong>suppositis</strong></span> 
     </span>
    </p>

    <p class='ocr_par' dir='ltr' id='par_1_12' title="bbox 237 3871 1775 4690">
     <span class='ocr_line' id='line_1_41' title="bbox 308 3871 1768 3946; baseline -0.004 -11"><span class='ocrx_word' id='word_1_195' title='bbox 308 3875 511 3935; x_wconf 85' lang='lat' dir='ltr'><strong>Prima</strong></span> <span class='ocrx_word' id='word_1_196' title='bbox 546 3873 862 3934; x_wconf 87' lang='lat' dir='ltr'><strong>sententia</strong></span> <span class='ocrx_word' id='word_1_197' title='bbox 892 3873 1229 3932; x_wconf 88' lang='lat' dir='ltr'><strong>multorum</strong></span> <span class='ocrx_word' id='word_1_198' title='bbox 1259 3871 1444 3932; x_wconf 89' lang='lat' dir='ltr'><strong>docet</strong></span> <span class='ocrx_word' id='word_1_199' title='bbox 1466 3917 1481 3946; x_wconf 88' lang='lat'>‚</span> <span class='ocrx_word' id='word_1_200' title='bbox 1515 3889 1639 3931; x_wconf 90' lang='lat' dir='ltr'><strong>non</strong></span> <span class='ocrx_word' id='word_1_201' title='bbox 1671 3887 1768 3929; x_wconf 88' lang='lat' dir='ltr'><strong>ac·</strong></span> 
     </span>
     <span class='ocr_line' id='line_1_42' title="bbox 237 3965 1772 4046; baseline -0.003 -18"><span class='ocrx_word' id='word_1_202' title='bbox 237 3968 388 4046; x_wconf 86' lang='lat' dir='ltr'><strong>quiri</strong></span> <span class='ocrx_word' id='word_1_203' title='bbox 434 3967 517 4028; x_wconf 88' lang='lat' dir='ltr'><strong>ab</strong></span> <span class='ocrx_word' id='word_1_204' title='bbox 564 3966 857 4026; x_wconf 85' lang='lat' dir='ltr'><strong>usurario</strong></span> <span class='ocrx_word' id='word_1_205' title='bbox 908 3965 1274 4025; x_wconf 90' lang='lat' dir='ltr'><strong>dominium.</strong></span> <span class='ocrx_word' id='word_1_206' title='bbox 1335 3966 1512 4023; x_wconf 85' lang='lat' dir='ltr'><strong>Hanc</strong></span> <span class='ocrx_word' id='word_1_207' title='bbox 1554 3966 1772 4025; x_wconf 91' lang='lat' dir='ltr'><strong>tenent</strong></span> 
     </span>
     <span class='ocr_line' id='line_1_43' title="bbox 237 4056 1771 4136; baseline -0.003 -16"><span class='ocrx_word' id='word_1_208' title='bbox 237 4060 459 4120; x_wconf 80' lang='lat' dir='ltr'><strong>Molina</strong></span> <span class='ocrx_word' id='word_1_209' title='bbox 489 4059 663 4136; x_wconf 82' lang='lat' dir='ltr'><strong>disp.</strong></span> <span class='ocrx_word' id='word_1_210' title='bbox 696 4061 834 4118; x_wconf 81' lang='grc'><strong>327.</strong></span> <span class='ocrx_word' id='word_1_211' title='bbox 886 4057 1133 4118; x_wconf 88' lang='lat' dir='ltr'><strong>Lessius</strong></span> <span class='ocrx_word' id='word_1_212' title='bbox 1178 4056 1284 4116; x_wconf 90' lang='lat' dir='ltr'><strong>ubi</strong></span> <span class='ocrx_word' id='word_1_213' title='bbox 1312 4074 1539 4134; x_wconf 88' lang='lat' dir='ltr'><strong>supra,</strong></span> <span class='ocrx_word' id='word_1_214' title='bbox 1595 4056 1771 4116; x_wconf 82' lang='lat' dir='ltr'><strong>Salo·</strong></span> 
     </span>
     <span class='ocr_line' id='line_1_44' title="bbox 239 4148 1764 4228; baseline -0.002 -16"><span class='ocrx_word' id='word_1_215' title='bbox 239 4153 389 4227; x_wconf 80' lang='lat' dir='ltr'><strong>niuS,</strong></span> <span class='ocrx_word' id='word_1_216' title='bbox 421 4154 715 4226; x_wconf 77' lang='lat' dir='ltr'><strong>BanneS,</strong></span> <span class='ocrx_word' id='word_1_217' title='bbox 763 4153 954 4228; x_wconf 81' lang='lat' dir='ltr'><strong>Arag.</strong></span> <span class='ocrx_word' id='word_1_218' title='bbox 1002 4148 1198 4226; x_wconf 86' lang='lat' dir='ltr'><strong>Cajet.</strong></span> <span class='ocrx_word' id='word_1_219' title='bbox 1237 4148 1526 4212; x_wconf 88' lang='lat' dir='ltr'><strong>Altisiod.</strong></span> <span class='ocrx_word' id='word_1_220' title='bbox 1555 4148 1764 4209; x_wconf 76' lang='lat' dir='ltr'><strong>Aleos,</strong></span> 
     </span>
     <span class='ocr_line' id='line_1_45' title="bbox 237 4241 1772 4323; baseline -0.004 -18"><span class='ocrx_word' id='word_1_221' title='bbox 237 4245 459 4308; x_wconf 78' lang='lat' dir='ltr'><strong>Media.</strong></span> <span class='ocrx_word' id='word_1_222' title='bbox 495 4247 729 4305; x_wconf 85' lang='lat' dir='ltr'><strong>Covar.</strong></span> <span class='ocrx_word' id='word_1_223' title='bbox 763 4242 985 4323; x_wconf 86' lang='lat' dir='ltr'><strong>Major,</strong></span> <span class='ocrx_word' id='word_1_224' title='bbox 1011 4242 1357 4318; x_wconf 83' lang='lat' dir='ltr'><strong>AlmainuS‚</strong></span> <span class='ocrx_word' id='word_1_225' title='bbox 1390 4244 1618 4321; x_wconf 89' lang='lat' dir='ltr'><strong>Lopez,</strong></span> <span class='ocrx_word' id='word_1_226' title='bbox 1653 4241 1772 4302; x_wconf 90' lang='lat' dir='ltr'><strong>Sil-</strong></span> 
     </span>
     <span class='ocr_line' id='line_1_46' title="bbox 237 4333 1775 4413; baseline -0.001 -18"><span class='ocrx_word' id='word_1_227' title='bbox 237 4341 456 4413; x_wconf 85' lang='lat' dir='ltr'><strong>vester,</strong></span> <span class='ocrx_word' id='word_1_228' title='bbox 487 4339 696 4413; x_wconf 80' lang='lat' dir='ltr'><strong>vega,</strong></span> <span class='ocrx_word' id='word_1_229' title='bbox 729 4335 1036 4411; x_wconf 85' lang='lat' dir='ltr'><strong>Valentia,</strong></span> <span class='ocrx_word' id='word_1_230' title='bbox 1070 4335 1368 4405; x_wconf 89' lang='lat' dir='ltr'><strong>Navarra,</strong></span> <span class='ocrx_word' id='word_1_231' title='bbox 1405 4333 1675 4395; x_wconf 89' lang='lat' dir='ltr'><strong>Cordub.</strong></span> <span class='ocrx_word' id='word_1_232' title='bbox 1711 4336 1775 4394; x_wconf 89' lang='lat' dir='ltr'><strong>et</strong></span> 
     </span>
     <span class='ocr_line' id='line_1_47' title="bbox 240 4425 1765 4507; baseline -0.001 -21"><span class='ocrx_word' id='word_1_233' title='bbox 240 4429 357 4502; x_wconf 82' lang='lat' dir='ltr'><strong>alii,</strong></span> <span class='ocrx_word' id='word_1_234' title='bbox 391 4447 554 4507; x_wconf 90' lang='lat' dir='ltr'><strong>quos</strong></span> <span class='ocrx_word' id='word_1_235' title='bbox 575 4426 792 4500; x_wconf 76' lang='lat' dir='ltr'><strong>refert,</strong></span> <span class='ocrx_word' id='word_1_236' title='bbox 826 4425 1190 4504; x_wconf 87' lang='lat' dir='ltr'><strong>etsequitur</strong></span> <span class='ocrx_word' id='word_1_237' title='bbox 1210 4425 1386 4485; x_wconf 84' lang='lat' dir='ltr'><strong>Salas</strong></span> <span class='ocrx_word' id='word_1_238' title='bbox 1416 4425 1477 4485; x_wconf 92' lang='lat' dir='ltr'><strong>d.</strong></span> <span class='ocrx_word' id='word_1_239' title='bbox 1504 4441 1765 4485; x_wconf 80' lang='lat' dir='ltr'><strong>xxxvm.</strong></span> 
     </span>
     <span class='ocr_line' id='line_1_48' title="bbox 241 4517 1772 4599; baseline -0.002 -21"><span class='ocrx_word' id='word_1_240' title='bbox 241 4522 520 4599; x_wconf 79' lang='lat' dir='ltr'><strong>vasquez</strong></span> <span class='ocrx_word' id='word_1_241' title='bbox 554 4523 615 4579; x_wconf 74' lang='lat'><strong>1.</strong></span> <span class='ocrx_word' id='word_1_242' title='bbox 651 4521 709 4578; x_wconf 94' lang='grc'><strong>2.</strong></span> <span class='ocrx_word' id='word_1_243' title='bbox 745 4518 904 4596; x_wconf 84' lang='lat' dir='ltr'><strong>disp.</strong></span> <span class='ocrx_word' id='word_1_244' title='bbox 937 4533 1134 4578; x_wconf 84' lang='lat' dir='ltr'><strong>xxvn.</strong></span> <span class='ocrx_word' id='word_1_245' title='bbox 1168 4517 1232 4576; x_wconf 90' lang='lat' dir='ltr'><strong>in</strong></span> <span class='ocrx_word' id='word_1_246' title='bbox 1249 4517 1396 4593; x_wconf 88' lang='lat' dir='ltr'><strong>fine,</strong></span> <span class='ocrx_word' id='word_1_247' title='bbox 1429 4517 1772 4578; x_wconf 82' lang='lat' dir='ltr'><strong>Turrianus</strong></span> 
     </span>
     <span class='ocr_line' id='line_1_49' title="bbox 241 4609 1115 4690; baseline -0.002 -18"><span class='ocrx_word' id='word_1_248' title='bbox 241 4612 394 4690; x_wconf 83' lang='lat' dir='ltr'><strong>disp.</strong></span> <span class='ocrx_word' id='word_1_249' title='bbox 427 4627 582 4672; x_wconf 73' lang='lat' dir='ltr'><strong>un.</strong></span> <span class='ocrx_word' id='word_1_250' title='bbox 620 4609 771 4670; x_wconf 87' lang='lat' dir='ltr'><strong>dub.</strong></span> <span class='ocrx_word' id='word_1_251' title='bbox 806 4614 864 4669; x_wconf 89' lang='grc'><strong>2.</strong></span> <span class='ocrx_word' id='word_1_252' title='bbox 900 4613 962 4669; x_wconf 91' lang='lat' dir='ltr'><strong>et</strong></span> <span class='ocrx_word' id='word_1_253' title='bbox 989 4610 1115 4670; x_wconf 89' lang='lat' dir='ltr'><strong>alii.</strong></span> 
     </span>
    </p>

    <p class='ocr_par' dir='ltr' id='par_1_13' title="bbox 243 4700 1782 5229">
     <span class='ocr_line' id='line_1_50' title="bbox 315 4700 1776 4780; baseline -0.005 -15"><span class='ocrx_word' id='word_1_254' title='bbox 315 4703 614 4765; x_wconf 86' lang='lat' dir='ltr'><strong>Secunda</strong></span> <span class='ocrx_word' id='word_1_255' title='bbox 670 4701 981 4762; x_wconf 89' lang='lat' dir='ltr'><strong>sententia</strong></span> <span class='ocrx_word' id='word_1_256' title='bbox 1027 4701 1339 4763; x_wconf 82' lang='lat' dir='ltr'><strong>consentit</strong></span> <span class='ocrx_word' id='word_1_257' title='bbox 1384 4719 1526 4761; x_wconf 84' lang='lat' dir='ltr'><strong>cum</strong></span> <span class='ocrx_word' id='word_1_258' title='bbox 1571 4700 1776 4780; x_wconf 88' lang='lat' dir='ltr'><strong>prima</strong></span> 
     </span>
     <span class='ocr_line' id='line_1_51' title="bbox 243 4792 1779 4877; baseline -0.005 -19"><span class='ocrx_word' id='word_1_259' title='bbox 243 4797 444 4877; x_wconf 88' lang='lat' dir='ltr'><strong>quoad</strong></span> <span class='ocrx_word' id='word_1_260' title='bbox 472 4814 581 4856; x_wconf 87' lang='lat' dir='ltr'><strong>res</strong></span> <span class='ocrx_word' id='word_1_261' title='bbox 612 4813 728 4854; x_wconf 88' lang='lat' dir='ltr'><strong>usu</strong></span> <span class='ocrx_word' id='word_1_262' title='bbox 760 4812 884 4853; x_wconf 92' lang='lat' dir='ltr'><strong>non</strong></span> <span class='ocrx_word' id='word_1_263' title='bbox 906 4793 1416 4872; x_wconf 86' lang='lat' dir='ltr'><strong>consumptibiles</strong></span> <span class='ocrx_word' id='word_1_264' title='bbox 1445 4813 1460 4866; x_wconf 87' lang='lat'>;</span> <span class='ocrx_word' id='word_1_265' title='bbox 1495 4792 1779 4853; x_wconf 89' lang='lat' dir='ltr'><strong>dissentit</strong></span> 
     </span>
     <span class='ocr_line' id='line_1_52' title="bbox 244 4883 1781 4968; baseline -0.004 -20"><span class='ocrx_word' id='word_1_266' title='bbox 244 4908 386 4950; x_wconf 87' lang='lat' dir='ltr'><strong>vero</strong></span> <span class='ocrx_word' id='word_1_267' title='bbox 417 4887 636 4968; x_wconf 87' lang='lat' dir='ltr'><strong>quoad</strong></span> <span class='ocrx_word' id='word_1_268' title='bbox 681 4905 783 4946; x_wconf 89' lang='lat' dir='ltr'><strong>res</strong></span> <span class='ocrx_word' id='word_1_269' title='bbox 828 4906 941 4946; x_wconf 88' lang='lat' dir='ltr'><strong>usu</strong></span> <span class='ocrx_word' id='word_1_270' title='bbox 999 4885 1553 4964; x_wconf 88' lang='lat' dir='ltr'><strong>consumptibiles‚</strong></span> <span class='ocrx_word' id='word_1_271' title='bbox 1600 4883 1781 4962; x_wconf 88' lang='lat' dir='ltr'><strong>cujus</strong></span> 
     </span>
     <span class='ocr_line' id='line_1_53' title="bbox 245 4978 1780 5055; baseline -0.005 -13"><span class='ocrx_word' id='word_1_272' title='bbox 245 4987 531 5043; x_wconf 80' lang='lat' dir='ltr'><strong>auctores</strong></span> <span class='ocrx_word' id='word_1_273' title='bbox 563 4980 761 5040; x_wconf 85' lang='lat' dir='ltr'><strong>refert</strong></span> <span class='ocrx_word' id='word_1_274' title='bbox 799 4978 966 5038; x_wconf 91' lang='lat' dir='ltr'><strong>idem</strong></span> <span class='ocrx_word' id='word_1_275' title='bbox 996 4979 1173 5040; x_wconf 88' lang='lat' dir='ltr'><strong>Salas</strong></span> <span class='ocrx_word' id='word_1_276' title='bbox 1216 4996 1388 5038; x_wconf 91' lang='lat' dir='ltr'><strong>num.</strong></span> <span class='ocrx_word' id='word_1_277' title='bbox 1420 4982 1479 5039; x_wconf 66' lang='lat'><strong>4.</strong></span> <span class='ocrx_word' id='word_1_278' title='bbox 1516 4992 1780 5055; x_wconf 84' lang='lat' dir='ltr'><strong>eamque</strong></span> 
     </span>
     <span class='ocr_line' id='line_1_54' title="bbox 248 5070 1782 5149; baseline -0.005 -15"><span class='ocrx_word' id='word_1_279' title='bbox 248 5073 660 5134; x_wconf 83' lang='lat' dir='ltr'><strong>fundamento</strong></span> <span class='ocrx_word' id='word_1_280' title='bbox 716 5089 929 5131; x_wconf 87' lang='lat' dir='ltr'><strong>carere</strong></span> <span class='ocrx_word' id='word_1_281' title='bbox 986 5076 1047 5132; x_wconf 91' lang='lat' dir='ltr'><strong>et</strong></span> <span class='ocrx_word' id='word_1_282' title='bbox 1100 5070 1578 5149; x_wconf 83' lang='lat' dir='ltr'><strong>improbabilem</strong></span> <span class='ocrx_word' id='word_1_283' title='bbox 1647 5086 1782 5129; x_wconf 89' lang='lat' dir='ltr'><strong>esse</strong></span> 
     </span>
     <span class='ocr_line' id='line_1_55' title="bbox 253 5166 585 5229; baseline -0.003 -4"><span class='ocrx_word' id='word_1_284' title='bbox 253 5166 397 5226; x_wconf 88' lang='lat' dir='ltr'><strong>dicit</strong></span> <span class='ocrx_word' id='word_1_285' title='bbox 425 5185 489 5229; x_wconf 93' lang='lat' dir='ltr'><strong>n.</strong></span> <span class='ocrx_word' id='word_1_286' title='bbox 521 5168 585 5225; x_wconf 89' lang='grc'><strong>6.</strong></span> 
     </span>
    </p>

    <p class='ocr_par' dir='ltr' id='par_1_14' title="bbox 255 5254 1791 5612">
     <span class='ocr_line' id='line_1_56' title="bbox 325 5254 1789 5331; baseline -0.004 -11"><span class='ocrx_word' id='word_1_287' title='bbox 325 5257 540 5320; x_wconf 82' lang='lat' dir='ltr'><strong>Tertia</strong></span> <span class='ocrx_word' id='word_1_288' title='bbox 567 5256 881 5317; x_wconf 89' lang='lat' dir='ltr'><strong>sententia</strong></span> <span class='ocrx_word' id='word_1_289' title='bbox 911 5256 1061 5318; x_wconf 88' lang='lat' dir='ltr'><strong>satis</strong></span> <span class='ocrx_word' id='word_1_290' title='bbox 1089 5258 1277 5318; x_wconf 88' lang='lat' dir='ltr'><strong>etiam</strong></span> <span class='ocrx_word' id='word_1_291' title='bbox 1309 5254 1658 5316; x_wconf 88' lang='lat' dir='ltr'><strong>communis</strong></span> <span class='ocrx_word' id='word_1_292' title='bbox 1677 5301 1692 5331; x_wconf 91' lang='lat'>‚</span> <span class='ocrx_word' id='word_1_293' title='bbox 1726 5258 1789 5314; x_wconf 88' lang='lat' dir='ltr'><strong>et</strong></span> 
     </span>
     <span class='ocr_line' id='line_1_57' title="bbox 255 5348 1788 5430; baseline -0.003 -20"><span class='ocrx_word' id='word_1_294' title='bbox 255 5370 388 5430; x_wconf 85' lang='lat' dir='ltr'><strong>quae</strong></span> <span class='ocrx_word' id='word_1_295' title='bbox 417 5349 579 5410; x_wconf 82' lang='lat' dir='ltr'><strong>mihi</strong></span> <span class='ocrx_word' id='word_1_296' title='bbox 608 5348 818 5427; x_wconf 88' lang='lat' dir='ltr'><strong>magis</strong></span> <span class='ocrx_word' id='word_1_297' title='bbox 847 5349 1086 5426; x_wconf 87' lang='lat' dir='ltr'><strong>placet,</strong></span> <span class='ocrx_word' id='word_1_298' title='bbox 1121 5350 1395 5408; x_wconf 79' lang='lat' dir='ltr'><strong>affirmat</strong></span> <span class='ocrx_word' id='word_1_299' title='bbox 1432 5348 1788 5408; x_wconf 86' lang='lat' dir='ltr'><strong>usurarium</strong></span> 
     </span>
     <span class='ocr_line' id='line_1_58' title="bbox 256 5440 1790 5522; baseline -0.003 -19"><span class='ocrx_word' id='word_1_300' title='bbox 256 5443 582 5522; x_wconf 82' lang='lat' dir='ltr'><strong>acquirere</strong></span> <span class='ocrx_word' id='word_1_301' title='bbox 602 5440 952 5502; x_wconf 87' lang='lat' dir='ltr'><strong>dominium</strong></span> <span class='ocrx_word' id='word_1_302' title='bbox 970 5459 1326 5516; x_wconf 88' lang='lat' dir='ltr'><strong>usurarum,</strong></span> <span class='ocrx_word' id='word_1_303' title='bbox 1352 5441 1556 5500; x_wconf 86' lang='lat' dir='ltr'><strong>debile</strong></span> <span class='ocrx_word' id='word_1_304' title='bbox 1579 5446 1790 5501; x_wconf 85' lang='lat' dir='ltr'><strong>tamen</strong></span> 
     </span>
     <span class='ocr_line' id='line_1_59' title="bbox 257 5531 1791 5612; baseline -0.005 -15"><span class='ocrx_word' id='word_1_305' title='bbox 257 5544 318 5597; x_wconf 84' lang='lat' dir='ltr'><strong>et</strong></span> <span class='ocrx_word' id='word_1_306' title='bbox 369 5553 515 5596; x_wconf 88' lang='lat' dir='ltr'><strong>cum</strong></span> <span class='ocrx_word' id='word_1_307' title='bbox 574 5531 961 5612; x_wconf 80' lang='lat' dir='ltr'><strong>obligatione</strong></span> <span class='ocrx_word' id='word_1_308' title='bbox 1013 5533 1379 5595; x_wconf 88' lang='lat' dir='ltr'><strong>omnimoda</strong></span> <span class='ocrx_word' id='word_1_309' title='bbox 1422 5531 1791 5593; x_wconf 86' lang='lat' dir='ltr'><strong>restituendi</strong></span> 
     </span>
    </p>
   </div>
   <div class='ocr_carea' id='block_1_10' title="bbox 3272 374 3390 433">
    <p class='ocr_par' dir='ltr' id='par_1_15' title="bbox 3272 374 3390 433">
     <span class='ocr_line' id='line_1_60' title="bbox 3272 374 3390 433; baseline -0.017 0"><span class='ocrx_word' id='word_1_310' title='bbox 3272 374 3390 433; x_wconf 75' lang='lat'><strong>245</strong></span> 
     </span>
    </p>
   </div>
   <div class='ocr_carea' id='block_1_11' title="bbox 1854 551 3418 5612">
    <p class='ocr_par' dir='ltr' id='par_1_16' title="bbox 1861 551 3390 1092">
     <span class='ocr_line' id='line_1_61' title="bbox 1863 551 3390 633; baseline -0.003 -20"><span class='ocrx_word' id='word_1_311' title='bbox 1863 553 2170 633; x_wconf 88' lang='lat' dir='ltr'><strong>quidquid</strong></span> <span class='ocrx_word' id='word_1_312' title='bbox 2200 552 2461 630; x_wconf 85' lang='lat' dir='ltr'><strong>accepit,</strong></span> <span class='ocrx_word' id='word_1_313' title='bbox 2497 551 2659 612; x_wconf 88' lang='lat' dir='ltr'><strong>hanc</strong></span> <span class='ocrx_word' id='word_1_314' title='bbox 2687 556 2861 613; x_wconf 91' lang='lat' dir='ltr'><strong>tenet</strong></span> <span class='ocrx_word' id='word_1_315' title='bbox 2888 553 2951 613; x_wconf 90' lang='lat' dir='ltr'><strong>S.</strong></span> <span class='ocrx_word' id='word_1_316' title='bbox 2984 551 3206 612; x_wconf 87' lang='lat' dir='ltr'><strong>Thom.</strong></span> <span class='ocrx_word' id='word_1_317' title='bbox 3241 569 3390 629; x_wconf 91' lang='lat' dir='ltr'><strong>opu·</strong></span> 
     </span>
     <span class='ocr_line' id='line_1_62' title="bbox 1861 644 3388 723; baseline -0.004 -16"><span class='ocrx_word' id='word_1_318' title='bbox 1861 646 2031 707; x_wconf 81' lang='lat' dir='ltr'><strong>sculo</strong></span> <span class='ocrx_word' id='word_1_319' title='bbox 2049 662 2260 706; x_wconf 77' lang='lat' dir='ltr'><strong>Lxxm.</strong></span> <span class='ocrx_word' id='word_1_320' title='bbox 2285 644 2355 705; x_wconf 81' lang='lat' dir='ltr'><strong>de</strong></span> <span class='ocrx_word' id='word_1_321' title='bbox 2372 644 2561 704; x_wconf 81' lang='lat' dir='ltr'><strong>usuris</strong></span> <span class='ocrx_word' id='word_1_322' title='bbox 2581 662 2719 723; x_wconf 89' lang='lat' dir='ltr'><strong>cap.</strong></span> <span class='ocrx_word' id='word_1_323' title='bbox 2733 661 2869 705; x_wconf 68' lang='lat' dir='ltr'><strong>xlx.</strong></span> <span class='ocrx_word' id='word_1_324' title='bbox 2894 647 2976 705; x_wconf 87' lang='lat' dir='ltr'><strong>Sa</strong></span> <span class='ocrx_word' id='word_1_325' title='bbox 2995 644 3169 704; x_wconf 86' lang='lat' dir='ltr'><strong>verb.</strong></span> <span class='ocrx_word' id='word_1_326' title='bbox 3188 662 3388 719; x_wconf 80' lang='lat' dir='ltr'><strong>usura,</strong></span> 
     </span>
     <span class='ocr_line' id='line_1_63' title="bbox 1862 736 3387 815; baseline -0.001 -19"><span class='ocrx_word' id='word_1_327' title='bbox 1862 756 2035 799; x_wconf 89' lang='lat' dir='ltr'><strong>num.</strong></span> <span class='ocrx_word' id='word_1_328' title='bbox 2069 742 2127 798; x_wconf 90' lang='grc'><strong>2.</strong></span> <span class='ocrx_word' id='word_1_329' title='bbox 2166 737 2382 798; x_wconf 88' lang='lat' dir='ltr'><strong>Palud.</strong></span> <span class='ocrx_word' id='word_1_330' title='bbox 2417 737 2660 815; x_wconf 85' lang='lat' dir='ltr'><strong>glossa,</strong></span> <span class='ocrx_word' id='word_1_331' title='bbox 2695 737 3029 812; x_wconf 79' lang='lat' dir='ltr'><strong>AdrianuS‚</strong></span> <span class='ocrx_word' id='word_1_332' title='bbox 3063 736 3387 811; x_wconf 72' lang='lat' dir='ltr'><strong>Henricu3‚</strong></span> 
     </span>
     <span class='ocr_line' id='line_1_64' title="bbox 1862 828 3387 907; baseline -0.002 -15"><span class='ocrx_word' id='word_1_333' title='bbox 1862 829 2121 892; x_wconf 84' lang='lat' dir='ltr'><strong>Armilla</strong></span> <span class='ocrx_word' id='word_1_334' title='bbox 2146 877 2161 907; x_wconf 91' lang='lat'>‚</span> <span class='ocrx_word' id='word_1_335' title='bbox 2197 832 2424 890; x_wconf 86' lang='lat' dir='ltr'><strong>Navar.</strong></span> <span class='ocrx_word' id='word_1_336' title='bbox 2461 829 2721 891; x_wconf 84' lang='lat' dir='ltr'><strong>Tabien.</strong></span> <span class='ocrx_word' id='word_1_337' title='bbox 2774 832 3066 889; x_wconf 84' lang='lat' dir='ltr'><strong>Panorm.</strong></span> <span class='ocrx_word' id='word_1_338' title='bbox 3093 828 3387 889; x_wconf 88' lang='lat' dir='ltr'><strong>Antonin.</strong></span> 
     </span>
     <span class='ocr_line' id='line_1_65' title="bbox 1864 919 3390 1001; baseline -0.002 -20"><span class='ocrx_word' id='word_1_339' title='bbox 1864 926 1928 982; x_wconf 91' lang='lat' dir='ltr'><strong>et</strong></span> <span class='ocrx_word' id='word_1_340' title='bbox 1968 921 2099 994; x_wconf 88' lang='lat' dir='ltr'><strong>alii,</strong></span> <span class='ocrx_word' id='word_1_341' title='bbox 2137 940 2293 1001; x_wconf 89' lang='lat' dir='ltr'><strong>quos</strong></span> <span class='ocrx_word' id='word_1_342' title='bbox 2321 923 2504 982; x_wconf 82' lang='lat' dir='ltr'><strong>affert</strong></span> <span class='ocrx_word' id='word_1_343' title='bbox 2549 919 2715 980; x_wconf 88' lang='lat' dir='ltr'><strong>idem</strong></span> <span class='ocrx_word' id='word_1_344' title='bbox 2763 921 2940 982; x_wconf 88' lang='lat' dir='ltr'><strong>Salas</strong></span> <span class='ocrx_word' id='word_1_345' title='bbox 2984 938 3155 981; x_wconf 92' lang='lat' dir='ltr'><strong>num.</strong></span> <span class='ocrx_word' id='word_1_346' title='bbox 3192 922 3250 984; x_wconf 80' lang='lat' dir='ltr'><strong>l.</strong></span> <span class='ocrx_word' id='word_1_347' title='bbox 3285 919 3390 998; x_wconf 89' lang='lat' dir='ltr'><strong>qui</strong></span> 
     </span>
     <span class='ocr_line' id='line_1_66' title="bbox 1864 1012 3060 1092; baseline -0.001 -17"><span class='ocrx_word' id='word_1_348' title='bbox 1864 1033 2004 1076; x_wconf 88' lang='lat' dir='ltr'><strong>eam</strong></span> <span class='ocrx_word' id='word_1_349' title='bbox 2032 1013 2421 1092; x_wconf 88' lang='lat' dir='ltr'><strong>prohabilem</strong></span> <span class='ocrx_word' id='word_1_350' title='bbox 2452 1031 2587 1072; x_wconf 90' lang='lat' dir='ltr'><strong>esse</strong></span> <span class='ocrx_word' id='word_1_351' title='bbox 2618 1012 2769 1074; x_wconf 90' lang='lat' dir='ltr'><strong>dicit</strong></span> <span class='ocrx_word' id='word_1_352' title='bbox 2799 1030 2968 1074; x_wconf 90' lang='lat' dir='ltr'><strong>num.</strong></span> <span class='ocrx_word' id='word_1_353' title='bbox 3002 1018 3060 1073; x_wconf 87' lang='grc'><strong>2.</strong></span> 
     </span>
    </p>

    <p class='ocr_par' dir='ltr' id='par_1_17' title="bbox 1854 1105 3399 4316">
     <span class='ocr_line' id='line_1_67' title="bbox 1944 1105 3389 1184; baseline -0.001 -17"><span class='ocrx_word' id='word_1_354' title='bbox 1944 1107 2200 1168; x_wconf 85' lang='lat' dir='ltr'><strong>Omissis</strong></span> <span class='ocrx_word' id='word_1_355' title='bbox 2229 1106 2366 1165; x_wconf 86' lang='lat' dir='ltr'><strong>aliis</strong></span> <span class='ocrx_word' id='word_1_356' title='bbox 2392 1105 2781 1184; x_wconf 84' lang='lat' dir='ltr'><strong>argumentis</strong></span> <span class='ocrx_word' id='word_1_357' title='bbox 2812 1123 2949 1184; x_wconf 83' lang='lat' dir='ltr'><strong>quae</strong></span> <span class='ocrx_word' id='word_1_358' title='bbox 2971 1124 3082 1184; x_wconf 92' lang='lat' dir='ltr'><strong>pro</strong></span> <span class='ocrx_word' id='word_1_359' title='bbox 3110 1106 3228 1165; x_wconf 89' lang='lat' dir='ltr'><strong>hac</strong></span> <span class='ocrx_word' id='word_1_360' title='bbox 3256 1124 3389 1165; x_wconf 88' lang='lat' dir='ltr'><strong>sen·</strong></span> 
     </span>
     <span class='ocr_line' id='line_1_68' title="bbox 1861 1197 3392 1278; baseline -0.001 -19"><span class='ocrx_word' id='word_1_361' title='bbox 1861 1199 2057 1260; x_wconf 86' lang='lat' dir='ltr'><strong>tentia</strong></span> <span class='ocrx_word' id='word_1_362' title='bbox 2087 1199 2296 1258; x_wconf 85' lang='lat' dir='ltr'><strong>afferri</strong></span> <span class='ocrx_word' id='word_1_363' title='bbox 2327 1198 2567 1273; x_wconf 88' lang='lat' dir='ltr'><strong>solent,</strong></span> <span class='ocrx_word' id='word_1_364' title='bbox 2618 1198 2919 1276; x_wconf 79' lang='lat' dir='ltr'><strong>probatur</strong></span> <span class='ocrx_word' id='word_1_365' title='bbox 2943 1197 3144 1277; x_wconf 90' lang='lat' dir='ltr'><strong>primo</strong></span> <span class='ocrx_word' id='word_1_366' title='bbox 3169 1245 3183 1274; x_wconf 93' lang='lat'><strong>,</strong></span> <span class='ocrx_word' id='word_1_367' title='bbox 3246 1199 3392 1278; x_wconf 88' lang='lat' dir='ltr'><strong>quia</strong></span> 
     </span>
     <span class='ocr_line' id='line_1_69' title="bbox 1863 1288 3391 1371; baseline 0 -21"><span class='ocrx_word' id='word_1_368' title='bbox 1863 1308 2003 1371; x_wconf 80' lang='lat' dir='ltr'><strong>quae</strong></span> <span class='ocrx_word' id='word_1_369' title='bbox 2034 1290 2114 1350; x_wconf 91' lang='lat' dir='ltr'><strong>ob</strong></span> <span class='ocrx_word' id='word_1_370' title='bbox 2149 1292 2387 1349; x_wconf 87' lang='lat' dir='ltr'><strong>metum</strong></span> <span class='ocrx_word' id='word_1_371' title='bbox 2418 1288 2608 1350; x_wconf 87' lang='lat' dir='ltr'><strong>etiam</strong></span> <span class='ocrx_word' id='word_1_372' title='bbox 2637 1288 2866 1368; x_wconf 89' lang='lat' dir='ltr'><strong>injuste</strong></span> <span class='ocrx_word' id='word_1_373' title='bbox 2896 1290 3136 1351; x_wconf 86' lang='lat' dir='ltr'><strong>illatum</strong></span> <span class='ocrx_word' id='word_1_374' title='bbox 3168 1291 3391 1350; x_wconf 90' lang='lat' dir='ltr'><strong>caden-</strong></span> 
     </span>
     <span class='ocr_line' id='line_1_70' title="bbox 1862 1381 3392 1444; baseline -0.001 -1"><span class='ocrx_word' id='word_1_375' title='bbox 1862 1388 1989 1444; x_wconf 88' lang='lat' dir='ltr'><strong>tem</strong></span> <span class='ocrx_word' id='word_1_376' title='bbox 2020 1383 2081 1442; x_wconf 92' lang='lat' dir='ltr'><strong>in</strong></span> <span class='ocrx_word' id='word_1_377' title='bbox 2111 1387 2501 1443; x_wconf 80' lang='lat' dir='ltr'><strong>constantem</strong></span> <span class='ocrx_word' id='word_1_378' title='bbox 2528 1381 2734 1441; x_wconf 87' lang='lat' dir='ltr'><strong>virum</strong></span> <span class='ocrx_word' id='word_1_379' title='bbox 2752 1382 2983 1442; x_wconf 88' lang='lat' dir='ltr'><strong>dantur</strong></span> <span class='ocrx_word' id='word_1_380' title='bbox 3001 1382 3219 1442; x_wconf 85' lang='lat' dir='ltr'><strong>saltem</strong></span> <span class='ocrx_word' id='word_1_381' title='bbox 3250 1400 3392 1442; x_wconf 91' lang='lat' dir='ltr'><strong>con-</strong></span> 
     </span>
     <span class='ocr_line' id='line_1_71' title="bbox 1860 1474 3394 1551; baseline -0.002 -15"><span class='ocrx_word' id='word_1_382' title='bbox 1860 1479 2061 1536; x_wconf 88' lang='lat' dir='ltr'><strong>tractu</strong></span> <span class='ocrx_word' id='word_1_383' title='bbox 2094 1492 2382 1551; x_wconf 89' lang='lat' dir='ltr'><strong>oneros0,</strong></span> <span class='ocrx_word' id='word_1_384' title='bbox 2414 1479 2743 1536; x_wconf 89' lang='lat' dir='ltr'><strong>transeunt</strong></span> <span class='ocrx_word' id='word_1_385' title='bbox 2770 1474 2834 1534; x_wconf 92' lang='lat' dir='ltr'><strong>in</strong></span> <span class='ocrx_word' id='word_1_386' title='bbox 2855 1475 3200 1535; x_wconf 90' lang='lat' dir='ltr'><strong>dominium</strong></span> <span class='ocrx_word' id='word_1_387' title='bbox 3229 1476 3394 1535; x_wconf 90' lang='lat' dir='ltr'><strong>acci-</strong></span> 
     </span>
     <span class='ocr_line' id='line_1_72' title="bbox 1860 1565 3395 1646; baseline 0.001 -20"><span class='ocrx_word' id='word_1_388' title='bbox 1860 1566 2110 1646; x_wconf 81' lang='lat' dir='ltr'><strong>pientiS‚</strong></span> <span class='ocrx_word' id='word_1_389' title='bbox 2144 1567 2289 1628; x_wconf 89' lang='lat' dir='ltr'><strong>licet</strong></span> <span class='ocrx_word' id='word_1_390' title='bbox 2316 1585 2458 1627; x_wconf 89' lang='lat' dir='ltr'><strong>cum</strong></span> <span class='ocrx_word' id='word_1_391' title='bbox 2489 1565 2870 1645; x_wconf 88' lang='lat' dir='ltr'><strong>obligatione</strong></span> <span class='ocrx_word' id='word_1_392' title='bbox 2900 1567 3291 1644; x_wconf 88' lang='lat' dir='ltr'><strong>restituendi,</strong></span> <span class='ocrx_word' id='word_1_393' title='bbox 3326 1571 3395 1628; x_wconf 87' lang='lat' dir='ltr'><strong>ut</strong></span> 
     </span>
     <span class='ocr_line' id='line_1_73' title="bbox 1859 1659 3387 1737; baseline -0.001 -16"><span class='ocrx_word' id='word_1_394' title='bbox 1859 1678 2003 1721; x_wconf 88' lang='lat' dir='ltr'><strong>cum</strong></span> <span class='ocrx_word' id='word_1_395' title='bbox 2033 1659 2169 1720; x_wconf 86' lang='lat' dir='ltr'><strong>aliis</strong></span> <span class='ocrx_word' id='word_1_396' title='bbox 2198 1659 2409 1720; x_wconf 89' lang='lat' dir='ltr'><strong>multis</strong></span> <span class='ocrx_word' id='word_1_397' title='bbox 2438 1659 2563 1720; x_wconf 89' lang='lat' dir='ltr'><strong>late</strong></span> <span class='ocrx_word' id='word_1_398' title='bbox 2595 1659 3002 1736; x_wconf 87' lang='lat' dir='ltr'><strong>probavimus</strong></span> <span class='ocrx_word' id='word_1_399' title='bbox 3042 1659 3201 1737; x_wconf 87' lang='lat' dir='ltr'><strong>disp.</strong></span> <span class='ocrx_word' id='word_1_400' title='bbox 3234 1676 3387 1720; x_wconf 85' lang='lat' dir='ltr'><strong>xxn.</strong></span> 
     </span>
     <span class='ocr_line' id='line_1_74' title="bbox 1859 1750 3396 1829; baseline -0.001 -16"><span class='ocrx_word' id='word_1_401' title='bbox 1859 1751 1929 1813; x_wconf 89' lang='lat' dir='ltr'><strong>de</strong></span> <span class='ocrx_word' id='word_1_402' title='bbox 1955 1750 2344 1812; x_wconf 78' lang='lat' dir='ltr'><strong>contractibus</strong></span> <span class='ocrx_word' id='word_1_403' title='bbox 2373 1750 2433 1809; x_wconf 80' lang='lat' dir='ltr'><strong>in</strong></span> <span class='ocrx_word' id='word_1_404' title='bbox 2458 1769 2666 1829; x_wconf 71' lang='lat' dir='ltr'><strong>qenere</strong></span> <span class='ocrx_word' id='word_1_405' title='bbox 2691 1755 2844 1812; x_wconf 91' lang='lat' dir='ltr'><strong>sect.</strong></span> <span class='ocrx_word' id='word_1_406' title='bbox 2878 1769 2988 1812; x_wconf 82' lang='lat' dir='ltr'><strong>vn.</strong></span> <span class='ocrx_word' id='word_1_407' title='bbox 3024 1752 3259 1812; x_wconf 85' lang='lat' dir='ltr'><strong>Eadem</strong></span> <span class='ocrx_word' id='word_1_408' title='bbox 3290 1770 3396 1812; x_wconf 87' lang='lat' dir='ltr'><strong>au-</strong></span> 
     </span>
     <span class='ocr_line' id='line_1_75' title="bbox 1857 1842 3390 1922; baseline -0.002 -15"><span class='ocrx_word' id='word_1_409' title='bbox 1857 1850 1985 1907; x_wconf 78' lang='lat' dir='ltr'><strong>tem</strong></span> <span class='ocrx_word' id='word_1_410' title='bbox 2015 1848 2388 1922; x_wconf 86' lang='lat' dir='ltr'><strong>argumenta</strong></span> <span class='ocrx_word' id='word_1_411' title='bbox 2414 1842 2709 1905; x_wconf 89' lang='lat' dir='ltr'><strong>videntur</strong></span> <span class='ocrx_word' id='word_1_412' title='bbox 2750 1844 3093 1921; x_wconf 89' lang='lat' dir='ltr'><strong>procedere</strong></span> <span class='ocrx_word' id='word_1_413' title='bbox 3136 1844 3199 1903; x_wconf 91' lang='lat' dir='ltr'><strong>in</strong></span> <span class='ocrx_word' id='word_1_414' title='bbox 3243 1862 3390 1904; x_wconf 87' lang='lat' dir='ltr'><strong>casu</strong></span> 
     </span>
     <span class='ocr_line' id='line_1_76' title="bbox 1859 1935 3392 2015; baseline -0.001 -18"><span class='ocrx_word' id='word_1_415' title='bbox 1859 1941 2069 1998; x_wconf 88' lang='lat' dir='ltr'><strong>nostro</strong></span> <span class='ocrx_word' id='word_1_416' title='bbox 2090 1982 2105 2012; x_wconf 93' lang='lat'>,</span> <span class='ocrx_word' id='word_1_417' title='bbox 2156 1940 2218 1997; x_wconf 89' lang='lat' dir='ltr'><strong>et</strong></span> <span class='ocrx_word' id='word_1_418' title='bbox 2246 1936 2531 2015; x_wconf 89' lang='lat' dir='ltr'><strong>quamvis</strong></span> <span class='ocrx_word' id='word_1_419' title='bbox 2569 1935 2655 1995; x_wconf 92' lang='lat' dir='ltr'><strong>ibi</strong></span> <span class='ocrx_word' id='word_1_420' title='bbox 2685 1955 2758 1995; x_wconf 85' lang='lat' dir='ltr'><strong>ex</strong></span> <span class='ocrx_word' id='word_1_421' title='bbox 2788 1936 3053 1995; x_wconf 87' lang='lat' dir='ltr'><strong>aliorum</strong></span> <span class='ocrx_word' id='word_1_422' title='bbox 3084 1937 3392 1997; x_wconf 87' lang='lat' dir='ltr'><strong>sententia</strong></span> 
     </span>
     <span class='ocr_line' id='line_1_77' title="bbox 1858 2028 3386 2107; baseline -0.001 -17"><span class='ocrx_word' id='word_1_423' title='bbox 1858 2029 2252 2090; x_wconf 86' lang='lat' dir='ltr'><strong>attulerimus</strong></span> <span class='ocrx_word' id='word_1_424' title='bbox 2297 2029 2607 2090; x_wconf 85' lang='lat' dir='ltr'><strong>rationem</strong></span> <span class='ocrx_word' id='word_1_425' title='bbox 2662 2029 2939 2107; x_wconf 89' lang='lat' dir='ltr'><strong>aliquam</strong></span> <span class='ocrx_word' id='word_1_426' title='bbox 2994 2028 3386 2105; x_wconf 70' lang='lat' dir='ltr'><strong>differentiae,</strong></span> 
     </span>
     <span class='ocr_line' id='line_1_78' title="bbox 1858 2120 3393 2183; baseline -0.001 -1"><span class='ocrx_word' id='word_1_427' title='bbox 1858 2125 2254 2183; x_wconf 86' lang='lat' dir='ltr'><strong>reservantes</strong></span> <span class='ocrx_word' id='word_1_428' title='bbox 2310 2123 2588 2180; x_wconf 87' lang='lat' dir='ltr'><strong>nostram</strong></span> <span class='ocrx_word' id='word_1_429' title='bbox 2644 2121 3019 2181; x_wconf 84' lang='lat' dir='ltr'><strong>sententiam</strong></span> <span class='ocrx_word' id='word_1_430' title='bbox 3089 2121 3171 2181; x_wconf 90' lang='lat' dir='ltr'><strong>ad</strong></span> <span class='ocrx_word' id='word_1_431' title='bbox 3226 2120 3393 2182; x_wconf 89' lang='lat' dir='ltr'><strong>hunc</strong></span> 
     </span>
     <span class='ocr_line' id='line_1_79' title="bbox 1857 2213 3394 2292; baseline 0.001 -19"><span class='ocrx_word' id='word_1_432' title='bbox 1857 2213 2088 2289; x_wconf 88' lang='lat' dir='ltr'><strong>locum,</strong></span> <span class='ocrx_word' id='word_1_433' title='bbox 2122 2231 2190 2273; x_wconf 92' lang='lat' dir='ltr'><strong>re</strong></span> <span class='ocrx_word' id='word_1_434' title='bbox 2221 2217 2429 2273; x_wconf 85' lang='lat' dir='ltr'><strong>tamen</strong></span> <span class='ocrx_word' id='word_1_435' title='bbox 2460 2231 2611 2273; x_wconf 87' lang='lat' dir='ltr'><strong>vera</strong></span> <span class='ocrx_word' id='word_1_436' title='bbox 2632 2231 2755 2273; x_wconf 90' lang='lat' dir='ltr'><strong>non</strong></span> <span class='ocrx_word' id='word_1_437' title='bbox 2778 2216 3060 2292; x_wconf 87' lang='lat' dir='ltr'><strong>apparet,</strong></span> <span class='ocrx_word' id='word_1_438' title='bbox 3095 2232 3208 2274; x_wconf 90' lang='lat' dir='ltr'><strong>cur</strong></span> <span class='ocrx_word' id='word_1_439' title='bbox 3235 2214 3394 2275; x_wconf 89' lang='lat' dir='ltr'><strong>sicut</strong></span> 
     </span>
     <span class='ocr_line' id='line_1_80' title="bbox 1859 2304 3390 2385; baseline 0.001 -20"><span class='ocrx_word' id='word_1_440' title='bbox 1859 2309 2097 2365; x_wconf 89' lang='lat' dir='ltr'><strong>metum</strong></span> <span class='ocrx_word' id='word_1_441' title='bbox 2128 2304 2429 2385; x_wconf 85' lang='lat' dir='ltr'><strong>injustum</strong></span> <span class='ocrx_word' id='word_1_442' title='bbox 2471 2323 2689 2383; x_wconf 89' lang='lat' dir='ltr'><strong>passus</strong></span> <span class='ocrx_word' id='word_1_443' title='bbox 2718 2306 3015 2366; x_wconf 85' lang='lat' dir='ltr'><strong>transfert</strong></span> <span class='ocrx_word' id='word_1_444' title='bbox 3040 2305 3245 2366; x_wconf 84' lang='lat' dir='ltr'><strong>valide</strong></span> <span class='ocrx_word' id='word_1_445' title='bbox 3277 2306 3390 2367; x_wconf 91' lang='lat' dir='ltr'><strong>do-</strong></span> 
     </span>
     <span class='ocr_line' id='line_1_81' title="bbox 1858 2397 3393 2472; baseline 0.001 -15"><span class='ocrx_word' id='word_1_446' title='bbox 1858 2398 2158 2472; x_wconf 85' lang='lat' dir='ltr'><strong>minium,</strong></span> <span class='ocrx_word' id='word_1_447' title='bbox 2208 2416 2332 2459; x_wconf 91' lang='lat' dir='ltr'><strong>non</strong></span> <span class='ocrx_word' id='word_1_448' title='bbox 2374 2397 2708 2458; x_wconf 86' lang='lat' dir='ltr'><strong>transferat</strong></span> <span class='ocrx_word' id='word_1_449' title='bbox 2750 2398 2940 2458; x_wconf 90' lang='lat' dir='ltr'><strong>etiam</strong></span> <span class='ocrx_word' id='word_1_450' title='bbox 2977 2399 3393 2459; x_wconf 86' lang='lat' dir='ltr'><strong>mutuatarius</strong></span> 
     </span>
     <span class='ocr_line' id='line_1_82' title="bbox 1861 2489 3392 2569; baseline 0.001 -20"><span class='ocrx_word' id='word_1_451' title='bbox 1861 2490 1924 2549; x_wconf 89' lang='lat' dir='ltr'><strong>in</strong></span> <span class='ocrx_word' id='word_1_452' title='bbox 1951 2489 2332 2564; x_wconf 86' lang='lat' dir='ltr'><strong>usurarium,</strong></span> <span class='ocrx_word' id='word_1_453' title='bbox 2367 2507 2509 2548; x_wconf 90' lang='lat' dir='ltr'><strong>cum</strong></span> <span class='ocrx_word' id='word_1_454' title='bbox 2530 2489 2864 2567; x_wconf 88' lang='lat' dir='ltr'><strong>utrobique</strong></span> <span class='ocrx_word' id='word_1_455' title='bbox 2884 2490 3200 2569; x_wconf 90' lang='lat' dir='ltr'><strong>accipiens</strong></span> <span class='ocrx_word' id='word_1_456' title='bbox 3220 2491 3392 2569; x_wconf 85' lang='lat' dir='ltr'><strong>justo</strong></span> 
     </span>
     <span class='ocr_line' id='line_1_83' title="bbox 1857 2582 3394 2661; baseline -0.001 -17"><span class='ocrx_word' id='word_1_457' title='bbox 1857 2583 2037 2644; x_wconf 88' lang='lat' dir='ltr'><strong>titulo</strong></span> <span class='ocrx_word' id='word_1_458' title='bbox 2059 2586 2272 2642; x_wconf 90' lang='lat' dir='ltr'><strong>careat</strong></span> <span class='ocrx_word' id='word_1_459' title='bbox 2299 2582 2380 2642; x_wconf 89' lang='lat' dir='ltr'><strong>ad</strong></span> <span class='ocrx_word' id='word_1_460' title='bbox 2403 2582 2858 2659; x_wconf 89' lang='lat' dir='ltr'><strong>accipiendum.</strong></span> <span class='ocrx_word' id='word_1_461' title='bbox 2893 2584 3072 2643; x_wconf 89' lang='lat' dir='ltr'><strong>Unde</strong></span> <span class='ocrx_word' id='word_1_462' title='bbox 3093 2583 3394 2661; x_wconf 87' lang='lat' dir='ltr'><strong>probatur</strong></span> 
     </span>
     <span class='ocr_line' id='line_1_84' title="bbox 1859 2673 3394 2753; baseline 0.001 -18"><span class='ocrx_word' id='word_1_463' title='bbox 1859 2675 2136 2735; x_wconf 90' lang='lat' dir='ltr'><strong>secundo</strong></span> <span class='ocrx_word' id='word_1_464' title='bbox 2168 2692 2203 2733; x_wconf 88' lang='lat' dir='ltr'><strong>a</strong></span> <span class='ocrx_word' id='word_1_465' title='bbox 2231 2673 2463 2751; x_wconf 90' lang='lat' dir='ltr'><strong>priori,</strong></span> <span class='ocrx_word' id='word_1_466' title='bbox 2504 2673 2648 2752; x_wconf 87' lang='lat' dir='ltr'><strong>quia</strong></span> <span class='ocrx_word' id='word_1_467' title='bbox 2677 2673 2738 2732; x_wconf 91' lang='lat' dir='ltr'><strong>in</strong></span> <span class='ocrx_word' id='word_1_468' title='bbox 2785 2678 3052 2753; x_wconf 88' lang='lat' dir='ltr'><strong>utroque</strong></span> <span class='ocrx_word' id='word_1_469' title='bbox 3103 2693 3251 2735; x_wconf 89' lang='lat' dir='ltr'><strong>casu</strong></span> <span class='ocrx_word' id='word_1_470' title='bbox 3301 2680 3394 2736; x_wconf 89' lang='lat' dir='ltr'><strong>est</strong></span> 
     </span>
     <span class='ocr_line' id='line_1_85' title="bbox 1854 2764 3391 2846; baseline 0.002 -22"><span class='ocrx_word' id='word_1_471' title='bbox 1854 2766 2144 2827; x_wconf 85' lang='lat' dir='ltr'><strong>voluntas</strong></span> <span class='ocrx_word' id='word_1_472' title='bbox 2198 2764 2615 2826; x_wconf 87' lang='lat' dir='ltr'><strong>transferendi</strong></span> <span class='ocrx_word' id='word_1_473' title='bbox 2677 2765 3025 2825; x_wconf 88' lang='lat' dir='ltr'><strong>dominium</strong></span> <span class='ocrx_word' id='word_1_474' title='bbox 3082 2786 3155 2827; x_wconf 86' lang='lat' dir='ltr'><strong>ex</strong></span> <span class='ocrx_word' id='word_1_475' title='bbox 3211 2771 3391 2846; x_wconf 87' lang='lat' dir='ltr'><strong>parte</strong></span> 
     </span>
     <span class='ocr_line' id='line_1_86' title="bbox 1859 2857 3387 2931; baseline 0 -12"><span class='ocrx_word' id='word_1_476' title='bbox 1859 2859 2105 2931; x_wconf 84' lang='lat' dir='ltr'><strong>dantis;</strong></span> <span class='ocrx_word' id='word_1_477' title='bbox 2166 2859 2218 2919; x_wconf 90' lang='lat' dir='ltr'><strong>si</strong></span> <span class='ocrx_word' id='word_1_478' title='bbox 2265 2858 2432 2918; x_wconf 89' lang='lat' dir='ltr'><strong>enim</strong></span> <span class='ocrx_word' id='word_1_479' title='bbox 2465 2857 2601 2918; x_wconf 82' lang='lat' dir='ltr'><strong>haec</strong></span> <span class='ocrx_word' id='word_1_480' title='bbox 2644 2858 2804 2919; x_wconf 87' lang='lat' dir='ltr'><strong>desit</strong></span> <span class='ocrx_word' id='word_1_481' title='bbox 2844 2863 3085 2919; x_wconf 89' lang='lat' dir='ltr'><strong>certum</strong></span> <span class='ocrx_word' id='word_1_482' title='bbox 3126 2862 3220 2920; x_wconf 91' lang='lat' dir='ltr'><strong>est</strong></span> <span class='ocrx_word' id='word_1_483' title='bbox 3263 2879 3387 2919; x_wconf 91' lang='lat' dir='ltr'><strong>non</strong></span> 
     </span>
     <span class='ocr_line' id='line_1_87' title="bbox 1858 2949 3393 3030; baseline -0.001 -18"><span class='ocrx_word' id='word_1_484' title='bbox 1858 2949 2219 3026; x_wconf 88' lang='lat' dir='ltr'><strong>transferri,</strong></span> <span class='ocrx_word' id='word_1_485' title='bbox 2254 2954 2323 3011; x_wconf 91' lang='lat' dir='ltr'><strong>ut</strong></span> <span class='ocrx_word' id='word_1_486' title='bbox 2351 2950 2478 3009; x_wconf 86' lang='lat' dir='ltr'><strong>dixi</strong></span> <span class='ocrx_word' id='word_1_487' title='bbox 2502 2970 2517 3023; x_wconf 87' lang='grc'><strong>;</strong></span> <span class='ocrx_word' id='word_1_488' title='bbox 2563 2953 2625 3010; x_wconf 88' lang='lat' dir='ltr'><strong>et</strong></span> <span class='ocrx_word' id='word_1_489' title='bbox 2653 2951 2940 3030; x_wconf 89' lang='lat' dir='ltr'><strong>quamvis</strong></span> <span class='ocrx_word' id='word_1_490' title='bbox 2968 2952 3259 3013; x_wconf 79' lang='lat' dir='ltr'><strong>voluntas</strong></span> <span class='ocrx_word' id='word_1_491' title='bbox 3290 2952 3393 3012; x_wconf 89' lang='lat' dir='ltr'><strong>illa</strong></span> 
     </span>
     <span class='ocr_line' id='line_1_88' title="bbox 1860 3042 3393 3122; baseline -0.001 -18"><span class='ocrx_word' id='word_1_492' title='bbox 1860 3042 1941 3104; x_wconf 89' lang='lat' dir='ltr'><strong>sit</strong></span> <span class='ocrx_word' id='word_1_493' title='bbox 1966 3043 2154 3103; x_wconf 91' lang='lat' dir='ltr'><strong>mista</strong></span> <span class='ocrx_word' id='word_1_494' title='bbox 2172 3060 2316 3103; x_wconf 88' lang='lat' dir='ltr'><strong>cum</strong></span> <span class='ocrx_word' id='word_1_495' title='bbox 2336 3042 2545 3122; x_wconf 89' lang='lat' dir='ltr'><strong>aliquo</strong></span> <span class='ocrx_word' id='word_1_496' title='bbox 2572 3042 2994 3103; x_wconf 89' lang='lat' dir='ltr'><strong>involuntario</strong></span> <span class='ocrx_word' id='word_1_497' title='bbox 3019 3063 3034 3115; x_wconf 78' lang='lat'>3</span> <span class='ocrx_word' id='word_1_498' title='bbox 3064 3048 3164 3104; x_wconf 88' lang='lat' dir='ltr'><strong>est</strong></span> <span class='ocrx_word' id='word_1_499' title='bbox 3184 3047 3393 3105; x_wconf 89' lang='lat' dir='ltr'><strong>tamen</strong></span> 
     </span>
     <span class='ocr_line' id='line_1_89' title="bbox 1862 3133 3395 3214; baseline 0.001 -19"><span class='ocrx_word' id='word_1_500' title='bbox 1862 3134 2231 3214; x_wconf 87' lang='lat' dir='ltr'><strong>simpliciter</strong></span> <span class='ocrx_word' id='word_1_501' title='bbox 2256 3133 2457 3194; x_wconf 89' lang='lat' dir='ltr'><strong>libera</strong></span> <span class='ocrx_word' id='word_1_502' title='bbox 2482 3179 2497 3210; x_wconf 93' lang='lat'>,</span> <span class='ocrx_word' id='word_1_503' title='bbox 2552 3151 2668 3194; x_wconf 90' lang='lat' dir='ltr'><strong>nec</strong></span> <span class='ocrx_word' id='word_1_504' title='bbox 2715 3133 2866 3194; x_wconf 88' lang='lat' dir='ltr'><strong>illud</strong></span> <span class='ocrx_word' id='word_1_505' title='bbox 2898 3134 3395 3197; x_wconf 89' lang='lat' dir='ltr'><strong>involuntarium</strong></span> 
     </span>
     <span class='ocr_line' id='line_1_90' title="bbox 1865 3226 3394 3305; baseline 0.001 -17"><span class='ocrx_word' id='word_1_506' title='bbox 1865 3226 2209 3288; x_wconf 86' lang='lat' dir='ltr'><strong>secundum</strong></span> <span class='ocrx_word' id='word_1_507' title='bbox 2240 3226 2389 3305; x_wconf 92' lang='lat' dir='ltr'><strong>quid</strong></span> <span class='ocrx_word' id='word_1_508' title='bbox 2429 3226 2591 3286; x_wconf 88' lang='lat' dir='ltr'><strong>tollit</strong></span> <span class='ocrx_word' id='word_1_509' title='bbox 2620 3226 2786 3305; x_wconf 90' lang='lat' dir='ltr'><strong>quod</strong></span> <span class='ocrx_word' id='word_1_510' title='bbox 2819 3227 2899 3286; x_wconf 91' lang='lat' dir='ltr'><strong>sit</strong></span> <span class='ocrx_word' id='word_1_511' title='bbox 2926 3228 3144 3288; x_wconf 84' lang='lat' dir='ltr'><strong>efficax</strong></span> <span class='ocrx_word' id='word_1_512' title='bbox 3183 3248 3194 3288; x_wconf 90' lang='lat'>:</span> <span class='ocrx_word' id='word_1_513' title='bbox 3248 3248 3394 3289; x_wconf 84' lang='lat' dir='ltr'><strong>nam</strong></span> 
     </span>
     <span class='ocr_line' id='line_1_91' title="bbox 1863 3318 3395 3382; baseline 0 -2"><span class='ocrx_word' id='word_1_514' title='bbox 1863 3338 2083 3380; x_wconf 87' lang='lat' dir='ltr'><strong>revera</strong></span> <span class='ocrx_word' id='word_1_515' title='bbox 2114 3336 2238 3378; x_wconf 91' lang='lat' dir='ltr'><strong>non</strong></span> <span class='ocrx_word' id='word_1_516' title='bbox 2268 3318 2474 3378; x_wconf 89' lang='lat' dir='ltr'><strong>minus</strong></span> <span class='ocrx_word' id='word_1_517' title='bbox 2503 3318 2919 3379; x_wconf 87' lang='lat' dir='ltr'><strong>involuntarie</strong></span> <span class='ocrx_word' id='word_1_518' title='bbox 2947 3320 3135 3380; x_wconf 88' lang='lat' dir='ltr'><strong>solvit</strong></span> <span class='ocrx_word' id='word_1_519' title='bbox 3153 3326 3395 3382; x_wconf 89' lang='lat' dir='ltr'><strong>mutua-</strong></span> 
     </span>
     <span class='ocr_line' id='line_1_92' title="bbox 1863 3410 3391 3491; baseline -0.001 -16"><span class='ocrx_word' id='word_1_520' title='bbox 1863 3414 2062 3475; x_wconf 87' lang='lat' dir='ltr'><strong>tarius</strong></span> <span class='ocrx_word' id='word_1_521' title='bbox 2106 3411 2409 3471; x_wconf 87' lang='lat' dir='ltr'><strong>interesse</strong></span> <span class='ocrx_word' id='word_1_522' title='bbox 2449 3410 2683 3490; x_wconf 90' lang='lat' dir='ltr'><strong>justum</strong></span> <span class='ocrx_word' id='word_1_523' title='bbox 2735 3411 2949 3471; x_wconf 89' lang='lat' dir='ltr'><strong>damni</strong></span> <span class='ocrx_word' id='word_1_524' title='bbox 2996 3414 3391 3491; x_wconf 87' lang='lat' dir='ltr'><strong>emergentis,</strong></span> 
     </span>
     <span class='ocr_line' id='line_1_93' title="bbox 1868 3503 3396 3584; baseline 0.001 -21"><span class='ocrx_word' id='word_1_525' title='bbox 1868 3522 2058 3584; x_wconf 82' lang='lat' dir='ltr'><strong>quam</strong></span> <span class='ocrx_word' id='word_1_526' title='bbox 2081 3503 2324 3563; x_wconf 88' lang='lat' dir='ltr'><strong>lucrum</strong></span> <span class='ocrx_word' id='word_1_527' title='bbox 2354 3521 2686 3562; x_wconf 89' lang='lat' dir='ltr'><strong>usurarum</strong></span> <span class='ocrx_word' id='word_1_528' title='bbox 2723 3523 2736 3562; x_wconf 90' lang='lat'>:</span> <span class='ocrx_word' id='word_1_529' title='bbox 2791 3521 2940 3582; x_wconf 86' lang='lat' dir='ltr'><strong>ergo</strong></span> <span class='ocrx_word' id='word_1_530' title='bbox 2988 3504 3089 3563; x_wconf 93' lang='lat' dir='ltr'><strong>ille</strong></span> <span class='ocrx_word' id='word_1_531' title='bbox 3120 3504 3396 3566; x_wconf 87' lang='lat' dir='ltr'><strong>defectus</strong></span> 
     </span>
     <span class='ocr_line' id='line_1_94' title="bbox 1864 3594 3396 3673; baseline 0.001 -16"><span class='ocrx_word' id='word_1_532' title='bbox 1864 3595 2199 3657; x_wconf 86' lang='lat' dir='ltr'><strong>voluntarii</strong></span> <span class='ocrx_word' id='word_1_533' title='bbox 2233 3613 2356 3655; x_wconf 88' lang='lat' dir='ltr'><strong>non</strong></span> <span class='ocrx_word' id='word_1_534' title='bbox 2389 3594 2651 3673; x_wconf 88' lang='lat' dir='ltr'><strong>impedit</strong></span> <span class='ocrx_word' id='word_1_535' title='bbox 2681 3595 3027 3656; x_wconf 83' lang='lat' dir='ltr'><strong>efficaciam</strong></span> <span class='ocrx_word' id='word_1_536' title='bbox 3073 3597 3152 3656; x_wconf 85' lang='lat' dir='ltr'><strong>ad</strong></span> <span class='ocrx_word' id='word_1_537' title='bbox 3191 3601 3396 3658; x_wconf 86' lang='lat' dir='ltr'><strong>trans—</strong></span> 
     </span>
     <span class='ocr_line' id='line_1_95' title="bbox 1867 3686 3398 3766; baseline -0.001 -16"><span class='ocrx_word' id='word_1_538' title='bbox 1867 3688 2196 3750; x_wconf 88' lang='lat' dir='ltr'><strong>ferendum</strong></span> <span class='ocrx_word' id='word_1_539' title='bbox 2226 3686 2596 3747; x_wconf 90' lang='lat' dir='ltr'><strong>dominium.</strong></span> <span class='ocrx_word' id='word_1_540' title='bbox 2650 3688 2713 3748; x_wconf 81' lang='lat' dir='ltr'><strong>si</strong></span> <span class='ocrx_word' id='word_1_541' title='bbox 2754 3706 2903 3766; x_wconf 87' lang='lat' dir='ltr'><strong>ergo</strong></span> <span class='ocrx_word' id='word_1_542' title='bbox 2944 3688 3237 3749; x_wconf 90' lang='lat' dir='ltr'><strong>dominus</strong></span> <span class='ocrx_word' id='word_1_543' title='bbox 3267 3690 3398 3750; x_wconf 90' lang='lat' dir='ltr'><strong>vult</strong></span> 
     </span>
     <span class='ocr_line' id='line_1_96' title="bbox 1870 3779 3391 3859; baseline -0.001 -18"><span class='ocrx_word' id='word_1_544' title='bbox 1870 3780 2153 3842; x_wconf 84' lang='lat' dir='ltr'><strong>absolute</strong></span> <span class='ocrx_word' id='word_1_545' title='bbox 2183 3783 2245 3840; x_wconf 90' lang='lat' dir='ltr'><strong>et</strong></span> <span class='ocrx_word' id='word_1_546' title='bbox 2286 3779 2626 3839; x_wconf 83' lang='lat' dir='ltr'><strong>efficaciter</strong></span> <span class='ocrx_word' id='word_1_547' title='bbox 2652 3780 2989 3840; x_wconf 87' lang='lat' dir='ltr'><strong>transferre</strong></span> <span class='ocrx_word' id='word_1_548' title='bbox 3022 3780 3391 3859; x_wconf 89' lang='lat' dir='ltr'><strong>dominium,</strong></span> 
     </span>
     <span class='ocr_line' id='line_1_97' title="bbox 1868 3871 3392 3948; baseline -0.001 -14"><span class='ocrx_word' id='word_1_549' title='bbox 1868 3877 1933 3934; x_wconf 87' lang='lat' dir='ltr'><strong>et</strong></span> <span class='ocrx_word' id='word_1_550' title='bbox 1960 3890 2081 3932; x_wconf 91' lang='lat' dir='ltr'><strong>non</strong></span> <span class='ocrx_word' id='word_1_551' title='bbox 2122 3871 2326 3932; x_wconf 89' lang='lat' dir='ltr'><strong>solum</strong></span> <span class='ocrx_word' id='word_1_552' title='bbox 2370 3888 2661 3930; x_wconf 83' lang='lat' dir='ltr'><strong>exercere</strong></span> <span class='ocrx_word' id='word_1_553' title='bbox 2701 3872 3010 3932; x_wconf 87' lang='lat' dir='ltr'><strong>actionem</strong></span> <span class='ocrx_word' id='word_1_554' title='bbox 3050 3877 3392 3948; x_wconf 81' lang='lat' dir='ltr'><strong>externam,</strong></span> 
     </span>
     <span class='ocr_line' id='line_1_98' title="bbox 1869 3961 3398 4041; baseline -0.001 -16"><span class='ocrx_word' id='word_1_555' title='bbox 1869 3969 1932 4025; x_wconf 92' lang='lat' dir='ltr'><strong>et</strong></span> <span class='ocrx_word' id='word_1_556' title='bbox 1984 3963 2156 4023; x_wconf 92' lang='lat' dir='ltr'><strong>nulla</strong></span> <span class='ocrx_word' id='word_1_557' title='bbox 2208 3963 2346 4040; x_wconf 89' lang='lat' dir='ltr'><strong>lege</strong></span> <span class='ocrx_word' id='word_1_558' title='bbox 2402 3961 2669 4040; x_wconf 88' lang='lat' dir='ltr'><strong>positiva</strong></span> <span class='ocrx_word' id='word_1_559' title='bbox 2725 3962 2925 4022; x_wconf 86' lang='lat' dir='ltr'><strong>factus</strong></span> <span class='ocrx_word' id='word_1_560' title='bbox 2986 3968 3080 4024; x_wconf 90' lang='lat' dir='ltr'><strong>est</strong></span> <span class='ocrx_word' id='word_1_561' title='bbox 3134 3963 3398 4041; x_wconf 86' lang='lat' dir='ltr'><strong>incapax</strong></span> 
     </span>
     <span class='ocr_line' id='line_1_99' title="bbox 1868 4053 3398 4132; baseline -0.001 -15"><span class='ocrx_word' id='word_1_562' title='bbox 1868 4053 2309 4128; x_wconf 84' lang='lat' dir='ltr'><strong>transferendi,</strong></span> <span class='ocrx_word' id='word_1_563' title='bbox 2346 4071 2461 4113; x_wconf 89' lang='lat' dir='ltr'><strong>nec</strong></span> <span class='ocrx_word' id='word_1_564' title='bbox 2490 4054 2812 4113; x_wconf 84' lang='lat' dir='ltr'><strong>usurarius</strong></span> <span class='ocrx_word' id='word_1_565' title='bbox 2840 4054 3191 4132; x_wconf 89' lang='lat' dir='ltr'><strong>accipiendi</strong></span> <span class='ocrx_word' id='word_1_566' title='bbox 3213 4101 3228 4131; x_wconf 93' lang='lat'>‚</span> <span class='ocrx_word' id='word_1_567' title='bbox 3274 4074 3398 4115; x_wconf 91' lang='lat' dir='ltr'><strong>non</strong></span> 
     </span>
     <span class='ocr_line' id='line_1_100' title="bbox 1868 4145 3399 4227; baseline -0.001 -17"><span class='ocrx_word' id='word_1_568' title='bbox 1868 4151 2133 4227; x_wconf 87' lang='lat' dir='ltr'><strong>apparet</strong></span> <span class='ocrx_word' id='word_1_569' title='bbox 2163 4146 2329 4207; x_wconf 90' lang='lat' dir='ltr'><strong>unde</strong></span> <span class='ocrx_word' id='word_1_570' title='bbox 2361 4145 2646 4207; x_wconf 87' lang='lat' dir='ltr'><strong>activitas</strong></span> <span class='ocrx_word' id='word_1_571' title='bbox 2685 4149 2747 4206; x_wconf 87' lang='lat' dir='ltr'><strong>et</strong></span> <span class='ocrx_word' id='word_1_572' title='bbox 2775 4146 3055 4207; x_wconf 87' lang='lat' dir='ltr'><strong>efficacia</strong></span> <span class='ocrx_word' id='word_1_573' title='bbox 3081 4147 3268 4226; x_wconf 91' lang='lat' dir='ltr'><strong>hujus</strong></span> <span class='ocrx_word' id='word_1_574' title='bbox 3296 4167 3399 4209; x_wconf 85' lang='lat' dir='ltr'><strong>vo-</strong></span> 
     </span>
     <span class='ocr_line' id='line_1_101' title="bbox 1868 4239 2552 4316; baseline -0.006 -15"><span class='ocrx_word' id='word_1_575' title='bbox 1868 4240 2124 4302; x_wconf 89' lang='lat' dir='ltr'><strong>luntatis</strong></span> <span class='ocrx_word' id='word_1_576' title='bbox 2154 4239 2552 4316; x_wconf 89' lang='lat' dir='ltr'><strong>impediatur.</strong></span> 
     </span>
    </p>

    <p class='ocr_par' dir='ltr' id='par_1_18' title="bbox 1867 4330 3418 5518">
     <span class='ocr_line' id='line_1_102' title="bbox 1949 4330 3403 4410; baseline 0 -17"><span class='ocrx_word' id='word_1_577' title='bbox 1949 4335 2075 4393; x_wconf 88' lang='lat' dir='ltr'><strong>Neo</strong></span> <span class='ocrx_word' id='word_1_578' title='bbox 2106 4332 2351 4406; x_wconf 87' lang='lat' dir='ltr'><strong>obstat,</strong></span> <span class='ocrx_word' id='word_1_579' title='bbox 2404 4331 2571 4410; x_wconf 88' lang='lat' dir='ltr'><strong>quod</strong></span> <span class='ocrx_word' id='word_1_580' title='bbox 2601 4349 2676 4390; x_wconf 87' lang='lat' dir='ltr'><strong>ex</strong></span> <span class='ocrx_word' id='word_1_581' title='bbox 2715 4330 3063 4410; x_wconf 88' lang='lat' dir='ltr'><strong>aliquorum</strong></span> <span class='ocrx_word' id='word_1_582' title='bbox 3095 4333 3403 4395; x_wconf 89' lang='lat' dir='ltr'><strong>sententia</strong></span> 
     </span>
     <span class='ocr_line' id='line_1_103' title="bbox 1867 4423 3403 4499; baseline -0.001 -13"><span class='ocrx_word' id='word_1_583' title='bbox 1867 4426 2008 4486; x_wconf 90' lang='lat' dir='ltr'><strong>loco</strong></span> <span class='ocrx_word' id='word_1_584' title='bbox 2038 4425 2228 4484; x_wconf 86' lang='lat' dir='ltr'><strong>citato</strong></span> <span class='ocrx_word' id='word_1_585' title='bbox 2261 4423 2530 4483; x_wconf 83' lang='lat' dir='ltr'><strong>diximus</strong></span> <span class='ocrx_word' id='word_1_586' title='bbox 2550 4469 2565 4499; x_wconf 90' lang='lat'>,</span> <span class='ocrx_word' id='word_1_587' title='bbox 2600 4423 3011 4484; x_wconf 84' lang='lat' dir='ltr'><strong>intentionem</strong></span> <span class='ocrx_word' id='word_1_588' title='bbox 3041 4426 3403 4485; x_wconf 88' lang='lat' dir='ltr'><strong>mutuatarii</strong></span> 
     </span>
     <span class='ocr_line' id='line_1_104' title="bbox 1873 4515 3402 4589; baseline 0 -11"><span class='ocrx_word' id='word_1_589' title='bbox 1873 4537 2006 4578; x_wconf 87' lang='lat' dir='ltr'><strong>esse</strong></span> <span class='ocrx_word' id='word_1_590' title='bbox 2030 4516 2270 4577; x_wconf 88' lang='lat' dir='ltr'><strong>solvere</strong></span> <span class='ocrx_word' id='word_1_591' title='bbox 2301 4515 2604 4589; x_wconf 88' lang='lat' dir='ltr'><strong>debitum,</strong></span> <span class='ocrx_word' id='word_1_592' title='bbox 2638 4519 2702 4575; x_wconf 90' lang='lat' dir='ltr'><strong>et</strong></span> <span class='ocrx_word' id='word_1_593' title='bbox 2729 4534 2872 4575; x_wconf 91' lang='lat' dir='ltr'><strong>cum</strong></span> <span class='ocrx_word' id='word_1_594' title='bbox 2902 4516 3140 4576; x_wconf 91' lang='lat' dir='ltr'><strong>nullum</strong></span> <span class='ocrx_word' id='word_1_595' title='bbox 3171 4517 3294 4578; x_wconf 87' lang='lat' dir='ltr'><strong>tale</strong></span> <span class='ocrx_word' id='word_1_596' title='bbox 3323 4518 3402 4578; x_wconf 89' lang='lat' dir='ltr'><strong>sit</strong></span> 
     </span>
     <span class='ocr_line' id='line_1_105' title="bbox 1873 4607 3405 4684; baseline 0 -14"><span class='ocrx_word' id='word_1_597' title='bbox 1873 4610 2154 4670; x_wconf 87' lang='lat' dir='ltr'><strong>debitum</strong></span> <span class='ocrx_word' id='word_1_598' title='bbox 2188 4654 2204 4684; x_wconf 87' lang='lat'>‚</span> <span class='ocrx_word' id='word_1_599' title='bbox 2257 4625 2380 4667; x_wconf 91' lang='lat' dir='ltr'><strong>non</strong></span> <span class='ocrx_word' id='word_1_600' title='bbox 2431 4607 2665 4667; x_wconf 81' lang='lat' dir='ltr'><strong>habere</strong></span> <span class='ocrx_word' id='word_1_601' title='bbox 2704 4610 2994 4669; x_wconf 82' lang='lat' dir='ltr'><strong>effectum</strong></span> <span class='ocrx_word' id='word_1_602' title='bbox 3043 4627 3155 4669; x_wconf 90' lang='lat' dir='ltr'><strong>nec</strong></span> <span class='ocrx_word' id='word_1_603' title='bbox 3202 4614 3405 4670; x_wconf 87' lang='lat' dir='ltr'><strong>trans-</strong></span> 
     </span>
     <span class='ocr_line' id='line_1_106' title="bbox 1873 4699 3406 4779; baseline -0.001 -17"><span class='ocrx_word' id='word_1_604' title='bbox 1873 4703 2036 4762; x_wconf 87' lang='lat' dir='ltr'><strong>ferre</strong></span> <span class='ocrx_word' id='word_1_605' title='bbox 2066 4699 2412 4760; x_wconf 88' lang='lat' dir='ltr'><strong>dominium</strong></span> <span class='ocrx_word' id='word_1_606' title='bbox 2437 4745 2452 4775; x_wconf 72' lang='lat'><strong>.</strong></span> <span class='ocrx_word' id='word_1_607' title='bbox 2512 4700 2659 4779; x_wconf 85' lang='lat' dir='ltr'><strong>quia</strong></span> <span class='ocrx_word' id='word_1_608' title='bbox 2702 4700 2834 4778; x_wconf 89' lang='lat' dir='ltr'><strong>ipse</strong></span> <span class='ocrx_word' id='word_1_609' title='bbox 2875 4718 2997 4761; x_wconf 89' lang='lat' dir='ltr'><strong>non</strong></span> <span class='ocrx_word' id='word_1_610' title='bbox 3045 4701 3406 4762; x_wconf 83' lang='lat' dir='ltr'><strong>intendebat</strong></span> 
     </span>
     <span class='ocr_line' id='line_1_107' title="bbox 1877 4792 3399 4873; baseline -0.002 -18"><span class='ocrx_word' id='word_1_611' title='bbox 1877 4795 2113 4855; x_wconf 90' lang='lat' dir='ltr'><strong>donare</strong></span> <span class='ocrx_word' id='word_1_612' title='bbox 2162 4792 2395 4871; x_wconf 75' lang='lat' dir='ltr'><strong>gratiS‚</strong></span> <span class='ocrx_word' id='word_1_613' title='bbox 2447 4792 2556 4852; x_wconf 90' lang='lat' dir='ltr'><strong>sed</strong></span> <span class='ocrx_word' id='word_1_614' title='bbox 2602 4792 2865 4852; x_wconf 89' lang='lat' dir='ltr'><strong>solvere.</strong></span> <span class='ocrx_word' id='word_1_615' title='bbox 2925 4796 3086 4867; x_wconf 86' lang='lat' dir='ltr'><strong>Hoc,</strong></span> <span class='ocrx_word' id='word_1_616' title='bbox 3122 4795 3399 4873; x_wconf 86' lang='lat' dir='ltr'><strong>inquam,</strong></span> 
     </span>
     <span class='ocr_line' id='line_1_108' title="bbox 1878 4883 3405 4961; baseline -0.001 -14"><span class='ocrx_word' id='word_1_617' title='bbox 1878 4905 2003 4947; x_wconf 91' lang='lat' dir='ltr'><strong>non</strong></span> <span class='ocrx_word' id='word_1_618' title='bbox 2032 4885 2260 4959; x_wconf 83' lang='lat' dir='ltr'><strong>obstat,</strong></span> <span class='ocrx_word' id='word_1_619' title='bbox 2297 4883 2443 4961; x_wconf 86' lang='lat' dir='ltr'><strong>quia</strong></span> <span class='ocrx_word' id='word_1_620' title='bbox 2463 4902 2603 4943; x_wconf 91' lang='lat' dir='ltr'><strong>cum</strong></span> <span class='ocrx_word' id='word_1_621' title='bbox 2628 4885 3044 4945; x_wconf 83' lang='lat' dir='ltr'><strong>mutuatarius</strong></span> <span class='ocrx_word' id='word_1_622' title='bbox 3073 4887 3227 4946; x_wconf 86' lang='lat' dir='ltr'><strong>sciat</strong></span> <span class='ocrx_word' id='word_1_623' title='bbox 3246 4887 3405 4946; x_wconf 88' lang='lat' dir='ltr'><strong>bene</strong></span> 
     </span>
     <span class='ocr_line' id='line_1_109' title="bbox 1881 4975 3409 5054; baseline 0 -16"><span class='ocrx_word' id='word_1_624' title='bbox 1881 4997 1946 5039; x_wconf 87' lang='lat' dir='ltr'><strong>se</strong></span> <span class='ocrx_word' id='word_1_625' title='bbox 1975 4995 2097 5037; x_wconf 91' lang='lat' dir='ltr'><strong>non</strong></span> <span class='ocrx_word' id='word_1_626' title='bbox 2129 4976 2360 5036; x_wconf 90' lang='lat' dir='ltr'><strong>debere</strong></span> <span class='ocrx_word' id='word_1_627' title='bbox 2390 4995 2461 5034; x_wconf 86' lang='lat' dir='ltr'><strong>ex</strong></span> <span class='ocrx_word' id='word_1_628' title='bbox 2486 4975 2729 5054; x_wconf 87' lang='lat' dir='ltr'><strong>justitia</strong></span> <span class='ocrx_word' id='word_1_629' title='bbox 2759 4995 2978 5036; x_wconf 89' lang='lat' dir='ltr'><strong>usuras</strong></span> <span class='ocrx_word' id='word_1_630' title='bbox 2998 5023 3012 5052; x_wconf 90' lang='lat'>‚</span> <span class='ocrx_word' id='word_1_631' title='bbox 3047 4996 3160 5037; x_wconf 91' lang='lat' dir='ltr'><strong>nec</strong></span> <span class='ocrx_word' id='word_1_632' title='bbox 3188 4997 3409 5038; x_wconf 87' lang='lat' dir='ltr'><strong>usura—</strong></span> 
     </span>
     <span class='ocr_line' id='line_1_110' title="bbox 1881 5067 3411 5146; baseline 0 -16"><span class='ocrx_word' id='word_1_633' title='bbox 1881 5071 2044 5131; x_wconf 91' lang='lat' dir='ltr'><strong>rium</strong></span> <span class='ocrx_word' id='word_1_634' title='bbox 2075 5068 2311 5129; x_wconf 87' lang='lat' dir='ltr'><strong>habere</strong></span> <span class='ocrx_word' id='word_1_635' title='bbox 2345 5069 2449 5146; x_wconf 89' lang='lat' dir='ltr'><strong>jus</strong></span> <span class='ocrx_word' id='word_1_636' title='bbox 2479 5067 2556 5126; x_wconf 86' lang='lat' dir='ltr'><strong>ad</strong></span> <span class='ocrx_word' id='word_1_637' title='bbox 2599 5068 2770 5143; x_wconf 83' lang='lat' dir='ltr'><strong>illas,</strong></span> <span class='ocrx_word' id='word_1_638' title='bbox 2828 5086 2948 5128; x_wconf 89' lang='lat' dir='ltr'><strong>non</strong></span> <span class='ocrx_word' id='word_1_639' title='bbox 2980 5074 3183 5146; x_wconf 88' lang='lat' dir='ltr'><strong>potest</strong></span> <span class='ocrx_word' id='word_1_640' title='bbox 3209 5072 3411 5131; x_wconf 89' lang='lat' dir='ltr'><strong>inten-</strong></span> 
     </span>
     <span class='ocr_line' id='line_1_111' title="bbox 1885 5160 3411 5239; baseline 0 -17"><span class='ocrx_word' id='word_1_641' title='bbox 1885 5164 2033 5222; x_wconf 88' lang='lat' dir='ltr'><strong>dere</strong></span> <span class='ocrx_word' id='word_1_642' title='bbox 2062 5161 2440 5221; x_wconf 87' lang='lat' dir='ltr'><strong>solutionem</strong></span> <span class='ocrx_word' id='word_1_643' title='bbox 2470 5160 2601 5221; x_wconf 83' lang='lat' dir='ltr'><strong>veri</strong></span> <span class='ocrx_word' id='word_1_644' title='bbox 2649 5160 2844 5219; x_wconf 88' lang='lat' dir='ltr'><strong>debiti</strong></span> <span class='ocrx_word' id='word_1_645' title='bbox 2885 5179 2959 5219; x_wconf 87' lang='lat' dir='ltr'><strong>ex</strong></span> <span class='ocrx_word' id='word_1_646' title='bbox 2980 5160 3260 5239; x_wconf 87' lang='lat' dir='ltr'><strong>justitia;</strong></span> <span class='ocrx_word' id='word_1_647' title='bbox 3321 5164 3411 5222; x_wconf 91' lang='lat' dir='ltr'><strong>in-</strong></span> 
     </span>
     <span class='ocr_line' id='line_1_112' title="bbox 1884 5251 3413 5333; baseline -0.001 -18"><span class='ocrx_word' id='word_1_648' title='bbox 1884 5254 2174 5316; x_wconf 89' lang='lat' dir='ltr'><strong>tenderet</strong></span> <span class='ocrx_word' id='word_1_649' title='bbox 2219 5253 2387 5312; x_wconf 87' lang='lat' dir='ltr'><strong>enim</strong></span> <span class='ocrx_word' id='word_1_650' title='bbox 2436 5252 2498 5311; x_wconf 91' lang='lat' dir='ltr'><strong>id</strong></span> <span class='ocrx_word' id='word_1_651' title='bbox 2529 5252 2697 5331; x_wconf 89' lang='lat' dir='ltr'><strong>quod</strong></span> <span class='ocrx_word' id='word_1_652' title='bbox 2737 5251 2912 5313; x_wconf 89' lang='lat' dir='ltr'><strong>videt</strong></span> <span class='ocrx_word' id='word_1_653' title='bbox 2952 5271 3085 5313; x_wconf 87' lang='lat' dir='ltr'><strong>esse</strong></span> <span class='ocrx_word' id='word_1_654' title='bbox 3132 5254 3413 5333; x_wconf 88' lang='lat' dir='ltr'><strong>impossi-</strong></span> 
     </span>
     <span class='ocr_line' id='line_1_113' title="bbox 1886 5344 3412 5426; baseline 0.001 -20"><span class='ocrx_word' id='word_1_655' title='bbox 1886 5347 2008 5407; x_wconf 86' lang='lat' dir='ltr'><strong>bile</strong></span> <span class='ocrx_word' id='word_1_656' title='bbox 2034 5366 2048 5418; x_wconf 89' lang='grc'>;</span> <span class='ocrx_word' id='word_1_657' title='bbox 2083 5345 2191 5406; x_wconf 88' lang='lat' dir='ltr'><strong>sed</strong></span> <span class='ocrx_word' id='word_1_658' title='bbox 2222 5346 2425 5405; x_wconf 90' lang='lat' dir='ltr'><strong>solum</strong></span> <span class='ocrx_word' id='word_1_659' title='bbox 2454 5344 2722 5405; x_wconf 87' lang='lat' dir='ltr'><strong>intendit</strong></span> <span class='ocrx_word' id='word_1_660' title='bbox 2750 5345 2990 5404; x_wconf 76' lang='lat' dir='ltr'><strong>solvere</strong></span> <span class='ocrx_word' id='word_1_661' title='bbox 3020 5346 3174 5406; x_wconf 85' lang='lat' dir='ltr'><strong>illud</strong></span> <span class='ocrx_word' id='word_1_662' title='bbox 3205 5348 3412 5426; x_wconf 85' lang='lat' dir='ltr'><strong>quale-</strong></span> 
     </span>
     <span class='ocr_line' id='line_1_114' title="bbox 1889 5437 3418 5518; baseline 0.001 -19"><span class='ocrx_word' id='word_1_663' title='bbox 1889 5457 2160 5517; x_wconf 86' lang='lat' dir='ltr'><strong>cumque</strong></span> <span class='ocrx_word' id='word_1_664' title='bbox 2191 5438 2472 5498; x_wconf 85' lang='lat' dir='ltr'><strong>debitum</strong></span> <span class='ocrx_word' id='word_1_665' title='bbox 2493 5437 2811 5497; x_wconf 83' lang='lat' dir='ltr'><strong>fidelitatis</strong></span> <span class='ocrx_word' id='word_1_666' title='bbox 2833 5437 3146 5514; x_wconf 82' lang='lat' dir='ltr'><strong>humanae,</strong></span> <span class='ocrx_word' id='word_1_667' title='bbox 3182 5444 3243 5500; x_wconf 88' lang='lat' dir='ltr'><strong>et</strong></span> <span class='ocrx_word' id='word_1_668' title='bbox 3271 5440 3418 5518; x_wconf 89' lang='lat' dir='ltr'><strong>quia</strong></span> 
     </span>
    </p>

    <p class='ocr_par' dir='ltr' id='par_1_19' title="bbox 1892 5529 3414 5612">
     <span class='ocr_line' id='line_1_115' title="bbox 1892 5529 3414 5612; baseline 0.002 -21"><span class='ocrx_word' id='word_1_669' title='bbox 1892 5531 2180 5612; x_wconf 87' lang='lat' dir='ltr'><strong>promisit</strong></span> <span class='ocrx_word' id='word_1_670' title='bbox 2202 5530 2540 5591; x_wconf 85' lang='lat' dir='ltr'><strong>transferre</strong></span> <span class='ocrx_word' id='word_1_671' title='bbox 2586 5529 2931 5590; x_wconf 88' lang='lat' dir='ltr'><strong>dominium</strong></span> <span class='ocrx_word' id='word_1_672' title='bbox 2968 5550 2982 5590; x_wconf 91' lang='lat'>:</span> <span class='ocrx_word' id='word_1_673' title='bbox 3039 5550 3159 5593; x_wconf 89' lang='lat' dir='ltr'><strong>non</strong></span> <span class='ocrx_word' id='word_1_674' title='bbox 3206 5537 3414 5594; x_wconf 88' lang='lat' dir='ltr'><strong>tamen</strong></span> 
     </span>
    </p>
   </div>
   <div class='ocr_carea' id='block_1_12' title="bbox 3494 4352 3687 4528">
    <p class='ocr_par' dir='ltr' id='par_1_20' title="bbox 3494 4352 3687 4528">
     <span class='ocr_line' id='line_1_116' title="bbox 3545 4352 3663 4411; baseline 0 0"><span class='ocrx_word' id='word_1_675' title='bbox 3545 4352 3663 4411; x_wconf 81' lang='lat'><strong>207</strong></span> 
     </span>
     <span class='ocr_line' id='line_1_117' title="bbox 3494 4475 3687 4528; baseline -0.01 -10"><span class='ocrx_word' id='word_1_676' title='bbox 3494 4475 3635 4528; x_wconf 71' lang='lat' dir='ltr'><strong>Qun·</strong></span> <span class='ocrx_word' id='word_1_677' title='bbox 3653 4475 3687 4516; x_wconf 68' lang='lat' dir='ltr'><strong>a</strong></span> 
     </span>
    </p>
   </div>
   <div class='ocr_carea' id='block_1_13' title="bbox 3490 4529 3692 4624">
    <p class='ocr_par' dir='ltr' id='par_1_21' title="bbox 3490 4529 3692 4624">
     <span class='ocr_line' id='line_1_118' title="bbox 3521 4529 3692 4571; baseline -0.006 -1"><span class='ocrx_word' id='word_1_678' title='bbox 3521 4529 3692 4571; x_wconf 80' lang='lat' dir='ltr'><strong>intenlio</strong></span> 
     </span>
     <span class='ocr_line' id='line_1_119' title="bbox 3490 4582 3686 4624; baseline -0.01 0"><span class='ocrx_word' id='word_1_679' title='bbox 3490 4582 3686 4624; x_wconf 76' lang='lat' dir='ltr'><strong>solventis</strong></span> 
     </span>
    </p>
   </div>
  </div>
 </body>
</html>
