4263 6376
138 641 201 700 18⁵

87 762 254 811 aaran
309 801 318 811 .

1223 249 1689 310 mSPU'rA'rlo
1735 249 1950 321 xxvl,
2000 250 2272 310 SEc'rlo
2317 250 2476 310 Xlll.

287 426 344 485 de
398 424 628 504 quibus
693 424 984 485 omnibus
1030 425 1390 503 singillatim
1463 425 1800 486 dicendum

288 526 379 581 est.

346 612 678 674 Dubitatnr
725 631 878 691 ergo
935 613 1159 692 primo,
1195 631 1271 672 an
1337 612 1612 674 vendere
1658 632 1803 674 cum

290 712 450 787 pacto
481 705 1032 767 retrovenditionis
1058 706 1120 766 in
1150 706 1430 767 favorem
1460 705 1802 767 venditoris

88 824 256 864 amm
290 799 502 859 hcitum
560 799 697 859 sit?
755 799 934 858 Ratio
993 798 1324 860 dubitandi
1381 818 1514 858 esse
1571 803 1797 877 potest,

82 872 254 920 malins.

97 932 125 971 d
135 928 242 969 licitu.

93 4723 179 4782 183

69 4848 182 4892 elam
199 4856 235 4897 id

75 4901 186 4946 litu-e.

293 893 416 973 quia
444 892 543 951 ille
575 891 803 951 modus
824 891 1141 951 vendendi
1167 892 1415 953 videtur
1442 892 1594 952 (lare
1625 910 1806 952 oeca-

294 986 505 1045 sionem
539 984 844 1063 palliandi
882 1003 1124 1060 usuras,
1159 1004 1300 1046 cum
1357 990 1598 1063 emptor
1652 984 1806 1045 inte-

294 1079 388 1137 rim
417 1077 688 1155 accipiat
733 1076 972 1137 fructus
1028 1077 1115 1137 rei
1172 1082 1421 1156 emptae,
1474 1083 1536 1138 et
1591 1083 1808 1155 postea

294 1174 600 1249 recuperet
639 1175 838 1230 totam
886 1174 1140 1246 sortem,
1191 1189 1300 1230 seu
1334 1170 1607 1248 pretium
1639 1167 1806 1247 quod

294 1264 481 1323 dedit:
530 1263 651 1323 hoc
680 1268 894 1323 autem
941 1262 1002 1321 in
1032 1281 1098 1322 re
1129 1281 1250 1323 non
1281 1262 1530 1323 videtur
1559 1262 1808 1321 differre

295 1360 664 1417 amutuante
686 1356 803 1415 sub
833 1356 1097 1437 pignore
1127 1355 1448 1415 fructifero
1481 1373 1603 1415 non
1635 1372 1807 1414 com-

297 1455 528 1530 putante
557 1450 800 1510 fructus
831 1449 892 1508 in
924 1454 1162 1527 partem
1209 1449 1417 1525 sortiS,
1473 1447 1642 1527 quod
1671 1447 1806 1507 sine

295 1562 465 1604 usura
509 1561 637 1603 non
694 1560 901 1621 posse,
955 1541 1227 1602 vidimus
1283 1542 1512 1620 disput.
1582 1558 1810 1618 praeee-

296 1636 465 1696 denti.

361 1727 723 1789 Communis
753 1731 961 1788 tamen
995 1729 1323 1790 doctorum
1352 1727 1634 1788 omnium
1677 1745 1814 1786 sen·

298 1822 469 1882 tentia
483 1826 548 1882 et
562 1839 735 1897 vera,
763 1825 855 1881 est
871 1840 1051 1899 posse
1083 1821 1247 1881 hunc
1267 1824 1653 1881 contractum
1672 1818 1817 1879 abs-

299 1933 399 1994 que
441 1914 568 1974 ullo
613 1917 872 1991 peceato
920 1913 1075 1989 fieri,
1113 1933 1269 1992 quos
1301 1913 1579 1973 referunt
1606 1915 1669 1973 et
1721 1930 1819 1971 se-

300 2014 561 2086 quuntur
589 2008 823 2068 Melina
850 2006 1010 2085 disp.
1043 2010 1180 2068 375.
1216 2009 1386 2067 Less‚
1421 2005 1570 2066 dub.
1607 2021 1735 2065 xlv.
1758 2008 1822 2064 et

300 2102 386 2161 alii
434 2101 698 2179 passim.
739 2100 975 2161 Pro-’iat
1019 2105 1229 2161 autem
1258 2103 1428 2161 Less,
1482 2118 1555 2158 ex
1585 2118 1639 2159 c.
1671 2114 1814 2159 xxv.

297 2194 553 2270 Levetici,
588 2193 697 2253 ubi
727 2196 892 2254 Deus
922 2193 1169 2252 volebat
1210 2193 1369 2252 filios
1417 2192 1608 2253 Israel
1665 2210 1820 2251 ven-

299 2287 503 2347 dentes
561 2286 989 2364 possessiones
1046 2304 1189 2345 suas
1244 2304 1426 2363 posse
1484 2284 1816 2358 redimere,

300 2384 513 2458 praeter
539 2379 765 2438 domos
793 2378 956 2438 intra
989 2378 1207 2438 urbem
1256 2378 1647 2453 constitutas»,
1683 2394 1821 2456 qua}

297 2472 550 2551 alicujus
580 2491 657 2532 ex
711 2470 942 2532 Levitis
1000 2490 1122 2530 non
1183 2475 1410 2531 essent.
1471 2473 1703 2531 Verum
1750 2488 1823 2528 ex

301 2565 402 2625 hoe
471 2565 615 2625 loco
672 2563 875 2642 magis
930 2568 1304 2642 apparenter
1356 2582 1469 2642 pro
1511 2560 1825 2623 contraria

298 2665 463 2737 parte
498 2657 677 2736 argui
707 2660 958 2736 posset:
993 2656 1141 2736 quia
1167 2655 1252 2715 ibi
1285 2655 1521 2715 fructus
1575 2653 1826 2714 interim

300 2771 363 2811 ex
392 2751 789 2830 possessione
820 2748 1097 2827 percepti
1126 2747 1476 2825 computari
1508 2747 1825 2807 debebant

299 2844 351 2903 in
381 2849 632 2923 partem
661 2841 868 2921 pretii.
903 2844 1107 2914 Quare
1152 2840 1476 2901 fatendum
1507 2845 1600 2901 est
1631 2842 1826 2900 totam

299 2938 458 2998 illam
488 2936 698 3015 legem
753 2935 943 2995 fuisse
991 2934 1151 3013 juris
1208 2932 1482 3012 positivi,
1534 2952 1607 2991 eo
1655 2932 1825 3011 quod

299 3033 454 3091 Deus
485 3031 546 3090 in
580 3028 850 3108 gratiam
881 3028 1097 3107 populi
1126 3026 1309 3102 illius,
1345 3031 1407 3087 et
1459 3045 1537 3085 ne
1594 3025 1695 3086 alii
1741 3024 1830 3083 ni·

299 3126 406 3185 mis
435 3125 844 3198 ditescerent,
897 3121 1032 3180 aliis
1087 3120 1164 3180 ad
1197 3120 1537 3179 maximam
1578 3123 1824 3196 egesta-

298 3225 416 3280 tem
445 3215 949 3291 redactis,x-·oluit
966 3213 1387 3292 possessiones
1402 3232 1640 3289 omnes,
1665 3230 1832 3272 eom-

298 3311 572 3372 muniter
598 3308 916 3388 loquendo
946 3326 1080 3368 esse
1103 3306 1504 3386 aliquomodo
1535 3305 1832 3365 inaliena-

299 3404 471 3480 biles,
510 3403 598 3463 ita
618 3406 687 3462 ut
713 3401 916 3461 solum
947 3399 1201 3460 alienari
1236 3405 1490 3478 possent
1520 3418 1715 3477 usque
1748 3397 1828 3457 ad

297 3515 533 3558 annum
562 3497 598 3558 J
606 3493 836 3569 ubilaei,
871 3508 993 3572 qno
1015 3511 1178 3552 anno
1221 3491 1646 3571 possessiones
1697 3510 1830 3552 om*-

301 3611 404 3651 nes
451 3589 537 3651 ad
586 3607 737 3649 suos
768 3587 1058 3666 antiquos
1112 3604 1503 3664 possessores
1545 3584 1839 3645 redibant

298 3683 536 3762 absque
566 3682 694 3742 ullo
726 3678 965 3759 pretio;
1014 3679 1261 3739 interim
1309 3683 1518 3739 autem
1549 3680 1839 3756 poterant

299 3777 486 3837 etiam
521 3774 884 3836 venditores
915 3770 1155 3831 reddito
1185 3771 1382 3849 pretio
1414 3769 1837 3849 possessiones

298 3889 440 3930 snas
470 3870 877 3946 recuperare,
914 3867 974 3925 et
1003 3864 1241 3924 fructus
1290 3863 1349 3922 in
1383 3868 1624 3941 partem
1656 3861 1838 3941 pretii

299 3961 856 4042 computabantur.
883 3957 1092 4017 Etlioc
1123 3956 1379 4036 quidem
1411 3956 1655 4032 merite,
1691 3955 1839 4035 quia

298 4076 441 4116 cum
505 4073 581 4115 eo
633 4053 839 4112 minus
877 4050 1116 4109 valeret
1163 4049 1298 4129 jam
1346 4048 1676 4127 possessio,
1716 4067 1837 4127 quo

297 4150 512 4210 minus
541 4145 817 4206 distabat
842 4162 1042 4203 annus
1070 4144 1104 4203 J
1115 4142 1319 4202 ubilaei
1350 4160 1472 4220 quo
1509 4141 1589 4200 ad
1623 4141 1841 4200 vendi-

298 4249 506 4303 torem
535 4238 816 4299 reditura
845 4240 1010 4306 erat;
1046 4234 1435 4313 congruebat
1466 4237 1530 4293 ut
1559 4232 1608 4292 si
1642 4239 1841 4294 totum

294 4337 577 4415 pret-ium
661 4328 1074 4404 reddebatur,
1151 4327 1588 4388 detraheretur
1667 4327 1844 4386 valor

297 4431 627 4489 fructuum
685 4427 1145 4501 perceptorum.
1181 4422 1397 4498 ltaque
1444 4424 1644 4480 totum
1694 4417 1844 4478 illud

289 4523 396 4602 jus
454 4518 802 4599 positivum
858 4519 993 4574 erat
1072 4513 1402 4573 fundatum
1452 4512 1512 4571 in
1571 4511 1844 4591 quadam

299 4613 487 4694 quasi
520 4607 1031 4670 inalienabilitate
1063 4605 1527 4685 possessionum
1570 4605 1839 4664 illarum.

378 4705 616 4767 Melius
671 4719 820 4778 ergo
870 4699 1175 4778 probatur
1211 4698 1452 4778 prim0,
1515 4716 1588 4756 ex
1627 4697 1847 4755 vendi-

295 4801 480 4862 tione
529 4813 755 4857 census
803 4791 1187 4866 redimimus,
1240 4791 1299 4849 in
1359 4807 1481 4868 quo
1539 4788 1849 4867 ejusmodi

298 4897 570 4973 pactum
601 4889 661 4947 in
690 4886 958 4965 gratiam
980 4882 1323 4944 venditoris
1354 4901 1606 4961 semper
1653 4901 1846 4960 appo·

300 4988 506 5058 nitur,
533 4977 1026 5061 approbantibus
1057 4980 1118 5037 et
1145 4975 1548 5036 laudantibus
1588 4974 1850 5035 summis

301 5074 751 5147 PontificibuS,
784 5075 854 5131 ut
879 5068 1234 5130 videbimus
1282 5067 1442 5147 disp.
1495 5086 1626 5147 seq.
1685 5066 1851 5126 idem

293 5189 456 5250 ergo
506 5169 566 5228 in
600 5163 962 5226 venditione
993 5162 1259 5223 aliarum
1289 5179 1501 5221 rerum
1529 5159 1662 5219 fieri
1687 5163 1855 5237 pote·

292 5266 403 5339 rit,
463 5277 613 5321 cum
644 5256 849 5337 majus
878 5255 1168 5315 videatur
1223 5272 1358 5315 esse
1415 5252 1758 5332 periculum
1791 5251 1851 5310 in

290 5354 675 5419 venditione
706 5368 953 5418 census,
1003 5348 1066 5408 in
1099 5367 1223 5427 qua
1245 5366 1366 5406 non
1390 5345 1575 5406 datur
1603 5363 1701 5404 res
1733 5344 1854 5403 alia

632 5447 788 5506 Tou.
840 5444 968 5505 Vll.

3321 256 3433 314 3521

1902 425 2247 503 fructifera,
2282 428 2390 487 sed
2420 429 2624 490 solum
2672 427 2778 508 jus
2825 429 2903 489 ad
2963 429 3301 490 solutiones
3332 449 3439 508 pe·

1902 519 2218 579 euniarias
2247 539 2511 582 annuaS.
2548 522 2837 583 Secundo
2871 523 3037 582 idem
3071 523 3317 584 videtur
3342 528 3440 583 ta-

1902 611 2021 672 cite
2039 612 2249 691 colligi
2278 634 2352 673 ex
2381 633 2434 674 c.
2456 612 2563 675 Ad
2584 623 2865 691 nostram,
2902 615 2978 674 de
3008 625 3185 696 empt.
3222 624 3276 674 et
3304 635 3441 674 ven-

1901 703 2007 764 dit.
2043 705 2148 764 ubi
2176 707 2549 783 reprobatur
2577 707 2809 785 emptio
2842 726 2987 767 eum
3016 714 3202 787 pacto
3236 709 3313 767 de
3344 727 3442 768 re-

1905 797 2359 874 trovendendo,
2394 800 2646 878 quando
2705 801 2975 878 pretium
3005 801 3122 860 fuit
3153 800 3439 861 notabili·

1903 893 1998 949 ter
2027 890 2369 966 modicum,
2406 891 2554 971 quia
2591 898 2739 952 tunc
2782 894 3183 971 praesumitur
3222 895 3442 971 pallia-

1903 983 1988 1041 tio
2031 1001 2238 1042 usura>
2274 1004 2288 1055 3
2323 1002 2516 1062 quare
2574 1004 2610 1044 a
2667 987 3003 1063 contrariO,
3064 986 3113 1045 si
3172 987 3443 1066 pretium

1905 1074 2020 1135 suit
2038 1076 2302 1153 justum,
2322 1078 2705 1138 nonvidetur
2733 1079 3185 1157 reprobarised
3218 1100 3441 1157 appro-

1905 1168 2061 1229 bari.
2095 1169 2303 1230 Tertio
2337 1176 2398 1230 et
2427 1190 2463 1230 a
2495 1171 2684 1248 priori
2712 1188 2724 1233 :
2764 1173 2911 1251 quia
2957 1172 3248 1231 dominus
3278 1174 3442 1232 sicut

1908 1265 2109 1340 potest
2124 1280 2257 1321 rem
2279 1282 2455 1323 suam
2488 1283 2611 1323 non
2641 1265 2935 1339 vendere,
2960 1266 3044 1325 ita
3074 1271 3441 1342 potestven-

1910 1354 2207 1414 ditionem
2238 1355 2528 1429 limitare,
2563 1361 2625 1418 et
2670 1376 2990 1435 apponere
3021 1357 3446 1435 emptor-ione·

1909 1466 1979 1506 ra
2002 1466 2141 1525 quat
2193 1448 2477 1523 voluerit,
2513 1449 2662 1507 dum
2712 1454 2920 1508 tamen
2973 1449 3153 1528 juxta
3183 1450 3447 1509 testima-

1910 1540 2147 1599 tionem
2204 1542 2410 1600 oneris
2445 1541 2714 1619 appositi
2744 1541 3086 1603 descendat
3132 1542 3195 1601 in
3250 1542 3447 1621 pretio

1906 1632 2097 1713 justo.
2150 1632 2322 1694 Sicut
2350 1652 2497 1711 ergo
2529 1638 2741 1712 posset
2796 1653 2870 1693 eo
2930 1640 3111 1712 paeto
3170 1636 3446 1695 vendere

1914 1725 2191 1801 domum,
2212 1730 2277 1786 ut
2307 1732 2552 1804 emptor
2572 1747 2693 1786 non
2716 1732 2926 1804 posset
2957 1746 3095 1787 eam
3127 1746 3450 1806 nunquam

1916 1818 2217 1891 alienare;
2253 1819 2339 1878 ita
2367 1825 2570 1897 potest
2599 1820 2870 1878 vendere
2893 1838 2966 1878 ea
2990 1820 3124 1895 lego
3156 1825 3451 1880 uttenea-

1919 1918 2018 1971 tur
2044 1910 2208 1971 intra
2238 1915 2328 1972 tot
2347 1930 2543 1971 annos
2566 1917 2809 1990 emptor
2839 1931 2976 1971 eam
3005 1912 3301 1988 alienare,
3338 1932 3454 1973 nec

1917 2004 2034 2063 sibi
2061 2003 2124 2062 in
2172 2009 2545 2083 perpetuum
2589 2006 2897 2066 retineat:
2961 2005 3245 2067 similiter
3294 2023 3444 2082 ergo

1920 2097 2150 2175 poterit
2179 2116 2253 2156 ea
2281 2096 2418 2175 lege
2451 2098 2746 2172 vendere,
2784 2103 2851 2158 ut
2892 2104 3138 2176 emptor
3164 2104 3454 2159 teneatur

1919 2189 2144 2250 iterum
2175 2208 2315 2247 eam
2346 2191 2654 2250 venditori
2682 2192 2954 2251 vendere
2978 2191 3025 2250 si
3047 2191 3333 2251 venditor
3352 2210 3455 2251 vo-

1919 2281 2123 2342 luerit:
2161 2282 2589 2361 unusquisque
2620 2283 3243 2362 e11i1111·eisuae(1ua1n
3267 2285 3462 2344 tradit

1918 2376 2087 2451 leges
2105 2381 2167 2435 et
2194 2374 2582 2435 conditiones
2612 2395 2768 2453 quas
2816 2377 3101 2453 voluerit,
3138 2395 3458 2455 apponere

1922 2472 2148 2546 potest,
2183 2467 2332 2527 dum
2358 2474 2564 2528 tamen
2592 2467 2884 2546 inspectis
2907 2469 2980 2528 iis
2998 2470 3292 2529 oneribus
3315 2489 3461 2547 pre-

1921 2561 2079 2621 tium
2101 2578 2211 2638 pro
2243 2578 2457 2619 eornm
2489 2560 2898 2621 {estimatione
2930 2562 3273 2624 decrescat.

2006 2656 2130 2713 Nee
2161 2652 2365 2714 obstat
2388 2653 2548 2714 ratio
2597 2654 2924 2714 dubitandi
2960 2656 3232 2717 adducta
3262 2677 3274 2716 :
3311 2657 3460 2735 quia

3608 2662 3721 2721 186

1926 2765 2111 2806 usura
2145 2746 2380 2824 absque
2403 2751 2619 2806 mutuo
2645 2748 2889 2806 formali
2921 2749 3011 2807 vel
3044 2749 3292 2809 virtuali
3323 2768 3456 2809 esse.
3509 2787 3804 2832 &mmmm

1927 2857 2049 2898 non
2081 2843 2285 2916 potest
2320 2858 2332 2897 :
2370 2858 2481 2898 uec
2512 2840 2572 2898 in
2607 2839 2725 2900 hoe
2760 2859 2907 2900 casu
2948 2847 3232 2901 mutuum
3265 2843 3458 2902 ullum

1928 2930 2297 2992 intervenit:
2338 2936 2468 2992 tum
2499 2931 2646 3010 quia
2703 2932 2766 2992 iu
2816 2938 3033 2993 mutuo
3065 2941 3271 3013 potest
3326 2954 3460 2995 mu·-

1927 3030 2110 3085 tuans
2141 3029 2372 3083 sortem
2400 3043 2580 3084 suam
2609 3029 2892 3102 repetere
2912 3072 2927 3101 ,
2959 3029 3337 3089 mutuatario
3369 3030 3459 3088 in-

1927 3116 2079 3191 vite,
2114 3121 2176 3175 et
2206 3116 2268 3174 in
2298 3116 2416 3176 hoc
2447 3136 2595 3176 casu
2632 3125 2878 3196 emptor
2909 3138 3031 3178 non
3081 3127 3288 3198 potest
3318 3141 3460 3201 pre·

1929 3210 2083 3271 tium
2101 3229 2472 3288 recuperare
2494 3210 2542 3270 si
2577 3211 2864 3271 venditor
2885 3213 3067 3276 nolit:
3094 3220 3225 3273 tum
3247 3217 3459 3292 etiam,

1932 3304 2078 3382 quia
2112 3302 2173 3361 in
2230 3307 2446 3362 mutuo
2497 3304 2913 3363 mutuatarius
2960 3309 3204 3367 tenetur
3233 3315 3465 3369 sortem

1931 3395 2219 3468 reddere,
2257 3394 2497 3455 etiamsi
2556 3394 2782 3473 pignus
2830 3397 3067 3476 absque
3122 3401 3467 3462 mutuantis

1934 3489 2118 3566 culpa
2148 3488 2435 3567 perierit;
2468 3494 2529 3548 et
2559 3488 2621 3547 in
2652 3481 2771 3548 hoe
2788 3508 2960 3566 casu,
2992 3511 3093 3551 res
3124 3500 3332 3571 empta
3363 3514 3467 3574 pe-

1935 3582 2128 3641 riculo
2175 3581 2472 3659 emptoris
2504 3581 2685 3658 perit,
2732 3601 2847 3642 nee
2876 3589 3128 3644 tenetur
3177 3588 3470 3647 venditor

1934 3674 2204 3752 pretium
2234 3673 2495 3734 reddere
2528 3673 2642 3733 nisi
2676 3695 2774 3734 res
2826 3676 3081 3737 vendita
3137 3679 3193 3737 ei
3242 3681 3470 3739 redda-

1936 3773 2070 3838 tur;
2093 3773 2186 3826 est
2216 3785 2365 3842 ergo
2399 3772 2759 3827 contractus
2798 3769 3101 3829 omninoa
3131 3779 3349 3831 mutuo
3373 3773 3470 3831 di-

1938 3879 2177 3935 versus,
2230 3878 2423 3937 quare
2480 3879 2601 3918 non
2656 3865 2862 3937 potest
2891 3879 3024 3921 esse
3074 3883 3284 3940 usura,
3354 3865 3470 3924 nisi

1940 3952 2147 4012 animo
2196 3951 2495 4029 palliandi
2527 3971 2780 4011 usuram
2812 3953 2941 4014 fiat.
2982 3956 3203 4016 Merito
3259 3962 3470 4018 tamen

1939 4046 2339 4125 praesumitur
2367 4050 2723 4106 contractus
2743 4048 3062 4107 usurarius
3102 4050 3162 4108 in
3195 4051 3258 4110 d.
3283 4070 3337 4111 e.
3374 4051 3480 4111 Ad

1939 4137 2480 4216 nostram,quando
2512 4138 2940 4201 interveniunt
2968 4143 3359 4204 conditiones
3389 4144 3475 4204 ibi

1944 4231 2296 4307 assignatae,
2324 4249 2547 4310 nempe
2580 4231 2805 4309 primo,
2842 4234 3010 4312 quod
3036 4236 3307 4313 pretium
3362 4239 3479 4310 fuit

1944 4323 2125 4383 nimis
2155 4324 2493 4400 modicum,
2529 4325 2614 4384 ita
2662 4330 2727 4385 ut
2757 4332 2999 4386 certum
3058 4335 3221 4390 esset
3250 4349 3383 4389 rem
3439 4351 3479 4392 a

1944 4416 2267 4477 venditore
2298 4417 2731 4477 redimendam
2792 4419 3033 4480 reddito
3092 4423 3312 4500 pretio·
3367 4426 3478 4486 Se-

1946 4509 2174 4582 cunde,
2209 4509 2374 4587 quod
2408 4515 2649 4587 emptor
2679 4511 2895 4571 solitus
2933 4512 3012 4573 sit
3041 4533 3260 4576 usuras
3302 4537 3477 4578 exer-

1945 4620 2084 4663 cere
2111 4616 2125 4661 :
2152 4601 2285 4661 baec
2315 4602 2480 4660 euim
2511 4601 2749 4662 faciunt
2779 4603 2840 4662 in
2872 4606 3004 4666 foro
3030 4613 3286 4669 externo
3322 4629 3478 4687 proe-

1946 4694 2366 4772 sumptionem
2415 4695 2751 4754 maximam
2794 4702 3151 4760 contractus
3184 4704 3474 4765 usurarii.

1948 4788 2179 4861 Tertio,
2215 4786 2382 4865 quod
2413 4795 2659 4866 emptor
2714 4809 2835 4849 non
2868 4799 3077 4869 posset
3105 4813 3480 4873 recuperare

1951 4881 2219 4958 pretium
2255 4885 2398 4941 ante
2444 4883 2863 4958 septennium,
2901 4903 3012 4944 nee.
3060 4893 3201 4963 post
3248 4907 3483 4949 noven-

1951 4973 2146 5048 nium,
2182 4972 2328 5050 quia
2379 4973 2672 5034 nimirum
2718 4976 2945 5035 lucrari
2978 4979 3228 5041 volebat
3257 4982 3338 5041 ad
3368 4984 3485 5042 mi-

1952 5085 2067 5125 nus
2088 5065 2325 5126 fructus
2356 5066 2603 5126 illorum
2628 5086 2961 5130 annorum.
3022 5074 3119 5130 An
3163 5092 3309 5133 vero
3358 5095 3482 5135 non

1952 5157 2469 5219 concurrentibus
2500 5162 2790 5222 omnibus
2819 5162 2938 5220 illis
2976 5164 3480 5245 circumstantiis,

1953 5251 2062 5312 sed
2094 5252 2315 5330 aliqua
2361 5252 2459 5311 vel
2491 5252 2824 5331 aliquibus,
2866 5263 3221 5319 contractus
3252 5281 3486 5339 praesu-

1953 5344 2218 5404 mendns
2263 5344 2344 5404 sit
2396 5346 2740 5423 usurarius,
2776 5349 3009 5408 Melina
3053 5351 3115 5411 d.
3151 5353 3309 5433 disp.
3343 5359 3482 5416 375.

3094 5449 3166 5507 21

3553 2842 3773 2886 contraria.
