4263 6376
592 2534 672 2593 30

831 315 947 374 ¹78
1977 307 2079 367 DE
2119 307 2153 367 J
2166 306 2474 367 USTI'PIA
2521 306 2622 367 m*
2663 306 2864 367 Jmut

829 488 1020 551 fuisse
1066 488 1395 550 consilium
1440 485 1647 567 quoad
1694 484 2114 546 exclusionem
2170 482 2359 544 etiam
2457 482 2716 544 tendere
2770 482 3339 544 remunerationem
3393 500 3470 542 ex
3511 480 3899 542 liberalitate
3942 482 4000 541 et
4038 504 4088 543 ιι
4152 507 4186 544 κ

2460 575 2838 653 gratitudine
2867 575 3229 635 mutuatarii
3252 621 3268 650 ,
3302 575 3391 635 sic
3416 575 3606 635 etiam
3635 573 3835 633 liceat
3862 590 4000 632 eum
4089 568 4099 607 ¹
4152 569 4190 598 ι’*

831 582 965 660 spei
992 581 1280 642 beneficii
1307 600 1381 641 ex
1410 578 1789 657 gratitudine
1812 576 2183 656 processuri,
2217 574 2364 635 licet

832 675 1019 736 fuerit
1046 678 1428 752 praeceptum
1459 672 1665 752 quoad
1689 671 2109 731 exclusionem
2140 667 2356 746 p1·etii;

834 768 933 828 vel
962 767 1326 844 intelligitur
1354 766 1431 825 dc
1463 784 1571 844 spe
1619 783 1741 825 non
1775 780 2191 843 quacumque,
2253 757 2362 819 sed

832 860 1011 929 lucri,
1057 859 1226 937 quod
1255 859 1335 919 sit
1364 857 1635 936 pretium
1664 856 1887 916 mutui.
1957 856 2131 916 Sicut
2160 853 2362 915 Urba-

834 972 949 1013 nus
979 953 1150 1030 Papa
1177 951 1238 1010 in
1270 969 1323 1012 c.
1364 948 1690 1024 Consuluit,
1741 947 1810 1008 de
1838 967 2049 1023 usur-23,
2102 963 2365 1024 respon-

834 1045 942 1105 det
969 1061 1112 1103 eum
1144 1043 1248 1121 qui
1278 1045 1555 1118 mutuat,
1599 1041 1751 1100 alias
1782 1059 1906 1100 non
1935 1045 2152 1100 mutuo
2186 1039 2367 1098 datu-

833 1155 997 1212 rum,
1038 1154 1111 1195 eo
1143 1134 1460 1214 proposito
1488 1138 1556 1194 ut
1582 1133 1727 1194 licet
1755 1133 1922 1193 omni
1953 1131 2367 1193 conventione

836 1233 1140 1304 cessante,
1177 1228 1312 1305 plus
1342 1231 1551 1288 tamen
1582 1230 1747 1287 sorte
1774 1225 2055 1303 recipiat,
2106 1243 2218 1302 pro
2252 1223 2368 1282 liu-

829 1319 1108 1401 jusmodi
1134 1320 1291 1380 lucri
1333 1319 1674 1380 intentione
1719 1336 1908 1397 quam
1946 1317 2157 1392 habet,
2199 1314 2401 1394 judi-‚

837 1414 1112 1474 canlum
1164 1430 1297 1471 esse
1345 1412 1508 1470 male
1565 1428 1749 1489 agere
1798 1414 1859 1470 et
1912 1409 2249 1469 efficaciter
2288 1406 2367 1466 ad

837 1505 1293 1566 restitutionem
1323 1503 1768 1563 inducendum.
1805 1502 1981 1574 Quod
2004 1502 2259 1581 quidem
2278 1500 2369 1559 in-

839 1597 1140 1674 telligitur
1164 1596 1579 1656 communiter
1607 1595 1684 1654 de
1728 1613 1822 1670 eo,
1876 1594 1980 1673 qui
2027 1593 2368 1654 intentione

841 1687 966 1747 veri
997 1688 1155 1748 lucri
1195 1691 1461 1764 mutuat,
1509 1686 1629 1746 hoc
1672 1691 1787 1762 est,
1838 1686 2023 1765 pretii
2071 1686 2264 1745 debiti
2294 1703 2368 1744 ex

839 1784 1055 1840 mutuo
1118 1800 1131 1840 :
1190 1779 1343 1840 lucri
1375 1778 1540 1838 enim
1587 1777 1837 1838 nomine
1880 1796 2005 1838 non
2034 1777 2206 1838 venit
2231 1794 2368 1854 pro-

837 1872 972 1951 prie
1002 1872 1167 1950 quod
1200 1891 1270 1931 ex
1303 1871 1673 1931 liberalitate
1696 1869 1900 1930 dantis
1921 1870 2224 1948 procedit,
2259 1868 2369 1928 sed

838 1964 1008 2044 quod
1056 1983 1127 2024 cx
1186 1963 1603 2041 negotiatione
1661 1963 1759 2022 vel
1808 1962 2111 2022 industria
2159 1965 2371 2021 nostra

840 2057 1037 2116 oritur
1093 2076 1106 2116 ε
1167 2056 1335 2134 quod
1381 2056 1625 2114 lucrum
1673 2054 1776 2133 qui
1828 2060 2042 2114 mutuo
2073 2053 2363 2128 intendit,

832 2148 966 2229 jam
997 2148 1187 2209 habet
1226 2147 1636 2209 intentionem
1685 2147 2056 2221 usurariam,
2111 2152 2173 2207 et
2220 2146 2371 2206 dum

841 2240 920 2301 de
946 2241 1188 2301 liberali
1217 2240 1552 2301 donatione
1568 2239 1771 2299 dantis
1799 2258 1923 2298 non
1947 2244 2210 2314 constat,
2247 2257 2372 2298 res-

839 2334 1064 2394 tituere
1092 2333 1298 2408 debet,
1335 2339 1403 2393 ut
1432 2338 1646 2411 postea
1675 2332 2048 2393 videbimuS.
2084 2332 2192 2392 His
2219 2351 2368 2411 sup-

840 2426 1076 2505 positis,

921 2518 1252 2579 Dubitatur
1280 2516 1516 2596 primo,
1577 2536 1655 2576 an
1686 2517 1845 2579 sicut
1888 2517 2125 2577 licitum
2157 2521 2251 2578 est
2276 2517 2371 2577 in-

838 2857 1228 2927 approbatum,
1257 2855 1545 2925 respondit
1607 2855 1851 2907 rovisum
1876 2871 1997 2907 esse
2023 2855 2079 2907 in
2126 2855 2367 2911 decretis

839 2927 994 2980 feriae
1018 2944 1069 2979 tv
1097 2925 1160 2979 18
1185 2926 1428 2994 Augusti
1454 2925 1515 2977 18
1593 2965 1606 2989 ,
1635 2930 1692 2978 et
1714 2926 1895 2978 danda
1919 2942 2040 2977 esse
2066 2926 2310 2980 decreta.

912 2998 1088 3052 Porro
1112 2999 1168 3050 in
1193 2997 1282 3049 his
1306 2997 1546 3050 decretis
1577 2997 1845 3049 statuitur
1881 2996 1929 3048 1⁰
1956 2996 2368 3051 Confessarium

840 3068 1118 3136 denegare
1145 3085 1253 3120 non
1277 3084 1441 3138 posse
1471 3067 1877 3121 absolutionem
1903 3068 2245 3138 presbyteris
2271 3070 2366 3140 qui

840 3139 1181 3193 contendunt
1201 3139 1385 3207 legem
1408 3138 1678 3208 principis
1689 3154 1810 3192 esse
1837 3138 2060 3193 titulum
2084 3136 2366 3195 sufficien-

838 3216 952 3263 tem
999 3210 1207 3280 aliquid
1263 3209 1607 3280 percipiendi
1674 3226 1845 3280 supra
1911 3216 2140 3273 sortem,
2191 3210 2366 3266 donec

838 3280 894 3334 S.
909 3280 1080 3334 Sedes
1102 3281 1438 3334 decisionem
1484 3279 1820 3333 definitivam
1846 3281 2096 3335 emiserit
2122 3298 2136 3346 ;
2163 3281 2223 3333 2·
2245 3283 2366 3336 Non

837 3352 1257 3424 inquietandum
1308 3369 1432 3404 esse
1475 3350 1871 3414 confessorem,
1899 3352 1996 3422 qui
2020 3352 2153 3404 licet
2185 3354 2365 3406 Bene-

837 3423 973 3476 dicti
996 3440 1084 3475 xtv
1108 3427 1163 3476 et
1208 3423 1444 3475 aliorum
1486 3422 1580 3475 SS.
1613 3422 1939 3476 Pontificum
1967 3422 2275 3477 decisiones
2296 3424 2364 3477 de

839 3510 1009 3547 usura
1054 3494 1284 3557 noverit,
1311 3493 1475 3546 docet
1518 3510 1586 3545 ex
1611 3499 1803 3546 mutuo
1827 3493 2088 3546 divitibus
2121 3501 2220 3548 aut
2263 3511 2364 3547 ne-

839 3565 1210 3633 gotiatoribus
1256 3564 1508 3634 praestito
1550 3564 1763 3633 percipi
1795 3580 1977 3634 posse,
2006 3571 2215 3633 praeter
2238 3582 2363 3618 sor-

837 3635 1200 3699 tem,lucrum
1223 3635 1467 3705 quinque
1488 3652 1589 3704 pro
1617 3634 1732 3697 100,
1750 3636 1916 3687 etiam
1937 3635 2004 3686 ab
2036 3634 2105 3687 iis
2165 3637 2223 3689 ui
2244 3636 2366 3689 nul·

834 3706 951 3759 lum
972 3707 1141 3758 alium
1153 3705 1375 3758 omnino
1395 3706 1616 3758 titulum
1627 3706 2025 3774 praeterlegem
2040 3706 2141 3758 civi
2169 3706 2365 3760 610113.-

834 3779 968 3830 bent
1000 3783 1192 3830 mutuo
1234 3777 1637 3830 extrinsecum:
1686 3792 1789 3829 nec
1836 3794 1962 3828 eum
1996 3777 2092 3845 qui
2124 3777 2182 3829 in
2216 3780 2364 3833 bona

834 3846 939 3901 fide
966 3848 1198 3901 dimittit
1237 3848 1620 3918 poenitentem,
1655 3864 1724 3899 ex
1767 3852 1960 3900 mutuo
1991 3847 2211 3901 lucrum
2235 3849 2361 3916 lege

833 3923 1103 3982 taxatum,
1119 3921 1328 3989 absque
1354 3918 1462 3971 alio
1488 3918 1648 3971 titulo
1673 3918 2004 3978 extrinseco,
2022 3919 2356 3986 exigentem,

833 3990 1130 4043 dummodo
1158 3990 1277 4059 ipse
1301 3994 1358 4042 et
1380 3989 1655 4058 poenitens
1678 3989 1861 4059 parati
1886 3990 1997 4042 sint
2019 3997 2169 4042 stare
2208 4006 2363 4043 man-

833 4060 979 4114 datis
1002 4061 1058 4113 S.
1086 4060 1272 4125 Sedis3
1297 4059 1357 4112 3ο
1383 4059 1649 4111 Haeredes
1700 4059 1941 4111 hominis
1965 4060 2059 4129 qui
2093 4078 2161 4113 ex
2185 4078 2359 4131 pecu-

833 4131 941 4183 niis
964 4136 1155 4183 mutuo
1180 4130 1325 4183 datis
1349 4130 1565 4183 lucrum
1589 4129 1716 4197 lege
1749 4130 2179 4183 determinatum
2225 4148 2358 4213 per-

833 4205 1077 4272 ceperat,
1106 4202 1174 4253 ab
1200 4200 1349 4253 omni
1373 4201 1722 4269 reparatione
1761 4207 2046 4269 exemptos
2070 4218 2129 4253 se
2163 4202 2359 4256 existi-

833 4288 987 4323 mare
1011 4288 1194 4341 posse,
1211 4271 1265 4323 S.
1283 4271 1457 4323 donec
1474 4270 1643 4323 Sedes
1669 4269 2007 4324 definitivam
2020 4271 2358 4325 decisionem

832 4342 1099 4406 emiserit,
1129 4341 1217 4395 cui
1269 4340 1452 4412 parati
1497 4342 1610 4394 sint
1653 4341 1910 4407 obedire3
1935 4341 1995 4394 4⁰
2021 4342 2355 4413 Episcopum

831 4412 1048 4466 hortari
1071 4429 1234 4483 posse
1267 4412 1637 4465 confessarios
1670 4412 1986 4479 rigidiores,
2014 4412 2197 4481 ipsum
2222 4431 2357 4467 con-

829 4484 1048 4536 sulendi
1072 4499 1242 4536 causa
1262 4483 1550 4540 adeuntes,
1566 4487 1629 4536 ut
1650 4482 1887 4535 aliorum
1913 4484 1967 4535 in
1993 4483 2098 4535 hac
2124 4486 2358 4539 materia

828 4554 1238 4622 benigniorum,
1268 4554 1364 4624 qui
1409 4553 1666 4606 videlicet
1709 4558 1909 4623 putant
1951 4554 2169 4607 lucrum
2230 4555 2355 4624 lege

829 4630 1081 4678 taxatum
1106 4626 1318 4695 percipi
1337 4641 1519 4695 posse,
1570 4625 1841 4678 rationem
1875 4630 2208 4695 sequantur,
2259 4631 2358 4681 aut

827 4696 1026 4750 saltem
1052 4696 1384 4766 poenitentes
1407 4712 1516 4747 non
1541 4712 1663 4747 esse
1708 4695 2117 4765 inquietandos,
2151 4697 2356 4764 agendi

827 4768 1003 4821 donec
1027 4766 1081 4819 S.
1115 4767 1284 4819 Sedes
1309 4783 1633 4837 expressum
1659 4783 1726 4819 ea
1758 4767 1824 4818 de
1858 4766 2165 4836 quaestione
2205 4768 2357 4837 judi-

825 4839 973 4892 cium
998 4838 1160 4891 ferat.

895 4910 949 4963 S.
981 4907 1233 4961 Officium
1293 4907 1505 4977 pariter
1562 4907 1850 4977 respondit
1906 4924 2009 4978 per
2067 4908 2353 4963 decretum

823 4980 884 5033 31
950 4979 1190 5048 Augusti
1240 4978 1367 5032 1831
1421 4996 1455 5032 a
1499 4977 1554 5031 S.
1606 4979 1761 5048 Papa
1809 4979 2080 5046 Gregorio
2125 4997 2234 5043 xvi,
2263 4982 2351 5033 die

820 5053 855 5104 7
888 5050 1233 5121 Septembris
1272 5051 1662 5119 approbatum,
1712 5049 1781 5102 ad
1829 5050 2066 5119 quaesita
2120 5052 2353 5120 capituli

824 5122 1133 5189 collegiatae
1162 5121 1528 5174 Locarnensis
1550 5121 1606 5173 in
1633 5120 1936 5183 Italia,non
1959 5121 2018 5173 in
2061 5121 2353 5175 uietandos

822 5209 965 5250 esse,
997 5191 1294 5245 dummodo
1319 5192 1501 5261 parati
1548 5192 1661 5244 sint
1692 5195 1842 5243 stare
1888 5138 2149 5244 mandato
2174 5192 2229 5244 S.
2259 5192 2354 5245 Se-

821 5264 927 5327 dis,
969 5263 1283 5323 canonicosi,
1311 5263 1561 5331 aliosque
1584 5262 1941 5315 beneficiatos
1968 5262 2064 5331 qui
2088 5263 2352 5332 capitalia

820 5351 952 5386 suas
976 5335 1135 5386 dotes
1158 5334 1553 5386 constituentia
1590 5334 1844 5386 tribuunt
1887 5333 2143 5402 personis
2167 5334 2349 5387 solva-

820 5405 1044 5468 bilibus,
1093 5402 1433 5474 hypotheras
1474 5402 1811 5457 sufficientes
1859 5404 2258 5472 praebentibus,
2293 5411 2350 5460 et

820 5473 1179 5528 nihilominus
1207 5475 1477 5529 interesse
1501 5474 1535 5529 4
1558 5474 1644 5527 vel
1688 5474 1724 5527 5
1754 5490 1857 5544 pro
1888 5473 1987 5527 100
2009 5475 2262 5543 exigunt,
2291 5480 2348 5531 et

2461 668 2666 726 verbis
2695 667 2776 728 ad
2807 669 2991 728 talem
3021 668 3469 746 gratitudinem
3488 668 3794 741 excitare,
3831 671 3894 724 et
3919 665 4001 724 in·

2464 760 2735 819 ducere?
2816 763 3060 838 Negant
3113 759 3390 839 Cajetan.
3440 761 3669 821 Joann.
3727 758 4000 832 Medina,

2464 852 2711 913 Ricard.
2747 855 2913 913 Scot.
2947 854 3178 930 Angles
3205 899 3220 929 ,
3247 872 3403 931 quos
3432 855 3614 912 ail'crt
3641 851 3833 913 Salas
3861 849 4002 910 duh.

2464 961 2576 1006 vn.
2612 945 2756 1024 quia
2777 946 2876 1005 illa
2898 946 3230 1005 insinuatio
3260 946 3508 1006 videtur
3526 964 3663 1004 esse
3684 942 4010 1024 quoddam

2465 1043 2715 1116 pactum
2744 1037 3142 1116 implicitum;
3194 1041 3257 1099 et
3298 1038 3447 1117 quia
3475 1056 3549 1097 ea
3574 1035 4003 1115 praecedente,

2465 1148 2588 1190 non
2619 1130 2865 1191 videtur
2892 1130 3303 1191 mutuatarius
3324 1135 3542 1209 sponte
3566 1130 3753 1204 dare,
3782 1128 3897 1187 sed
3919 1148 4009 1187 ru·

2465 1223 2616 1283 bore
2647 1224 2744 1283 vel
2774 1223 3139 1285 necessitate
3160 1224 3535 1302 compulsus
3563 1222 3817 1295 Quibus
3849 1221 4007 1280 fave-

2469 1334 2533 1374 re
2555 1315 2802 1375 videtur
2831 1318 3086 1393 Gregor.
3122 1334 3218 1379 ca.
3251 1314 3444 1390 Sicut,
3476 1332 3521 1376 1.
3556 1334 3665 1393 qu.
3697 1317 3766 1374 2.
3803 1331 3845 1372 a
3871 1331 4008 1373 con·

2467 1407 2656 1467 trario
2689 1426 2872 1468 sensu
2903 1408 3136 1486 dicens,
3206 1429 3235 1465 (ι
3264 1408 3504 1469 Oblatio
3532 1407 3783 1467 nullam
3813 1405 4010 1485 culpae

2466 1500 2778 1560 maculam
2805 1501 3034 1579 ingerit
3079 1519 3219 1582 quae
3267 1519 3393 1561 non
3421 1520 3496 1560 ex
3524 1498 3877 1560 ambientis
3902 1517 4004 1578 pe·

2465 1592 2682 1653 titione
2709 1593 3009 1671 processit
3035 1615 3063 1650 »
3108 1614 3120 1655 ε
3159 1593 3211 1655 51
3241 1612 3390 1672 ergo
3422 1593 3690 1673 petitur,
3751 1610 3888 1652 non
3915 1610 4010 1651 ex·

2468 1686 2737 1745 cluditur
2764 1686 2966 1746 omnis
2996 1685 3199 1764 culpa.

2545 1777 2665 1858 Alii
2710 1782 2919 1838 tamen
2967 1778 3386 1839 communiter
3437 1782 3668 1856 negant
3714 1778 3811 1838 ibi
3876 1796 4006 1838 esse

2468 1889 2743 1947 usuram,
2776 1872 3007 1932 Molina
3035 1871 3267 1950 disput.
3301 1873 3441 1932 305.
3491 1872 3782 1949 cajetan.
3823 1871 4010 1932 etiam

2470 1962 2588 2023 alio
2618 1964 2777 2039 loc0,
2804 1964 3072 2025 Conrad.
3096 1965 3366 2040 BanneS,
3392 1963 3601 2024 Salon.
3639 1967 3700 2023 et
3721 1966 4009 2041 Aragon.

2469 2075 2624 2135 quos
2650 2058 2826 2117 affert
2863 2061 2926 2116 et
2952 2057 3234 2135 sequitur
3282 2056 3456 2117 Salas
3501 2054 3605 2115 ubi
3658 2074 3867 2134 supra
3898 2057 4013 2115 Re·

2468 2149 2609 2208 bell.
2647 2150 2874 2208 Bonae.
2911 2153 2973 2210 et
3001 2149 3137 2220 alii;
3173 2167 3331 2227 quos
3362 2150 3582 2225 affert,
3626 2154 3688 2207 et
3717 2149 4014 2226 sequitur

2469 2240 2666 2300 Diana
2694 2258 2736 2300 1.
2773 2246 2921 2300 tom.
2954 2245 3033 2301 tr.
3067 2240 3137 2300 de
3163 2240 3506 2301 contrat-tib.
3543 2259 3664 2300 res,
3697 2244 3811 2301 62.
3870 2239 4012 2319 quia

2468 2333 2520 2392 si
2551 2333 2787 2393 intendi
2815 2337 3038 2411 potest,
3072 2332 3363 2412 explicari
3382 2336 3583 2411 potest
3600 2332 3825 2392 verbis
3853 2330 4015 2411 ejus·

2469 2425 2637 2485 modi
2668 2425 2925 2486 intentio
2950 2471 2966 2500 ‚
3020 2430 3083 2485 et
3110 2426 3258 2504 quia
3287 2424 3590 2504 ejusmodi
3620 2425 3926 2486 excitatio
3955 2428 4016 2486 et

2469 2517 2682 2596 petitio
2734 2536 2858 2577 non
2905 2517 3177 2579 reddunt
3221 2517 3622 2579 donationem
3650 2518 4013 2579 involunta-

2467 2869 2589 2906 eam
2614 2853 2949 2906 decisionem
2994 2854 3214 2908 extendi
3270 2872 3434 2925 posse
3460 2856 3529 2909 ad
3555 2857 3855 2920 ecclesias,
3887 2875 4008 2912 mo-

2468 2925 2732 2987 nasteria,
2767 2925 2860 2994 pia
2919 2927 3058 2986 loca,
3095 2927 3337 2996 pupillos
3395 2934 3453 2979 et
3520 2928 3659 2980 alias
3726 2946 4010 2999 personas

2468 3012 2592 3065 quae
2637 2995 2695 3048 in
2743 2996 3017 3049 similibus
3062 2998 3479 3051 constituuntur
3537 3000 4004 3063 circumstantiis,

2466 3083 2662 3136 nempe
2689 3083 2828 3135 opus
2852 3065 3061 3119 habent
3083 3067 3360 3121 fructibus
3406 3085 3474 3121 ex
3521 3070 3762 3139 pecunia
3799 3088 4006 3141 prove·

2465 3136 2764 3201 nientibus,
2792 3141 2856 3190 ut
2878 3137 3106 3192 honeste
3132 3140 3434 3192 sustentari
3457 3140 3690 3211 possint:

2536 3209 2705 3260 Sacra
2732 3208 3152 3262 Poenitentiaria
3170 3227 3204 3263 a
3223 3211 3287 3262 0.
3302 3212 3534 3274 AwarO,
3548 3211 3862 3279 theologiae
3883 3213 4009 3267 doc-

2464 3284 2585 3333 tore
2610 3284 2667 3331 et
2689 3280 2845 3347 regio
2871 3279 3186 3349 professore
3214 3281 3497 3343 Pinerolii,
3526 3282 3614 3335 die
3648 3282 3716 3335 22
3740 3284 3773 3335 J
3780 3285 4007 3337 aunarii

2470 3348 2604 3402 1832
2630 3350 2961 3411 consultata,
2990 3351 3275 3421 respondit
3297 3352 3385 3405 die
3425 3351 3489 3406 16
3523 3353 3824 3407 Februarii
3851 3358 4006 3424 ejus-

2464 3420 2589 3472 dem
2615 3421 2743 3472 anni
2768 3437 2827 3472 se
2853 3426 3223 3491 opportunum
3245 3424 3526 3475 censuisse
3548 3425 3615 3476 ad
3635 3424 3801 3477 illum
3823 3433 4007 3478 trans-

2465 3491 2685 3544 mittere
2737 3490 3075 3546 resolutiones
3101 3492 3237 3546 alias
3265 3493 3421 3548 datas
3447 3492 3517 3547 ad
3559 3494 3798 3566 quoedam
3844 3495 4002 3550 dubio

2461 3561 2606 3616 circa
2637 3578 2847 3624 usuras,
2895 3568 2951 3615 et
2995 3565 3327 3617 transmittit
3385 3566 3778 3635 responsiones
3828 3583 4007 3638 supra

2464 3634 2786 3685 recensitas.
2819 3634 3022 3686 Eodem
3051 3636 3212 3688 modo
3239 3636 3687 3704 respondendum
3733 3654 3870 3690 esse
3905 3656 4002 3690 vo·

2459 3703 2567 3756 luit
2590 3704 2853 3756 moderno
2878 3705 3123 3774 Aquensi
3148 3706 3410 3775 episcopo
3443 3722 3478 3759 a
3524 3706 3580 3759 S.
3608 3706 3750 3759 Sede
3779 3709 4002 3777 petenti

2461 3790 2713 3826 normam
2739 3775 2889 3828 circa
2932 3776 3115 3828 varias
3161 3777 3501 3846 quaestiones
3546 3778 3614 3829 de
3641 3795 3841 3837 usura,
3875 3796 4003 3849 (1οε

2459 3845 2825 3898 diversimode
2851 3847 2920 3898 ab
2946 3848 3267 3900 auctoribus
3297 3847 3657 3911 definiuntur,
3695 3849 3875 3919 idque
3901 3867 4003 3920 pm

2461 3916 2646 3986 quiete
2671 3921 2783 3969 tam
2808 3914 3051 3968 fidelium
3078 3934 3245 3987 quam
3266 3918 3667 3971 confessorum.

2533 3987 2848 4040 Notandum
2894 3991 2981 4040 est
3023 3988 3235 4040 nullum
3283 3989 3491 4041 moveri
3549 4005 3712 4059 posse
3759 3989 4002 4044 dubium

2459 4057 2609 4111 circa
2633 4059 2908 4110 dictarum
2934 4059 3333 4111 resolutionum
3358 4060 3871 4114 authenticitatem.
3900 4066 4003 4114 Ar-

2459 4129 2847 4202 chiepiscopus
2870 4129 3230 4182 Taurinensis
3262 4146 3455 4183 omnes
3502 4131 3751 4197 collegit,
3781 4148 3998 4203 easque

2455 4200 2853 4268 imprimendas
2879 4200 3108 4262 curavit,
3138 4217 3263 4253 cum
3288 4201 3546 4254 omnibus
3581 4202 3997 4256 authenticita-

2458 4270 2529 4324 tis
2554 4270 2991 4324 characteribus.
3494 4271 3812 4344 (Bormum.)

2527 4416 2610 4469 Ex
2633 4432 2805 4486 supra
2827 4416 3011 4469 citatis
3031 4416 3405 4470 decisionibus
3425 4421 3580 4487 patet
3595 4415 3853 4470 infirmas
3869 4435 3994 4470 esse

2456 4488 2701 4541 rationes
2765 4488 2927 4540 uibus
2969 4488 3256 4555 rigidioris
3284 4489 3575 4540 sententiae
3605 4489 3828 4558 patroni
3853 4505 3994 4542 con-

2455 4558 2691 4611 tendunt
2713 4558 2752 4609 il
2774 4558 2968 4612 icitum
2987 4574 3110 4611 esse
3135 4558 3350 4611 lucrum
3374 4575 3442 4611 ex
3462 4563 3656 4612 mutuo
3678 4560 3991 4630 percipere,

2454 4628 2622 4698 idque
2648 4629 2850 4697 opponi
2875 4628 2989 4696 legi
3020 4630 3285 4687 naturali,
3323 4629 3597 4682 doctrinae
3641 4630 3898 4689 patrum,
3937 4638 3994 4682 et

2455 4699 2821 4751 declarationi
2844 4699 3129 4752 Benedicti
3155 4716 3263 4752 xtV.
3289 4701 3507 4753 Etenim
3532 4700 3578 4752 si
3603 4701 3849 4753 valerent
3877 4701 3991 4753 illas

2454 4769 2718 4831 rationes,
2732 4770 2923 4839 praxis
2947 4771 3203 4851 opposita
3225 4773 3294 4824 ab
3324 4771 3574 4823 Ecclesia
3599 4771 3847 4841 permitti
3875 4788 3989 4824 000

2454 4840 2745 4910 potuisset.
2776 4841 2931 4893 Licet
2953 4858 3100 4893 enim
3133 4841 3188 4894 S.
3225 4842 3395 4894 Sedes
3442 4839 3828 4895 difficultatem
3875 4858 3991 4894 000

2453 4911 2761 4973 diremerit,
2800 4912 3055 4981 sequitur
3077 4917 3264 4965 tamen
3287 4929 3354 4965 ex
3397 4913 3640 4982 positiva
3683 4914 3992 4966 tolerantia

2455 4999 2622 5051 quam
2648 4982 3001 5036 commendat
3024 4988 3081 5035 et
3107 4984 3441 5052 praescribit,
3471 4999 3594 5035 esse
3622 4982 3822 5037 saltem
3848 5001 3989 5052 pro-

2455 5052 2694 5105 babilem
2719 5053 3070 5115 sententiam,
3098 5054 3316 5106 lucrum
3339 5071 3408 5106 ex
3432 5061 3626 5107 mutuo
3649 5056 3987 5123 permitten-

2452 5129 2584 5176 tem.
2619 5123 2790 5193 Atqui
2820 5123 2867 5175 si
2890 5124 3138 5178 valerent
3173 5125 3418 5178 rationes
3460 5123 3747 5193 rigidioris
3787 5130 3988 5195 patro-

2452 5211 2651 5246 norum
2675 5194 2993 5257 sententiae,
3034 5195 3287 5248 doctrina
3318 5195 3646 5265 permittens
3668 5194 3887 5247 lucrum
3917 5211 3988 5248 ex

2453 5269 2663 5325 mutue,
2692 5269 2882 5334 utpote
2938 5282 3258 5335 repugnans
3297 5266 3416 5335 juri
3460 5265 3661 5326 divin0,
3713 5267 3980 5326 naturali,

2451 5335 2735 5397 canonicO,
2787 5337 3165 5407 doctrinaeque
3223 5338 3475 5400 Patrum,
3527 5353 3756 5406 prorsus
3831 5342 3984 5390 esset

2448 5406 2803 5473 eliminanda,
2830 5423 3010 5478 neque
3056 5409 3125 5461 ab
3174 5408 3426 5463 Ecclesia
3479 5407 3728 5478 permitti
3759 5414 3978 5478 posset.

2448 5476 2656 5549 (Gury).
3564 5479 3795 5532 Eun-oa.
