4263 6376
785 272 903 331 256
938 331 942 335 .

788 463 932 505 men
952 461 1039 506 1v.
1065 448 1220 505 tom.
1238 444 1438 505 solum
1457 442 1631 518 dixit,
1657 460 1792 502 esse
1821 441 2236 522 probabilem,
2262 448 2326 505 et

792 537 1172 597 contrariam
1219 535 1730 615 probabiliorem.
1781 538 1897 595 Pro
1928 536 2152 596 eadem
2180 555 2324 597 sen-

789 629 987 689 tentia
1026 632 1294 690 afferunt
1332 629 1529 689 Tolet.
1579 627 1850 689 Cordub.
1886 629 2041 706 Veg.
2078 628 2318 689 Armill.

794 721 1081 782 Salonius
1112 721 1278 799 apud
1309 720 1519 797 Salas,
1572 720 1677 779 ubi
1708 737 1898 797 supra
1927 739 1987 780 n.
2021 724 2079 780 6.
2118 721 2227 800 qui
2258 740 2318 782 n.

791 818 850 874 7.
880 813 1125 874 videtur
1154 832 1293 872 eam
1322 813 1695 873 sententiam
1724 813 2096 890 approbare,
2134 832 2327 892 quan-

793 907 872 967 do
903 911 1198 966 mutuans
1246 910 1501 985 paratus
1528 909 1698 980 erat,
1750 905 1861 964 sed
1891 910 2109 983 postea
2147 924 2319 967 num.

792 1002 851 1060 8.
887 1017 1025 1059 eam
1055 999 1321 1074 limitat,
1375 1004 1443 1059 ut
1473 997 1772 1076 procedat
1800 997 2038 1074 solum,
2073 999 2324 1077 quando

794 1109 951 1170 opus
979 1091 1126 1150 iilud
1161 1109 1395 1150 vanum
1441 1095 1503 1151 et
1555 1089 1839 1150 illicitum
1887 1090 1968 1148 ad
2015 1090 2184 1168 quod
2215 1108 2326 1169 pe-

793 1183 941 1244 titur
968 1188 1278 1259 mutuum,
1317 1202 1441 1243 non
1471 1185 1676 1261 potest
1704 1201 1739 1240 a
1769 1183 2147 1242 mutuatario
2177 1182 2310 1242 sine

791 1294 1023 1354 magno
1053 1274 1451 1336 incommodo
1480 1274 1579 1334 vel
1623 1273 1989 1335 difficultate
2033 1274 2322 1354 relinqui,

793 1387 974 1430 secus
1005 1368 1052 1427 si
1084 1368 1263 1429 facile
1293 1372 1499 1446 potest
1525 1366 1605 1426 ab
1637 1384 1709 1426 eo
1741 1365 2078 1429 abstinere.

874 1460 1025 1523 Mihi
1055 1461 1242 1521 etiam
1287 1460 1421 1520 haec
1452 1458 1727 1518 secunda
1774 1460 2083 1519 sententia
2124 1459 2329 1539 magis

797 1553 1022 1632 placet,
1073 1551 1389 1631 loquendo
1438 1551 1516 1611 de
1572 1550 1869 1629 petitione
1916 1551 1997 1611 ab
2043 1552 2328 1612 usurario

795 1648 1055 1724 parato;
1092 1645 1239 1725 quia
1267 1645 1565 1705 damnum
1593 1643 1936 1720 spirituale,
1972 1644 2141 1722 quod
2159 1644 2213 1705 ei
2243 1644 2331 1704 in-

793 1738 1011 1813 fertur,
1059 1736 1376 1796 modicum
1407 1740 1536 1812 est,
1582 1740 1651 1796 ut
1684 1735 1947 1814 probavi
1985 1736 2152 1798 dicto
2195 1737 2330 1797 loco

795 1830 873 1889 de
902 1829 1322 1890 Sacramentis
1351 1828 1415 1888 in
1444 1846 1674 1907 genere
1699 1874 1714 1904 ,
1759 1834 1821 1888 et
1845 1827 1988 1889 ideo
2018 1829 2333 1890 modicam

794 1922 1124 1983 utilitatem
1152 1921 1387 1982 licitam
1415 1920 1684 2000 petentis
1713 1920 2000 1980 sufficere
2029 1922 2111 1982 ad
2143 1940 2329 1981 excu-

796 2015 1059 2077 sandam
1101 2015 1465 2093 petitionem
1492 2032 1532 2075 a
1559 2013 1745 2091 culpa
1790 2014 2008 2092 gravi,
2061 2014 2335 2075 fatentur

794 2107 1208 2169 communiter
1245 2109 1546 2168 Doctores
1592 2106 1782 2166 etiam
1823 2106 2042 2184 primae
2088 2111 2335 2167 senten-

796 2200 898 2260 tiae
932 2219 944 2260 :
979 2199 1245 2260 sufficiet
1275 2217 1422 2276 ergo
1454 2199 1642 2259 etiam
1660 2197 1901 2272 eadem,
1923 2198 2022 2258 vel
2052 2197 2332 2277 aliquan-

794 2292 999 2352 tulum
1042 2291 1245 2369 major
1281 2290 1515 2352 utilitas
1538 2336 1554 2366 ,
1602 2294 1711 2351 aut
1738 2290 2070 2351 difficultas
2094 2336 2110 2366 ,
2145 2289 2334 2350 etiam

795 2383 1046 2465 quando
1086 2384 1317 2463 petitur
1358 2387 1644 2443 mutuum
1689 2383 1768 2442 ad
1817 2401 1974 2462 opus
2018 2382 2327 2443 illicitum.

792 2476 1251 2555 Consequentia
1279 2475 1601 2553 probatur,
1636 2475 1783 2552 quia
1808 2521 1822 2550 ,
1875 2479 1943 2535 ut
1981 2474 2142 2534 bene
2173 2492 2334 2553 pon-

793 2570 1038 2630 deravit
1053 2568 1355 2644 Sanchez,
1378 2567 1628 2646 quando
1659 2572 2041 2646 praeceptum
2066 2565 2333 2646 juvandi

792 2663 1146 2742 proximum
1175 2660 1451 2740 graviter
1498 2660 1770 2738 obligat,
1823 2678 1945 2720 non
1994 2660 2152 2721 solet
2197 2678 2333 2719 mo-

793 2755 936 2816 dica
965 2754 1195 2816 utilitas
1225 2752 1537 2814 contraria
1557 2798 1572 2827 ,
1607 2753 1706 2812 vel
1743 2752 2061 2812 modicum
2089 2752 2329 2813 incom-

793 2848 1052 2909 modum
1093 2846 1172 2906 ab
1220 2865 1295 2906 ea
1342 2844 1721 2923 obligatione
1765 2862 2086 2920 excusare,
2145 2847 2334 2923 prout

793 2946 1050 3001 excusat
1077 2939 1154 2999 ab
1186 2940 1305 2999 hoc
1323 2941 1659 3017 praecepto,
1683 2936 1904 2997 saltem
1926 2937 2179 3016 quando
2198 2955 2331 2996 mu-

793 3037 971 3095 tuum
999 3031 1232 3111 petitur
1258 3030 1338 3091 ad
1367 3049 1468 3090 res
1496 3030 1720 3091 licitaS.

874 3127 1088 3203 Neque
1145 3123 1352 3183 obstat
1379 3168 1394 3200 ,
1465 3121 1944 3182 fundamentum
2000 3120 2328 3182 contrariae

796 3217 1140 3292 sententiae,
1175 3216 1343 3296 quod
1372 3233 1602 3293 urgens
1632 3214 1787 3275 dixit
1814 3214 2118 3290 Sanchez,
2152 3232 2330 3273 nem-

796 3328 897 3388 pe,
933 3308 1100 3388 quod
1142 3311 1526 3386 praeceptum
1572 3307 1865 3386 generale
1907 3306 2228 3367 charitatis
2256 3324 2331 3368 ac

794 3400 1197 3463 correctionis
1242 3400 1531 3460 fraternae
1562 3399 1799 3477 obligat
1828 3398 2171 3478 quemlibet
2215 3399 2330 3461 sub

792 3494 1043 3555 mortali
1073 3492 1153 3553 ad
1183 3491 1507 3552 vitandum
1545 3496 1872 3570 peccatum
1915 3490 2143 3552 lethale
2189 3508 2329 3570 pro-

793 3586 964 3663 ximi,
999 3585 1250 3666 quando
1278 3584 1606 3645 commode
1635 3589 1698 3645 et
1716 3585 1951 3664 absque
1966 3588 2073 3645 tuo
2097 3584 2328 3645 damno

797 3686 997 3760 poteS,
1031 3681 1218 3757 prout
1244 3677 1306 3737 in
1334 3696 1481 3738 casu
1510 3677 1712 3755 posito
1756 3683 1967 3756 poteS,
2015 3677 2140 3738 imo
2186 3695 2330 3737 cum

797 3790 1029 3851 magno
1060 3775 1166 3831 tuo
1196 3768 1527 3830 commodo
1553 3816 1568 3846 ,
1601 3769 1857 3831 vitando
1901 3769 2194 3829 nimirum
2241 3769 2331 3830 in-

793 3864 1194 3927 commodum
1232 3862 1475 3941 peccati
1521 3862 1802 3940 proprii,
1846 3862 1927 3922 ad
1975 3862 2143 3941 quod
2191 3880 2329 3922 exe-

799 3957 1117 4037 quendum
1145 3961 1434 4016 mutuum
1474 3958 1687 4033 petere
1718 3954 1994 4015 volebaS.
2049 3956 2332 4033 Respon-

711 4087 716 4092 ·
794 4049 977 4111 detur
1021 4048 1210 4123 enim,
1261 4046 1646 4125 praeceptum
1689 4046 2008 4107 charitatis
2054 4065 2188 4106 esse
2214 4093 2229 4123 ,
2262 4050 2331 4108 ut

794 4141 1045 4222 quando
1074 4141 1207 4200 sine
1238 4139 1633 4200 incommodo
1663 4157 1893 4218 magno
1922 4157 2177 4219 possum
2197 4186 2212 4214 ,
2245 4139 2332 4200 vi-

793 4238 928 4296 tare
958 4233 1223 4293 debeam
1254 4231 1555 4291 damnum
1585 4251 1882 4312 magnum
1913 4233 2220 4311 proximi;
2263 4233 2327 4292 in

794 4344 943 4387 casu
973 4329 1184 4386 autem
1213 4325 1535 4403 praesenti,
1578 4324 1878 4384 damnum
1906 4325 2172 4403 proximi
2203 4343 2327 4385 non

792 4437 929 4479 esse
947 4435 1270 4496 magnum,
1302 4435 1445 4477 cum
1476 4434 1698 4495 parum
1717 4417 1948 4479 referat
1969 4417 2046 4492 ei,
2075 4418 2180 4495 qui
2194 4416 2330 4496 jam

794 4530 868 4572 ex
923 4515 1101 4591 parte
1156 4529 1270 4571 sua
1297 4510 1682 4570 voluntatem
1733 4509 1964 4569 malam
2021 4509 2234 4585 habet,
2269 4513 2331 4571 et

794 4604 966 4665 illam
996 4603 1141 4663 alibi
1181 4602 1530 4663 executioni
1573 4601 1932 4677 mandabit,
1978 4620 2329 4680 proponere

794 4697 1188 4758 occasionem
1212 4741 1227 4772 ,
1299 4695 1361 4753 in
1432 4712 1556 4773 qua
1623 4699 1853 4773 praeter
1918 4693 2330 4754 intentionem

793 4807 1001 4850 meam
1029 4788 1200 4847 illam
1230 4792 1609 4866 exequatur;
1642 4787 1748 4846 illa
1776 4791 1984 4848 autem
2025 4786 2330 4865 anticipa-

790 4883 878 4944 tio
909 4881 1117 4962 operis
1147 4880 1387 4942 externi
1414 4879 1614 4939 solum
1645 4878 1846 4939 variat
1860 4878 2330 4940 accidentaliter

792 4979 1120 5055 peccatum
1148 4972 1312 5033 illius
1336 5019 1351 5050 ,
1404 4970 1584 5050 cujus
1628 4970 2030 5032 accidentalis
2065 4971 2329 5032 circum-

791 5067 1036 5130 stantiae
1064 5065 1280 5128 vitatio
1311 5082 1435 5126 non
1467 5081 1567 5125 me
1596 5063 1845 5126 videtur
1869 5064 2148 5141 graviter
2173 5064 2331 5125 obli-

790 5179 940 5240 gare
975 5180 988 5222 :
1023 5158 1300 5238 alioquin
1316 5174 1433 5217 nec
1462 5160 1717 5236 propter
1733 5156 2064 5217 utilitatem
2093 5156 2329 5217 licitam

791 5271 996 5314 meam
1027 5270 1150 5312 non
1181 5249 1598 5311 necessariam
1646 5267 1762 5309 nec
1802 5267 2098 5327 magnam
2123 5296 2138 5325 ,
2190 5269 2329 5329 pos·

795 5364 926 5405 sem
968 5344 1158 5406 talem
1210 5343 1602 5404 occasionem
1650 5341 1819 5402 dare.
1883 5343 2061 5414 Quod
2117 5351 2330 5402 autem

796 5437 1195 5499 commodum
1224 5454 1434 5496 meum
1465 5435 1544 5496 sit
1569 5435 1808 5497 licitum
1833 5480 1848 5510 ,
1881 5435 1980 5494 vel
2019 5434 2326 5513 illicitum,

1947 271 2047 329 DE
2089 271 2443 333 JUSTITIA
2488 275 2588 335 ET
2630 277 2830 337 JURE

2423 468 2546 510 non
2583 451 2829 514 videtur
2854 454 3087 514 referre
3135 455 3216 515 ad
3262 462 3645 536 praeceptum
3688 459 3953 520 charita·

2421 544 2521 619 tis,
2557 563 2695 623 quae
2726 546 2979 624 quidem
3007 547 3209 608 solum
3227 549 3463 629 obligat
3482 551 3563 609 ad
3579 552 3953 611 subvenien-

2424 636 2573 696 dum
2601 638 2883 716 proximo
2917 640 3051 699 sine
3097 659 3239 701 meo
3268 642 3667 704 incommodo
3697 650 3807 704 aut
3842 645 3954 704 dif-

2422 729 2719 805 ficultate,
2752 732 3227 809 praescindendo
3259 753 3295 793 a
3323 737 3657 796 commodo
3694 737 3865 797 licito
3894 742 3955 797 et

2423 821 2672 896 illicito;
2708 825 3074 903 plerumque
3094 827 3259 886 enim
3288 828 3602 888 difficilius
3634 830 3818 888 bomo
3848 830 3954 889 ab·

2424 915 2611 976 stinet
2638 934 2677 976 a
2705 922 2852 994 potu
2887 919 3212 980 venialiter
3258 920 3467 982 illicito
3495 968 3511 998 ,
3564 942 3753 1000 quam
3783 942 3821 982 a
3848 942 3953 1001 po-

2425 1006 2563 1067 culo
2593 1006 2782 1068 licit0.
2818 1010 2894 1070 Et
2946 1018 3327 1090 praeceptum
3376 1014 3787 1074 subveniendi
3813 1034 3957 1094 pro-

2424 1100 2589 1159 ximo
2620 1099 2956 1178 aliquando
2986 1121 3110 1163 non
3142 1105 3415 1183 obligat,
3469 1108 3722 1185 quando
3764 1110 3954 1168 timeo

2425 1191 2726 1252 damnum
2781 1194 3053 1255 notabile
3109 1196 3172 1255 in
3227 1198 3447 1258 ordine
3509 1199 3591 1259 ad
3653 1201 3952 1275 officium,

2425 1285 2525 1345 vel
2555 1284 2856 1345 honorem
2881 1332 2896 1361 ,
2931 1306 3118 1365 quem
3165 1308 3347 1368 spero
3387 1296 3450 1352 et
3496 1291 3819 1353 ambitiose
3869 1293 3956 1352 in-

2426 1377 2613 1439 tendo
2644 1378 2924 1440 obtinere
2955 1381 3034 1440 ab
3061 1381 3291 1461 aliquo,
3326 1384 3473 1462 quia
3503 1404 3649 1444 vere
3677 1387 3808 1445 sine
3827 1404 3957 1445 ma-

2426 1490 2549 1550 gno
2605 1471 3002 1534 incommodo
3057 1492 3198 1534 meo
3241 1494 3364 1536 non
3415 1495 3669 1554 possum
3715 1484 3863 1539 tunc
3900 1480 3955 1537 ei

2426 1564 2781 1627 subvenire.

3118 1957 3176 2032 ς.
3208 1959 3264 2014 2.

2550 2218 2640 2279 De
2665 2217 2889 2279 hoerede
2915 2219 3193 2296 usurarii,
3225 2228 3280 2279 et
3309 2220 3441 2300 ejus
3466 2218 3833 2299 obliqatione.

2510 2474 2804 2550 Suppono
2835 2471 3058 2550 prim0‚
3120 2472 3169 2530 si
3200 2472 3521 2532 usurarius
3577 2473 3637 2532 in
3680 2473 3807 2533 vita
3834 2492 3956 2534 non

2428 2565 2699 2625 restituit
2751 2582 3004 2639 usuraS,
3067 2564 3296 2625 debere
3353 2566 3433 2625 ab
3491 2566 3839 2626 haeredibus
3896 2567 3956 2626 in
3999 2613 4105 2655 h

2430 2661 2694 2737 utroque
2725 2656 2857 2716 foro
2887 2657 3148 2733 restitui,
3190 2663 3259 2718 ut
3280 2663 3527 2719 constat
3555 2678 3627 2718 ex
3655 2677 3794 2736 cap.
3832 2659 3957 2719 Tua
3998 2648 4087 2709 τιν’

2426 2770 2550 2826 ηοε,
2577 2748 2647 2809 (Ie
2667 2748 2877 2824 usuriS,
2933 2750 3310 2825 ubidicitur,
3354 2751 3522 2829 quod
3543 2751 3651 2811 filii
3685 2752 3764 2810 ad
3785 2752 3955 2811 resti-
3994 2732 4119 2835 ἀπ’,

2427 2842 2691 2903 tuendas
2720 2860 2961 2917 usuras,
2997 2859 3071 2901 ea
3097 2846 3243 2902 sunt
3261 2842 3643 2904 districtione
3665 2844 3949 2922 cogendi,

2430 2953 2555 3013 qua
2598 2938 2889 3013 parentes
2938 2934 3062 3009 sui,
3114 2934 3165 2994 si
3206 2934 3510 3012 viverent,
3563 2943 3945 3014 cogerentur.

2429 3030 2583 3088 Cum
2630 3026 2796 3086 enim
2838 3026 3201 3088 defunctum
3256 3034 3725 3107 repraesentent,
3787 3035 3848 3089 et
3889 3029 3947 3088 in

2429 3120 2562 3199 ejus
2588 3119 2768 3179 bonis
2797 3119 3155 3196 succedant,
3192 3119 3423 3181 debent
3443 3121 3633 3183 etiam
3662 3122 3727 3181 in
3757 3122 3946 3182 oneri-

2428 3212 2543 3273 bus
2573 3212 2931 3274 succedere.

2508 3308 2805 3385 Suppono
2836 3306 3134 3382 secund0‚
3160 3306 3211 3367 si
3232 3307 3398 3368 bona
3420 3307 3813 3369 baereditaria
3832 3327 3941 3369 non

2428 3398 2740 3459 sufficiant
2765 3398 2847 3459 ad
2877 3417 3099 3459 usuras
3133 3399 3482 3472 solvendas,
3519 3401 3620 3460 vel
3646 3407 3812 3462 certe
3829 3420 3938 3460 non

2427 3491 2758 3567 sufficiant,
2820 3494 2889 3552 ut
2934 3492 3287 3552 haeredibus
3343 3511 3456 3553 sua
3502 3493 3804 3572 legitima,
3859 3493 3941 3553 vel

2429 3587 2650 3662 quarta
2680 3583 2891 3644 debita
2933 3591 3259 3645 remaneat
3302 3586 3571 3664 integra,
3626 3587 3941 3647 deberele-

2426 3678 2701 3754 gatarios
2730 3694 3101 3737 concurrere
3135 3697 3149 3736 ε
3186 3678 3333 3758 quia
3360 3685 3508 3738 ant-e
3529 3679 3940 3758 omnialegala

2428 3768 2660 3829 debent
2704 3768 2916 3830 debita
2945 3769 3122 3846 solvi,
3180 3776 3243 3830 et
3292 3775 3511 3848 postea
3559 3771 3941 3850 deducilegi·

2428 3861 2579 3922 tima
2608 3860 2838 3937 dehita,
2891 3865 2953 3922 et
2980 3866 3194 3941 postea
3223 3882 3296 3923 ex
3327 3882 3422 3939 e0‚
3456 3865 3629 3943 quod
3658 3869 3937 3944 superest,

2429 3954 2615 4015 debet
2662 3959 2883 4032 quarta
2912 3956 3188 4016 Falcidia
3234 3956 3482 4033 deduci,
3547 3963 3611 4019 et
3654 3960 3940 4037 reliquum

2425 4046 2742 4124 legatariis
2798 4047 3098 4124 dandum,
3149 4049 3331 4127 juxta
3386 4067 3461 4109 ea
3510 4068 3652 4128 quae
3699 4051 3941 4110 diximus

2427 4139 2585 4217 disp.
2621 4141 3023 4218 praecedenti,
3076 4141 3236 4219 disp.
3270 4159 3370 4202 xx.
3428 4141 3506 4201 de
3538 4143 3757 4202 ordine
3784 4141 3938 4202 resti·

2425 4232 2703 4293 tutioniS.
2755 4233 2821 4294 Si
2850 4252 2998 4294 vero
3030 4235 3247 4295 solutis
3276 4235 3521 4313 legatiS,
3557 4246 3769 4297 manet
3797 4233 3938 4314 apud

2430 4324 2712 4384 haeredes
2742 4331 3046 4403 quantum
3074 4327 3304 4388 sufficit
3333 4327 3415 4387 ad
3463 4328 3795 4388 solvendas
3825 4345 3941 4388 usu·

2427 4436 2550 4492 rae,
2586 4417 2857 4480 deducta
2885 4437 2998 4478 sua
3018 4419 3317 4497 legitima,
3354 4421 3453 4479 vel
3473 4427 3699 4500 quarta
3728 4421 3934 4493 debita,

2429 4509 2577 4570 nihil
2614 4509 2763 4570 'esta
2785 4511 3104 4589 legatariis
3128 4513 3526 4591 exigendum,
3563 4514 3802 4575 etiamsi
3823 4530 3936 4590 pos—

2427 4607 2529 4664 tea
2559 4603 2841 4663 haeredcs
2871 4603 3184 4681 deficiant,
3237 4606 3335 4665 vel
3381 4606 3549 4666 bona
3593 4625 3805 4666 eorum
3831 4622 3932 4664 non

2429 4696 2744 4757 sufficiant
2795 4717 2807 4757 2
2862 4697 3009 4776 quia
3039 4716 3182 4757 cum
3210 4698 3362 4758 illud
3408 4699 3488 4759 sit
3518 4699 3795 4760 debitum
3820 4716 3931 4776 per·

2428 4788 2641 4849 sonale
2674 4807 2797 4849 non
2845 4790 3071 4850 transit
3100 4789 3180 4849 ad
3234 4791 3594 4869 legatarios,
3660 4793 3809 4851 sicut
3833 4807 3924 4848 nec

2427 4880 2553 4941 alia
2583 4880 2793 4942 debita
2823 4881 3100 4942 defuncti
3132 4885 3507 4961 personalia.

2509 4975 2806 5053 Suppono
2836 4975 3043 5051 tertio,
3080 4976 3132 5036 si
3163 4976 3486 5037 haeredum
3518 4977 3703 5057 culpa
3727 4977 3919 5037 factum

2427 5066 2526 5141 sit,
2579 5071 2648 5126 ut
2693 5071 3031 5145 antequam
3076 5068 3409 5129 haereditas
3438 5069 3823 5143 divideretur,
3872 5073 3917 5124 et

2429 5158 2682 5220 cuilibet
2710 5178 2820 5219 sua
2847 5159 3104 5221 daretur
3130 5162 3355 5240 porti0‚
3415 5181 3625 5223 usurae
3670 5181 3781 5223 non
3819 5160 3913 5219 sint

2428 5251 2670 5327 solutae‚
2704 5258 2921 5330 postea
2949 5253 3226 5332 singulos
3255 5254 3541 5315 haeredes
3560 5255 3624 5314 in
3652 5255 3910 5315 defectum

2428 5343 2828 5404 cohaeredum
2876 5345 3243 5421 nolentium,
3296 5346 3395 5405 vel
3445 5367 3571 5406 non
3618 5346 3908 5426 potentium

2428 5436 2693 5513 solvere,
2727 5437 2955 5497 debere
2986 5437 3046 5498 in
3078 5438 3347 5499 solidum
3377 5441 3704 5502 restituere
3748 5461 3758 5500 :
3800 5435 3908 5516 quia
