4263 6376
831 311 909 371 62

830 490 934 549 tur
961 488 1044 548 ad
1070 504 1199 547 non
1224 485 1712 549 rescindendum
1740 488 1918 550 illam
1936 536 1952 567 ,
2003 487 2151 550 licet
2188 489 2267 549 de
2295 507 2363 550 se

832 578 1247 641 rescindibilis
1274 584 1477 657 esset,
1507 581 1656 661 quia
1694 582 1774 642 ad
1803 582 1965 643 hanc
1996 581 2364 643 rescindibi-

828 673 1071 735 litatem
1096 672 1436 733 tollendam
1466 674 1717 734 additur
1728 674 2183 753 juramentum.
2217 677 2361 735 Tes-

830 769 995 828 tator
1023 783 1203 844 ergo,
1245 765 1298 825 si
1341 767 1541 827 solum
1582 767 1771 828 vellet
1796 769 2165 828 confirmare
2188 766 2362 846 jura-

830 864 1043 921 mento
1073 862 1520 920 testamentum
1556 860 1969 939 relinquendo
2016 859 2169 920 illud
2218 877 2362 920 cum

831 951 960 1012 suis
1005 950 1466 1012 conditionibus
1493 997 1509 1027 ‚
1559 958 1772 1031 posset
1811 952 1963 1013 illud
2018 970 2356 1025 revocare;

832 1044 979 1122 quia
1007 1043 1208 1103 solum
1233 1043 1478 1124 juraret
1525 1045 1860 1106 asserendo
1887 1092 1902 1122 ,
1953 1064 2077 1107 non
2106 1045 2363 1124 promit-

829 1135 1055 1212 tendo,
1106 1140 1169 1197 et
1192 1135 1576 1215 relinqueret
1602 1141 2045 1200 testamentum
2076 1156 2221 1199 cum
2250 1156 2364 1198 sua

831 1228 1325 1290 revocabilitate.
1387 1229 1648 1300 Quando
1703 1248 1851 1290 vero
1910 1230 2165 1291 additur
2217 1248 2363 1308 pro-

829 1321 1041 1381 missio
1077 1320 1291 1400 jurata
1341 1340 1468 1382 non
1514 1323 1883 1400 revocandi,
1928 1322 2362 1403 juramentum

830 1413 1082 1475 additur
1129 1431 1253 1474 non
1295 1432 1483 1493 supra
1527 1419 1971 1478 testamentum
1996 1461 2012 1492 ,
2062 1419 2134 1476 ut
2175 1419 2363 1476 testa-

829 1510 1110 1567 mentum
1140 1509 1253 1582 est,
1287 1507 1398 1567 sed
1428 1506 1508 1567 ad
1538 1507 1958 1568 inducendam
1987 1505 2363 1567 irrevocabi-

827 1599 1090 1675 litatem,
1126 1603 1188 1660 et
1214 1618 1327 1677 per
1343 1618 1732 1680 consequens
1754 1601 2210 1662 extrahendum
2241 1605 2361 1661 tes-

827 1696 1176 1754 tamentum
1220 1711 1258 1751 a
1302 1697 1467 1754 statu
1498 1712 1686 1773 quem
1727 1694 2076 1756 secundum
2104 1711 2172 1754 se
2200 1710 2363 1772 prae·

829 1784 954 1845 eise
985 1783 1267 1845 haberet.

910 1877 1136 1950 Quinto
1168 1877 1475 1957 objiciunt
1518 1898 1592 1938 ex
1627 1878 1751 1958 leg.
1799 1878 1877 1939 Si
1900 1878 2028 1959 quis
2054 1878 2114 1938 in
2130 1878 2361 1959 princi-

822 1970 925 2053 pio
957 1978 1378 2048 testamentum,
1412 1972 1478 2032 ff.
1512 1971 1582 2031 de
1602 1971 1807 2052 leqatis
1834 1989 1930 2033 111.
1963 1972 2354 2033 ubidicitur:

839 2087 868 2122 «
897 2066 1090 2124 Nemo
1119 2063 1233 2125 sibi
1263 2064 1468 2143 legem
1497 2069 1704 2143 potest
1731 2065 1961 2142 dicere,
1997 2070 2065 2126 ut
2093 2084 2134 2126 a
2160 2064 2354 2144 priori

827 2156 1147 2218 voluntate
1176 2156 1234 2216 ei
1263 2157 1558 2218 recedere
1588 2175 1709 2218 non
1742 2158 1946 2234 liceat,
1970 2181 1999 2215 ι)
2039 2163 2102 2218 et
2136 2177 2210 2217 ex
2233 2156 2355 2236 leg.

828 2265 922 2310 111.
958 2251 1022 2310 ff.
1057 2248 1127 2309 de
1155 2257 1479 2311 testamenti.
1514 2249 1622 2310 ubi
1651 2250 1913 2311 dicitur:
1946 2250 2362 2312 «Testamenti

826 2341 1010 2404 factio
1040 2359 1165 2401 non
1186 2341 1432 2421 privati,
1464 2341 1574 2402 sed
1593 2342 1826 2421 publici
1847 2341 2001 2422 juris
2030 2346 2159 2416 est;
2194 2341 2365 2403 ideo·

828 2453 950 2514 que
981 2434 1182 2495 forma
1223 2434 1358 2514 ejus
1386 2434 1775 2514 privatorum
1805 2436 2005 2514 pactis
2034 2454 2157 2496 non
2188 2434 2361 2495 laedi·

827 2532 949 2590 tur.
982 2550 1010 2586 »
1070 2527 1428 2606 Respondet
1456 2526 1688 2587 Melina
1720 2527 1798 2587 ad
1828 2528 2093 2607 primam
2122 2528 2354 2606 legem,

826 2622 915 2682 ibi
944 2640 1069 2682 non
1098 2639 1234 2681 esse
1263 2637 1617 2681 sermonem
1648 2620 1727 2681 de
1749 2620 2144 2700 juramento,
2193 2621 2361 2699 quod

826 2714 1085 2775 fortasse
1115 2731 1238 2774 non
1268 2712 1442 2773 venit
1476 2713 1540 2771 in
1585 2718 1860 2775 mentem
1882 2713 2309 2793 jureconsulto
2342 2732 2356 2773 ε

827 2804 1133 2886 quidquid
1161 2808 1377 2865 autem
1419 2805 1497 2865 de
1542 2804 1919 2883 legislatoris
1947 2806 2145 2866 civilis
2175 2825 2358 2866 sensu

826 2898 1041 2974 fuerit,
1095 2898 1231 2977 ejus
1261 2897 1609 2958 definitioni
1653 2897 1947 2958 standum
1978 2916 2100 2958 non
2134 2917 2268 2958 esse
2297 2899 2360 2958 in

825 2992 945 3053 hac
962 2991 1248 3067 materia,
1275 3008 1415 3069 quae
1440 3008 1584 3051 cum
1606 2990 1975 3069 religionem
1988 2990 2355 3070 juramenti,

826 3085 1084 3164 ejusque
1116 3082 1566 3161 obligationem
1594 3088 1853 3162 tangat,
1905 3101 2030 3143 non
2079 3084 2160 3143 ad
2190 3102 2355 3161 eum,

825 3176 934 3239 sed
978 3176 1058 3237 ad
1103 3175 1465 3238 Pontificem
1496 3174 1783 3255 pertinet.
1838 3177 1986 3248 Quae
2034 3176 2359 3255 responsio

824 3269 1234 3349 explicatione
1260 3268 1499 3347 indiget
1531 3285 1546 3331 ε
1578 3275 1783 3348 potest
1803 3270 1971 3330 enim
1990 3287 2198 3331 sermo
2221 3287 2358 3330 esse

824 3363 923 3422 vel
969 3362 1046 3423 de
1068 3352 1474 3441 ”obligatione
1521 3362 1840 3441 religionis
1891 3366 2030 3424 orta
2075 3381 2152 3423 ex
2173 3364 2357 3441 jura-

734 3530 739 3535 ·
822 3458 1070 3532 mento,
1107 3453 1278 3533 quod
1306 3454 1384 3514 de
1407 3453 1552 3534 jure
1595 3454 1806 3515 divino
1862 3455 2100 3534 obligat
2145 3455 2225 3515 ad
2265 3456 2366 3517 sui

823 3548 1306 3624 observantiam,
1341 3547 1584 3626 quoties
1605 3548 1737 3610 sine
1759 3553 2016 3627 peccato
2037 3548 2357 3610 observari

824 3645 1048 3722 potest,
1082 3646 1145 3702 et
1173 3641 1334 3701 hanc
1362 3640 1811 3719 obligationem
1841 3659 2061 3702 verum
2106 3646 2202 3704 est
2230 3661 2355 3703 non

822 3733 1095 3813 pendere
1127 3751 1164 3793 a
1189 3732 1435 3811 legibus
1465 3733 1750 3794 civilibus
1774 3779 1789 3810 ,
1833 3752 1976 3794 cum
2006 3734 2086 3795 sit
2113 3733 2192 3793 de
2215 3733 2357 3813 jure

822 3826 1056 3903 divine,
1082 3824 1360 3904 quandiu
1374 3824 1804 3905 juramentum
1817 3825 2094 3886 validum
2114 3831 2351 3887 manet.

822 3921 1034 3980 Potest
1059 3919 1210 3980 item
1239 3936 1445 3980 sermo
1481 3936 1616 3978 esse
1658 3917 1736 3978 de
1766 3918 2149 3997 obligatione
2174 3918 2360 3999 justi-

818 4011 923 4072 tiae
946 4056 963 4087 ,
1014 4028 1138 4089 qua
1183 4029 1259 4070 ex
1300 4010 1361 4071 vi
1392 4009 1822 4088 promissionis
1842 4010 2068 4090 juratae
2098 4015 2361 4073 testator

820 4122 887 4164 se
916 4103 1152 4164 haeredi
1182 4103 1486 4182 obligavit
1517 4123 1530 4164 :
1576 4108 1641 4165 et
1678 4103 1814 4164 haec
1842 4109 2049 4183 potest
2074 4105 2353 4184 pendere

819 4197 885 4256 in
911 4196 1124 4275 aliquo
1154 4214 1303 4257 casu
1332 4215 1369 4256 a
1397 4196 1536 4275 lege
1566 4195 1731 4256 civili
1766 4214 1780 4260 :
1814 4197 1981 4275 quod
2012 4198 2182 4257 enim
2209 4216 2355 4258 con·

819 4294 1055 4352 tractus
1074 4289 1211 4368 lege
1227 4288 1539 4350 invalidus
1555 4289 1962 4351 confirmetur
1969 4290 2354 4368 juramento,

818 4382 1052 4463 pendet
1079 4400 1150 4442 ex
1182 4382 1319 4460 lege
1340 4381 1508 4442 civili
1538 4381 1625 4442 ita
1647 4385 1980 4459 statuente,
2017 4383 2236 4444 saltem
2265 4384 2356 4442 in-

821 4475 1078 4551 directe,
1112 4479 1183 4536 ut
1208 4474 1483 4534 vidimus
1512 4474 1573 4535 d.
1609 4478 1760 4536 sect.
1795 4492 1932 4536 v111.
1983 4475 2165 4537 Unde
2208 4475 2355 4555 jure

822 4567 1156 4646 antiquiori
1185 4569 1543 4627 contractus
1571 4566 1655 4627 illi
1670 4565 2032 4645 juramento
2064 4586 2186 4629 non
2210 4585 2357 4628 con·

820 4659 1238 4721 firmabantur
1260 4704 1276 4735 ,
1310 4662 1374 4719 et
1402 4661 1639 4738 ex'jure
1669 4659 1914 4720 noviori
1940 4659 2349 4720 Anthentico-

819 4771 962 4814 rum
990 4753 1463 4814 confirmantur.
1511 4752 1580 4811 In
1626 4754 1839 4812 nostro
1890 4770 2035 4831 ergo
2085 4771 2235 4813 casu
2263 4752 2358 4812 di-

822 4845 1093 4908 cendum
1141 4849 1268 4920 est,
1321 4843 1532 4923 quoad
1560 4843 2009 4923 obligationem
2036 4845 2358 4923 religionis

822 4957 947 5000 non
984 4938 1259 5018 pendere
1280 4954 1315 4995 a
1343 4936 1484 5016 lege
1513 4935 1701 5013 civili,
1736 4935 1905 5015 quod
1923 4935 2356 5016 juramentum

822 5051 949 5094 non
979 5029 1319 5093 revocandi
1348 5028 1583 5108 obliget
1612 5032 2005 5105 testatorem,
2040 5034 2103 5090 et
2129 5031 2207 5089 de
2238 5029 2358 5091 hac

824 5124 1204 5203 obligatione
1233 5122 1655 5202 nonloquitur
1680 5122 1782 5181 illa
1813 5121 1933 5198 lex,
1967 5122 2078 5182 sed
2108 5122 2187 5182 de
2206 5122 2359 5183 obli-

819 5218 1078 5297 gatione
1107 5216 1310 5293 civili,
1344 5234 1469 5295 qua
1498 5215 1700 5275 haeres
1729 5234 1804 5275 ex
1833 5218 2014 5293 pacto
2044 5215 2359 5277 testatoris

818 5310 921 5391 jus
975 5309 1279 5389 acquirat.
1339 5308 1636 5380 Quamvis
1682 5310 1893 5367 autem
1948 5307 2355 5385 concedatur,

824 5404 993 5483 quod
1016 5402 1450 5483 juramentum
1480 5399 1632 5460 illud
1664 5399 1741 5460 de
1770 5400 1938 5461 facto
1970 5400 2205 5480 obliget
2231 5401 2352 5463 hoc

824 5496 1035 5573 modo,
1070 5499 1133 5557 et
1160 5495 1268 5558 det
1288 5493 1393 5574 jus
1420 5493 1691 5569 haeredi,
1727 5496 1796 5555 ut
1824 5493 2111 5555 concedit
2137 5499 2357 5573 postea

1984 309 2088 370 DE
2127 308 2489 385 JusTmA
2530 309 2633 371 m·
2672 310 2876 372 JURE

2461 489 2631 549 idem
2658 473 2892 551 Munna
2917 490 2972 568 ς.
3008 487 3191 550 Salvo
3220 497 3431 564 autem,
3484 505 3608 548 non
3656 487 3861 548 obstat
3886 486 3993 546 ina

2462 583 2684 656 citata,
2720 602 2859 662 quae
2890 582 3166 661 loquitur
3193 583 3271 642 de
3296 580 3441 662 jure
3471 581 3727 660 antiquo
3757 598 3880 640 non
3911 579 3990 639 de

2452 677 2595 755 jure
2624 675 2951 754 posteriori
2980 675 3505 737 Anthenticorum
3526 721 3541 750 ,
3579 693 3702 752 quo
3734 676 3991 751 propter

2462 769 2875 829 reverentiam
2916 767 3261 846 juramenti
3304 772 3488 846 pacta
3533 766 3812 845 alioquin
3846 766 3988 844 jure

2460 860 2736 921 invalida
2757 907 2773 937 ,
2832 863 3212 939 aeceperunt
3263 860 3391 919 vim
3448 860 3526 919 ad
3580 858 3990 936 obligandum

2462 953 2726 1014 civiliter
2765 953 3106 1014 accedente
3148 951 3530 1031 juramento,
3590 952 3869 1029 Denique
3909 949 3991 1009 ad

2460 1046 2666 1124 legem
2686 1046 2855 1105 illam
2874 1045 3125 1107 tertiam
3146 1044 3514 1123 respondeo,
3549 1044 3637 1104 ibi
3656 1044 3857 1104 solum
3889 1041 3991 1121 agi

2461 1139 2540 1199 de
2570 1139 2966 1201 solemnitate
2997 1185 3013 1215 ,
3062 1143 3123 1200 et
3150 1138 3353 1198 forma
3381 1137 3681 1216 requisita
3711 1136 3793 1197 ad
3828 1135 3992 1195 valo-

2461 1251 2595 1291 rem
2634 1232 3029 1307 testamenti,
3076 1249 3266 1310 quam
3310 1250 3433 1291 non
3477 1233 3687 1310 potest
3730 1231 3991 1290 testator

2460 1324 2717 1404 propria
2729 1324 3049 1385 voluntate
3069 1323 3463 1384 introducere
3487 1343 3500 1384 z
3532 1322 3808 1401 pertinet
3823 1321 3989 1382 enim

2460 1417 2541 1477 ad
2568 1416 2773 1495 legem
2792 1461 2808 1491 ‚
2857 1420 2920 1476 et
2939 1415 3044 1494 jus
3074 1415 3396 1493 publicum
3424 1414 3830 1494 praescribere
3859 1431 3989 1474 cer-

2459 1513 2555 1570 tas
2597 1509 2806 1588 legeS,
2857 1508 2989 1568 sine
3019 1508 3247 1588 quibus
3287 1511 3738 1569 testamentum
3780 1505 3986 1567 valide

2461 1621 2585 1664 non
2616 1602 2746 1662 fiat.

2539 1696 2672 1755 Hoc
2702 1693 3042 1772 supposito,
3077 1692 3400 1755 dubitatur
3425 1691 3730 1765 secundo‘,
3790 1709 3873 1752 an
3934 1691 3984 1751 si

2461 1805 2583 1848 non
2603 1786 2792 1862 licite,
2817 1785 3024 1846 valide
3054 1785 3274 1847 saltem
3322 1784 3605 1846 revocari
3635 1783 3833 1863 possit
3860 1789 3986 1845 tes-

2458 1881 2805 1941 tamentum
2832 1877 3269 1939 confirmatum
3317 1879 3676 1956 juramento
3707 1896 3832 1939 non
3886 1897 3988 1937 re-

2458 1971 2724 2033 vocandi
2753 1971 2905 2031 illud
2933 1971 2962 2031 ?
2990 1974 3038 2031 N
3045 1975 3310 2050 egarunt
3338 1970 3658 2046 Ostiensis,
3686 1971 3984 2050 Specula-

2460 2071 2578 2143 tor,
2604 2064 2860 2128 Oldrad.
2892 2064 3129 2140 Butrio,
3180 2067 3243 2125 et
3270 2063 3396 2140 alii,
3431 2064 3599 2141 apud
3656 2064 3884 2127 Sanch.
3919 2064 3982 2125 d.

2460 2178 2515 2222 c.
2549 2161 2595 2220 1.
2631 2157 2782 2221 dub.
2815 2174 2928 2221 ΧΠ.
2980 2177 3042 2218 n.
3076 2161 3136 2218 2.
3172 2157 3673 2218 Fundamentum
3723 2157 3990 2219 sumitur

2461 2271 2533 2312 ex
2565 2251 2847 2330 proxime
2872 2250 3093 2323 dictis;
3136 2250 3284 2329 quia
3337 2254 3717 2325 contractus,
3752 2250 3850 2310 vel
3880 2268 3984 2310 ac-

2459 2350 2560 2407 tus
2580 2344 2723 2422 jure
2753 2343 3027 2404 humano
3058 2342 3288 2418 irrituS,
3322 2343 3419 2402 vel
3450 2342 3780 2417 invaliduS‚
3817 2342 3868 2401 si
3888 2341 3989 2422 ju-

2460 2441 2743 2499 ramento
2764 2436 3190 2512 confirmetur,
3225 2435 3467 2495 validus
3509 2435 3597 2511 fit,
3645 2454 3761 2496 nec
3811 2453 3989 2495 revo-

2459 2531 2588 2592 cari
2616 2532 2849 2608 potest;
2884 2548 3034 2607 ergo
3054 2534 3310 2608 pactum
3342 2545 3465 2588 non
3495 2527 3833 2588 revocandi
3861 2532 3989 2588 tes-

2458 2626 2827 2697 tamentum,
2860 2622 3005 2682 licet
3021 2620 3164 2701 jure
3193 2620 3359 2681 civili
3386 2620 3724 2681 invalidam
3753 2620 3852 2696 sit,
3878 2619 3983 2699 ju-

2457 2718 2740 2776 ramento
2772 2719 2981 2775 tamen
3018 2714 3183 2775 vires
3226 2713 3473 2792 accipit,
3534 2731 3648 2774 nec
3703 2713 3989 2774 revocari

2459 2808 2715 2887 poterit.

2540 2899 2899 2961 Communis
2953 2900 3263 2961 sententia
3316 2899 3519 2976 docet,
3577 2899 3724 2960 licet
3772 2902 3991 2977 peccet

2458 2997 2719 3055 testator
2745 2992 3100 3053 revocando
3130 2997 3596 3069 testamentum,
3628 2992 3832 3052 valide
3887 2995 3985 3052 ta-

2458 3105 2606 3146 men
2657 3104 2987 3162 revocare,
3039 3091 3102 3146 et
3144 3087 3488 3147 secundum
3543 3088 3988 3146 testamentum

2459 3180 2653 3261 priori
2689 3178 3169 3259 praeferendum.
3230 3182 3404 3241 Hanc
3456 3179 3687 3240 docent
3722 3180 3982 3257 Gregor.

2457 3275 2684 3352 Lopez,
2718 3274 2960 3350 Burgos
2991 3272 3068 3332 de
3097 3275 3241 3348 Paz,
3277 3272 3524 3334 Silvest.
3549 3272 3781 3331 Molina
3801 3270 3989 3350 juris-

2459 3368 2545 3442 ta‚
2603 3365 3000 3440 Benedictus,
3048 3365 3327 3441 Armilla,
3379 3363 3689 3440 Tabiena‚
3748 3363 3982 3425 Gutier.

2460 3458 2894 3533 covarruvias,
2947 3462 3011 3518 et
3055 3457 3158 3517 alii
3186 3458 3418 3536 plures,
3453 3474 3611 3536 quos
3662 3456 3876 3533 refert,
3925 3460 3992 3516 et

2458 3551 2744 3630 requitur
2771 3550 3001 3612 Sanch.
3036 3549 3098 3611 d.
3124 3549 3274 3610 dub.
3308 3567 3461 3612 xvn.

2541 3647 2606 3706 P.
2639 3646 2875 3723 Vasqu.
2914 3643 2976 3704 d.
3009 3642 3160 3704 dub.
3194 3659 3289 3705 111.
3326 3662 3388 3704 n.
3433 3646 3528 3705 ¹5.
3581 3646 3644 3703 et
3671 3640 3992 3721 sequenti-

2456 3738 2575 3798 bus
2604 3737 2683 3798 ab
2713 3737 2832 3797 hac
2860 3735 3176 3798 communi
3197 3736 3508 3797 sententia
3537 3735 3857 3796 discedere
3893 3734 3987 3794 vi-

2458 3831 2643 3892 detur
2676 3829 2911 3906 dicens,
2943 3829 3216 3908 primum
3237 3832 3680 3902 testamentum
3709 3827 3989 3888 validum

2457 3941 2736 3999 manere,
2769 3926 2832 3983 et
2858 3922 3203 3982 secundum
3249 3921 3594 3983 invalidum
3625 3939 3806 3982 esse:
3840 3920 3990 3999 quia

2460 4015 2710 4095 quando
2739 4013 3048 4092 promittis
3077 4032 3219 4074 cum
3233 4013 3592 4094 juramento
3621 4016 3803 4075 Petro
3835 4012 3988 4073 dare

2460 4107 2542 4167 illi
2573 4106 2834 4167 fundum
2863 4110 3064 4182 tuum,
3096 4105 3145 4166 si
3165 4110 3382 4184 postea
3411 4105 3706 4166 eumdem
3727 4104 3993 4165 fundum

2459 4200 2650 4261 Paulo
2708 4199 3055 4277 promittas,
3106 4199 3273 4275 licet,
3344 4201 3557 4260 secuta
3621 4198 3987 4273 traditione,

2455 4292 2663 4353 valide
2681 4292 3025 4353 transferas
3054 4291 3401 4351 dominium
3433 4292 3490 4351 in
3531 4291 3815 4367 Paulum,
3849 4308 3992 4368 pro-

2456 4384 2669 4445 missio
2695 4388 2908 4445 tamen
2955 4383 3094 4461 ipsa
3125 4383 3398 4444 invalida
3427 4383 3562 4459 fuit,
3598 4384 3747 4462 quia
3774 4383 3893 4445 tuit
3911 4384 3992 4444 de

2446 4476 2587 4556 jure
2615 4476 2849 4553 illicita,
2885 4494 3109 4555 nempe
3143 4476 3221 4536 de
3252 4476 3460 4537 dando
3505 4477 3592 4536 illi
3620 4477 3820 4537 fundo
3850 4495 3994 4555 pro-

2454 4570 2645 4631 misso
2703 4573 2765 4631 et
2806 4569 3017 4630 debito
3064 4571 3271 4646 Petro,
3331 4569 3500 4649 quod
3548 4569 3835 4630 illicitum
3872 4574 3986 4645 est,

2457 4681 2600 4723 cum
2627 4661 2836 4722 adhuc
2863 4662 3134 4722 tenearis
3174 4661 3323 4722 dare
3356 4665 3541 4723 Petro
3572 4661 3859 4737 fundum,
3893 4661 3992 4723 cui

2458 4754 2629 4833 prius
2657 4754 3016 4833 promisisti.
3053 4755 3155 4816 Sic
3185 4773 3333 4833 ergo
3371 4758 3651 4831 testator,
3686 4753 3793 4832 qui
3823 4754 3996 4831 prius

2457 4865 2600 4909 cum
2622 4845 2980 4926 juramento
3010 4849 3193 4908 Petro
3224 4847 3510 4926 promisit
3544 4865 3666 4908 non
3695 4864 3996 4907 revocare

2454 4943 2921 5017 testamentum,
2955 4958 3078 5020 quo
3109 4940 3282 5000 illum
3311 4940 3629 5001 haeredem
3658 4940 3825 5017 fecit,
3870 4955 3995 5001 non

2456 5035 2662 5111 potest
2674 5032 2879 5092 valide
2896 5033 3258 5111 promittere
3279 5032 3470 5094 Paulo
3494 5033 3785 5094 eamdem
3802 5033 3999 5093 haere-

2458 5123 2719 5186 ditatem
2770 5143 2883 5203 per
2935 5124 3106 5185 aliud
3159 5127 3626 5201 testamentum,
3682 5125 3830 5204 quia
3857 5143 3999 5204 pro-

2458 5218 2649 5280 mittit
2677 5218 2913 5297 aliquid
2953 5217 3256 5278 illicitum.
3292 5219 3520 5279 Postea
3568 5222 3779 5280 tamen
3819 5236 3992 5279 num.

2457 5313 2558 5375 20.
2616 5310 2736 5371 hoc
2791 5328 2973 5371 suum
3028 5310 3264 5372 dictum
3317 5311 3563 5386 limitat,
3620 5315 3682 5373 et
3737 5316 4003 5373 conatur

2459 5403 2841 5465 concordare
2910 5421 3054 5463 cum
3121 5404 3231 5465 illa
3297 5405 3616 5466 communi
3689 5404 4002 5466 sententia

2457 5495 2748 5572 dicendo,
2783 5496 2951 5574 quod
2982 5496 3034 5557 si
3052 5496 3382 5576 promissio
3413 5497 3620 5576 primo
3652 5498 3770 5560 fuit
3795 5497 4002 5559 solum

4145 1691 4207 1748 27

4130 1924 4207 1963 Van

4080 1982 4206 2018 sente

4148 3661 4207 3722 21

4090 3786 4207 3829 Seni<

4059 3839 4117 3882 P.
4138 3840 4207 3882 va:

4101 3894 4207 3935 resen
