4263 6376
160 2388 235 2535 &Et-2.

1307 314 1777 374 DISPUTATIO
1823 313 2009 386 XXV,
2060 313 2333 375 SECTIO
2377 312 2450 374 V.

304 488 522 548 tionem
555 488 804 548 civilem
827 535 842 564 ,
881 488 976 547 vel
1010 488 1287 550 debitum
1319 488 1575 568 justitiae
1605 488 1830 566 adjun-

304 584 408 656 gat,
445 585 514 638 et
548 598 663 657 per
692 599 1084 659 consequens
1112 581 1263 641 illud
1294 586 1544 660 pactum
1577 598 1698 641 non
1717 581 1833 639 erit

303 672 674 732 usurarium.
707 673 1230 751 Distinguendum
1280 692 1425 750 ergo
1474 678 1622 752 puto
1655 672 1833 753 juxta

305 764 551 823 inferius
581 765 850 824 dicenda
875 813 890 842 ‚
927 772 988 826 et
1019 766 1546 827 considerandum
1576 786 1653 827 an
1685 785 1832 845 pro-

302 857 498 916 missio
537 858 641 916 illa
676 858 952 918 humana
1001 877 1232 918 novum
1262 859 1579 918 vinculum
1627 859 1832 918 consi-

304 950 571 1009 derabile
619 952 843 1012 afferat
889 952 1307 1026 mutuatario‚
1361 952 1460 1010 cui
1515 970 1705 1030 grave
1754 951 1832 1011 sit

301 1042 706 1122 promissione
754 1044 859 1102 illa
907 1043 1174 1103 exterius
1214 1044 1475 1122 obligari
1522 1044 1597 1103 ad
1649 1043 1709 1103 id
1750 1045 1830 1103 ad

303 1136 449 1216 quod
494 1135 636 1214 jam
688 1155 760 1195 ex
806 1137 1111 1197 charitate
1158 1138 1508 1197 tenebatur.
1546 1138 1608 1198 Si
1664 1138 1830 1197 enim

299 1247 477 1306 grave
507 1247 673 1288 onus
703 1227 823 1288 hoc
870 1229 926 1287 ei
970 1228 1069 1304 sit,
1129 1235 1382 1308 pactum
1438 1230 1557 1289 erit
1612 1248 1831 1290 usura·

299 1321 481 1388 rium;
519 1339 705 1381 secus
734 1320 787 1380 si
818 1320 933 1380 hoc
964 1337 1076 1398 pro
1108 1321 1297 1381 nihilo
1327 1326 1594 1399 reputet,
1628 1322 1829 1399 posita

293 1412 405 1492 jam
438 1413 835 1491 obligatione
865 1413 1247 1491 praecedenti
1274 1414 1566 1475 strictiori
1602 1433 1673 1473 ex
1706 1414 1826 1474 alio

299 1504 515 1582 capite,
550 1506 648 1564 cui
682 1505 729 1564 si
761 1505 941 1578 desit,
976 1524 1100 1564 non
1130 1507 1574 1567 curabitetiam
1593 1507 1669 1566 de
1690 1525 1829 1585 pro-

298 1597 586 1656 missione
618 1597 720 1656 illa
752 1596 1027 1656 invalida
1052 1644 1067 1673 ,
1115 1604 1177 1658 et
1203 1598 1324 1657 fide
1356 1599 1622 1659 mutanti
1653 1598 1820 1659 data.

296 1691 454 1749 Tunc
488 1695 706 1748 antem
739 1688 1028 1766 neganda
1049 1695 1143 1750 est
1170 1691 1617 1771 consequentia
1643 1710 1826 1770 argu-

296 1787 497 1841 mento
531 1782 735 1853 fact03
789 1781 935 1860 quia
965 1781 1259 1860 obligatio
1292 1783 1393 1843 illa
1433 1785 1597 1863 pacti
1638 1802 1827 1862 supra

295 1873 741 1950 obligationem
770 1891 1029 1951 gravem
1062 1894 1133 1933 ex
1164 1875 1463 1937 charitate
1489 1896 1600 1956 pro
1633 1876 1826 1936 nihilo

293 1971 659 2044 reputatum
693 1985 816 2026 non
849 1967 936 2025 sic
969 1970 1179 2026 autem
1210 1987 1400 2047 supra
1429 1969 1708 2029 debitum
1727 1988 1825 2029 so-

291 2058 404 2117 lum
435 2059 871 2136 gratitudinis,
907 2057 984 2118 de
1017 2079 1139 2138 quo
1171 2059 1454 2120 homines
1484 2062 1827 2123 communi-

291 2155 375 2211 ter
400 2168 541 2209 non
572 2150 659 2211 ita
687 2152 888 2212 solent
917 2169 1160 2213 curare.

359 2243 580 2303 Tertio
612 2242 946 2322 objicitur,
999 2245 1146 2322 quia
1193 2262 1316 2304 non
1349 2250 1443 2307 est
1473 2265 1664 2306 usura
1692 2247 1825 2306 sine

292 2336 614 2416 injustitia,
651 2354 854 2414 neque
884 2336 1186 2415 injustitia
1215 2338 1398 2398 realis
1427 2338 1557 2398 sine
1591 2339 1829 2418 obliga-

290 2431 449 2491 tione
502 2428 924 2490 restituendi:
961 2430 1023 2488 in
1073 2430 1371 2507 praedieto
1421 2437 1633 2491 autern
1679 2449 1826 2492 casu

288 2523 450 2582 nulla
484 2527 651 2581 esset
680 2521 979 2598 obligatio
1036 2523 1403 2583 restituendi
1454 2543 1466 2583 :
1510 2542 1659 2602 ergo
1719 2544 1826 2583 ne-

287 2634 398 2694 que
466 2632 680 2674 usura.
741 2615 942 2674 Minor
989 2615 1327 2692 probatur,
1398 2617 1545 2695 quia
1594 2618 1643 2676 si
1686 2637 1827 2677 mu-

286 2709 470 2768 tuasti
502 2724 646 2766 cum
679 2711 887 2785 pacta,
940 2712 1009 2766 ut
1063 2725 1286 2784 agrum
1340 2713 1518 2769 tuum
1565 2710 1819 2786 coleret,

286 2801 376 2860 vel
418 2820 502 2859 ex
532 2805 643 2861 tua
683 2799 933 2858 officina
991 2804 1248 2874 emeret,
1308 2801 1406 2860 vel
1451 2801 1559 2861 tibi
1609 2806 1824 2880 postea

286 2897 625 2967 mutuaret,
667 2895 731 2951 et
758 2891 859 2951 ille
898 2897 1152 2970 pactum
1199 2892 1588 2969 observavit,
1643 2895 1823 2974 eique

283 2985 644 3044 mercedem
691 3002 806 3062 pro
852 2983 1067 3044 labore
1108 2983 1379 3061 solvisti,
1440 2986 1537 3045 vel
1582 3006 1823 3048 merces

285 3078 484 3157 pretio
515 3076 688 3156 justo
719 3076 1095 3153 vendidisti,
1130 3078 1227 3137 vel
1258 3078 1495 3139 solvisti
1535 3087 1822 3142 mutuum

284 3171 358 3231 ab
387 3188 463 3231 eo
497 3173 852 3249 acceptum,
887 3188 1011 3230 non
1033 3174 1294 3250 apparet
1323 3170 1469 3252 quid
1505 3172 1735 3235 debeas
1767 3174 1820 3236 ei

281 3264 635 3325 restituere.

357 3356 569 3434 Aliqui
600 3355 822 3415 dicunt
843 3400 858 3431 ‚
893 3355 1348 3416 restituendum
1378 3375 1512 3418 esse
1542 3377 1615 3418 eo
1647 3377 1816 3436 casu,

284 3466 401 3507 non
436 3448 694 3527 quidem
746 3445 845 3521 id,
898 3446 1064 3525 quod
1112 3448 1406 3526 accepisti
1454 3450 1532 3509 ob
1581 3469 1822 3512 merces

281 3539 669 3600 mutuatario
701 3543 921 3617 postea
950 3540 1254 3615 venditaS‚
1290 3541 1386 3600 vel
1416 3542 1660 3604 similia.
1696 3545 1820 3606 Sed

281 3640 587 3712 quantum
616 3636 801 3710 putas
832 3633 1097 3692 valuisse
1127 3633 1234 3694 tibi
1255 3634 1654 3695 commodum
1670 3637 1821 3697 illud

282 3743 356 3785 ex
383 3730 568 3804 pacto
601 3725 1017 3802 proveniens3
1053 3726 1137 3787 ita
1165 3730 1375 3787 tamen
1410 3732 1477 3788 ut
1503 3734 1818 3791 mutuata·

281 3818 373 3878 rio
405 3818 608 3877 solum
657 3817 1116 3877 restituendum
1169 3818 1247 3879 sit
1300 3838 1412 3898 pro
1459 3820 1712 3898 damno,
1770 3824 1821 3883 si

282 3911 454 3990 quod
482 3929 554 3969 ex
588 3910 694 3969 illo
723 3914 906 3988 pacto
937 3928 1156 3988 passus
1187 3917 1300 3986 est,
1333 3912 1642 3991 reliquum
1672 3935 1818 3977 vero

279 4001 691 4081 pauperihus,
743 4004 831 4063 lta
861 4004 1044 4064 Joan.
1079 4003 1276 4063 Andr.
1309 4008 1536 4066 Anton.
1574 4008 1815 4071 Calder.

282 4098 575 4155 Panorm.
608 4094 913 4171 Tabiena,
948 4096 1212 4156 Graffius
1239 4143 1252 4172 ,
1288 4102 1350 4158 et
1377 4097 1477 4157 alii
1512 4100 1677 4176 apud
1709 4103 1821 4162 Sa-

278 4189 372 4248 las
407 4207 580 4248 num.
612 4192 674 4247 4.
709 4187 789 4246 ad
836 4189 1204 4250 secundum.
1259 4189 1434 4263 Quod
1476 4195 1687 4252 tamen
1718 4193 1819 4253 alii

280 4282 507 4342 merito
542 4280 856 4360 rejiciunt,
893 4282 1039 4360 quia
1072 4283 1377 4344 restitutio
1408 4285 1609 4345 solum
1638 4286 1822 4346 debe-

279 4378 386 4434 tur
418 4375 476 4433 ei
505 4374 607 4453 qui
638 4392 860 4453 passus
890 4380 984 4436 est
1011 4374 1326 4454 injuriam,
1349 4395 1461 4437 nec
1491 4379 1569 4437 ad
1593 4379 1710 4439 hoc
1732 4385 1819 4440 at-

279 4466 461 4527 tendi
492 4467 676 4527 debet
703 4467 1105 4527 commodum
1141 4472 1312 4529 tuum
1339 4516 1353 4543 ,
1379 4470 1487 4529 sed
1519 4470 1818 4532 damnum

281 4560 490 4619 solum
519 4559 679 4620 illius
701 4607 716 4636 ,
751 4558 884 4619 sive
912 4560 1098 4621 fuerit
1128 4579 1270 4621 cum
1316 4565 1422 4623 tuo
1459 4565 1813 4643 commode,

278 4652 418 4711 sive
451 4652 574 4712 sine
606 4653 732 4713 illo.

362 4744 487 4805 Alii
523 4764 668 4820 ergo
718 4745 937 4806 dicunt
973 4747 1217 4808 restitui
1253 4748 1556 4827 imprimis
1586 4749 1815 4810 dehere

279 4839 660 4898 mutuatario
699 4838 1036 4915 damnum,
1091 4841 1339 4920 siquod
1394 4842 1552 4902 forte
1597 4861 1817 4921 passus

279 4935 406 5005 est,
449 4934 503 4989 et
529 4931 779 5009 quando
812 4950 911 4991 res
941 4936 1036 4991 est
1064 4932 1340 5011 integra,
1388 4933 1615 4995 debere
1661 4936 1817 4995 libe-

278 5022 415 5083 rari
453 5022 522 5081 ab
551 5042 735 5082 onere
779 5031 1069 5102 suscepto
1119 5030 1180 5085 et
1224 5025 1476 5086 dissolvi
1524 5033 1810 5106 pactum;

280 5118 440 5193 post
469 5132 611 5192 opus
654 5135 804 5176 vero
850 5116 1194 5177 exhibitum
1220 5163 1236 5194 ‚
1289 5119 1815 5181 considerandum

280 5225 430 5267 esse
462 5225 531 5265 an
557 5207 759 5268 viliori
788 5209 1012 5288 pretio,
1048 5211 1145 5269 vel
1175 5211 1462 5271 meliores
1479 5231 1716 5273 merces
1733 5214 1812 5274 ab

277 5298 415 5357 alio
451 5299 724 5376 emisset,
758 5302 856 5361 vel
888 5304 1278 5364 commodius
1309 5305 1474 5382 apud
1505 5307 1693 5367 alium
1722 5308 1814 5367 la-

277 5391 570 5453 borasset
590 5438 605 5469 ,
637 5394 731 5454 vel
763 5414 876 5473 pro
906 5395 1129 5474 majori
1159 5397 1471 5475 mercede,
1502 5398 1689 5478 idque
1719 5406 1812 5461 to·

281 5488 430 5544 tum
477 5485 939 5565 restituendum,
999 5490 1161 5551 sicut
1205 5490 1391 5551 etiam
1440 5509 1553 5569 pro
1597 5491 1810 5553 labore

3348 312 3462 371 ¹85

1935 492 2222 567 suscepto
2255 489 2306 548 si
2334 492 2587 549 coactus
2635 491 2728 547 est
2763 488 2973 547 venire
3011 485 3091 547 ad
3128 492 3304 547 tuum
3334 503 3464 545 mo-

1932 581 2278 657 lendinum,
2311 581 2579 660 longiori
2610 584 2718 640 aut
2746 579 3053 657 asperiori
3080 579 3212 653 via,
3246 582 3309 639 et
3340 578 3462 637 alia

1934 673 2262 754 ejusmodi.
2301 674 2363 734 Si
2395 678 2604 734 autem
2628 691 2702 732 ex
2725 672 2929 750 operis
2952 672 3315 733 executione
3333 671 3465 732 nul—

1930 766 2060 825 lum
2092 765 2394 825 damnum
2425 766 2652 836 sensit,
2688 765 2842 823 nihil
2873 764 2926 823 ei
2958 783 3092 824 esse
3126 764 3458 823 restituen-

1932 857 2080 918 dum
2129 858 2372 917 ratione
2412 857 2692 918 utilitatis
2746 862 2855 917 aut
2897 854 3243 927 commodi,
3292 854 3458 935 quod

1930 950 2241 1010 mutuanti
2273 968 2348 1009 ea
2376 949 2703 1009 occasione
2749 949 3047 1025 accessit,
3100 947 3209 1007 sed
3257 948 3458 1008 solum

1932 1043 2148 1120 quant-i
2179 1059 2519 1121 gravamen
2553 1046 2615 1102 et
2660 1042 2956 1119 obligatio
2986 1044 3276 1118 suscepta
3304 1040 3462 1101 aesti·

1929 1135 2086 1193 mari
2119 1139 2384 1213 poterat.
2419 1135 2510 1194 lta
2530 1133 2761 1194 Melina
2790 1134 2954 1194 dicta
2985 1133 3458 1212 disp.30‘».eum

1930 1227 2065 1286 aliis
2094 1227 2323 1288 multis.

2010 1318 2129 1378 Alii
2161 1322 2413 1396 negant,
2475 1336 2586 1395 pro
2644 1335 2715 1376 ea
2775 1317 3153 1396 obligatione
3197 1317 3457 1396 praecisa

1929 1409 2161 1488 aliquid
2195 1409 2435 1471 restitui
2467 1409 2698 1468 debere
2724 1429 2738 1481 ;
2772 1409 2860 1469 ita
2879 1409 3127 1470 Lessius
3156 1427 3328 1470 num.
3353 1412 3453 1470 58.

1929 1507 1992 1562 et
2021 1503 2196 1562 Salas
2224 1520 2365 1561 eum
2399 1501 2555 1576 aliis,
2590 1501 2652 1560 id
2682 1501 2805 1560 late
2835 1501 3111 1578 probans
3138 1501 3276 1562 loco
3309 1500 3457 1562 cita·

1926 1599 2014 1669 te,
2048 1594 2156 1673 qui
2185 1594 2248 1653 id
2277 1594 2499 1672 probat
2528 1612 2601 1652 ex
2632 1610 2739 1666 eo,
2775 1592 2943 1672 quod
2973 1594 3141 1653 nulla
3162 1593 3458 1672 obligatio

1919 1688 2177 1767 justitias
2203 1687 2493 1764 imposita
2520 1686 2637 1746 suit
2653 1687 2857 1764 reipsa
2880 1687 3280 1762 mutuatariO,
3316 1687 3462 1748 licet

1926 1786 2190 1858 uterque
2222 1779 2456 1858 imponi
2478 1779 2773 1850 voluerit3
2810 1798 2956 1857 ergo
2987 1798 3099 1857 pro
3130 1798 3204 1839 ea
3224 1780 3459 1858 obliga-

1925 1872 2093 1934 tione
2110 1873 2399 1950 imposita
2423 1871 2576 1931 nihil
2594 1871 2781 1932 debet
2800 1872 3061 1932 restitui.
3097 1874 3225 1932 Hoc
3246 1877 3458 1933 tamen

1926 1970 2391 2044 argumentum,
2427 1968 2496 2024 ut
2522 1964 2826 2040 vidimus,
2861 1982 2983 2024 non
3015 1965 3276 2042 probat,
3311 1965 3457 2044 quia

1926 2059 2072 2118 licet
2102 2057 2399 2136 obligatio
2429 2075 2577 2116 vera
2592 2056 2849 2136 justitiae
2867 2057 3158 2136 imposita
3179 2075 3302 2117 non
3324 2058 3459 2118 fue-

1926 2151 2040 2226 rit;
2077 2150 2360 2211 additum
2387 2154 2599 2211 tamen
2627 2149 2742 2210 tuit
2763 2151 3081 2210 vinculum
3102 2151 3458 2229 promissio·

1928 2244 2031 2303 nis
2080 2244 2371 2304 humanae
2397 2289 2410 2318 ,
2471 2242 2639 2321 quod
2685 2242 2853 2321 apud
2907 2243 3192 2303 homines
3244 2242 3456 2321 magni

1927 2337 2063 2397 fleri
2093 2337 2283 2411 solet,
2336 2340 2399 2396 et
2442 2337 2723 2413 graviter
2765 2336 2975 2397 ferunt
3021 2336 3122 2396 illo
3169 2335 3451 2415 astringi.

1927 2429 2225 2508 Alioquin
2267 2429 2318 2489 si
2366 2447 2439 2488 ex
2472 2427 2577 2489 illo
2608 2428 2854 2488 vinculo
2887 2429 3126 2489 nullum
3156 2428 3456 2489 damnum

1926 2523 2114 2583 sentit
2142 2520 2580 2596 mutuatarius,
2615 2539 2739 2582 non
2766 2520 3027 2583 deberet
3053 2540 3119 2582 re
3151 2521 3336 2582 etiam
3370 2521 3458 2582 in·

1924 2621 2123 2694 tegra,
2162 2619 2450 2675 mutuans
2480 2614 2654 2674 illum
2682 2632 2720 2674 a
2748 2613 2856 2674 tali
2875 2614 3456 2692 promissionelibe—

1926 2727 2088 2782 rare,
2123 2711 2309 2787 prout
2337 2706 2566 2767 debere
2597 2706 2780 2767 docet
2807 2725 2951 2766 cum
2980 2707 3117 2767 aliis
3143 2705 3311 2766 idem
3342 2707 3455 2767 Sa-

1924 2801 2015 2860 las
2045 2800 2127 2860 ibi
2159 2801 2214 2879 ἓ.
2254 2798 2660 2879 Confirmatur
2682 2799 2876 2879 primo
2896 2845 2910 2874 ,
2958 2799 3020 2859 in
3052 2816 3176 2878 quo
3208 2817 3332 2858 non
3360 2798 3455 2858 vi-

1925 2892 2108 2955 detur
2138 2892 2285 2952 satis
2314 2896 2773 2970 consequenter
2801 2891 3006 2970 loqui;
3059 2890 3207 2971 quia
3245 2890 3295 2950 si
3323 2889 3454 2950 vin·

1924 2986 2134 3046 culum
2176 2984 2327 3044 illud
2356 2983 2595 3043 nullum
2627 2984 2927 3044 damnum
2978 2986 3158 3045 affert
3200 2986 3454 3044 mutua—

1923 3079 2016 3138 rio
2047 3095 2062 3142 ς
2094 3094 2244 3154 ergo
2276 3077 2437 3136 sicut
2466 3093 2590 3135 non
2620 3079 2714 3136 est
2745 3076 3044 3155 obligatio
3077 3075 3450 3137 restituendi

1923 3169 2160 3252 aliquid
2187 3187 2297 3248 pro
2327 3168 2453 3247 illo,
2486 3168 2576 3230 sic
2593 3186 2795 3248 neque
2824 3170 2943 3230 erit
2963 3169 3263 3248 obligatio
3294 3169 3450 3231 illud

1923 3263 2268 3327 auferendi.

2002 3357 2203 3434 Magis
2233 3358 2611 3435 apparenter
2638 3356 2976 3435 respondet
3004 3356 3280 3432 LessiuS‚
3308 3355 3454 3419 licet

1922 3450 2217 3529 obligatio
2237 3450 2341 3510 illa
2359 3449 2828 3509 incommodum
2844 3449 3122 3511 attulerit
3141 3453 3451 3510 mutuata-

1922 3545 2036 3620 ri0,
2071 3542 2220 3602 nihil
2243 3547 2454 3603 tamen
2477 3560 2591 3621 pro
2621 3542 2725 3601 illa
2747 3542 3225 3619 restituendum,
3258 3559 3452 3621 quan-

1922 3636 2002 3698 do
2035 3635 2273 3696 nullum
2303 3634 2467 3694 aliud
2500 3634 2801 3694 damnum
2826 3639 3108 3696 secutum
3137 3637 3267 3711 est,
3304 3634 3451 3713 quia

1920 3729 2152 3809 injuria
2181 3728 2348 3787 nuda
2379 3745 2499 3788 non
2523 3727 2868 3789 aestimatur
2886 3729 3174 3808 pecunia.
3210 3730 3341 3788 Hoc
3365 3731 3451 3787 ta-

1921 3842 2065 3883 men
2097 3821 2175 3881 ad
2209 3825 2490 3882 nostrum
2518 3839 2730 3881 casum
2754 3821 3004 3881 difficile
3025 3820 3327 3900 applicari
3345 3839 3450 3899 po-

1919 3919 2070 3987 test;
2121 3915 2269 3993 quia
2311 3932 2436 3973 non
2466 3913 2710 3991 agimus
2742 3931 2908 3974 nunc
2946 3913 3024 3974 de
3053 3913 3448 3975 restitutione

1920 4026 2030 4087 pro
2062 4007 2290 4085 injuria
2314 4053 2328 4081 ,
2377 4006 2482 4066 sed
2518 4005 2595 4065 de
2624 4005 2983 4066 reducendo
3017 4006 3094 4066 ad
3128 4007 3451 4086 aequalita-·

1918 4106 2047 4162 tem
2098 4099 2371 4160 debitam
2430 4102 2753 4159 contractu
2800 4098 3128 4180 inoequali3
3188 4099 3238 4159 si
3281 4100 3449 4159 enim

1921 4195 2196 4274 aliquem
2225 4192 2479 4270 coegisti
2530 4192 2591 4251 in
2634 4209 2953 4254 carcerem
2983 4193 3080 4253 vel
3124 4193 3452 4273 captivita-

1918 4291 2046 4348 tem
2077 4286 2404 4364 injustam,
2437 4304 2548 4363 pro
2580 4284 2807 4366 injuria
2838 4287 3095 4365 praecise
3126 4305 3249 4348 non
3281 4292 3449 4348 tene-

1918 4380 2003 4440 ris
2032 4379 2299 4458 pecunia
2328 4397 2734 4457 compensare
2759 4398 2773 4450 ;
2808 4380 2858 4439 si
2887 4384 3096 4440 tamen
3127 4384 3450 4440 contractu

1919 4472 2124 4533 emisti
2167 4471 2247 4531 ab
2278 4490 2351 4531 eo
2382 4475 2451 4532 ut
2481 4471 2538 4530 in
2571 4490 2824 4531 carcere
2855 4475 3017 4533 esset
3045 4491 3158 4551 per
3184 4491 3443 4550 annum,

1919 4570 1981 4626 et
2009 4582 2135 4624 non
2166 4563 2390 4625 dedisti
2440 4563 2498 4623 ei
2544 4564 2816 4643 pretium
2855 4565 3094 4641 justum
3122 4565 3263 4625 talis
3292 4565 3450 4625 obli-

1917 4656 2207 4736 gationis,
2244 4656 2434 4715 debes
2463 4664 2678 4734 postea
2709 4662 3098 4718 contractum
3127 4657 3210 4718 ad
3240 4675 3448 4737 aequa·

1916 4751 2156 4811 litatem
2177 4748 2501 4825 reducere,
2535 4750 2883 4828 supplendo
2907 4751 3074 4829 quod
3096 4750 3293 4810 defuit
3311 4769 3447 4829 pre-

1916 4845 1985 4905 tii
2009 4843 2185 4923 justi.
2222 4843 2323 4903 Sic
2354 4842 2414 4902 in
2447 4848 2659 4903 nostro
2691 4861 2834 4903 casu
2857 4891 2872 4921 ,
2908 4863 3050 4904 cum
3081 4843 3233 4903 velis
3262 4847 3445 4921 pacto

1916 4937 2240 5014 imponere
2296 4936 2740 5014 obligationem
2797 4939 2980 4997 Petro
3028 4936 3318 4995 veniendi
3365 4936 3445 4995 ad

1917 5034 2092 5091 tuum
2123 5028 2586 5104 molendinum,
2634 5033 2696 5089 et
2734 5048 2845 5107 pro
2876 5030 3074 5108 pretio
3104 5028 3215 5088 des
3243 5029 3444 5088 solum

1915 5126 2201 5183 mutuum
2234 5121 2396 5200 quod
2422 5140 2542 5181 non
2566 5127 2659 5181 est
2682 5122 2949 5200 pretium
2971 5120 3307 5194 sufficiens,
3340 5121 3443 5181 de-

1915 5215 2026 5275 bes
2055 5219 2274 5293 postea
2304 5218 2691 5275 contractum
2739 5214 3044 5294 injustum
3076 5219 3137 5275 et
3167 5214 3447 5293 inaequa—

1914 5309 2034 5368 lem
2064 5308 2366 5367 reducere
2408 5306 2488 5366 ad
2520 5306 2939 5385 aequalitatem
2966 5354 2980 5383 ,
3028 5306 3236 5368 dando
3275 5307 3444 5386 quod

1915 5401 2115 5461 defuit
2141 5399 2322 5479 pretii
2362 5398 2516 5478 justi
2546 5417 2658 5477 pro
2698 5400 2806 5460 tali
2838 5400 3216 5479 obligatione
3243 5399 3445 5478 impo-

1914 5495 2051 5555 sita.
2086 5493 2436 5554 Fatendum
2467 5510 2614 5569 ergo
2658 5497 2754 5553 est
2781 5512 2920 5553 cum
2955 5492 3267 5555 communi
3298 5511 3440 5552 sen·
