4263 6376
799 265 913 324 312
1957 264 2059 325 DE
2101 261 2456 326 JUSTITIA
2501 264 2600 325 ΕΤ
2642 264 2842 326 JURE

454 463 519 505 An
538 458 753 513 maaemn-
798 441 976 502 cibus
998 486 1015 518 ,
1047 458 1186 519 quae
1215 439 1485 519 pretium
1514 457 1637 501 non
1664 439 1983 502 habebant
2005 487 2021 518 ‚
2072 459 2196 502 non
2228 459 2332 520 ap-

454 514 750 665 ῑιξξαὲῗξῖἷῇ,
798 535 996 616 1116116
1027 534 1089 593 in
1120 534 1480 594 universum
1509 533 1857 594 doctrinam
1905 534 2097 596 illam.
2177 535 2334 607 Quia

492 636 534 666 m
589 634 682 664 81⁸ss

2433 441 2861 503 communiter
2887 446 3098 503 tamen
3128 441 3398 501 diximus
3444 460 3623 520 posse
3673 461 3772 504 res
3816 461 3951 504 suas

2432 535 2743 612 vendere,
2804 535 2951 616 quia
2998 535 3413 596 communiter
3436 535 3780 615 loquendo,
3835 556 3950 597 666

683 632 713 663 ¹·
797 628 1200 706 magistratus
1228 630 1398 701 tunc,
1450 625 1500 685 si
1531 628 1853 705 permittat
1880 627 2151 707 pretium
2181 627 2333 687 illud

798 720 994 798 accipi
1027 738 1062 779 a
1090 719 1414 781 venditore
1435 719 1617 799 juxta
1631 721 1803 799 vulgi
1831 722 2330 796 aestimationem,

795 813 951 875 nihil
977 812 1124 872 mali
1152 812 1475 892 permittit,
1508 831 1651 872 cum
1679 814 1967 875 venditor
1987 813 2154 893 juste
2184 813 2335 873 illud

795 907 991 988 possit
1020 906 1327 983 accipere,
1364 909 1431 966 ut
1457 905 1749 983 vidimuS‚
1786 911 1848 966 61
1877 906 2008 985 ipse
2041 906 2220 968 Salas
2249 905 2337 965 fa-

795 1003 982 1063 tetur.
1015 997 1284 1059 Aliunde
1313 1016 1462 1059 vero
1493 998 1894 1077 magistratus
1924 1003 2073 1060 tunc
2100 998 2338 1059 nullam

796 1093 1002 1170 legem
1030 1091 1271 1168 condit,
1325 1091 1438 1151 sed
1485 1092 1688 1153 solum
1735 1091 2101 1171 permissive
2135 1111 2200 1153 se
2229 1093 2337 1152 ha-

795 1186 903 1247 bet
930 1203 1055 1245 non
1086 1183 1485 1265 impediendo
1516 1184 1756 1264 justum
1784 1185 2028 1246 lucrum
2054 1185 2337 1247 vendito-

796 1278 882 1338 ris
911 1296 1055 1339 cum
1077 1277 1327 1357 jactura
1354 1279 1653 1357 emptoris
1676 1325 1691 1355 ‚
1745 1278 1912 1358 quod
1943 1278 2005 1338 in
2036 1280 2337 1339 damnum

798 1371 1118 1451 publicum
1150 1388 1275 1431 non
1305 1371 1597 1447 resultat,
1652 1389 1795 1432 cum
1836 1390 2061 1451 parum
2106 1372 2340 1433 referat

800 1464 880 1524 ad
908 1464 1147 1525 bonum
1176 1481 1508 1525 commune
1528 1511 1547 1538 ,
1596 1464 1767 1543 quod
1806 1466 2073 1544 pecunia
2101 1465 2182 1527 sit
2208 1484 2337 1524 ma-

799 1558 896 1635 gis
924 1557 1092 1637 apud
1123 1556 1290 1618 hunc
1321 1575 1512 1637 quam
1542 1557 1710 1636 apud
1740 1558 1935 1620 illum.
2001 1558 2182 1632 Quod
2208 1577 2337 1618 ma-

800 1650 1022 1712 nifeste
1054 1650 1413 1711 confirmari
1457 1653 1665 1730 potest
1713 1669 1789 1710 ex
1835 1652 1908 1712 iis
1964 1671 2105 1731 quae
2149 1670 2340 1731 supra

801 1742 1091 1820 diximus,
1127 1747 1189 1805 et
1217 1761 1434 1804 omnes
1462 1742 1841 1821 admittunt,
1893 1763 2074 1823 posse
2104 1744 2342 1807 scilicet

798 1834 1200 1913 magistratus
1255 1839 1318 1897 et
1375 1840 1694 1897 senatores
1748 1836 1917 1914 ipsos
1963 1837 2237 1898 vendere
2280 1841 2343 1899 61

800 1927 1148 1989 distrahere
1177 1946 1322 1989 suas
1348 1946 1612 2005 merceS,
1647 1932 1772 1989 non
1806 1928 2092 1991 Obstante
2121 1929 2343 1991 notitia

802 2020 1231 2081 diminutionis
1257 2019 1440 2099 pretii
1468 2020 1773 2081 faciendae
1803 2040 1879 2081 ex
1905 2022 2065 2101 lege,
2090 2021 2341 2101 quando

804 2113 1024 2174 saltem
1052 2113 1115 2172 in
1147 2111 1368 2173 eadem
1400 2113 1748 2192 quantitate
1778 2132 1883 2174 eas
1910 2160 1924 2190 ,
1979 2114 2221 2175 seclusa
2269 2133 2344 2175 ea

804 2204 1046 2282 notitia,
1078 2206 1394 2266 vendituri
1420 2206 1703 2267 fuissent.
1765 2207 1833 2268 Si
1876 2207 2045 2267 enim
2081 2212 2346 2288 possunt

804 2298 1069 2377 positive
1092 2298 1363 2359 vendere
1392 2299 1593 2377 pretio
1623 2299 1890 2379 vulgari,
1915 2301 2111 2362 multo
2143 2302 2346 2381 magis

806 2395 1102 2470 poterunt
1128 2391 1192 2451 id
1221 2390 1356 2451 aliis
1385 2391 1766 2470 permittere.
1829 2395 1957 2454 Nec
1985 2394 2197 2475 quoad
2228 2395 2347 2456 1166

808 2487 902 2546 651
929 2483 1281 2545 differentia
1308 2483 1519 2563 aliqua
1549 2483 1711 2546 inter
1738 2504 1981 2547 merces
1999 2505 2139 2566 quae
2162 2491 2347 2549 antea

808 2578 1078 2657 pretium
1107 2577 1447 2652 habebant,
1481 2580 1544 2639 et
1572 2596 1711 2657 quae
1740 2597 1865 2640 non
1896 2579 2247 2657 habebant,
2281 2585 2351 2644 ut

807 2671 1077 2731 diximus
1111 2690 1124 2731 :
1159 2670 1305 2750 quia
1354 2670 1408 2730 si
1452 2676 1708 2749 propter
1751 2672 1989 2733 11666111
2016 2692 2349 2735 commune

811 2781 933 2824 non
965 2767 1172 2844 potest
1199 2766 1407 2824 rector
1436 2763 1704 2825 civitatis
1738 2767 2103 2844 permittere
2134 2767 2353 2827 vendi-

810 2861 1012 2919 torem
1080 2856 1403 2934 imponere
1476 2875 1710 2917 novum
1765 2860 2037 2936 pretium
2092 2860 2352 2938 vulgare

804 2951 984 3029 juxta
1014 2953 1388 3027 praesentem
1434 2951 1665 3011 statum
1688 2996 1704 3028 ‚
1739 2969 1855 3013 nec
1896 2952 2085 3014 etiam
2124 2953 2354 3032 poterit

812 3041 1207 3120 permittere,
1253 3043 1421 3121 quod
1453 3048 1812 3123 perseveret
1840 3046 2168 3126 antiquum
2193 3092 2208 3123 ‚
2241 3046 2352 3107 sed

814 3134 967 3197 illud
1015 3134 1204 3198 debet
1248 3135 1551 3215 impedire
1598 3138 1993 3217 promulgata
2026 3139 2353 3201 abundan-

813 3229 921 3302 tia,
956 3229 1053 3306 vel
1080 3229 1424 3291 mutatione
1455 3230 1665 3292 futura
1688 3278 1703 3308 ,
1737 3249 1882 3292 66111
1911 3250 2089 3312 aequc
2118 3237 2352 3294 utrum-

817 3342 939 3403 que
971 3322 1320 3383 conducere
1361 3323 1559 3402 possit
1602 3324 1683 3384 ad
1729 3325 1965 3385 bonum
1994 3344 2348 3399 commune,

817 3416 960 3477 ideo
994 3415 1160 3493 dixi,
1211 3415 1420 3495 quoad
1465 3414 1587 3477 hoc
1632 3435 1755 3478 non
1798 3419 2047 3497 placere
2093 3419 2249 3478 mihi
2291 3419 2354 3478 in

817 3509 1181 3569 universum
1209 3508 1559 3569 doctrinam
1587 3510 1779 3587 illam,
1820 3512 1968 3590 quia
1995 3513 2357 3591 promulga-

819 3602 905 3662 tio
934 3601 1097 3662 illius
1125 3601 1359 3662 notitiae
1405 3620 1532 3662 666
1571 3621 1820 3684 semper
1866 3605 2218 3666 necessaria
2265 3609 2360 3667 651

819 3694 901 3754 ad
927 3694 1164 3755 honum
1199 3711 1565 3769 commune;
1603 3697 1768 3775 quod
1804 3697 1971 3756 enim
2000 3715 2145 3758 cum
2174 3698 2358 3758 unius

820 3787 919 3847 vel
947 3785 1203 3848 alterius
1246 3787 1544 3866 emptoris
1565 3787 1815 3867 jactura
1842 3789 2131 3850 venditor
2159 3790 2358 3850 lucre-

819 3885 942 3957 tur,
992 3897 1217 3958 parum
1245 3879 1347 3939 vel
1392 3879 1546 3941 nihil
1591 3879 1964 3961 praejudicat
1990 3882 2158 3943 bono
2192 3901 2360 3944 com-

818 3971 1017 4034 muni.
1065 3973 1129 4034 Si
1158 3975 1370 4034 tamen
1398 3991 1641 4034 merces
1671 3978 1879 4035 essent
1907 3992 2029 4036 non
2061 3975 2168 4036 uni
2193 4022 2209 4052 ,
2260 3975 2360 4035 vel

823 4065 1001 4127 alteri
1026 4110 1042 4143 ,
1100 4064 1213 4125 sed
1255 4065 1488 4145 populo
1537 4070 1599 4128 et
1643 4069 2078 4129 communitati
2124 4069 2360 4146 passim

821 4158 1169 4220 vendendae
1193 4204 1208 4234 ,
1261 4162 1449 4238 atque
1479 4159 1636 4220 adeo
1677 4159 1929 4239 jactura
1954 4161 2061 4221 illa
2088 4161 2171 4221 ad
2199 4160 2362 4221 mul-

821 4256 918 4313 tos
947 4250 1362 4311 communiter
1386 4252 1843 4330 extenderetur,
1876 4254 2119 4314 lucrum
2150 4257 2361 4328 autem

823 4344 905 4404 ad
959 4361 1155 4404 unum
1207 4343 1310 4403 vel
1361 4343 1627 4405 alterum
1672 4346 2064 4408 venditorem
2120 4347 2357 4422 solum;

821 4441 972 4498 tunc
1017 4438 1230 4514 posset
1266 4436 1653 4515 gubernator
1698 4440 1964 4518 obligari
1997 4459 2070 4500 ex
2098 4458 2361 4500 munere

822 4547 936 4590 suo
963 4529 1047 4591 ad
1065 4529 1536 4607 impediendum
1564 4530 1864 4594 damnum
1900 4531 2057 4595 illud
2088 4551 2364 4594 commu-

823 4641 923 4696 ne,
959 4620 1340 4701 publicando
1370 4623 1783 4685 mutationem
1813 4625 2089 4687 futuram
2117 4671 2134 4703 ,
2187 4630 2250 4688 et
2290 4644 2366 4686 66

823 4717 903 4777 de
932 4732 1123 4776 causa
1166 4713 1553 4777 moderando
1592 4719 1862 4796 pretium
1885 4763 1901 4793 ‚
1952 4719 2083 4779 sive
2128 4717 2249 4778 1166
2286 4719 2364 4779 de

824 4827 987 4871 novo
1017 4825 1054 4868 a
1082 4806 1406 4868 venditore
1438 4809 1798 4888 impositum
1828 4814 1990 4872 esset
2009 4856 2025 4888 ,
2075 4812 2207 4872 sive
2229 4810 2364 4890 jam

824 4905 1010 4964 antea
1057 4919 1173 4961 usu
1224 4904 1286 4961 et
1327 4901 1501 4979 praxi
1541 4901 1989 4964 introductum.
2052 4905 2184 4976 Quo
2217 4921 2364 4964 casu

825 5014 941 5056 nec
981 4994 1100 5074 ipsi
1147 4994 1549 5073 magistratus
1590 4995 1779 5055 talem
1807 4996 2096 5057 notitiam
2126 4996 2366 5056 haben-

831 5093 924 5151 tes
953 5091 1208 5167 possent
1224 5086 1498 5147 vendere
1526 5106 1626 5147 res
1647 5107 1790 5148 suas
1819 5088 2018 5166 pretio
2049 5093 2361 5166 currente,

823 5199 937 5241 nec
968 5199 1073 5240 eas
1120 5198 1275 5259 quas
1302 5180 1459 5241 alias
1503 5180 1813 5242 vendituri
1856 5181 2157 5257 fuissent,
2218 5181 2366 5261 quia

824 5292 900 5334 ex
927 5292 1185 5334 munere
1216 5293 1328 5335 suo
1360 5274 1593 5336 debent
1620 5275 1925 5354 impedire
1949 5275 2181 5335 damna
2199 5293 2365 5336 com·

823 5366 1040 5427 munia
1063 5412 1078 5443 ,
1138 5367 1322 5447 quale
1370 5371 1467 5429 est
1511 5368 1678 5448 quod
1717 5386 1878 5428 unus
1906 5369 2006 5429 vel
2035 5369 2193 5429 alter
2221 5386 2364 5428 cum

816 5458 1067 5540 jactura
1149 5460 1466 5521 communi
1553 5461 1832 5522 omnium
1918 5461 2354 5540 locupletetur.

2432 627 2551 705 ipsi
2577 628 2691 689 soli
2721 628 3022 705 vendunt,
3047 629 3158 689 sed
3187 628 3397 706 plures
3425 629 3559 702 alii;
3591 647 3779 708 quare
3805 632 3954 691 sicut

2433 721 2537 781 alii
2565 721 2876 783 vendituri
2923 725 3105 798 sunt,
3164 722 3284 801 ipsi
3330 723 3520 785 etiam
3569 724 3951 801 magistratus

2434 814 2708 874 vendere
2735 819 3063 894 poterunt,
3115 833 3231 875 1166
3269 815 3504 876 dehent
3550 817 3777 895 pejoris
3818 836 3954 878 con-

2436 906 2690 967 ditionis
2721 926 2856 968 esse
2904 912 3160 987 propter
3186 908 3474 969 notitiam
3520 927 3710 987 quam
3737 909 3954 971 habeut

2435 1000 2799 1062 mutationis
2826 1001 3074 1062 futurae.

2516 1093 2688 1154 Solet
2727 1093 2827 1154 hic
2857 1093 3047 1154 etiam
3076 1094 3332 1155 tractari
3361 1095 3438 1155 de
3468 1100 3951 1176 ementeagrum,

2435 1186 2499 1246 in
2549 1204 2672 1265 quo
2724 1187 2844 1247 scit
2886 1186 3083 1247 latere
3130 1187 3497 1249 thesaurum
3526 1236 3543 1266 ,
3600 1190 3702 1250 vel
3753 1209 3954 1251 urnam

2438 1279 2604 1356 auri,
2654 1279 2753 1339 vel
2782 1280 3069 1359 argenti,
3121 1284 3186 1342 et
3212 1286 3461 1342 emente
3489 1281 3725 1343 fascem
3750 1282 3957 1344 herha-

2436 1390 2578 1432 rum
2620 1371 3081 1449 communium,
3134 1373 3199 1433 in
3227 1373 3455 1452 quibus
3500 1377 3598 1435 est
3641 1375 3831 1436 herba
3855 1377 3955 1436 uti·

2435 1464 2672 1525 lissima
2692 1510 2707 1541 ,
2746 1469 2808 1527 et
2835 1465 2971 1525 aliis
3001 1465 3308 1527 similibus
3327 1515 3343 1541 ,
3394 1484 3473 1525 an
3501 1467 3741 1546 possint
3768 1486 3954 1528 emere

2437 1557 2637 1638 pretio
2669 1558 3008 1619 communi.
3069 1560 3158 1619 De
3187 1558 3285 1618 his
3315 1562 3526 1619 tamen
3558 1560 3821 1621 diximus
3846 1562 3953 1623 late

2438 1669 2624 1729 supra
2672 1651 2833 1729 disp.
2867 1653 2972 1714 VI.
3019 1655 3170 1714 sect.
3204 1668 3290 1713 XI.
3342 1657 3604 1730 agentes
3650 1653 3726 1713 de
3770 1654 3954 1733 aequi·

2436 1744 2634 1805 rendo
2684 1743 2962 1805 dominio
3020 1744 3500 1823 thesaurorum,
3565 1751 3629 1809 et
3654 1766 3852 1810 rerum
3877 1749 3946 1808 si-

2437 1835 2701 1898 milium.

2917 2248 3338 2335 sEcho
3407 2250 3521 2339 IX.

2455 2553 2668 2617 Utrum
2691 2602 2707 2633 ,
2740 2556 2838 2616 cui
2860 2574 2952 2616 res
2980 2554 3202 2617 tradita
3230 2565 3313 2618 est
3340 2555 3636 2619 vendenda
3663 2557 3960 2635 duodecim,

2516 2660 2704 2743 possit
2757 2660 2871 2721 sibi
2923 2681 3213 2723 excessum
3274 2664 3524 2724 retinere
3576 2664 3632 2723 si
3665 2664 3965 2744 quindecim

2529 2766 2869 2830 vendiderit.

2528 3035 2766 3098 Eadem
2793 3037 2922 3098 tere
2951 3037 3212 3117 quaestio
3243 3041 3449 3116 potest
3475 3056 3611 3099 esse
3636 3038 3857 3114 deillo,
3878 3037 3976 3098 cui
4096 3038 4103 3093 4

2451 3130 2848 3208 commisisti,
2900 3134 2969 3193 ut
2995 3135 3232 3193 emeret
3276 3131 3389 3193 tibi
3433 3130 3708 3194 triticum
3737 3150 3848 3211 pro
3877 3131 3981 3191 de-
4044 3164 4102 3205 ,ᾗ

2452 3243 2612 3302 cem,
2643 3243 2724 3286 an
2755 3225 2807 3285 si
2832 3225 2965 3304 ipse
2995 3228 3164 3287 emat
3190 3244 3303 3304 pro
3334 3229 3498 3303 6616,
3520 3226 3715 3306 possit
3739 3230 3852 3288 ate
3879 3226 3986 3286 de·
4021 3218 4102 3271 ‘¹¹⁵'

2454 3337 2590 3380 cem
2621 3319 2904 3398 accipere
2926 3319 3109 3397 juxta
3136 3318 3642 3379 commissionem
3671 3319 3902 3394 datam,
3923 3324 3982 3380 ct
4079 3336 4102 3364 ¹²³

2455 3412 2572 3472 sibi
2600 3412 2725 3473 duo
2750 3411 3043 3473 retinere.
3076 3411 3469 3474 Conveniunt
3487 3416 3698 3474 autem
3717 3413 3846 3472 fere
3859 3415 3976 3473 DD.

2456 3523 2612 3584 quos
2643 3506 2930 3580 afferunt,
2951 3507 3013 3565 61
3040 3508 3389 3583 sequuntur
3415 3504 3648 3565 Melina
3667 3505 3830 3584 disp.
3848 3507 3975 3568 363.

2454 3599 2624 3659 LeSS.
2660 3597 2810 3659 dub.
2845 3613 3026 3659 xv111.
3061 3601 3125 3658 61
3153 3596 3331 3658 Salas
3360 3597 3518 3658 dub.
3547 3614 3686 3659 nv.

2536 3691 2747 3752 Primo
2777 3691 2831 3752 si
2859 3689 3324 3751 commissarius
3353 3690 3454 3750 ille
3479 3737 3495 3767 ,
3547 3710 3658 3752 seu
3689 3691 3979 3752 mediator

2454 3802 2591 3845 rem
2619 3783 2737 3844 sibi
2765 3783 3061 3844 traditam
3088 3782 3372 3844 vendidit
3399 3801 3591 3863 supra
3605 3785 3870 3864 pretium
3889 3784 3979 3861 ju·

2457 3881 2648 3953 stum,
2703 3877 2933 3937 debere
2963 3894 3286 3937 excessum
3326 3877 3659 3939 restituere
3705 3876 3974 3956 emptori,

2460 3990 2588 4033 non
2618 3970 2874 4032 domino
2903 3970 2998 4029 rei
3024 3969 3398 4032 vendendae.

2541 4063 2830 4125 Secundo
2849 4108 2865 4140 ,
2918 4063 2971 4123 si
3000 4066 3137 4124 erat
3160 4062 3431 4123 famulus
3448 4108 3465 4140 ,
3516 4064 3618 4123 vel
3646 4062 3978 4123 mercedem

2458 4174 2572 4237 pro
2620 4174 2732 4218 suo
2779 4156 2994 4217 labore
3036 4155 3349 4216 vendendi
3399 4156 3673 4235 accepit,
3723 4155 3823 4216 vel
3863 4164 3977 4216 tan·

2460 4268 2651 4330 quam
2698 4250 2939 4311 amicus
2975 4249 3174 4328 gratis
3219 4249 3284 4309 id
3332 4249 3522 4310 officii
3574 4247 3976 4329 praestandum

2459 4343 2753 4421 suscepit,
2774 4342 3005 4403 debere
3031 4346 3233 4403 totum
3262 4343 3532 4421 pretium
3546 4344 3810 4422 justum,
3831 4338 3974 4420 quod

2460 4436 2731 4513 invenit,
2782 4435 3047 4496 reddere
3078 4435 3332 4496 domino
3356 4483 3373 4513 ,
3424 4437 3532 4516 qui
3559 4455 3698 4496 rem
3725 4433 3975 4496 venden-

2463 4531 2608 4591 dam
2639 4529 2917 4591 tradidit.
2944 4531 3099 4591 Cum
3129 4529 3298 4589 enim
3325 4529 3682 4591 vendiderit
3709 4547 3829 4588 non
3851 4543 3967 4599 suo,

2463 4622 2574 4684 sed
2602 4623 2857 4683 alterius
2887 4622 3163 4698 nomine,
3195 4625 3319 4682 non
3354 4622 3561 4700 potuit
3584 4621 3868 4701 pretium,
3887 4616 3969 4677 vel

2464 4716 2597 4795 ejus
2627 4720 2871 4795 partem
2900 4715 3016 4775 sibi
3046 4715 3395 4794 acquirere,
3421 4714 3533 4775 sed
3561 4718 3761 4775 totum
3790 4709 3966 4790 acqui·

2463 4809 2545 4869 rit
2573 4809 2628 4869 ei
2657 4808 2834 4888 cujus
2863 4807 3114 4869 nomine
3145 4811 3540 4868 contractum
3568 4807 3852 4868 celebrat.

2543 4902 2751 4963 Tertio
2782 4901 2830 4961 si
2862 4900 3170 4981 praeeessi?
3219 4903 3474 4979 pactum
3511 4916 3858 4980 expressum
3880 4894 3965 4955 vel

2464 4996 2745 5071 tacitum,
2779 4996 2849 5055 ut
2876 4995 3033 5055 tanti
3047 4994 3367 5069 venderet,
3391 4993 3560 5073 quod
3590 4993 3641 5053 si
3672 4993 3801 5072 plus
3825 4991 3966 5049 inve·

2464 5088 2625 5151 niret
2652 5088 2950 5149 retineret
2975 5085 3093 5147 sibi
3123 5132 3138 5162 ,
3199 5104 3381 5166 posse
3427 5090 3630 5147 totum
3681 5097 3963 5146 excessum

2464 5180 2583 5241 sibi
2607 5181 2901 5242 retinere.
2950 5182 3253 5242 Censetur
3282 5181 3493 5240 autem
3521 5178 3588 5238 in
3616 5177 3799 5239 dubio
3825 5175 3964 5254 ejus·

2462 5274 2636 5334 modi
2663 5277 2948 5354 pactum,
3001 5271 3253 5352 quando
3300 5274 3664 5349 proxenetae
3700 5289 3795 5331 res
3832 5264 3958 5329 tanti

2462 5367 2793 5427 vendenda
2819 5365 3108 5441 traditur,
3133 5382 3259 5425 non
3288 5363 3605 5443 assignato
3635 5363 3689 5425 ei
3719 5380 3821 5423 nec
3846 5376 3960 5440 1116-

2462 5459 2652 5522 misso
2682 5459 2802 5520 alio
2831 5458 2927 5522 sui
2956 5457 3187 5521 laboris
3212 5456 3548 5538 stipendio.
3609 5459 3747 5521 Non
3785 5460 3960 5517 tamen
