4263 6376
82 5537 166 5598 30

1385 415 1855 479 ΒιεΡυτΑΤιο
1899 415 2023 494 XL,
2072 416 2346 480 sacrm
2392 418 2494 478 111.

345 592 488 653 licet
516 608 640 653 non
672 595 882 671 posset
905 593 1039 672 jam
1094 611 1277 654 suum
1332 594 1635 673 impetum
1683 595 1881 675 repri-

346 703 516 744 mere
551 704 565 744 :
600 686 806 745 adhuc
869 690 937 746 tu
964 705 1175 765 posses
1226 689 1464 748 ratione
1507 688 1881 749 defensionis

345 777 478 856 ejus
507 778 810 856 impetum
838 780 1156 841 retardare
1187 781 1470 859 opposito
1518 780 1725 858 gladic
1781 781 1880 841 vel

344 870 488 946 telo,
525 888 648 950 quo
676 872 908 931 eumin
938 872 1071 950 ipso
1130 873 1290 933 saltn
1339 874 1726 950 confodereS,
1760 873 1880 934 hoc

344 963 510 1022 enim
537 982 662 1023 non
693 963 845 1024 facis
875 969 944 1024 ut
971 966 1102 1043 ipse
1131 984 1195 1025 se
1225 967 1620 1045 comprimat,
1655 967 1765 1026 sed
1812 969 1882 1027 ut

342 1060 403 1117 te
456 1055 775 1116 defendas,
839 1058 929 1117 Ita
975 1075 1124 1135 ergo
1164 1058 1226 1117 in
1283 1060 1574 1136 praesenti
1609 1076 1730 1119 non
1762 1058 1881 1121 erit

344 1155 563 1210 contra
585 1148 890 1228 justitiam
948 1168 1060 1210 nos
1105 1149 1440 1211 defendere
1505 1152 1584 1211 ab
1639 1152 1878 1229 impetu

339 1242 514 1303 testis
544 1243 759 1321 injusti
788 1248 1005 1303 contra
1023 1244 1254 1304 famam
1288 1245 1571 1322 opposita
1618 1245 1672 1304 ei
1719 1244 1878 1304 infa-

341 1335 488 1411 mia,
521 1336 669 1398 licet
688 1335 821 1415 jam
849 1355 1016 1397 nunc
1047 1336 1176 1416 ipse
1199 1355 1322 1398 non
1344 1338 1538 1416 possit
1554 1355 1869 1414 revocare,

341 1429 440 1488 vel
469 1428 809 1507 reprimere
838 1429 1142 1508 impetum
1172 1431 1264 1491 sui
1295 1431 1654 1508 testimonii,
1706 1432 1873 1512 quod

343 1522 515 1599 prius
545 1521 772 1601 injuste
806 1523 1067 1585 dixerat.

821 1944 1239 2030 sEcho
1304 1947 1425 2031 lll.

459 2256 550 2320 De
585 2256 950 2339 apellatione,
983 2277 1057 2318 an
1087 2266 1144 2318 et
1168 2257 1453 2338 quomodo
1483 2257 1636 2320 licite
1663 2277 1761 2319 reo

955 2371 1261 2446 competat.

421 2630 771 2710 Appellatio
803 2630 864 2690 in
898 2630 1100 2708 rigore
1133 2650 1253 2692 non
1285 2632 1488 2692 solum
1540 2651 1648 2694 reo
1695 2650 1869 2693 com-

343 2723 517 2801 petit,
552 2724 661 2784 sed
693 2724 880 2784 etiam
912 2726 1129 2801 actori,
1190 2725 1295 2804 qui
1339 2726 1652 2804 appellare
1695 2744 1872 2806 aeque

342 2821 546 2895 potest
574 2818 653 2877 ab
710 2818 938 2895 injusta
984 2818 1073 2877 rei
1111 2818 1498 2881 absolutione
1532 2839 1545 2879 ε
1599 2820 1747 2898 quia
1783 2824 1874 2880 ta-

340 2928 483 2969 men
539 2910 926 2988 frequentius
980 2909 1099 2970 hoc
1146 2911 1492 2971 remedium
1545 2929 1649 2971 reo
1679 2912 1866 2987 favet,

339 3003 441 3063 hic
470 3003 745 3064 breviter
773 3003 850 3063 de
881 3022 953 3064 eo
987 3022 1265 3082 agemus,
1328 3007 1464 3065 Non
1514 3009 1607 3066 est
1660 3009 1872 3065 tamen

338 3096 582 3156 animus
614 3096 691 3155 de
723 3097 1138 3175 appellatIOne
1169 3115 1378 3175 agere,
1415 3098 1528 3157 nisi
1563 3103 1872 3178 quatenus

336 3188 416 3249 ad
447 3188 648 3249 forum
677 3190 1070 3252 conscientioe
1100 3196 1339 3269 spectat
1391 3192 1569 3269 scire,
1620 3193 1873 3273 quando

333 3285 647 3365 litigantes
673 3285 838 3346 licite
868 3286 965 3345 vel
996 3285 1203 3346 illicite
1226 3302 1300 3346 eo
1360 3288 1638 3348 remedio
1687 3292 1873 3348 utan-

335 3383 436 3439 tur
469 3399 482 3439 ε
519 3383 744 3439 coetera
775 3379 939 3439 enim
970 3397 1109 3458 quae
1153 3379 1234 3439 ad
1290 3379 1726 3456 appellationis
1766 3398 1871 3442 va-

337 3473 532 3532 lorem
562 3474 865 3550 spectant,
914 3476 977 3532 et
1019 3473 1101 3532 ad
1158 3471 1544 3533 conditiones
1599 3473 1676 3532 de
1725 3474 1869 3551 jure

337 3566 688 3645 requisitas,
723 3565 1039 3645 pertinent
1066 3565 1314 3645 proprie
1345 3565 1424 3624 ad
1446 3566 1865 3645 JurisperitOS,

337 3664 398 3721 et
425 3658 622 3719 videri
652 3663 856 3737 potest
874 3658 998 3719 late
1031 3659 1107 3717 de
1136 3658 1211 3717 iis
1240 3657 1565 3736 disputans
1595 3660 1871 3720 Thomas

338 3751 619 3813 Sanchez
673 3751 781 3811 lib.
845 3767 938 3812 111.
1004 3750 1222 3812 Consil.
1288 3768 1425 3830 cap.
1486 3751 1670 3812 unico
1714 3752 1864 3815 dub.

333 3860 527 3907 xxm.
561 3847 1254 3923 etxxx111.pertotum,
1305 3843 1410 3904 nbi
1461 3845 1540 3905 de
1592 3846 1870 3924 appella-

332 3938 518 4000 tionis
577 3938 902 4017 speciebus
955 3941 1019 3999 et
1072 3956 1289 3999 earum
1344 3938 1728 4013 differentia3
1790 3940 1868 4000 de

333 4035 467 4112 ejus
498 4032 846 4108 effectibuS,
880 4036 943 4093 et
990 4032 1305 4111 quomodo
1350 4033 1692 4110 suspendat
1733 4050 1867 4093 sen-

331 4118 593 4188 tentiam
626 4128 686 4186 et
735 4124 967 4204 judicis
1009 4125 1319 4185 interioris
1366 4124 1867 4203 jurisdictionem

333 4219 412 4278 ad
443 4216 973 4297 progrediendum
1000 4217 1063 4276 in
1095 4235 1328 4290 causa;
1368 4217 1446 4277 de
1487 4216 1869 4278 conditioni—

331 4312 447 4372 bus
477 4310 666 4371 etiam
695 4309 1006 4389 requisitis
1035 4310 1116 4369 ad
1147 4311 1281 4387 ejus
1310 4309 1611 4386 valorem,
1637 4329 1866 4389 nempe

332 4403 501 4484 quod
529 4404 959 4482 interponatur
988 4420 1024 4462 a
1051 4418 1317 4481 persona
1363 4403 1666 4481 legitima,
1701 4403 1866 4463 infra

331 4497 611 4557 debitum
641 4501 907 4574 tempus,
934 4513 1146 4556 coram
1166 4495 1444 4573 legitimo
1467 4495 1706 4574 Judice,
1741 4497 1866 4556 sal-

331 4593 480 4666 tem,
514 4589 764 4669 quando
820 4589 999 4666 copia
1055 4589 1188 4666 ejus
1235 4587 1468 4666 judicis
1522 4588 1744 4661 datur-3
1806 4593 1869 4650 et

334 4683 501 4763 quod
522 4684 630 4743 fiat
660 4682 739 4741 ad
770 4682 1114 4760 legitimum
1138 4680 1420 4758 judicem
1450 4681 1861 4759 superiorem,

332 4780 394 4836 et
423 4775 692 4855 denique
723 4774 890 4854 quod
922 4774 1131 4835 debita
1151 4774 1350 4834 forma
1380 4773 1441 4834 in
1465 4792 1539 4834 ea
1558 4778 1859 4838 servetur.

331 4868 451 4930 Ubi
510 4868 721 4941 etiam,
755 4886 835 4928 an
893 4872 954 4928 et
1009 4867 1322 4946 quomodo
1379 4867 1713 4946 appellatio
1758 4886 1862 4928 su-

331 4961 597 5039 spendat
623 4961 993 5021 sententiam
1016 4960 1675 5021 excommunicationis
1697 4963 1758 5021 et
1776 4961 1864 5020 in-

331 5053 598 5130 terdicti,
631 5053 731 5113 vel
758 5053 976 5114 saltem
1009 5054 1141 5131 ejus
1198 5052 1753 5130 denuntiationem,
1797 5057 1868 5115 ut

332 5147 520 5208 etiam
551 5164 880 5206 censuram
910 5145 1332 5225 suspensionis
1373 5147 1472 5206 vel
1528 5146 1865 5226 depositio-

329 5258 495 5316 nem,
557 5239 1093 5317 degradationem,
1141 5243 1203 5299 et
1260 5238 1505 5314 similia,
1567 5243 1630 5300 et
1686 5240 1858 5319 quid,

332 5334 582 5413 quando
612 5332 708 5393 11ae
739 5333 1062 5395 sententiae
1107 5334 1360 5394 fuerunt
1415 5332 1615 5393 solum
1653 5333 1863 5394 condi-

330 5426 615 5504 tionaleS,
650 5430 711 5488 et
737 5426 860 5487 alia
887 5427 1132 5488 similia.

412 5519 861 5599 Appellationis
913 5520 1263 5581 remedium
1307 5518 1431 5580 dici
1476 5519 1634 5581 solet
1679 5522 1860 5580 natu-

335 5614 485 5692 rale,
521 5613 686 5695 quod
720 5616 932 5673 tamen
967 5632 1091 5674 non
1143 5614 1227 5675 ita
1276 5613 1711 5695 accipiendum
1741 5617 1858 5689 est,

3387 416 3504 476 779

1978 599 2048 657 ut
2076 597 2154 656 de
2177 596 2319 674 jure
2347 599 2587 657 naturae
2636 610 2759 654 non
2789 593 2986 671 possit
3029 591 3365 671 appellatio
3396 609 3505 652 ne·-

1978 690 2135 768 gari.
2190 690 2399 750 Potest
2438 688 2602 748 enim
2634 687 2696 747 in
2726 687 2942 765 primis
2971 686 3260 765 princeps
3288 703 3503 763 supre-

1980 801 2140 858 mus,
2185 782 2357 861 justa
2403 781 2481 840 de
2532 799 2724 841 causa
2752 781 3142 841 committere
3165 777 3385 858 judici,
3439 780 3507 838 ut
3553 782 3605 823 Ῥ

1981 874 2150 935 nulla
2177 874 2594 952 appellatione
2625 873 2921 948 admissa,
2967 871 3338 933 sententiam
3368 888 3505 930 exe-

1980 972 2246 1047 quatur:
2284 968 2431 1046 quia
2458 968 2618 1028 sicut
2645 967 2724 1027 ab
2753 968 2885 1045 ipso
2910 982 3200 1044 supremo
3224 962 3505 1043 principe

1979 1060 2281 1139 appellari
2327 1079 2451 1120 non
2497 1064 2703 1140 potest
2748 1059 2824 1119 ad
2858 1059 3093 1121 alium:
3147 1057 3234 1118 sic
3279 1055 3510 1136 poterit

1975 1151 2145 1213 idem
2170 1154 2328 1214 velle
2357 1154 2524 1231 quod
2545 1154 2625 1213 ab
2646 1153 2924 1213 inferiori
2943 1151 3149 1230 iudice
3171 1148 3505 1229 aliquando

1978 1264 2101 1305 non
2130 1245 2211 1306 sit
2236 1245 2594 1325 appellatiO,
2629 1246 2707 1305 de
2736 1244 2914 1323 cujus
2934 1245 3312 1322 integritate,
3347 1241 3507 1320 peri·

1978 1339 2083 1414 tia,
2118 1343 2181 1399 et
2209 1339 2531 1417 diligentia
2552 1339 2820 1399 multum
2840 1338 2997 1414 fidit,
3032 1342 3094 1398 et
3114 1337 3262 1416 quia
3288 1334 3378 1395 sic
3407 1352 3507 1394 ex-

1975 1432 2151 1511 pedit
2179 1432 2258 1492 ad
2288 1432 2428 1493 lites
2459 1431 2909 1506 terminandaS,
2961 1433 3029 1492 ut
3074 1429 3387 1508 colligitur
3432 1445 3507 1487 ex

1976 1542 2112 1603 cap.
2146 1524 2498 1602 Paetoralis,
2547 1523 2619 1585 de
2645 1523 2921 1605 appellat.
2977 1527 3039 1585 et
3066 1539 3210 1584 oum
3240 1524 3498 1582 Covarr.

1975 1622 2038 1678 et
2065 1617 2380 1679 communi
2412 1618 2596 1679 docet
2624 1617 2854 1680 Sanch.
2895 1615 3002 1676 ubi
3029 1631 3237 1695 supra‘
3259 1613 3408 1676 dub.
3440 1628 3502 1675 x.

1974 1709 2099 1771 imo
2131 1711 2381 1790 quando
2412 1726 2557 1770 reus
2599 1715 2662 1771 et
2688 1710 2951 1771 testibus
2994 1713 3056 1771 et
3082 1707 3339 1789 propria
3363 1724 3508 1767 con-

1973 1804 2241 1865 fessione
2272 1803 2436 1866 clare
2464 1804 2785 1865 convictus
2813 1805 2926 1879 est,
2960 1820 3082 1864 non
3114 1799 3301 1863 debet
3312 1799 3509 1880 judex

1974 1898 2236 1958 inferior
2276 1897 2412 1978 ejus
2441 1897 2928 1976 appellationem
2960 1895 3310 1971 admittere,
3357 1895 3397 1955 l.
3434 1908 3501 1954 11.

1975 1993 2043 2052 C.
2076 2009 2326 2071 quorum
2355 1990 2549 2071 appel.
2583 2008 2696 2048 non
2725 1989 2906 2069 recip.
2941 1991 3008 2049 ut
3027 2005 3170 2048 cum
3191 1984 3508 2047 communi

1975 2085 2161 2144 docet
2199 2082 2366 2143 idem
2397 2083 2679 2145 Sanchez
2722 2081 2829 2142 lib.
2862 2079 2936 2143 V.
2981 2079 3197 2141 consil.
3243 2095 3381 2156 cap.
3419 2094 3505 2141 lv.

1976 2177 2126 2238 dub.
2164 2193 2248 2238 1v.
2284 2177 2467 2239 Ratio
2498 2179 2708 2237 autem
2739 2193 2775 2234 a
2803 2174 2995 2252 priori
3025 2177 3139 2249 est,
3188 2171 3334 2251 quia
3362 2171 3509 2231 licet

1975 2287 2082 2330 reo
2114 2269 2483 2330 naturaliter
2511 2268 2818 2330 debeatur
2846 2265 3126 2326 defensio
3164 2283 3177 2325 :
3227 2262 3507 2342 appella-

1974 2362 2162 2424 tionis
2211 2367 2420 2424 tamen
2451 2360 2801 2421 remedium
2851 2376 2975 2419 non
3023 2361 3118 2419 est
3145 2354 3507 2433 simpliciter

1975 2455 2398 2515 necessarium
2425 2453 2505 2514 ad
2528 2451 2978 2527 defensionem,
3015 2450 3121 2510 sed
3153 2449 3232 2508 ad
3256 2447 3501 2523 meliuS,

1975 2565 2120 2610 cum
2149 2565 2366 2608 omnes
2395 2564 2539 2607 suas
2568 2545 2845 2606 rationes
2871 2544 3069 2622 possit
3107 2559 3252 2602 reus
3292 2557 3505 2601 coram

1974 2642 2178 2720 primo
2201 2640 2414 2719 judice
2445 2653 2815 2718 proponere,
2849 2638 2926 2697 de
2949 2654 3071 2717 quo
3101 2634 3322 2695 merito
3343 2650 3507 2712 prae-

1973 2735 2139 2794 sumi
2168 2738 2372 2811 potest
2399 2731 2567 2811 quod
2589 2748 2694 2791 eas
2714 2731 2923 2791 debite
2953 2726 3354 2790 examinabit.
3388 2727 3504 2785 lle-

1973 2825 2274 2904 gulariter
2328 2829 2536 2885 tamen
2592 2841 2717 2884 non
2761 2823 2948 2885 debet
2986 2822 3107 2882 hoo
3151 2817 3499 2880 remedium

1974 2918 2190 2997 negari
2247 2918 2434 2979 etiam
2489 2935 2526 2976 a
2581 2916 2860 2994 principe
2902 2931 3218 2993 supremo,
3278 2910 3397 2971 nisi
3426 2928 3501 2971 ex

1971 3012 2149 3090 gravi
2179 3016 2243 3074 et
2263 3011 2433 3090 justa
2463 3027 2653 3071 causa
2682 3027 2822 3088 quae
2851 3008 2914 3068 id
2944 3005 3225 3068 suadeat.

2052 3105 2326 3168 Adverte
2355 3108 2587 3179 tamen,
2623 3103 2675 3162 si
2698 3102 2913 3182 judex,
2957 3100 3064 3180 qui
3085 3099 3226 3179 jure
3255 3097 3500 3176 poterat

1972 3199 2458 3279 appellationem
2502 3216 2627 3259 non
2674 3194 3024 3271 admittere,
3086 3211 3226 3254 eam
3269 3192 3369 3252 vel
3424 3207 3501 3250 ex

1973 3293 2327 3372 ignorantia
2355 3291 2452 3352 vel
2484 3306 2558 3351 ex
2586 3292 2813 3351 affectu
2845 3288 3115 3364 admisit,
3163 3301 3288 3347 non
3317 3302 3500 3365 posse

1971 3392 2190 3465 postea
2215 3386 2603 3445 voluntatem
2623 3382 2784 3443 hanc
2805 3398 3125 3454 revocare,
3157 3378 3257 3439 vel
3276 3380 3338 3437 in
3361 3394 3503 3438 cau·

1971 3496 2042 3538 sa
2069 3478 2432 3557 procedere,
2466 3476 2613 3554 quia
2643 3494 2755 3553 per
2774 3474 3112 3533 admissam
3143 3469 3504 3549 appellatio·

1971 3589 2116 3630 nem
2161 3568 2478 3629 abdicavit
2498 3567 2999 3647 jurisdictionem
3028 3582 3065 3625 a
3094 3583 3181 3640 se,
3236 3566 3302 3624 ut
3331 3561 3505 3623 colli-

1971 3664 2141 3742 gitur
2169 3678 2240 3723 ex
2272 3679 2409 3741 cap.
2473 3660 2621 3722 Cum
2651 3657 3130 3741 appellationibus
3155 3656 3402 3737 frivolis,
3435 3655 3505 3714 de

1971 3756 2183 3838 appell.
2218 3755 2326 3816 lib.
2364 3768 2451 3816 v1.
2497 3759 2730 3815 etcum
2759 3749 3073 3812 communi
3118 3751 3294 3809 notat
3334 3748 3500 3808 idem

1973 3848 2253 3911 Sanchez
2309 3847 2476 3908 dieto
2531 3846 2640 3907 lib.
2675 3861 2769 3906 111.
2822 3842 3050 3905 Consil.
3102 3858 3240 3920 cap.
3290 3839 3495 3915 unico,

1970 3943 2120 4003 dub.
2152 3956 2336 4001 xxxv.
2372 3939 2480 3999 His
2505 3936 2862 4016 suppositis,

2049 4034 2382 4095 Dubitatur
2408 4032 2636 4110 prim0,
2669 4036 2879 4091 utrum
2908 4046 3015 4091 reo
3042 4027 3229 4089 liceat
3253 4042 3367 4106 per
3393 4044 3500 4105 ap-

1966 4128 2370 4208 pellationem
2410 4123 2721 4204 judicium
2777 4121 3138 4183 declinare?
3194 4119 3499 4198 supponi-

1968 4240 2109 4281 mus
2140 4219 2309 4280 aliud
2349 4236 2484 4278 esse
2515 4217 2870 4296 supplicare
2900 4215 3066 4275 aliud
3101 4230 3249 4274 vero
3279 4211 3495 4291 appel-

1966 4315 2119 4374 lare.
2183 4311 2554 4392 supplicans
2623 4310 2789 4370 enim
2844 4308 3074 4369 fatetur
3126 4305 3499 4368 sententiam

1968 4406 2158 4467 fuisse
2196 4406 2436 4484 justam
2482 4400 2828 4464 secundum
2858 4400 3129 4481 rigorem
3161 4400 3337 4479 legis,
3387 4397 3499 4457 sed

1968 4498 2334 4577 suppliciter
2381 4499 2518 4558 orat
2547 4500 2618 4557 ut
2642 4494 2693 4557 si
2718 4496 2852 4556 fieri
2883 4496 3096 4574 possit,
3148 4493 3318 4570 rigor
3343 4490 3498 4568 legis

1964 4594 2373 4670 temperetur,
2408 4593 2517 4651 aut
2544 4608 2611 4651 re
2642 4589 2998 4667 diligentius
3026 4588 3326 4663 inspecta,
3361 4600 3497 4643 sen·

1966 4685 2164 4745 tentia
2190 4684 2529 4762 mitigetur.
2579 4682 2695 4753 Qui
2726 4686 2937 4742 autem
2971 4678 3265 4760 appellat,
3310 4694 3498 4755 regu—

1966 4776 2180 4838 lariter
2223 4780 2411 4856 negat
2438 4774 2811 4836 sententiam
2855 4792 2988 4834 esse
3012 4774 3270 4851 justam,
3320 4769 3495 4830 ideo-

1966 4890 2088 4949 que
2118 4870 2385 4930 recurrit
2411 4868 2490 4928 ad
2519 4868 2905 4947 superiorem
2932 4871 3001 4928 ut
3029 4867 3107 4927 ab
3138 4883 3210 4926 eo
3241 4881 3496 4925 revoce—

1963 4967 2084 5024 tur.
2121 4966 2254 5023 Hoc
2285 4961 2628 5040 supposita,

2045 5056 2390 5116 Dicendum
2422 5058 2515 5114 est
2545 5053 2768 5131 primo,
2801 5052 3039 5112 licitum
3061 5068 3195 5111 esse
3223 5067 3331 5111 reo
3353 5066 3495 5129 sup-

1963 5149 2197 5228 plicare
2226 5147 2470 5210 etiamsi
2498 5146 2804 5206 sententia
2833 5144 3020 5205 fuerit
3030 5144 3221 5223 justa,
3255 5146 3318 5204 et
3328 5141 3493 5221 judi·
3544 5145 3595 5230 ⁸2

1963 5243 2051 5303 cis
2079 5241 2389 5320 supremi,
2442 5238 2782 5298 dummodo
2812 5235 3183 5315 supplicatio
3233 5252 3357 5295 non
3385 5237 3496 5297 flat

1963 5352 2037 5396 ex
2067 5352 2262 5413 prava
2291 5333 2632 5395 intentione
2661 5331 2741 5391 ad
2764 5329 3196 5404 differendam,
3229 5328 3327 5389 vel
3351 5328 3493 5389 sub-

1961 5426 2423 5504 terfugiendum
2452 5424 2883 5485 executionem
2925 5421 3247 5483 sententiae
3278 5421 3486 5501 justae,

1962 5521 2070 5582 sed
2104 5538 2175 5578 ex
2220 5537 2414 5578 causa
2440 5517 2816 5593 rationabili,
2868 5532 2944 5576 ex
2991 5532 3116 5594 qua
3145 5514 3490 5574 secundum

1962 5612 2294 5674 arbitrium
2326 5610 2652 5690 prudentis
2682 5609 2959 5671 doctoris
2989 5607 3185 5687 possit
3212 5607 3487 5668 rationa-

3649 3095 3720 3155 31
