4263 6376
1139 343 1611 405 DISPUTATIO
1653 344 1927 420 XXXIII,
1976 344 2251 406 5103ch
2289 345 2336 406 1.

210 519 333 582 rari.
362 517 572 597 Negari
592 520 802 578 tamen
833 536 959 578 non
992 519 1217 597 potest,
1252 518 1531 595 divitem,
1568 536 1688 580 010-

208 614 332 676 teris
357 611 614 692 paribus,
648 610 874 689 majori
900 611 1068 672 cultu
1099 615 1353 672 externo
1382 611 1691 672 honoran-

209 706 334 766 dum
361 722 485 764 esse
513 721 699 783 quam
727 722 1079 784 pauperum
1120 704 1406 763 infimum
1436 708 1497 765 et
1525 703 1690 783 abje-

209 804 383 868 ctum;
415 814 522 858 nec
548 796 670 857 dici
697 800 907 876 potest
934 797 997 857 id
1035 798 1236 859 solum
1263 797 1451 858 licere
1482 797 1689 877 quoad

208 891 411 951 cultum
463 897 782 951 externum
854 894 1112 970 propter
1173 891 1690 952 consuetudinem

208 989 538 1058 numanam,
594 1000 718 1043 non
768 1002 918 1044 vero
968 982 1176 1062 quoad
1214 983 1690 1045 aestimationem

206 1076 498 1136 internam.
546 1077 703 1135 Nam
759 1094 983 1136 revera
1027 1077 1229 1136 cultus
1276 1081 1567 1137 externus
1597 1079 1692 1136 est

205 1168 512 1229 testificatio
543 1168 1015 1229 existimationis
1054 1169 1319 1230 internae
1343 1215 1358 1245 ‚
1413 1175 1481 1231 ut
1521 1169 1690 1230 dice-

201 1261 391 1321 bamus
422 1280 434 1320 ε
465 1260 511 1320 01
541 1279 690 1339 ergo
721 1262 1050 1324 aestimatio
1079 1262 1324 1323 interna
1342 1262 1547 1324 illicita
1569 1265 1683 1339 est,

201 1353 372 1414 cultus
397 1353 576 1414 etiam
605 1352 737 1432 ipse
768 1354 888 1414 erit
915 1355 1270 1427 testificatio
1299 1356 1452 1415 falsa
1480 1355 1690 1417 existi-

200 1445 453 1505 mationis
480 1464 668 1525 quam
712 1463 829 1506 nec
875 1446 1181 1507 habemus
1229 1466 1345 1509 nec
1388 1448 1553 1510 licite
1580 1447 1686 1509 ha-

200 1537 325 1597 here
349 1555 689 1616 possumus.
726 1540 854 1599 Nec
882 1539 1270 1601 consuetudo
1318 1541 1450 1601 sola
1478 1543 1690 1619 posset

200 1629 251 1689 id
276 1630 489 1690 licitum
516 1631 805 1708 reddere,
842 1651 988 1692 nam
1009 1632 1156 1693 licet
1185 1633 1353 1710 apud
1368 1633 1688 1713 improbos

197 1728 249 1783 et
271 1722 612 1800 insipientes
638 1723 864 1803 majori
892 1725 1019 1785 sint
1046 1725 1110 1784 in
1141 1725 1379 1786 honore
1401 1773 1417 1803 ,
1465 1726 1568 1805 qui
1600 1725 1688 1786 vi-

196 1815 280 1876 tiis
304 1815 670 1891 inserviunt,
701 1817 799 1876 vel
845 1817 952 1896 qui
989 1817 1308 1878 daemones
1350 1817 1688 1880 familiares

197 1913 248 1968 01
269 1907 662 1987 obsequentes
691 1909 811 1969 sibi
839 1928 954 1989 per
980 1911 1255 1989 magiam
1272 1911 1687 1983 11011001ςοοο

196 2005 374 2060 tamen
399 2019 727 2079 possumus
770 2002 938 2064 licite
981 2020 1087 2064 eos
1116 2004 1317 2081 magis
1363 2003 1686 2065 1100111010

195 2093 354 2153 etiam
382 2095 649 2154 exterius
676 2095 1026 2169 11000101·ος
1062 2096 1209 2175 quia
1228 2096 1345 2157 1100
1362 2096 1567 2175 ipsum
1597 2114 1687 2157 es-

194 2190 270 2245 set
292 2186 549 2262 profiteri
582 2187 857 2248 exterius
881 2234 896 2263 ,
947 2188 1116 2267 quod
1147 2207 1220 2248 ea
1249 2188 1329 2249 de
1357 2206 1547 2249 causa
1575 2188 1686 2249 ho-

193 2278 564 2338 norabiliores
590 2278 738 2340 sint.
765 2279 1111 2341 Fatendum
1127 2298 1277 2359 ergo
1300 2285 1413 2357 est,
1439 2280 1687 2342 divitias

192 2371 333 2449 ipsas
359 2371 590 2450 aliquid
610 2373 894 2450 conferre
926 2373 1005 2432 ad
1037 2373 1521 2435 honoremlicite
1542 2392 1687 2434 con-

190 2464 644 2541 conciliandum,
708 2469 1019 2544 quatenus
1075 2484 1226 2546 opes
1270 2466 1424 2545 ipsse
1459 2467 1687 2528 instru-

191 2563 375 2619 menta
394 2562 538 2619 sunt
562 2557 889 2620 admultas
907 2558 1214 2619 humanas
1225 2559 1503 2619 actiones
1515 2578 1685 2619 exer-

189 2650 410 2725 cendas,
459 2650 803 2728 potentiam
857 2654 1112 2729 augent,
1175 2655 1237 2712 et
1266 2652 1432 2711 viam
1461 2655 1688 2730 parant

189 2743 253 2802 ad
279 2743 635 2822 dignitatem
681 2747 745 2805 et
787 2743 1290 2821 superioritatem
1324 2763 1338 2804 ε
1373 2762 1567 2822 quare
1611 2744 1689 2803 si-

188 2842 276 2896 cut
297 2835 734 2915 majoresvires
762 2835 1068 2896 honorem
1098 2836 1454 2913 conciliant,
1488 2837 1684 2897 1110110

185 2928 361 3008 magis
413 2928 647 2989 divitiae
694 2928 759 2989 id
812 2928 1045 2990 facient
1064 2975 1080 3005 ,
1141 2946 1281 3008 quae
1346 2948 1420 2992 ex
1474 2946 1542 2988 se
1596 2928 1688 2988 vi-

187 3039 270 3080 res
294 3021 566 3083 tribuunt
605 3022 685 3082 ad
731 3022 913 3102 plura
959 3026 1022 3083 et
1062 3021 1326 3082 meliora
1374 3039 1566 3100 opera
1594 3021 1687 3081 fa-

185 3113 401 3176 cienda.

252 3209 451 3287 ltaque
480 3209 819 3288 Apostolus
843 3225 969 3268 000
998 3207 1315 3286 putandus
1343 3213 1440 3269 est
1466 3227 1687 3286 repre-

137 3355 145 3384 ,
185 3299 429 3362 bendere
460 3301 767 3363 honorem
795 3299 1135 3381 maiorem,
1168 3301 1273 3380 qui
1303 3301 1544 3362 caeteris
1580 3320 1687 3380 pa-

182 3392 331 3453 ribus
360 3393 533 3455 diviti
563 3394 899 3470 tribuitur,
941 3393 1052 3454 sed
1095 3393 1365 3454 abusum
1393 3398 1456 3455 et
1482 3411 1687 3455 exces-

137 3519 144 3545 1
181 3504 300 3545 sum
337 3486 663 3560 vitiosum3
725 3490 1035 3566 quatenus
1076 3487 1179 3547 vel
1218 3487 1443 3547 divites
1484 3488 1573 3547 ita
1609 3505 1682 3548 eo

180 3578 335 3639 titulo
379 3580 874 3655 honorabantur,
925 3583 994 3640 ut
1040 3579 1282 3641 caeteris
1322 3580 1511 3640 etiam
1558 3597 1681 3639 0011

177 3671 429 3749 paribus,
461 3673 522 3732 id
551 3674 754 3747 fieret,
785 3690 846 3732 v.
880 3690 941 3750 g.
976 3671 1027 3731 si
1056 3670 1548 3748 divesinsipiens
1572 3675 1683 3732 aut

176 3764 441 3842 injustuS,
470 3766 737 3845 pauperi
767 3765 1055 3843 sapienti,
1088 3769 1327 3841 sancto,
1361 3767 1425 3824 et
1443 3768 1684 3843 specta-

175 3856 267 3916 bili
295 3859 710 3937 praeferretur,
743 3859 963 3938 quales
993 3857 1286 3918 videntur
1310 3875 1443 3918 esse
1460 3858 1683 3919 divites

174 3948 268 4026 illi,
297 3950 370 4011 de
398 3952 629 4031 quibus
656 3951 974 4030 loquitur3
1006 3951 1221 4011 subdit
1237 3951 1403 4010 enim
1425 3951 1502 4011 de
1527 3950 1676 4011 illis:

174 4040 360 4104 Nonne
383 4044 587 4105 divites
611 4062 721 4126 per
741 4044 1059 4125 potentiam
1086 4043 1428 4123 opprimunt
1468 4063 1595 4121 υοε,
1629 4051 1683 4104 et

174 4135 275 4214 ipsi
295 4136 532 4197 trohtmt
570 4156 670 4197 vos
710 4136 793 4197 od
816 4135 1053 4217 judicia
1073 4134 1103 4195 1³
1128 4134 1336 4197 Nonne
1380 4136 1496 4217 ipsi
1535 4136 1684 4196 blas·

167 4227 420 4308 phemant
447 4229 659 4290 bonum
687 4247 913 4305 nomen,
944 4227 1104 4310 quod
1126 4229 1455 4289 invocatum
1482 4238 1566 4290 est
1590 4248 1684 4289 su-

164 4339 264 4399 per
286 4341 381 4382 vos
407 4321 437 4383 ?
466 4322 591 4384 hoc
614 4327 733 4399 est,
764 4322 897 4383 suis
924 4322 1091 4384 vitiis
1119 4325 1183 4383 et
1226 4322 1498 4401 peccatis
1523 4322 1687 4383 blas-

171 4413 433 4490 phemari
458 4415 887 4495 faciuntapud
910 4415 1176 4493 gentiles
1198 4433 1426 4475 nomen
1444 4415 1682 4476 bonum

171 4507 321 4584 quod
349 4507 686 4570 Christiani
711 4507 1051 4568 habebant.
1102 4509 1227 4568 Hos
1273 4526 1422 4586 ergo
1460 4507 1683 4569 divites

172 4599 464 4678 praeferre,
500 4601 651 4680 quia
686 4600 914 4661 divites
940 4605 1121 4676 sunt,-
1166 4599 1428 4679 pauperi
1464 4605 1681 4662 sancto

170 4696 225 4750 01
246 4692 448 4755 multis
472 4694 618 4753 aliis
656 4693 854 4755 titulis
876 4692 1366 4753 commendabili
1382 4693 1682 4754 indecens

170 4785 334 4846 estin
363 4792 527 4849 coetu
559 4786 854 4865 religioso
886 4789 949 4847 et
967 4785 1326 4862 christiane,
1361 4786 1561 4866 000110
1582 4786 1683 4847 ille

170 4882 308 4938 erat.
339 4880 416 4940 Et
440 4879 700 4959 quidem
730 4877 1072 4958 aliquando
1102 4896 1225 4938 non
1253 4878 1387 4938 sine
1423 4882 1682 4959 peccato

168 4970 328 5047 gravi
368 4971 436 5031 id
460 4973 621 5032 fiet:
654 4971 909 5051 quando
954 4971 1250 5031 nimirum
1296 4972 1359 5030 in
1410 4971 1684 5050 paupere

168 5061 261 5121 alii
288 5063 444 5125 tituli
470 5066 675 5126 multo
706 5064 909 5144 magis
935 5064 1490 5144 praeponderant&
1516 5065 1686 5125 inve-

168 5155 427 5234 niuntur,
478 5161 739 5237 propter
784 5175 942 5237 quos
995 5157 1276 5236 111-0110111
1322 5158 1681 5232 (1011010001ς

167 5265 347 5325 quare
398 5251 535 5312 sine
591 5250 773 5329 gravi
824 5250 1169 5329 ignominia
1217 5251 1509 5330 postponi
1560 5269 1687 5314 non

166 5347 381 5417 posset,
408 5361 608 5423 (1110111
634 5341 993 5422 significare
1021 5341 1271 5404 videtur
1312 5343 1482 5404 idem
1518 5346 1687 5421 Apo-

164 5433 344 5494 stolus
372 5435 493 5496 iliis
509 5436 741 5512 verbis,
764 5454 864 5496 eos
893 5443 1083 5496 autem
1111 5435 1510 5496 exhonorastis
1535 5455 1686 5517 pau·

160 5542 367 5604 pereni.
400 5528 582 5601 Quod
610 5529 775 5590 facto
802 5547 918 5589 suo
934 5528 1188 5607 egregie
1206 5528 1422 5590 docuit
1440 5530 1505 5591 8.
1524 5530 1685 5591 Mar-

3205 341 3318 402 551

1790 519 1903 581 tin.
1939 519 2129 599 episc.
2161 522 2320 581 teste
2354 521 2587 581 Severo
2617 518 2843 597 Sulpit.
2874 517 2986 579 lib.
3018 515 3320 596 LDialoq.

1791 631 1848 674 0.
1881 628 2059 674 xxm.
2096 613 2203 692 0111
2232 613 2527 674 invitatus
2556 631 2595 673 a
2621 612 2890 673 Maximo
2920 611 3319 688 imperatore,

1789 723 1934 766 cum
1964 705 2306 784 imperator
2317 708 2600 784 pateram
2627 703 2745 765 sibi
2774 704 3028 765 allatam
3055 700 3323 763 Martino

1791 798 1964 876 prius
1994 798 2361 873 obtulisset,
2408 816 2668 876 sperans
2694 797 2774 858 ab
2802 815 2876 857 00
2906 799 3126 875 1100100
3151 793 3322 854 illam

1789 891 2092 969 recipere,
2145 890 2447 952 Martinus
2492 894 2701 951 tamen
2755 892 3089 968 postquam
3142 884 3322 961 bibit,

1790 1002 1917 1044 000
1943 983 2314 1063 imperatori
2342 982 2638 1059 reddidit,
2670 981 2782 1042 sed
2807 981 3178 1061 presbytero
3209 995 3322 1039 suo

1790 1077 2076 1155 pauperi,
2113 1075 2219 1155 001
2248 1075 2433 1135 simul
2478 1074 2933 1147 accumbebat,
2984 1070 3324 1133 ostendens

1789 1169 1997 1248 reipsa
2024 1168 2275 1230 divitias
2305 1171 2367 1229 et
2395 1168 2739 1246 potentiam
2758 1165 3011 1244 tyranni
3032 1182 3155 1224 non
3179 1161 3325 1222 red-

1790 1261 1938 1322 dere
1965 1262 2140 1322 illum
2171 1279 2349 1341 aeque
2396 1260 2828 1321 honorabilem
2873 1276 3016 1320 cum
3062 1255 3324 1336 presby-

1787 1357 1923 1416 tero
1946 1354 2119 1433 justo
2152 1359 2215 1416 et
2242 1355 2343 1432 pio
2367 1401 2384 1428 ‚
2436 1353 2604 1432 quod
2635 1353 2714 1414 ab
2745 1352 3034 1413 omnibus
3065 1347 3324 1411 astanti-

1786 1447 1905 1508 bus
1927 1494 1943 1524 ,
1979 1453 2042 1508 et
2069 1447 2149 1508 ab
2185 1447 2322 1526 ipso
2356 1446 2627 1509 Maximo
2655 1444 3070 1507 admiratione
3099 1446 3162 1504 et
3187 1442 3324 1504 lau-

1788 1539 1972 1602 dibus
2017 1540 2350 1620 probatum
2378 1539 2516 1601 fuit.
2547 1539 2661 1602 Vel
2691 1538 2961 1617 denique
2991 1536 3194 1597 honor
3220 1535 3321 1595 ille

1789 1633 2088 1695 divitibus
2118 1633 2454 1705 exhibituS,
2491 1650 2680 1712 quem
2708 1634 2928 1711 Apost.
2960 1630 3123 1691 adeo
3155 1627 3319 1689 acri-

1784 1730 1882 1787 ter
1902 1725 2215 1806 objurgat,
2234 1743 2511 1804 eousque
2528 1723 2948 1804 pertingebat,
2968 1726 3038 1783 ut
3057 1718 3319 1800 pauperi

1787 1835 1914 1878 non
1942 1819 2146 1878 solum
2174 1817 2399 1894 honor,
2436 1816 2548 1878 sed
2577 1821 2640 1878 01
2658 1813 3089 1877 misericordia
3109 1813 3322 1874 debita

1787 1911 1869 1972 011
1913 1929 2231 1972 summum
2285 1911 2419 1989 ejus
2474 1913 2902 1987 contemptum
2957 1910 3314 1986 negaretur,

1788 2003 1958 2083 quod
2013 2003 2293 2064 indicare
2350 1993 2645 2063 videntur
2711 2002 2906 2062 verba
2967 1998 3315 2078 sequentia,

1788 2095 2001 2157 subdit
2029 2095 2198 2156 enim
2231 2116 2245 2157 ε
2281 2095 2357 2156 Si
2398 2103 2589 2155 tamen
2615 2094 2796 2174 leqem
2827 2092 3112 2175 perficitis
3147 2110 3321 2171 reyn-

1788 2188 1898 2249 lem
1937 2187 2251 2250 secundum
2293 2188 2636 2270 Scripturas
2666 2206 2690 2249 .·
2717 2186 2942 2267 Diliqes
2979 2184 3320 2266 prom‘mum

1786 2289 1970 2355 tuum3
2001 2282 2219 2342 sicutte
2238 2282 2449 2363 ipsum,
2471 2281 2606 2342 bene
2629 2280 2826 2361 facitis
2852 2299 2876 2340 .·
2901 2279 2957 2339 si
2979 2287 3168 2338 autem
3182 2296 3321 2359 per·-

1783 2393 1953 2436 sonas
1980 2374 2265 2456 accipitis,
2286 2383 2594 2455 peccatum
2625 2373 2951 2454 operamini
2969 2420 2985 2449 ,
3016 2369 3326 2450 redarquti

1786 2489 1823 2530 a
1852 2468 1974 2548 que
2016 2467 2190 2549 quasi
2234 2477 2705 2547 transqressores.
2743 2464 3103 2546 Quicumque
3127 2471 3319 2525 autem

1787 2571 1965 2623 totam
1986 2560 2167 2641 leqem
2194 2559 2531 2636 servaverit,
2564 2558 2822 2640 offendat
2846 2567 3036 2619 autem
3078 2557 3138 2617 in
3177 2576 3314 2633 uno,

1783 2656 1978 2736 factus
2004 2662 2085 2715 ese
2109 2653 2365 2713 omnium
2393 2671 2526 2713 reus
2551 2701 2566 2720 .
2620 2651 2847 2732 quibus
2873 2650 3109 2711 indicat
3145 2649 3318 2710 defe-

1784 2752 1954 2808 ctum
1983 2746 2160 2806 illum
2189 2763 2451 2825 gravem
2478 2744 2671 2805 fuisse
2701 2744 2764 2804 in
2811 2742 3143 2804 dilectione
3173 2760 3320 2820 pro-

1786 2839 1936 2899 ximi
1973 2839 2221 2910 001111ος
2282 2841 2345 2898 01
2396 2837 2538 2898 ideo
2593 2840 2811 2916 postea
2847 2836 3075 2896 iterum
3120 2852 3319 2895 reme-

1787 2931 1960 2991 dium
2016 2929 2289 2992 ostendit
2322 2948 2335 2988 :
2368 2928 2475 2989 Sic
2512 2927 2836 3010 loquimini,
2895 2935 2950 2988 et
2991 2927 3077 2987 sic
3114 2927 3311 3007 facite,

1783 3023 1934 3084 sicut
1954 3042 2065 3104 per
2093 3022 2274 3103 quem
2302 3021 2603 3098 libertatis,
2640 3021 2972 3102 incipientes
2996 3018 3274 3101 judicari
3294 3039 3319 3081 .·

1769 3115 2064 3199 judicium
2090 3115 2242 3176 enim
2285 3116 2408 3176 sine
2446 3112 2847 3175 misericordia
2889 3113 3009 3187 illi,
3060 3113 3166 3195 qui
3202 3132 3319 3173 non

1782 3211 1922 3293 fecie
1962 3208 2442 3286 misericordiam,
2477 3209 2586 3270 ubi
2614 3227 2738 3270 non
2769 3207 2972 3269 solum
3013 3208 3184 3269 nuda
3212 3206 3319 3269 ho·

1785 3304 2027 3365 noratio
2058 3303 2272 3364 divitis
2301 3303 2692 3377 continetur,
2727 3300 2838 3362 sed
2867 3319 3011 3363 cum
3040 3300 3316 3363 immise-

1783 3397 2054 3458 ricordia
2094 3395 2274 3475 gravi
2332 3413 2483 3474 erga
2534 3412 2916 3475 pauperem,
2968 3411 3156 3473 quem
3201 3411 3316 3457 nec

1782 3489 2043 3568 dignum
2073 3488 2380 3567 putabant
2407 3487 2513 3567 qui
2544 3487 2792 3547 sederet
2816 3486 2881 3546 in
2911 3486 3182 3549 scabello
3212 3504 3315 3565 pe·

1782 3581 1935 3643 dum
1962 3581 2027 3641 in
2055 3580 2340 3642 convivio
2375 3580 2478 3640 illo
2515 3580 2933 3641 ecclesiastico
2955 3597 3064 3639 seu
3087 3598 3310 3658 agape,

1782 3676 1891 3754 qui
1917 3674 1978 3734 in
2010 3674 2275 3734 ecclesia
2303 3672 2772 3748 celebrabatur,
2812 3672 3078 3732 exclusis
3125 3671 3313 3732 inter-

1783 3768 1935 3828 dum
1950 3767 2142 3845 impie
2161 3766 2567 3846 pauperibuS,
2594 3764 2775 3844 juxta
2793 3764 2946 3824 illud
2965 3764 3143 3824 Paul.
3167 3766 3215 3824 Ι.
3237 3762 3319 3824 ad

1786 3858 1929 3922 Cor.
1962 3875 2050 3936 XI,
2084 3862 2183 3919 21.
2218 3858 2390 3919 Alius
2417 3857 2648 3939 quidem
2694 3857 2913 3933 esurit,
2947 3856 3097 3917 alius
3124 3864 3313 3917 autem

1782 3951 1973 4013 ebrius
2016 3960 2136 4026 est‚·
2189 3951 2300 4011 sed
2330 3950 2537 4030 potius
2583 3950 2699 4010 sub
2753 3949 2890 4029 ipso
2940 3948 3210 4012 scabello
3250 3949 3313 4008 in

1782 4048 2211 4124 contemptum
2241 4043 2582 4123 ponebant,
2617 4042 2916 4119 (11000100,
2956 4042 3010 4103 T
3007 4062 3042 4101 u
3060 4050 3151 4102 sta
3172 4041 3309 4120 illic,

1781 4146 1883 4199 out
1904 4136 2035 4198 sede
2059 4136 2167 4197 sub
2211 4134 2456 4197 scabello
2504 4134 2718 4217 pedum
2764 4154 3042 4199 meorum.
3085 4136 3310 4210 Quare,

1781 4231 1944 4292 sicut
1990 4230 2176 4309 epulo
2230 4229 2334 4309 qui
2365 4231 2672 4290 Lazarum
2702 4228 2864 4289 inter
2901 4246 3088 4289 canes
3117 4227 3196 4288 ad
3217 4226 3317 4307 ja-

1781 4342 1973 4384 nuam
2020 4322 2437 4402 procumbere
2485 4321 2756 4398 sinebat,
2817 4321 3152 4383 damnatus
3195 4324 3311 4397 est,

1781 4417 1871 4478 sic
1898 4434 2024 4478 non
2053 4417 2285 4477 mirum
2306 4463 2322 4493 ,
2375 4416 2545 4495 quod
2576 4415 2910 4478 Christiani
2958 4414 3043 4474 illi
3087 4412 3315 4474 novelli

1783 4510 1938 4571 dure
1968 4509 2516 4587 reprehendantur
2541 4513 2796 4587 propter
2829 4509 3132 4568 honorem
3155 4506 3316 4565 divi-

1781 4603 1948 4664 tibus
1976 4601 2325 4662 exhibitum
2356 4620 2500 4662 cum
2543 4605 2674 4662 tam
2722 4600 2959 4679 ingenti
2991 4604 3315 4660 contume-

1781 4696 1865 4757 lia
1894 4699 1957 4756 et
1982 4695 2306 4773 impietate
2338 4712 2487 4772 erga
2517 4693 2742 4753 fratres
2773 4697 2835 4754 et
2871 4710 3124 4770 egenos,
3167 4693 3318 4751 Erat

1782 4792 1992 4849 autem
2021 4787 2277 4864 gravior
2305 4786 2500 4847 multo
2530 4785 2666 4845 haec
2694 4785 2878 4863 culpa
2921 4784 2984 4844 in
3014 4786 3180 4844 coetu
3211 4782 3316 4842 illo

1782 4897 1943 4961 pene
1972 4879 2264 4959 religioso
2290 4925 2305 4954 ‚
2354 4882 2417 4939 et
2455 4882 2699 4939 sacrato
2748 4877 3061 4937 nascentis
3108 4874 3315 4935 adhuc

1784 4973 1913 5034 fere
1969 4971 2249 5032 ecclesiae
2299 4971 2691 5047 Christianae,
2743 4969 2841 5030 cui
2892 4970 2927 5032 J
2935 4968 3188 5044 0001100,
3241 4987 3316 5027 ex

1783 5066 2127 5126 multorum
2156 5064 2496 5155 sententia,
2547 5064 2786 5142 primus
2835 5061 3116 5122 omnium
3144 5064 3316 5140 Apo-

1783 5159 2085 5220 stolorum
2130 5161 2195 5218 01
2239 5176 2562 5218 sacrorum
2611 5156 2755 5217 novi
2785 5153 3140 5216 testamenti
3170 5152 3316 5214 scri-

1785 5255 2036 5330 ptorum
2068 5249 2402 5329 epistolam
2431 5250 2596 5311 hanc
2625 5249 2891 5328 scripsit.
2925 5247 3119 5325 Finge
3149 5246 3316 5306 enim

1784 5344 1849 5403 in
1869 5342 2135 5422 alicujus
2154 5343 2591 5422 religiosorum
2623 5341 2858 5403 ordinis
2875 5338 3317 5400 reformatissi-

1783 5454 1887 5496 ma
1904 5435 2163 5511 familia,
2192 5441 2255 5499 et
2276 5435 2660 5515 omniprimo
2683 5433 2890 5493 adhuc
2902 5450 3030 5493 suae
3047 5430 3317 5491 vocatio-

1785 5529 1881 5590 nis
1894 5529 2159 5606 fervore‚
2186 5547 2258 5590 ac
2281 5528 2658 5608 evnngelicae
2679 5524 3316 5607 perfectionisstudio-
