4263 6376
1238 373 1709 435 DISPUTATIO
1754 372 2030 447 XXXVI,
2079 373 2353 434 SECTIO
2397 375 2500 434 xl.

113 557 181 618 {73
360 547 616 619 Quarto,
660 547 914 627 quando
961 547 1237 611 venditio
1265 550 1337 610 fit
1364 550 1587 629 pretio,
1636 549 1805 630 quod

87 684 154 736 Μ
177 681 202 723 4
279 642 497 718 postea
528 639 753 720 aliquis
773 639 1218 719 designaverit,
1243 642 1513 703 diximus
1532 641 1807 703 sectione

80 736 230 799 ηιξ-πὼ-
279 732 685 810 praecedenti,
720 733 1176 813 inspiciendum
1221 739 1468 813 tempus
1504 751 1627 815 quo
1669 752 1808 813 pos-

78 790 239 889 &ff
277 827 380 886 tea
407 825 679 902 pretium
710 825 1095 903 designatur,
1130 827 1278 906 quia
1306 832 1489 889 antea
1528 827 1806 888 venditio

278 935 403 977 non
432 921 528 978 est
556 919 851 996 perfecta.
889 920 1082 980 Secus
1111 925 1274 982 esset
1303 922 1351 980 si
1383 921 1679 982 venditur
1706 937 1808 979 res

278 1011 479 1087 pretio
510 1010 748 1072 incerto
776 1011 973 1072 relato
1004 1012 1084 1072 ad
1125 1013 1362 1093 aliquid
1396 1013 1801 1092 praeteritum,

279 1107 346 1163 ut
372 1103 425 1162 si
454 1102 661 1163 dicas:
689 1121 829 1164 emo
860 1123 896 1164 a
925 1110 986 1166 te
1018 1124 1173 1183 rem,
1208 1108 1426 1186 quanti
1444 1125 1584 1166 eam
1603 1105 1807 1166 emisti

275 1195 373 1255 vel
403 1196 620 1275 quanti
653 1199 871 1258 Petrus
900 1216 1033 1258 rem
1061 1200 1329 1259 similem
1359 1201 1530 1275 emit,
1566 1199 1662 1260 vel
1694 1218 1803 1278 pe·

276 1288 462 1347 cunia
500 1307 689 1369 quam
741 1289 945 1351 habeo
988 1291 1052 1351 in
1099 1292 1209 1352 tali
1239 1292 1375 1354 loco
1412 1312 1425 1353 :
1459 1296 1608 1353 tunc
1638 1292 1805 1352 enim

273 1380 420 1441 licet
449 1400 574 1442 non
626 1387 871 1445 constet
897 1402 1064 1446 nunc
1098 1387 1176 1446 de
1218 1385 1564 1466 quantitate
1595 1385 1800 1463 pretii,

277 1478 634 1535 contractus
665 1480 760 1537 est
788 1475 1131 1554 absolutus,
1167 1496 1310 1539 cum
1334 1478 1467 1557 J'am
1497 1478 1696 1557 posita
1729 1477 1808 1539 sit

277 1565 551 1627 conditio
578 1614 593 1643 ,
672 1586 787 1628 nec
855 1570 1315 1648 inspiciendum
1400 1575 1493 1632 est
1560 1575 1807 1649 tempus

275 1676 399 1738 quo
430 1664 651 1738 postea
678 1661 742 1721 id
771 1663 950 1723 nobis
980 1668 1244 1740 constat,
1278 1665 1385 1724 sed
1413 1683 1537 1745 quo
1567 1668 1808 1725 contra-

277 1756 411 1813 ctus
438 1753 531 1814 fit.

960 2080 1148 2237 31..

627 2418 713 2480 De
739 2420 861 2482 loco
883 2421 1166 2485 solvendoe
1191 2423 1456 2505 qabelloe.

77 2703 161 2761 {74
354 2675 535 2736 Circa
563 2675 793 2752 locum,
815 2674 920 2738 ubi
950 2676 1197 2755 gabella
1224 2677 1380 2739 solvi
1412 2678 1621 2756 debet,
1655 2682 1810 2742 mul-

72 2826 183 2868 noco
274 2772 338 2830 ta
367 2768 731 2847 dependent
759 2787 833 2829 ex
860 2769 1103 2848 legibus
1131 2771 1614 2850 municipalibus
1674 2794 1688 2835 :
1748 2779 1812 2837 et

72 2877 180 2920 tumr
269 2861 487 2940 plures
515 2880 591 2921 ex
644 2861 720 2923 iis
748 2881 887 2942 quoe
931 2863 1012 2923 ad
1058 2864 1419 2942 Hispaniam
1465 2866 1802 2945 pertinent,

72 2932 179 2975 Μ’·
272 2956 456 3016 affert
485 2954 715 3015 Molina
744 2970 838 3019 111.
868 2958 1021 3016 tom.
1045 2956 1274 3036 disput.
1307 2961 1443 3019 676.
1480 2962 1542 3020 et
1569 2978 1643 3019 ex
1674 2961 1806 3038 ipso

271 3046 620 3107 Turi-ianus
648 3047 878 3125 disput.
912 3050 1091 3110 XLV.
1147 3049 1295 3110 dub.
1329 3067 1389 3112 v.
1425 3055 1489 3112 et
1515 3068 1602 3112 vx.
1641 3052 1808 3130 apud

270 3157 431 3220 quos
474 3140 673 3201 videri
715 3143 977 3220 possunt
1007 3162 1020 3203 ε
1057 3160 1199 3202 cum
1228 3143 1394 3204 enim
1426 3163 1548 3206 non
1578 3144 1702 3208 sint
1730 3145 1807 3206 de

269 3232 408 3314 jure
441 3238 686 3295 naturae
709 3280 725 3310 ,
773 3235 871 3294 vel
903 3236 980 3295 de
1002 3235 1145 3314 jure
1175 3239 1515 3315 communi,
1548 3244 1811 3319 possunt

267 3343 385 3404 pro
428 3327 732 3388 varietate
778 3327 1059 3389 locorum
1089 3346 1214 3389 non
1243 3330 1557 3392 deservire
1588 3332 1703 3393 nisi
1735 3332 1809 3393 iis

268 3419 442 3498 apud
472 3437 630 3499 quos
656 3420 889 3499 vigent.
935 3421 1278 3502 Loquendo
1308 3442 1455 3502 ergo
1486 3424 1545 3484 in
1576 3444 1807 3504 genere

266 3513 348 3573 de
384 3512 651 3592 gabellis
672 3559 688 3586 ,
727 3517 970 3575 certum
1000 3518 1094 3575 est
1125 3533 1231 3574 eas
1261 3535 1400 3596 quae
1430 3517 1510 3577 ad
1538 3519 1809 3597 vectiga-

264 3605 352 3665 lia
388 3611 453 3666 et
481 3607 760 3684 portoria
784 3608 1121 3687 pertiuent,
1155 3608 1368 3669 deberi
1398 3610 1485 3670 ibi
1514 3610 1619 3671 ubi
1651 3629 1809 3671 mer·

264 3716 378 3759 ces
405 3704 813 3779 asportantur
838 3701 937 3760 vel
967 3700 1465 3765 introducuntur.
1525 3706 1683 3766 Tota
1712 3723 1810 3764 er·-

263 3810 350 3871 go
380 3792 722 3854 difficultas
761 3797 855 3854 est
882 3793 960 3853 de
989 3794 1251 3872 gabellis
1281 3814 1420 3875 quoe
1459 3816 1534 3857 ex
1563 3802 1812 3858 contra-

262 3885 477 3947 ctibus
492 3885 819 3963 debentur,
840 3906 920 3947 an
948 3888 1374 3949 debeanturin
1402 3890 1506 3950 illo
1534 3890 1671 3952 loco
1703 3891 1807 3951 ubi

262 3981 634 4040 contractus
663 3979 1012 4042 executioni
1038 3981 1375 4042 mandatur
1392 3983 1423 4042 ¹?
1450 3984 1528 4043 Et
1554 3983 1809 4062 quidem

260 4071 443 4151 leges
472 4071 553 4131 ad
581 4072 870 4134 vitandas
899 4073 1151 4135 fraudes
1194 4079 1256 4136 et
1283 4076 1561 4137 tollenda
1590 4078 1804 4153 dubia,

261 4166 480 4226 solent
506 4166 839 4244 providere
869 4170 932 4227 et
958 4167 1270 4246 explicare
1313 4169 1417 4229 ubi
1475 4174 1538 4230 et
1583 4170 1810 4250 quibus

260 4258 576 4319 solvenda
628 4259 711 4321 sit
757 4259 1003 4338 gabella
1063 4278 1140 4320 ex
1194 4265 1518 4323 contractu
1572 4262 1805 4340 debita,

259 4369 414 4431 quae
444 4350 618 4430 leges
646 4353 1044 4414 consulenda}
1076 4358 1138 4415 et
1167 4354 1572 4416 observandae
1603 4361 1804 4418 erunt.

258 4445 369 4506 Ad
398 4462 516 4504 nos
544 4463 694 4506 vero
744 4444 945 4505 solum
975 4447 1200 4507 attinet
1243 4446 1451 4508 dicere
1479 4494 1495 4524 ,
1554 4449 1811 4509 seclusis

257 4537 342 4598 iis
374 4536 620 4616 legibus
643 4583 659 4613 ,
719 4537 868 4617 quid
914 4543 1281 4618 sequeretur
1307 4540 1566 4618 proecise
1597 4560 1670 4601 ex
1698 4542 1811 4601 im·

256 4630 582 4710 positione
609 4629 912 4708 gabellae?
964 4631 1203 4709 Regula
1247 4631 1460 4711 itaque
1499 4634 1811 4711 generalis

254 4727 387 4797 est,
422 4723 591 4801 quod
621 4722 1028 4784 attendantur
1054 4724 1245 4784 verba
1273 4724 1429 4802 legis
1450 4725 1676 4805 quibus
1703 4745 1810 4806 ga-

254 4816 439 4878 bella
469 4815 815 4893 imponitur
862 4836 876 4875 :
927 4816 1264 4895 aliquando
1314 4818 1480 4878 enim
1528 4819 1812 4898 impone-

252 4912 374 4970 tur
414 4906 529 4968 soli
577 4909 921 4969 contractui
980 4928 994 4969 ε
1054 4909 1391 4989 aliquando
1439 4912 1755 4974 traditioni
1792 4931 1805 4972 τ

250 4999 611 5079 aliquando
641 5018 790 5060 vero
811 5000 960 5078 ipsis
992 5001 1172 5062 bonis
1201 5003 1280 5063 de
1310 5004 1535 5082 quibus
1566 5009 1810 5067 contra·

254 5094 464 5154 bitur.

350 5186 616 5260 Quando
647 5204 797 5265 ergo
842 5186 940 5247 lex
987 5187 1340 5266 imponeret
1366 5191 1668 5253 tributum
1696 5192 1808 5253 soli

250 5280 644 5355 contractui,
679 5280 762 5340 ibi
796 5280 1133 5343 deberetur
1153 5282 1256 5343 uhi
1288 5289 1645 5347 contractus
1670 5305 1813 5365 per-

249 5373 482 5435 ficitur
514 5372 579 5432 in
605 5371 851 5433 rationo
879 5374 1022 5435 talis
1052 5380 1432 5453 contractuS,
1472 5377 1618 5440 licet
1644 5379 1812 5441 bona

249 5468 354 5528 ihi
382 5484 511 5526 non
541 5469 753 5526 essent
791 5467 902 5527 sed
949 5468 1117 5529 alibi.
1169 5471 1261 5530 Ita
1289 5469 1626 5531 dicendum
1676 5490 1809 5533 esse

247 5561 346 5623 de
369 5559 516 5638 jure
546 5559 888 5636 communi,
922 5560 1151 5624 docent
1178 5562 1411 5624 Baldus
1435 5609 1451 5640 ,
1481 5569 1548 5627 et
1574 5566 1808 5627 Panor-

3331 372 3447 431 667

1906 549 2205 626 mitanus,
2238 565 2505 630 quorum
2535 547 2909 610 sententiam
2932 549 3115 609 affert
3142 550 3206 609 et
3231 545 3451 607 laudat

1908 642 2137 705 Sanch.
2168 642 2230 703 d.
2265 660 2403 722 cap.
2437 645 2540 704 lv.
2574 641 2724 702 dub.
2760 657 2906 702 xm.
2958 657 3131 701 num.
3165 641 3227 700 3.
3279 637 3450 718 quod

1907 739 2117 797 tamen
2149 735 2576 814 exceptionem
2601 735 2793 795 habet
2809 734 2996 796 etiam
3019 732 3250 811 dejure
3278 749 3447 792 com-

1907 828 2120 904 muni,
2170 847 2293 908 quo
2336 829 2629 889 statuitur
2656 830 3044 888 contractum
3091 825 3179 885 ibi
3208 823 3452 885 censeri

1907 920 2165 997 factum,
2199 921 2307 981 ubi
2335 921 2712 982 contrahens
2740 938 2806 980 se
2836 920 2916 980 ad
2943 917 3313 979 solvendum
3343 917 3449 977 ob-

1904 1013 2124 1091 ligavit
2157 1034 2170 1074 :
2207 1032 2402 1094 quare
2433 1014 2482 1073 si
2513 1017 2728 1074 Romae
2757 1019 2818 1074 te
2849 1011 3093 1090 obligas
3112 1010 3193 1072 ad
3209 1011 3451 1072 solven-

1906 1105 2059 1166 dum
2084 1106 2356 1183 Matriti,
2405 1106 2639 1184 poteris
2685 1104 2915 1167 Matriti
2961 1102 3321 1180 conveniri,
3381 1104 3452 1163 ut

1908 1197 2178 1260 habetur
2202 1200 2267 1259 in
2298 1200 2335 1259 Ι.
2375 1198 2758 1261 Contrua-isse
2780 1245 2796 1275 ,
2848 1199 2912 1260 ff.
2963 1196 3034 1258 de
3058 1196 3273 1257 action.
3308 1195 3441 1256 etl.

1910 1291 2168 1369 Ouoero„
2201 1293 2268 1354 ff.
2301 1292 2371 1353 de
2394 1291 2664 1354 solution.
2701 1309 2895 1372 quare
2925 1308 3069 1350 cum
3098 1307 3199 1350 res
3227 1289 3448 1349 immo-

1906 1383 2062 1445 biles
2092 1390 2153 1447 et
2181 1385 2312 1447 solo
2343 1385 2551 1445 affixae
2582 1402 2706 1445 non
2737 1383 2982 1462 possint
3008 1381 3164 1443 solvi
3194 1381 3313 1441 nisi
3339 1379 3448 1442 ubi

1907 1482 2088 1554 sunt,
2149 1496 2365 1539 earum
2414 1479 2590 1539 locus
2617 1478 2868 1539 videtur
2913 1473 3337 1536 attendendus
3367 1472 3448 1533 ad

1905 1571 2241 1650 gabellam,
2271 1571 2587 1651 loquendo
2618 1570 2695 1630 de
2719 1569 2862 1648 jure
2892 1567 3231 1643 communi,
3266 1569 3451 1645 prout

1907 1663 2091 1724 docet
2114 1664 2348 1724 Baldus
2377 1665 2441 1723 in
2470 1664 2514 1723 l.
2550 1662 2801 1724 Multum
2834 1662 3109 1737 interest,
3145 1662 3212 1721 ff.
3241 1660 3298 1719 si
3319 1657 3450 1740 quis

1907 1754 2085 1816 alteri
2108 1754 2204 1816 vel
2222 1755 2369 1832 sibi,
2422 1774 2610 1836 quem
2640 1755 2820 1816 multi
2849 1757 3239 1833 sequuntur,
3291 1769 3448 1831 quos

1906 1849 2098 1909 refert
2124 1848 2535 1909 Bertachinus
2582 1847 2652 1908 de
2695 1845 2939 1927 yabellis
2968 1863 3054 1909 VI.
3090 1847 3251 1924 part.
3286 1863 3349 1905 n.
3382 1847 3442 1905 8.

1907 1940 2088 2004 Unde

1986 2034 2189 2094 Infero
2220 2033 2445 2113 primo,
2479 2032 2531 2093 si
2558 2050 2658 2093 res
2687 2032 2853 2094 circa
2883 2049 3072 2111 quam
3101 2031 3171 2092 fit
3189 2032 3443 2091 contra-

1910 2130 2068 2202 ctuS,
2092 2131 2155 2187 et
2184 2144 2325 2206 quae
2352 2125 2660 2187 tradenda
2688 2128 2804 2201 est,
2843 2124 2999 2185 sitin
3031 2122 3351 2202 Hispania,
3385 2125 3448 2184 et

1905 2218 1991 2280 ibi
2022 2218 2182 2280 tradi
2212 2219 2476 2293 debeat,
2509 2223 2571 2279 et
2597 2221 2955 2280 contractus
2986 2216 3098 2276 fiat
3120 2216 3184 2276 in
3215 2214 3437 2290 Gallia,

1904 2312 2217 2392 gabellam
2241 2330 2365 2372 non
2380 2311 2443 2371 in
2462 2308 2659 2371 Gallia
2679 2309 2861 2371 sedin
2882 2307 3181 2387 Hispania
3203 2308 3445 2368 solven-

1908 2397 2054 2465 dam
2084 2423 2219 2464 esse
2254 2423 2267 2465 :
2302 2422 2495 2483 quare
2522 2404 2572 2463 si
2604 2404 2667 2463 in
2696 2401 2995 2479 Hispania
3014 2418 3139 2460 non
3170 2400 3251 2461 sit
3277 2398 3450 2460 debi-

1906 2501 1973 2559 ta
1999 2498 2104 2557 illa
2131 2496 2414 2576 gabella,
2473 2496 2618 2556 licet
2661 2496 2743 2556 sit
2786 2493 3081 2572 imposita
3127 2493 3191 2553 in
3224 2492 3443 2569 Gallia,

1908 2608 2034 2650 non
2065 2589 2351 2665 debetur,
2387 2593 2448 2649 et
2477 2588 2564 2650 ita
2591 2586 2906 2667 loquendo
2936 2585 3014 2646 de
3044 2586 3294 2667 gabella
3322 2584 3445 2646 Al-

1908 2682 2111 2744 cavala
2151 2686 2364 2743 contra
2387 2683 2644 2742 Lasarte
2688 2679 2876 2741 docet
2901 2678 3132 2740 Molina
3160 2682 3313 2739 tom.
3347 2694 3444 2740 111.

1909 2776 2067 2855 disp.
2102 2778 2243 2836 676.

1989 2869 2198 2930 Infero
2226 2867 2504 2928 secundo
2530 2913 2545 2943 ,
2582 2865 2751 2946 'quid
2782 2863 3116 2925 dicendum
3147 2863 3227 2925 sit
3253 2881 3452 2943 quan-

1908 2961 1988 3023 do
2021 2965 2379 3022 contractus
2419 2961 2489 3020 fit
2529 2977 2641 3040 per
2669 2963 3172 3037 procuratorem,
3232 2975 3309 3017 an
3341 2956 3452 3016 de-

1907 3054 2131 3115 beatur
2160 3053 2408 3131 gabella
2437 3052 2543 3113 ubi
2564 3054 2935 3131 procurator
2964 3049 3279 3112 contrahit
3301 3096 3316 3126 ,
3368 3066 3448 3109 an

1909 3166 2059 3209 vero
2113 3147 2220 3208 ubi
2281 3152 2373 3209 est
2428 3147 2561 3226 ejus
2616 3144 2950 3207 dominus?
3015 3142 3452 3223 Respondetur

1909 3241 2095 3302 etiam
2149 3239 2365 3299 deberi
2410 3240 2497 3299 ibi
2532 3239 2637 3299 ubi
2685 3258 2798 3317 per
2832 3242 3306 3317 procuratorem
3335 3236 3451 3296 ha-

1907 3333 2163 3395 bentem
2201 3332 2281 3392 ad
2339 3332 2401 3392 id
2441 3332 2805 3392 facultatem
2853 3331 3176 3409 perficitur
3201 3333 3449 3391 coutra-

1909 3431 2066 3503 ctus,
2100 3426 2186 3487 ita
2214 3428 2469 3486 Lasarte
2500 3443 2644 3486 cum
2671 3424 2868 3485 Baldo
2895 3471 2909 3499 ,
2962 3441 3121 3504 quos
3168 3422 3361 3485 refert
3389 3425 3452 3484 et

1909 3518 2193 3599 sequitur
2218 3519 2449 3581 Molina
2478 3518 2541 3578 d.
2575 3518 2737 3596 disp.
2773 3520 2914 3579 676.
2950 3535 3121 3577 num.
3155 3521 3215 3577 4.

1987 3615 2218 3673 Contra
2262 3611 2373 3671 has
2403 3611 2558 3671 duas
2588 3610 2896 3671 illationes
2942 3609 3078 3669 fieri
3106 3611 3317 3688 potest
3344 3608 3452 3669 ob-

1903 3703 2093 3785 jectio
2129 3723 2143 3764 :
2178 3704 2325 3783 quia
2352 3703 2600 3782 gabella
2645 3721 2772 3763 non
2820 3704 3028 3781 potest
3069 3700 3232 3778 exigi
3263 3699 3376 3760 nisi
3411 3718 3447 3759 a

1910 3796 2160 3858 subdito
2208 3817 2221 3857 τ
2274 3797 2383 3857 sed
2416 3796 2624 3856 Gallus
2671 3794 2942 3856 existens
2982 3794 3046 3853 in
3078 3793 3277 3854 Gallia
3323 3810 3446 3852 non

1910 3895 2003 3950 est
2030 3889 2317 3951 subditus
2346 3887 2697 3967 Hispaniae3
2746 3905 2895 3966 ergo
2927 3885 3179 3966 quando
3210 3885 3273 3946 in
3305 3885 3448 3946 Gal-

1907 3983 1992 4043 lia
2020 3983 2237 4043 vendit
2265 3982 2439 4043 alteri
2466 3982 2633 4043 bona
2663 3998 2802 4061 quae
2833 3980 3026 4041 habet
3054 3979 3115 4038 in
3146 3977 3448 4056 Hispania

1911 4095 2033 4137 non
2066 4080 2271 4155 potest
2318 4076 2444 4154 peti
2490 4075 2571 4135 ab
2602 4093 2675 4135 eo
2704 4073 2955 4153 gabella
2982 4090 3022 4133 a
3045 4090 3195 4150 rege
3225 4071 3449 4151 Hispa-

1909 4168 2060 4242 τῆτες
2103 4173 2168 4230 et
2212 4169 2379 4228 idem
2408 4169 2528 4229 erit
2555 4167 2805 4248 quando
2833 4185 2948 4246 per
2974 4167 3448 4245 procuratorem

1910 4261 2225 4323 contrahit
2250 4261 2312 4320 in
2343 4260 2640 4339 Hispania
2675 4279 2688 4320 :
2724 4259 2871 4340 quia
2898 4259 3147 4338 gabella
3174 4276 3299 4320 non
3331 4259 3449 4321 sol-

1908 4355 2076 4415 vitur
2104 4373 2140 4414 a
2170 4358 2573 4433 procuratore
2597 4399 2612 4429 ‚
2673 4371 2817 4413 cum
2864 4352 2997 4431 ipse
3045 4370 3170 4413 non
3199 4356 3449 4413 contra-

1907 4448 2069 4510 xerit
2098 4466 2243 4508 vere
2268 4492 2284 4523 ,
2347 4445 2452 4505 sed
2499 4445 2710 4506 Gallus
2752 4444 2960 4505 medio
3008 4444 3175 4524 ipso;
3238 4443 3447 4505 Gallus

1911 4545 2122 4602 autem
2152 4541 2389 4618 degens
2416 4538 2480 4598 in
2512 4537 2707 4599 Gallia
2737 4556 2859 4599 non
2899 4541 2993 4597 est
3037 4536 3323 4598 subditus
3350 4553 3450 4596 re-

1908 4634 2006 4713 gis
2034 4632 2374 4712 Hispaniae.
2408 4630 2863 4710 Respondetur,
2880 4630 2933 4691 si
2951 4629 3117 4690 hona
3147 4647 3286 4709 quae
3303 4647 3449 4690 ven-

1915 4727 2028 4804 dit,
2058 4731 2203 4788 sunt
2227 4725 2465 4804 praedia
2493 4725 2592 4784 vel
2609 4724 2833 4783 domus
2853 4741 3009 4801 quas
3022 4721 3212 4782 habet
3237 4722 3300 4782 in
3314 4722 3448 4784 His-

1910 4820 2118 4900 pania,
2153 4817 2473 4880 conveniri
2489 4819 2692 4895 potest
2708 4832 2898 4893 super
2932 4833 3005 4875 eo
3037 4818 3362 4876 contractu
3384 4815 3444 4876 in

1910 4913 2230 4992 Hispania,
2264 4911 2362 4972 vel
2392 4911 2581 4973 etiam
2611 4910 2662 4969 si
2691 4908 2815 4970 sint
2829 4907 2995 4969 bona
3021 4907 3301 4983 mobilia,
3335 4908 3446 4969 ob·

1908 5006 2128 5085 ligavit
2155 5024 2221 5065 se
2267 5022 2381 5084 per
2407 5005 2798 5064 contractum
2828 5000 2908 5061 ad
2941 5018 3016 5060 ea
3042 4999 3352 5062 tradenda
3380 5000 3441 5060 in

1909 5099 2206 5179 Hispania
2232 5144 2249 5175 ,
2300 5101 2488 5177 atque
2535 5095 2695 5156 adeo
2746 5093 2955 5174 quoad
2998 5093 3172 5153 illum
3203 5097 3447 5155 contra-

1910 5197 2080 5256 ctum
2125 5194 2197 5254 fit
2235 5190 2521 5252 subditus
2573 5195 2636 5251 et
2672 5207 2871 5267 capax
2901 5187 3300 5266 obligationis
3326 5186 3448 5248 sol-

1911 5286 2100 5349 vendi
2147 5284 2480 5364 gabellam.
2529 5282 2791 5354 Quando
2831 5298 2979 5341 vero
3026 5279 3339 5341 contrahit
3385 5279 3448 5340 in

1910 5379 2214 5459 Hispania
2242 5395 2354 5457 per
2381 5377 2873 5456 procuratorem,
2909 5373 3098 5434 debet
3125 5372 3315 5432 etiam
3342 5391 3448 5451 ga·

1908 5472 2162 5549 bellam,
2197 5469 2496 5551 quiajam
2543 5470 2832 5530 censetur
2877 5485 3011 5528 esse
3059 5484 3335 5547 praesens
3362 5465 3450 5526 ihi

1908 5583 2021 5646 per
2048 5582 2233 5627 suum
2262 5565 2735 5644 procuratorem
2756 5606 2774 5638 ,
2819 5562 2883 5623 et
2917 5559 3082 5623 sicut
3106 5559 3348 5623 ratione
3376 5557 3450 5620 il-

3596 2028 3709 2086 175

3531 2153 3661 2217 §luins
3678 2153 3757 2217 loci

3588 2220 3599 2248 ι

3547 2220 3584 2249 m
3602 2219 3683 2249 uun

3511 2220 3650 2303 :tuenti

3685 2211 3765 2249 nus

3652 2260 3767 2302 enda
