4263 6376
29 1788 185 1840 ejuravit

29 1843 183 1882 malve-

1229 304 1701 368 DlSPUTATIO
1746 303 1963 380 XXIV,
2014 303 2290 365 SECTIO
2334 303 2407 363 ΙΙ.

232 503 342 546 non
376 482 583 545 libero
625 483 991 563 reipublicae
1036 486 1540 562 consequuntur,
1592 481 1760 561 quod

228 583 425 640 tamen
458 577 539 637 de
569 596 761 657 poena
790 577 853 636 in
900 595 1052 638 casu
1098 583 1307 637 nostro
1356 595 1479 636 non
1527 575 1764 636 diceret

224 671 391 751 juxta
419 672 713 749 regulam
743 671 822 729 ab
853 670 1076 730 eodem
1122 669 1389 749 positam
1426 688 1532 729 nu.
1569 672 1663 730 11.
1701 671 1763 728 et

235 767 321 823 ¹2.
382 764 463 822 ad
521 763 1034 842 cognoscendum
1102 762 1352 841 quando
1407 764 1764 822 contractus

229 857 657 934 principaliter
684 857 1057 934 prohibetur
1094 860 1347 934 propter
1386 855 1619 915 bonum
1650 873 1768 933 pu-

229 950 488 1024 blicum,
534 950 635 1008 vel
666 957 925 1028 propter
952 949 1289 1028 privatum.
1329 948 1632 1008 Probatur
1658 965 1768 1006 ve-

230 1043 483 1120 ro,quio
514 1042 623 1101 illa
653 1042 879 1101 solutio
910 1060 1114 1120 poenae
1134 1060 1256 1101 non
1288 1041 1472 1101 estde
1494 1040 1761 1116 semaia,

231 1134 333 1195 sed
364 1134 774 1210 indifferens;
823 1152 1017 1213 quare
1049 1148 1171 1194 non
1202 1141 1295 1194 est
1324 1152 1435 1193 cur
1476 1151 1599 1193 non
1629 1151 1767 1212 pos-

231 1227 307 1288 sit.
325 1226 765 1307 juramentum
796 1228 1168 1287 confirmare
1212 1226 1382 1290 illam
1419 1225 1771 1305 promissio-

232 1338 372 1379 nem
404 1319 466 1378 in
497 1319 741 1380 ratione
773 1319 1202 1397 promissionis
1222 1319 1403 1396 juxta
1431 1319 1713 1396 regulam
1735 1335 1772 1377 a

233 1413 411 1473 nobis
436 1412 740 1474 traditam
770 1413 940 1473 dicta
968 1411 1127 1490 disp.
1150 1413 1338 1473 xxll.
1358 1410 1427 1471 de
1455 1410 1773 1474 contracti-

234 1505 332 1564 bus
359 1505 422 1564 in
452 1523 682 1584 qenere,
718 1507 867 1567 sect.
903 1520 1040 1564 vm.

309 1598 650 1658 Dubitatur
676 1599 860 1658 tertio
894 1596 1124 1658 Sanch.
1159 1595 1307 1657 dub.
1353 1612 1533 1656 xv111.
1567 1614 1673 1654 nu.
1707 1598 1768 1655 4.

110 1733 137 1775 ,ἦ
234 1690 383 1770 quid
414 1690 758 1750 dicendum
785 1690 867 1749 sit
887 1735 901 1764 ,
950 1689 1202 1768 quando
1230 1692 1492 1750 testator
1522 1706 1644 1747 non
1675 1706 1776 1748 so·-

234 1786 359 1844 lum
408 1783 652 1863 juravit
701 1800 825 1843 non
868 1799 1169 1842 revocare
1215 1785 1659 1843 testamentum
1715 1783 1777 1841 et

232 1895 488 1956 poenam
519 1877 797 1950 solvere,
846 1875 957 1934 sed
987 1874 1176 1935 etiam
1208 1874 1352 1934 fecit
1379 1873 1546 1953 quod
1575 1871 1775 1933 hoeres

233 1989 298 2029 se
324 1969 695 2030 solemniter
713 1968 918 2046 obliga
930 1971 1022 2026 ret
1048 1967 1128 2027 ad
1158 1966 1457 2027 solvenda
1485 1966 1691 2043 legata
1710 1965 1776 2025 in

234 2083 306 2124 eo
335 2065 715 2124 testamento
761 2059 982 2121 relicta
1026 2059 1102 2119 iis
1149 2059 1618 2138 acceptantibus
1662 2077 1779 2136 per

234 2176 321 2234 se,
351 2156 454 2215 vel
483 2173 603 2234 per
630 2153 822 2213 alium
857 2173 869 2212 :
907 2172 985 2212 an
1018 2152 1065 2211 si
1099 2157 1312 2230 postea
1334 2157 1776 2213 testamentum

234 2255 509 2324 revocet,
546 2253 833 2307 teneatur
862 2245 1070 2304 adhuc
1102 2246 1296 2305 baeres
1327 2263 1399 2305 ea
1420 2245 1626 2322 legata
1653 2244 1779 2304 sol-

236 2361 380 2402 vere
408 2341 659 2401 ratione
688 2338 1118 2418 promissionis
1133 2338 1472 2397 absolutae?
1500 2340 1778 2418 Respon-

236 2441 340 2496 det
368 2439 586 2494 autem
616 2430 1004 2510 probabilius
1032 2431 1146 2490 sibi
1164 2430 1385 2506 videri,
1408 2449 1529 2490 non
1552 2429 1771 2492 teneri.

236 2527 413 2602 Quod
444 2525 706 2606 quidem
734 2523 892 2584 mihi
921 2528 1161 2584 certum
1190 2523 1458 2599 videtur,
1485 2523 1630 2602 quia
1646 2525 1779 2584 tota

238 2622 338 2681 illa
365 2618 701 2698 promissio
730 2616 1002 2676 haeredis
1030 2616 1396 2694 intelligitur
1426 2615 1605 2696 juxta
1634 2616 1780 2675 sub-

227 2713 463 2793 jectam
495 2709 854 2784 materiam,
887 2709 952 2768 id
984 2712 1077 2769 est
1098 2755 1113 2784 ,
1160 2708 1239 2768 ad
1269 2708 1564 2768 solvenda
1596 2727 1671 2769 ea
1695 2708 1779 2768 le-

236 2811 381 2886 gata
407 2853 422 2882 ‚
470 2808 787 2884 quatenus
836 2821 911 2861 ex
956 2804 1329 2862 testamento
1372 2801 1681 2861 debentur
1722 2802 1784 2860 et

237 2905 552 2979 quatenus
580 2897 789 2974 legata
808 2899 955 2955 sunt
987 2913 1001 2954 z
1037 2900 1327 2955 revocato
1358 2900 1568 2955 autem
1598 2898 1784 2954 testa-

236 2999 449 3052 mento
493 2990 634 3068 jam
666 3006 793 3048 non
836 2992 986 3047 sunt
1023 2987 1266 3065 legata,
1319 3004 1433 3046 nec
1484 3005 1557 3045 ex
1596 2991 1786 3047 testa-

238 3090 451 3145 mento
483 3081 821 3143 debentur.
874 3083 1008 3140 Non
1059 3084 1268 3140 tamen
1318 3079 1546 3160 poterit
1586 3079 1787 3138 haeres

239 3179 518 3259 primuS,
554 3174 605 3235 si
637 3174 716 3234 ab
746 3173 1000 3235 haerede
1045 3172 1319 3234 seeundo
1367 3172 1631 3252 accipiat
1659 3172 1788 3234 hae-

239 3272 583 3333 reditatem
612 3268 733 3328 sibi
761 3267 1133 3346 promissam
1157 3313 1172 3342 ,
1220 3266 1504 3345 accipere
1534 3266 1682 3327 item
1714 3283 1788 3325 ea

240 3367 448 3444 legata
480 3367 546 3424 et
575 3360 694 3421 sibi
722 3361 1013 3434 retinere,
1049 3359 1158 3418 sed
1188 3358 1375 3419 debet
1400 3359 1600 3419 solum
1632 3356 1790 3418 acci-

238 3477 389 3538 pere
422 3456 487 3515 id
518 3453 693 3533 quod
722 3472 796 3512 ex
820 3452 1023 3531 primo
1044 3454 1414 3512 testamento
1439 3450 1792 3529 lucraripo·

243 3554 407 3612 terat
436 3545 732 3607 deductis
760 3544 1024 3623 legatiS,
1077 3547 1139 3604 et
1167 3542 1301 3603 aliis
1348 3543 1641 3604 oneribus
1666 3590 1681 3619 ,
1724 3545 1794 3604 ut

247 3660 439 3721 supra
468 3638 910 3717 explicuimus,

324 3733 673 3795 Dubitatur
718 3733 978 3810 quarte,
1031 3746 1110 3787 an
1148 3728 1199 3787 si
1231 3731 1488 3789 testator
1534 3732 1678 3789 voto
1725 3746 1791 3788 se

248 3827 558 3906 obligavit
576 3826 708 3884 Deo
739 3819 1136 3900 relinquendi
1153 3825 1402 3881 centum
1421 3840 1532 3899 pro
1559 3840 1796 3901 paupe·

248 3921 443 3995 ribus,
483 3921 552 3977 et
578 3916 685 3975 illa
714 3914 1060 3992 relinquat,
1093 3913 1287 3990 possit
1312 3918 1530 3991 postea
1559 3912 1677 3973 hoc
1705 3914 1796 3972 le-

248 4018 465 4092 gatum
496 4026 801 4069 revocare
821 4006 850 4066 2
878 4005 1160 4067 Sanehez
1191 4005 1355 4066 dicto
1388 4024 1524 4083 cap.
1559 4007 1604 4066 1.
1640 4005 1789 4065 dub.

248 4122 347 4166 xx.
384 4101 542 4163 dicit
569 4099 857 4160 revocari
886 4115 1089 4177 posse.
1125 4098 1333 4158 Primo
1355 4146 1369 4174 ,
1405 4099 1552 4178 quia
1578 4102 1795 4158 votum

248 4195 507 4275 legandi
564 4196 942 4254 testamento
993 4190 1360 4266 intelligitur
1396 4189 1574 4269 juxta
1616 4193 1799 4251 natu-

249 4307 383 4349 ram
411 4285 645 4366 legati,
698 4284 935 4344 seilicet
979 4282 1434 4358 revocabiliter,
1487 4284 1647 4344 sicut
1682 4301 1794 4343 vo-

247 4386 381 4442 tum
412 4376 815 4457 ingrediendi
846 4374 1237 4452 religionem,
1273 4374 1639 4453 intelligitur
1654 4393 1797 4435 cum

249 4474 552 4534 facultate
584 4467 856 4530 emundi
886 4473 1166 4545 tempore
1197 4466 1554 4544 novitiatuS,
1590 4467 1801 4546 sipost

252 4563 711 4644 experientiam
752 4578 877 4620 non
923 4560 1170 4638 placeat
1208 4559 1446 4638 religio.
1484 4559 1794 4635 Secundo,

250 4660 399 4737 quia
430 4657 590 4716 alias
620 4654 878 4713 daretur
904 4653 1007 4711 via
1055 4652 1134 4711 ad
1182 4652 1573 4712 reddendum
1611 4658 1802 4713 testa-

250 4756 540 4810 mentum
571 4745 1007 4820 irrevocabile,
1037 4763 1259 4822 nempe
1282 4746 1604 4823 praemisso
1621 4750 1795 4805 voto:

243 4843 378 4922 jam
410 4845 583 4902 enim
613 4858 739 4898 non
772 4842 984 4915 posset
1027 4837 1293 4914 amplius
1335 4838 1645 4913 revocari,
1679 4838 1800 4897 sal-

250 4941 381 4996 tem
412 4936 465 4995 si
498 4938 670 4992 esset
698 4930 760 4989 in
790 4931 1071 4989 savorem
1102 4946 1304 4989 causae
1335 4930 1476 5007 piae.

331 5027 811 5103 consequenter
866 5027 1075 5081 tamen
1131 5021 1376 5081 videtur
1397 5068 1412 5098 ,
1471 5022 1534 5081 id
1588 5025 1804 5082 votum

255 5120 517 5181 omnino
550 5116 836 5192 obligare
865 5113 945 5173 ad
964 5132 1085 5173 non
1101 5114 1522 5173 revocandum
1542 5134 1553 5174 :
1576 5115 1801 5193 primo,

255 5213 407 5292 quia
434 5212 657 5270 votum
687 5207 805 5267 fuit
826 5206 1220 5284 relinquendi
1237 5214 1487 5266 centum
1517 5204 1809 5285 pauperi-

254 5305 377 5365 bus
409 5323 423 5364 :
459 5320 589 5363 non
620 5306 834 5361 autem
864 5298 1181 5377 relinquit,
1217 5298 1323 5377 qui
1352 5303 1609 5360 revocat
1634 5299 1809 5377 lega-

256 5403 396 5458 tum
428 5416 443 5457 ε
478 5413 628 5455 nam
660 5392 1020 5470 relinquere
1068 5394 1162 5450 est
1208 5391 1499 5452 ordinare
1537 5390 1810 5451 efficaci-

260 5494 383 5566 ter,
409 5487 581 5569 quod
610 5490 756 5566 post
781 5487 1054 5546 mortem
1082 5501 1261 5545 suam
1303 5484 1530 5545 dentur
1559 5488 1810 5544 eentum

3310 311 3385 369 67

1857 480 2240 560 pauperibus
2273 501 2286 541 :
2319 483 2451 542 tota
2496 483 2704 542 autem
2753 482 3032 544 efficacia
3068 484 3255 564 legati
3287 505 3388 546 su-

1859 574 2051 635 mitur
2102 593 2178 633 ex
2220 574 2903 638 voluntatetestatoris
2948 583 3389 657 perseverante

1860 686 2057 746 usque
2086 666 2166 726 ad
2196 671 2485 743 mortem,
2521 686 2668 745 ergo
2700 669 2777 729 ad
2810 669 2929 730 hoc
2966 689 3031 730 se
3061 675 3204 732 voto
3236 672 3394 733 obli-

1861 760 2053 836 gavit.
2090 759 2401 835 Secundo,
2436 759 2581 839 quia
2611 762 2981 840 promittens
3027 765 3208 826 Petro
3249 783 3393 825 cum

1853 854 2211 931 juramento
2268 852 2620 931 relinquere
2677 873 2821 916 eum
2866 855 3214 935 haeredem,
3268 876 3393 919 non

1863 945 2196 1020 satisfacit,
2251 945 2302 1004 si
2348 950 2564 1025 postea
2620 953 2870 1009 revocet
2926 955 3390 1027 testamentum,

1866 1057 1988 1117 quo
2020 1056 2162 1098 eum
2195 1038 2566 1114 instituerat,
2599 1040 2708 1100 sed
2732 1041 2918 1103 debet
2940 1062 3012 1103 ex
3036 1043 3394 1124 juramento

1866 1135 2188 1209 acceptato
2222 1131 2670 1193 institutionem
2703 1152 2826 1194 non
2854 1153 3174 1213 revocare,
3208 1142 3279 1198 ut
3305 1138 3398 1197 vi-

1868 1225 2095 1285 dimus.
2142 1225 2305 1284 Reus
2353 1228 2562 1284 autem
2610 1227 2959 1304 acceptavit
3003 1227 3138 1306 jam
3182 1234 3398 1291 votum

1870 1319 2032 1379 illius
2081 1317 2531 1394 eleemosynae,
2584 1336 2733 1394 ergo
2773 1338 2896 1380 non
2947 1322 3245 1383 satisfacit
3284 1341 3397 1402 pro

1869 1416 2049 1486 vote,
2098 1408 2151 1468 si
2194 1409 2470 1486 legatum
2516 1416 2863 1473 revocetur.
2897 1414 3141 1491 Terti0‚
3174 1416 3319 1494 quia
3349 1416 3402 1477 si

1868 1503 2147 1564 vovisses
2176 1501 2326 1562 dare
2355 1503 2734 1582 pauperibus
2764 1510 3015 1566 eentum
3035 1512 3097 1569 et
3118 1509 3403 1569 ordinas-

1871 1615 1968 1656 ses
1998 1595 2252 1670 famuIO,
2288 1598 2356 1655 ut
2381 1595 2483 1655 illa
2514 1595 2713 1669 daret,
2747 1602 2809 1657 et
2837 1604 3052 1675 postea
3083 1605 3226 1661 ante
3257 1620 3404 1663 exe-

1872 1688 2186 1749 cutionem
2210 1705 2542 1748 revocares
2570 1689 2961 1766 mandatum,
2997 1697 3060 1753 et
3087 1698 3402 1772 repeteres

1872 1786 2122 1841 eentum
2154 1780 2233 1839 ad
2263 1780 2429 1840 hunc
2473 1780 2663 1840 finem
2712 1781 2893 1859 data,
2947 1786 3161 1862 procul
3211 1787 3400 1849 dubio

1874 1892 1996 1934 non
2026 1872 2429 1933 satisfecisses
2458 1877 2603 1933 voto
2637 1893 2651 1932 ε
2688 1875 2908 1934 eodem
2955 1883 3166 1939 autem
3213 1882 3402 1943 modo

1872 1985 1937 2026 se
1968 1967 2160 2028 habet
2187 1969 2448 2027 testator
2472 1965 2534 2024 in
2564 1967 2865 2043 praedicto
2896 1988 3075 2047 casu,
3123 1991 3265 2033 cum
3297 1992 3402 2036 so-

1871 2060 2002 2120 lum
2032 2058 2718 2119 habueritvoluntatem
2748 2061 3164 2143 relinquendi,
3182 2072 3244 2128 et
3259 2073 3403 2129 ante

1875 2152 2302 2213 executionem
2332 2150 2715 2212 voluntatem
2746 2162 3015 2217 revocet.

1955 2245 2133 2307 Unde
2164 2249 2336 2323 patet
2363 2245 2680 2322 responsio
2727 2245 2803 2306 ad
2848 2255 3216 2327 argumenta
3259 2272 3409 2315 con-

1874 2337 2090 2400 traria.
2168 2337 2265 2398 Ad
2311 2337 2583 2415 primum
2627 2338 2791 2400 enim
2835 2340 3138 2421 dicimus,
3192 2351 3408 2407 votum

1878 2449 2000 2491 non
2033 2430 2222 2489 fuisse
2253 2429 2562 2489 scribendi
2607 2431 2806 2490 solum
2837 2432 2899 2492 in
2929 2438 3303 2501 testamento
3334 2440 3411 2499 il-

1876 2523 1986 2584 lud
2029 2523 2340 2599 legatum,
2389 2520 2499 2580 sed
2552 2522 2944 2601 relinquendi
2987 2531 3408 2607 pauperibus:

1875 2616 2229 2693 relinquere
2261 2619 2470 2674 autem
2506 2617 2599 2673 est
2626 2613 2864 2690 facere,
2912 2622 2981 2679 ut
3018 2638 3159 2680 cum
3191 2625 3414 2685 effectu

1879 2708 2155 2770 habeant
2202 2723 2510 2784 pauperes
2564 2706 2668 2766 illa
2697 2712 2971 2787 centum,
3033 2731 3226 2791 quare
3280 2716 3419 2795 ipsa

1880 2820 2005 2862 non
2033 2797 2347 2859 revocatio
2378 2798 2492 2859 sub
2521 2802 2666 2859 voto
2690 2803 3257 2880 comprehenditur.
3292 2809 3417 2870 Un-

1882 2894 1959 2953 de
1989 2890 2343 2969 exemplum
2398 2890 2738 2952 adductum
2795 2912 2920 2956 non
2967 2901 3060 2958 est
3102 2899 3181 2959 ad
3229 2919 3413 2966 rem:

1883 3003 2029 3047 nam
2071 3001 2307 3044 vovens
2345 2983 2694 3061 ingressum
2735 2987 3060 3066 religionis·
3101 2993 3277 3071 ponit
3328 2998 3420 3055 to-

1883 3085 2038 3153 tum,
2082 3076 2251 3156 quod
2280 3075 2595 3154 promisit,
2632 3078 2898 3157 scilicet,
2933 3082 3172 3161 ingredi
3203 3084 3284 3146 ad
3314 3106 3422 3147 ex·

1884 3169 2252 3251 periendum
2274 3216 2289 3246 ,
2337 3168 2497 3231 sicut
2522 3170 2628 3231 alii
2659 3171 3095 3251 ingrediuntur
3123 3198 3138 3238 ε
3186 3179 3248 3239 ἰη
3277 3198 3422 3241 nos-

1884 3270 1981 3326 tro
2003 3268 2215 3324 autem
2236 3280 2382 3322 casu
2415 3280 2539 3321 non
2570 3265 2822 3341 ponitur
2847 3270 3068 3345 totum,
3092 3272 3255 3350 quod
3279 3291 3421 3351 pro-

1885 3356 2145 3417 missum
2185 3358 2316 3430 est,
2367 3354 2515 3433 quia
2546 3373 2671 3416 non
2692 3357 3131 3438 relinquuntur
3170 3370 3422 3426 centum

1889 3448 2301 3528 pauperibuS,
2347 3446 2457 3507 sed
2486 3448 2688 3508 solum
2720 3450 2937 3530 incipit
2961 3453 3179 3516 haberi
3209 3457 3424 3519 volun·

1888 3547 1984 3603 tas
2014 3539 2430 3618 relinquendi.
2478 3539 2574 3600 Ad
2604 3543 2951 3605 secundum
2983 3549 3419 3627 respondetur,

1890 3635 2008 3695 hac
2025 3633 2127 3693 via
2154 3651 2277 3693 non
2309 3632 2488 3692 reddi
2516 3637 2961 3697 testamentum
2990 3638 3420 3719 irrevocabile,

1890 3728 1979 3788 ita
2013 3731 2083 3787 ut
2110 3725 2429 3785 revocatio
2461 3744 2585 3785 non
2614 3727 2693 3787 sit
2720 3728 2957 3802 valida;
3007 3733 3173 3810 quod
3216 3739 3426 3796 autem

1892 3820 2102 3898 aliqua
2138 3818 2376 3878 ratione
2421 3819 2733 3879 revocatio
2761 3821 2940 3881 reddi
2970 3826 3163 3901 possit
3188 3827 3423 3903 illicita,

1893 3930 2018 3972 non
2047 3914 2142 3969 est
2167 3909 2631 3986 inconvenienS,
2666 3914 2736 3971 ut
2762 3919 3006 3976 constat
3034 3935 3108 3977 ex
3139 3917 3319 3980 dictis
3348 3920 3430 3980 de*

1893 4004 2246 4085 juramento
2283 4020 2407 4062 non
2439 4003 2775 4064 revocandi
2804 4005 2883 4065 ab
2930 4007 3179 4070 haerede
3207 4029 3432 4092 aceep-

1891 4101 2044 4159 tato.
2104 4097 2184 4156 Et
2227 4094 2480 4173 probari
2525 4100 2729 4173 potest
2758 4098 2837 4158 ad
2865 4098 3183 4163 hominem
3214 4105 3432 4166 adver-

1894 4209 1998 4251 sus
2028 4189 2234 4268 ipsum
2274 4187 2503 4248 Sanch.
2557 4189 2660 4267 qui
2691 4189 2837 4250 inde
2866 4194 3094 4271 probat
3137 4215 3318 4275 posse
3362 4197 3461 4258 Ιί-Δ

1896 4283 2014 4342 cite
2058 4279 2372 4351 revocari;
2425 4279 2570 4358 quia
2601 4286 2812 4342 votum
2853 4303 2976 4345 non
3019 4288 3136 4349 fuit
3176 4308 3301 4350 non
3336 4308 3432 4351 re-

1895 4371 2185 4447 vocandi,
2217 4371 2328 4431 sed
2355 4371 2637 4449 legandi,
2672 4375 2837 4453 quod
2869 4376 3235 4457 intelligitur
3253 4382 3436 4461 juxta

1898 4472 2189 4527 naturam
2244 4464 2456 4543 legati,
2520 4463 2640 4524 hoc
2687 4471 2798 4542 est,
2850 4473 3307 4535 revocabiliter.
3369 4475 3434 4537 Si

1899 4578 2046 4638 ergo
2078 4562 2294 4618 votum
2334 4574 2624 4635 expresse
2671 4558 2889 4621 fuisset
2930 4563 3180 4641 legandi
3222 4571 3282 4627 et
3309 4585 3435 4627 non

1897 4649 2271 4726 revocandi,
2318 4667 2443 4709 non
2471 4655 2683 4728 posset
2708 4651 2874 4713 licite
2905 4659 3228 4735 revocari,
3279 4660 3438 4721 sieut

1899 4744 2006 4823 qui
2026 4747 2213 4803 vovet
2255 4760 2542 4819 expresse
2591 4742 2943 4821 ingressum
2973 4749 3328 4830 religionis,
3377 4755 3438 4814 et

1901 4833 2432 4914 perseverantiam
2470 4834 2531 4892 in
2564 4852 2660 4910 ea,
2692 4853 2814 4896 non
2838 4843 3042 4916 potest
3068 4841 3233 4902 licite
3261 4861 3442 4922 egre-

1901 4928 1986 4987 di.
2020 4929 2163 4988 Jam
2197 4943 2346 5003 ergo
2375 4925 2763 4987 inveniretur
2797 4929 2859 4987 in
2894 4929 3013 4990 hoc
3041 4933 3260 4993 saltem
3291 4953 3440 4996 casu

1904 5020 2139 5097 absque
2167 5018 2628 5078 inconvenienti
2647 5019 2747 5077 via
2768 5020 3071 5083 reddendi
3103 5030 3441 5087 testamen-

1903 5117 2037 5173 tum
2066 5110 2470 5170 irrevocabile
2501 5111 2720 5171 saltem
2749 5112 2935 5189 licite,
2969 5114 3019 5174 si
3048 5123 3260 5178 votum
3290 5118 3445 5181 illud

1906 5204 1992 5264 ita
2042 5219 2330 5280 expresse
2375 5201 2573 5262 fieret.
2633 5203 2908 5265 Adverto
2966 5209 3207 5286 tamen,
3259 5209 3324 5270 in
3370 5230 3443 5272 eo

1907 5314 2057 5357 casu
2107 5312 2232 5354 non
2295 5294 2651 5354 confirmari
2709 5299 3152 5360 testamentum
3205 5304 3447 5365 ratione

1906 5387 2071 5463 voti,
2118 5403 2235 5446 nec
2280 5385 2517 5464 acquiri
2562 5386 2818 5465 aliquod
2839 5388 2944 5468 jus
2973 5390 3313 5472 legatario,
3350 5398 3448 5459 vel

1908 5479 2169 5554 haeredi,
2191 5479 2338 5557 quia
2366 5496 2649 5558 suppono
2681 5497 2806 5540 non
2827 5482 3016 5546 fuisse
3045 5485 3277 5549 factam
3303 5506 3450 5569 pro-

3552 2268 3620 2326 41
