4263 6376
100 1179 163 1239 1¹5

101 1359 228 1408 melus

103 1423 184 1461 εηιιο

100 1464 191 1504 abile.

104 3992 131 4033 ti
147 3994 196 4035 eit

100 4058 122 4087 n

100 4100 203 4145 ntitas.

1251 337 1719 397 DISPUTATIO
1763 337 2061 411 xxxvll,
2112 336 2385 397 813ch
2429 337 2504 397 X.

269 509 430 589 apud
454 509 734 590 juristaS‚
770 510 847 571 dc
879 528 1147 590 quorum
1195 516 1404 572 mente
1457 511 1657 571 videri
1689 529 1802 590 po-

269 606 387 666 test
431 603 556 664 late
585 610 742 665 tom.
805 621 848 665 1.
907 603 1294 664 communium
1346 604 1681 685 opinionum
1736 605 1798 663 in

269 695 644 775 praefatione
675 716 735 756 n.
770 700 868 759 28.
925 700 988 757 et
1028 715 1205 776 seqq.
1240 701 1301 759 et
1327 698 1435 758 lib.
1473 699 1546 758 11.
1583 698 1678 759 tit.
1711 714 1797 759 lx.

269 808 327 850 n.
366 791 498 848 175.
537 794 599 849 et
627 807 804 868 seqq.
839 796 902 851 et
928 789 1040 851 lib.
1093 806 1188 851 111.
1235 790 1326 850 tit.
1382 793 1475 851 12.
1512 791 1802 850 eamdem

268 884 480 942 tenent
509 883 726 959 Laym.
775 882 1062 943 Villalob.
1124 882 1384 945 Malder.
1418 883 1656 943 Filliuc.
1691 885 1805 942 Be-

270 991 406 1034 can.
440 976 711 1035 Tanner.
747 978 809 1036 et
851 975 978 1045 alii,
1011 994 1168 1055 quos
1206 977 1389 1037 affert
1416 976 1616 1036 Diana
1664 976 1801 1036 loco

271 1066 481 1131 citato,
517 1066 628 1128 Sit.

349 1159 562 1220 Prima
598 1161 914 1222 conclusio
970 1165 1189 1222 contra
1241 1161 1513 1240 primam
1558 1166 1803 1222 senten-

270 1252 423 1312 tiam
450 1254 703 1331 quando
726 1257 990 1333 utraque
1012 1253 1323 1314 sententia
1344 1259 1437 1315 est
1462 1272 1640 1334 aeque
1659 1271 1804 1332 pro-

270 1344 516 1421 habilis,
545 1345 743 1423 judex
775 1347 998 1406 melius
1046 1346 1300 1425 quidem
1346 1346 1534 1408 faciet
1587 1365 1807 1426 procu-

271 1437 472 1498 rando
497 1443 708 1516 partes
747 1438 829 1497 ad
860 1438 1264 1499 concordiam
1323 1439 1657 1512 reducere;
1692 1439 1803 1498 ab·-

268 1530 466 1591 solute
495 1537 706 1590 tamen
735 1534 940 1608 potest
966 1531 1230 1592 alteram
1259 1548 1336 1590 ex
1386 1531 1507 1591 illis
1536 1531 1795 1610 eligere.

268 1624 444 1683 Hanc
523 1626 738 1683 tenent
801 1627 1090 1684 auctores
1145 1624 1438 1684 secundae
1483 1628 1544 1685 et
1599 1625 1800 1686 tertiae

268 1714 615 1789 sententiae,
652 1719 715 1775 et
740 1716 1063 1794 probatur,
1086 1716 1231 1795 quia
1257 1716 1452 1794 judex
1483 1736 1558 1777 ex
1587 1717 1800 1778 debito

270 1808 369 1868 sui
400 1807 587 1868 officii
642 1808 843 1867 solum
881 1813 1130 1869 tenetur
1160 1809 1240 1868 ad
1295 1809 1802 1889 investigandam

270 1900 603 1978 diligenter
630 1900 982 1977 veritatem,
1012 1905 1074 1962 et
1100 1905 1449 1963 secundum
1471 1920 1611 1962 eam
1631 1902 1801 1981 judi-

270 2011 437 2054 care:
472 1991 665 2053 sedin
686 2011 836 2054 casu
861 1996 1069 2055 nostro
1102 1994 1599 2073 probabilissime
1642 1994 1805 2075 judi-

269 2089 373 2147 cat.
419 2086 589 2146 illam
618 2104 754 2146 esse
786 2087 1137 2162 veritatem,
1173 2092 1234 2148 et
1264 2088 1428 2147 hunc
1483 2088 1801 2148 hominem

269 2179 503 2239 babere
524 2180 662 2257 Jus3
711 2197 860 2257 ergo
930 2183 1135 2259 potest
1179 2198 1290 2257 pro
1361 2180 1464 2240 illo
1514 2180 1802 2259 judicare

269 2290 413 2334 cum
431 2272 533 2330 illa
563 2271 788 2350 aequali
818 2272 1280 2350 probabilitate.

347 2362 551 2439 DiceS,
587 2380 736 2441 ergo
766 2362 936 2423 idem
974 2363 1094 2423 dici
1135 2369 1384 2442 posset,
1434 2366 1687 2444 quando
1719 2385 1803 2426 ae·-

269 2454 472 2534 qualis
528 2455 940 2533 probabilitas
995 2460 1285 2516 versatur
1347 2457 1514 2517 circa
1567 2458 1804 2519 factum

270 2548 596 2626 utriusque
624 2546 819 2624 partis
851 2565 865 2607 :
900 2565 1046 2607 nam
1074 2551 1226 2607 tunc
1257 2549 1446 2608 etiam
1477 2550 1801 2628 probabile

270 2644 386 2715 est,
421 2640 589 2700 hunc
621 2639 940 2700 bominem
973 2659 1127 2716 esse,
1147 2660 1208 2701 v.
1234 2660 1328 2719 gr.
1356 2661 1576 2703 verum
1606 2643 1806 2704 haere-

270 2734 437 2810 dem,
475 2739 536 2793 et
564 2753 678 2811 por
708 2752 1097 2813 consequens
1119 2734 1352 2795 habere
1376 2734 1503 2814 juS.
1531 2738 1808 2814 Negatur

270 2826 599 2905 sequentia
625 2846 639 2898 ;
673 2830 821 2887 tunc
850 2826 1018 2886 onim
1037 2826 1183 2887 licet
1204 2827 1527 2905 probabile
1545 2828 1806 2890 sitliunc

269 2919 592 2979 hominem
622 2920 831 2995 fuisse,
864 2938 921 2980 v.
957 2938 1052 2997 gr.
1072 2919 1421 2982 institutum
1454 2920 1802 2995 haeredem3

270 3016 516 3073 certum
546 3016 756 3073 tamen
788 3017 882 3073 est
910 3030 1033 3072 non
1064 3012 1297 3073 habere
1318 3015 1425 3093 jus
1454 3014 1513 3073 in
1538 3013 1802 3093 judicic,

270 3104 421 3183 quia
452 3105 532 3164 ad
566 3105 681 3165 hoc
711 3105 1070 3184 requiritur,
1105 3106 1275 3185 quod
1304 3106 1606 3185 probetur
1635 3107 1805 3169 insti·

268 3197 429 3259 tutio
459 3198 692 3277 ipsius3
728 3217 871 3259 cum
902 3203 1111 3259 autem
1149 3200 1279 3260 boec
1307 3206 1561 3262 maneat
1589 3202 1803 3278 dubia,

269 3310 397 3352 non
428 3291 678 3352 videtur
703 3292 1028 3371 probabile
1070 3293 1274 3372 ipsum
1321 3293 1555 3354 habere
1591 3294 1696 3374 jus
1743 3295 1806 3355 in

262 3384 506 3462 judicio
539 3405 554 3445 ε
587 3385 651 3445 in
700 3389 910 3445 nostro
948 3403 1097 3446 vero
1152 3404 1302 3446 casu
1351 3386 1672 3464 probabile
1716 3391 1812 3448 est

267 3477 464 3538 istum
497 3477 731 3538 babere
761 3496 981 3537 verum
1011 3482 1072 3539 et
1101 3481 1456 3557 proximum
1486 3480 1591 3557 jus
1621 3479 1683 3539 in
1705 3481 1811 3559 ju-

269 3568 465 3645 dicio,
499 3573 562 3629 et
590 3569 822 3630 debere
851 3588 964 3649 pro
995 3570 1130 3649 ipso
1155 3569 1463 3649 judicari3
1494 3589 1689 3650 quare
1711 3572 1810 3650 ju-

271 3661 394 3721 dex
422 3662 709 3740 sequitur
730 3661 1036 3741 judicium
1085 3682 1263 3742 aeque
1292 3662 1615 3742 probabile
1646 3665 1808 3725 circa

270 3754 561 3816 debitum
592 3755 778 3834 hujus
801 3754 1046 3834 judicii.

356 3847 653 3908 Secunda
695 3849 1011 3910 conclusio
1069 3849 1149 3910 sit
1203 3852 1418 3910 contra
1468 3850 1811 3911 secundam

267 3941 693 4014 sententiam;
727 3941 777 4001 si
820 3942 901 4004 sit
943 3959 1175 4019 magna
1215 3942 1606 4021 inaequalitas
1652 3943 1811 4003 inter

125 4058 145 4087 a
265 4032 781 4110 probabilitatem
802 4034 1123 4114 utriusque
1145 4033 1360 4112 partiS,
1381 4035 1526 4096 licet
1545 4037 1809 4115 utraque

264 4126 349 4186 sit
406 4125 755 4204 probabilis
788 4171 802 4201 ‚
861 4132 1082 4206 peccat
1125 4127 1316 4205 judex
1373 4128 1807 4207 amplectendo

264 4218 651 4280 sententiam
692 4220 901 4280 minus
949 4220 1362 4298 probabilem.
1393 4223 1568 4282 Hanc
1597 4225 1813 4284 tenent

264 4314 563 4372 auctores
589 4312 792 4374 tertiae
821 4314 1169 4389 sententiae,
1205 4318 1267 4375 et
1293 4313 1547 4393 quidem
1566 4314 1811 4375 omissis

259 4404 410 4466 aliis
440 4405 787 4466 rationibus
816 4406 1044 4485 quibus
1071 4407 1322 4485 probari
1353 4409 1530 4483 solet,
1565 4408 1808 4470 ostendi

261 4502 482 4577 potest
509 4517 545 4557 a
576 4498 789 4576 priori,
825 4500 974 4578 quia
998 4499 1194 4578 judex
1224 4500 1623 4562 constituitur
1652 4520 1688 4560 a
1717 4520 1810 4561 re-

258 4590 529 4671 publica
557 4591 655 4651 vel
699 4610 740 4652 a
787 4592 1090 4670 principe,
1152 4597 1220 4655 ut
1273 4592 1473 4652 fidelis
1527 4593 1812 4655 minister

259 4683 579 4759 veritatis,
612 4702 723 4745 seu
751 4689 819 4746 ut
867 4684 1201 4762 diligenter
1247 4690 1507 4746 conetur
1532 4686 1810 4748 invenire

259 4776 605 4838 veritatem
633 4781 695 4838 et
723 4796 835 4856 pro
869 4797 946 4838 ea
983 4777 1272 4855 judicare
1298 4798 1313 4851 ;
1366 4778 1528 4840 sicut
1558 4794 1809 4841 oecono-

258 4889 412 4931 mus
424 4870 827 4931 constituitur
842 4871 1143 4932 adomino
1167 4875 1234 4931 ut
1252 4870 1583 4950 diligenter
1600 4874 1813 4951 provi·-

257 4964 421 5024 deat
433 4962 622 5023 rebus
639 4963 1091 5041 domesticis,et
1103 4963 1385 5024 medicus
1397 4968 1466 5025 ut
1478 4964 1811 5043 diligenter

256 5054 601 5135 provideat
627 5056 901 5117 sanitati.
925 5058 1120 5116 Nemo
1142 5061 1356 5117 autem
1370 5057 1695 5119 excusabit
1724 5075 1809 5115 oe-

255 5166 633 5224 conomum,
669 5148 777 5228 qui
797 5148 1050 5211 invento
1082 5149 1316 5228 duplici
1335 5150 1536 5212 tritico
1554 5149 1810 5229 aequalis

258 5240 483 5321 pretii,
517 5240 628 5300 sed
671 5241 997 5320 inaequalis
1027 5242 1210 5301 valde
1253 5242 1581 5319 bonitatis,
1644 5245 1811 5303 emat

256 5333 574 5410 deterius,
607 5333 823 5395 relicto
852 5334 1128 5410 meliori,
1184 5336 1330 5396 licet
1368 5339 1701 5415 utrumque
1730 5334 1811 5396 sit

255 5425 595 5488 sufficiens
622 5471 638 5503 ,
693 5431 802 5488 aut
828 5427 1141 5488 conducat
1170 5428 1428 5488 domum
1456 5428 1663 5488 minus
1696 5427 1809 5487 bo-

255 5538 424 5583 nam
453 5519 671 5583 relicta
697 5520 938 5582 meliori
966 5540 1079 5600 pro
1111 5522 1337 5602 aequali
1374 5521 1573 5600 pretio
1599 5540 1614 5594 ;
1656 5521 1807 5581 item

3317 323 3433 395 715

1902 510 2101 571 multo
2131 509 2339 571 minus
2369 512 2771 573 excusabitur
2798 510 3082 571 medicus
3111 510 3219 589 qui
3247 508 3434 569 dede·

1901 604 1981 664 rit
2008 603 2385 663 medicinam
2417 605 2622 665 minus
2650 622 2959 677 securam,
2993 601 3210 664 relicta
3237 602 3433 663 multo

1901 695 2220 772 securiori,
2254 697 2399 757 licet
2424 701 2690 776 utraque
2712 698 2792 757 sit
2809 695 3187 776 probabilis:
3215 699 3436 756 neuter

1903 790 2068 849 enim
2115 788 2385 851 fideliter
2413 790 2742 870 exequitur
2770 807 2954 850 suum
2980 807 3249 860 munus;
3283 804 3433 865 ergo

1903 900 2016 940 nec
2038 880 2236 959 judex
2268 882 2373 960 qui
2421 882 2756 960 propositis
2813 881 3058 942 duabus
3100 879 3217 940 viis
3264 897 3435 939 asse-

1905 974 2137 1052 quendi
2166 975 2529 1051 veritatem,
2580 975 2753 1052 eligit
2797 974 3002 1034 minus
3041 990 3326 1033 securam
3373 974 3437 1032 et

1902 1066 2109 1127 minus
2138 1067 2390 1142 bonam,
2456 1066 2673 1128 relicta
2723 1065 3021 1127 securiori
3071 1069 3132 1126 et
3164 1062 3429 1138 meliori,

1903 1159 2205 1220 satisfacit
2230 1160 2441 1221 debito
2479 1161 2644 1239 quod
2679 1161 2869 1221 babet
2896 1156 3315 1235 investigandi
3345 1155 3433 1215 di-

1900 1252 2168 1330 ligenter
2194 1253 2517 1313 veritatem
2550 1258 2612 1313 et
2640 1271 2750 1331 pro
2778 1270 2853 1312 eo
2875 1249 3221 1332 judicandi.
3245 1252 3431 1309 Porro

1898 1343 2176 1422 judicem
2205 1344 2439 1404 habere
2485 1364 2552 1405 se
2594 1345 2657 1406 in
2705 1346 2822 1405 hac
2853 1344 3234 1422 obligatione
3274 1342 3435 1402 sicut

1903 1455 2302 1498 oeconomum
2328 1484 2342 1513 ,
2405 1437 2707 1516 probatur
2760 1456 2835 1497 ex
2889 1439 3098 1497 mente
3153 1434 3431 1496 omnium

1903 1529 2330 1602 subditorum3
2365 1530 2472 1609 qui
2509 1535 2676 1592 certe
2698 1548 2822 1591 non
2844 1535 3011 1590 recte
3034 1527 3336 1588 sentirent
3355 1525 3433 1585 de

1894 1620 2108 1700 judice
2139 1621 2265 1698 illo,
2301 1622 2404 1701 qui
2438 1620 2518 1682 ob
2548 1621 2888 1682 amicitiam
2917 1621 3016 1682 vel
3044 1620 3196 1680 alias
3226 1616 3435 1697 priva-

1901 1718 1997 1775 tas
2024 1715 2319 1791 rationeS,
2370 1714 2745 1776 sententiam
2793 1714 3069 1792 proferat
3115 1714 3333 1772 contra
3361 1709 3435 1768 il-

1901 1805 2030 1865 lum
2077 1807 2181 1885 qui
2229 1808 2553 1867 meliorem
2605 1812 2669 1868 et
2708 1806 3195 1886 probabiliorem
3242 1803 3436 1863 habet

1903 1916 2158 1960 causam
2193 1919 2206 1960 :
2242 1904 2304 1961 et
2330 1900 2489 1960 ratio
2518 1918 2557 1959 a
2585 1899 2775 1978 priori
2806 1904 2919 1975 est,
2945 1899 3093 1978 quia
3120 1898 3282 1958 sicut
3305 1913 3434 1954 me-

1902 1990 2078 2051 dicus
2108 1990 2505 2053 constituitur
2519 1992 2599 2051 ad
2624 1992 3085 2071 procurandam
3103 1983 3434 2050 sanitatem

1903 2084 2208 2163 corporis,
2249 2088 2311 2144 et
2336 2085 2477 2145 ideo
2509 2088 2757 2145 tenetur
2785 2098 3141 2164 praecavere
3170 2081 3435 2158 diligen-

1902 2181 1996 2239 ter
2038 2176 2353 2254 pericula,
2400 2177 2632 2237 utendo
2682 2176 2977 2237 remediis
3023 2171 3431 2243 certioribus3

1904 2273 1967 2329 et
1994 2269 2155 2329 sicut
2184 2287 2547 2330 (economus
2577 2268 2974 2330 constituitur
2992 2267 3071 2328 ad
3093 2281 3437 2346 procuran-

1904 2361 2055 2421 dum
2110 2361 2346 2422 bonum
2398 2361 2841 2438 domesticum,
2901 2365 2965 2422 et
3009 2360 3150 2420 ideo
3191 2360 3439 2419 tenetur

1905 2454 2209 2532 impedire
2238 2454 2535 2532 pericula,
2555 2459 2672 2516 etc.
2707 2454 2795 2514 sic
2824 2453 3009 2532 iudex
3032 2456 3096 2513 et
3112 2449 3438 2529 magistra-

1903 2551 2003 2608 tus
2033 2545 2431 2606 constituitur
2456 2546 2537 2606 ad
2583 2545 3049 2624 procurandum
3093 2544 3329 2605 bonum
3358 2539 3439 2600 ci-

1905 2639 2047 2712 vile,
2079 2642 2142 2699 et
2170 2638 2310 2698 ideo
2341 2642 2591 2700 tenetur
2619 2638 2952 2716 diligenter
2978 2653 3335 2717 praecavere
3360 2651 3436 2693 ne

1904 2730 2258 2808 respublica
2286 2731 2559 2809 patiatur
2590 2751 2603 2792 :
2639 2731 2756 2792 hoc
2789 2737 2998 2791 autem
3029 2747 3153 2790 non
3182 2730 3438 2807 praestat

1906 2824 2238 2901 diligenter
2266 2829 2329 2886 et
2352 2823 2620 2885 fideliter
2640 2823 2987 2903 judicando
3002 2822 3180 2902 juxta
3200 2818 3435 2900 opinio·

1905 2936 2016 2977 nes
2045 2916 2251 2976 minus
2280 2918 2634 2996 probabiles
2659 2938 2673 2990 3
2726 2917 2870 2996 quia
2901 2914 3142 2977 facilius
3174 2913 3292 2973 erit
3319 2912 3437 2973 boc

1906 3010 2093 3070 modo
2126 3009 2295 3069 cives
2323 3009 2574 3089 spoliari
2603 3009 2678 3069 iis
2706 3008 2895 3069 rebus
2915 3025 3184 3089 quarum
3204 3004 3439 3066 habent

1906 3121 2125 3163 verum
2157 3103 2523 3177 dominium,
2559 3107 2621 3164 et
2653 3121 2759 3163 eas
2788 3102 2868 3161 ad
2897 3101 3053 3162 alios
3086 3097 3433 3173 transferri,

1908 3216 2098 3277 quam
2167 3197 2488 3277 sequendo
2560 3197 2886 3276 opiniones
2939 3193 3434 3275 probabiliores3

1906 3291 2110 3371 majus
2140 3292 2308 3352 enim
2345 3291 2692 3371 periculum
2733 3288 3019 3351 falsitatis
3064 3291 3160 3349 est
3195 3286 3257 3346 in
3305 3284 3441 3363 opi-

1908 3385 2094 3446 nione
2123 3384 2331 3445 minus
2351 3384 2658 3463 probabili
2694 3401 2885 3463 quam
2905 3383 2968 3441 in
2989 3377 3397 3461 probabiliori
3418 3396 3433 3450 3

1908 3496 2057 3555 ergo
2088 3496 2163 3538 ea
2193 3478 2434 3539 ratione
2464 3494 2587 3537 non
2617 3478 2934 3554 praecavet
2952 3473 3304 3551 diligenter,
3325 3486 3441 3531 nec

1907 3569 2171 3648 impedit
2195 3568 2438 3649 majora
2467 3568 2826 3648 reipublicae
2858 3567 3135 3647 pericula
3158 3611 3173 3642 ,
3224 3582 3300 3625 ac
3328 3582 3442 3643 per

1908 3680 2297 3742 consequens
2325 3680 2449 3722 non
2480 3660 2809 3741 exequitur
2835 3658 3118 3721 debitum
3166 3657 3259 3718 sui
3307 3674 3439 3716 mu-

1910 3755 2075 3815 neris
2102 3754 2495 3834 procurando
2527 3753 2860 3831 diligenter
2902 3752 3138 3814 bonum
3179 3754 3240 3811 et
3269 3749 3441 3809 inco-

1907 3848 2256 3908 lumitatem
2286 3846 2620 3923 publicam.
2656 3846 2751 3907 Sit

1988 3943 2224 4002 Tamen
2255 3939 2437 4000 tertia
2466 3939 2782 3999 conclusio
2816 3959 2829 4000 :
2865 3939 2985 4000 hoc
3013 3937 3296 3999 debitum
3333 3937 3439 4016 ju-

1909 4034 2064 4095 dicis
2093 4051 2219 4093 non
2248 4038 2343 4094 est
2386 4031 2544 4093 adeo
2592 4032 2897 4109 strictum,
2957 4036 3026 4093 ut
3072 4049 3198 4092 non
3243 4029 3439 4108 possit

1910 4126 2191 4188 excusari
2219 4145 2256 4185 a
2285 4125 2464 4205 culpa
2498 4124 2559 4184 in
2595 4124 2807 4186 multis
2850 4124 3054 4186 causis
3093 4123 3435 4203 judicando

1910 4239 2020 4301 pro
2051 4218 2360 4280 sententia
2402 4218 2609 4278 minus
2656 4217 2986 4297 probabili.
3037 4219 3106 4278 In
3146 4216 3264 4277 hac
3293 4234 3438 4278 con-

1908 4313 2090 4375 venio
2139 4330 2286 4372 cum·
2330 4311 2688 4373 auctoribus
2741 4310 3033 4373 secundm
3086 4309 3433 4387 sententiae,

1909 4411 1972 4467 et
1997 4406 2258 4467 fortasse
2289 4423 2410 4465 non
2443 4405 2775 4482 negabitur
2819 4405 2901 4465 ab
2929 4404 3290 4465 auctoribus
3317 4408 3437 4465 ter-

1907 4499 2031 4575 tiae,
2066 4497 2411 4576 explicatur
2437 4500 2649 4558 autem
2697 4500 2762 4557 et
2808 4497 3111 4575 probatur
3140 4496 3440 4576 exemplis

1907 4611 2097 4671 supra
2123 4590 2411 4651 adductis
2435 4636 2450 4666 ,
2487 4610 2632 4650 nam
2662 4607 3028 4651 oeconomus
3055 4608 3223 4669 saepe
3252 4608 3441 4651 excu-

1908 4690 2101 4760 satur,
2135 4685 2185 4744 si
2215 4684 2437 4744 melius
2463 4683 2739 4745 triticum
2768 4702 2891 4744 non
2921 4688 3110 4748 emat.
3139 4684 3366 4761 Prim0,
3388 4683 3441 4744 si

1908 4778 1986 4839 sit
2014 4777 2241 4838 carina.
2276 4778 2588 4853 Secundo,
2621 4777 2672 4836 si
2702 4776 2984 4839 adhibita
3016 4778 3334 4839 communi
3350 4777 3441 4838 di-

1902 4870 2159 4949 ligentia
2187 4889 2300 4950 pro
2330 4869 2436 4931 illo
2458 4871 2837 4932 inveniendo
2859 4888 2985 4932 non
3006 4871 3266 4948 invenit,
3310 4890 3437 4932 non

1907 4963 2074 5023 enim
2103 4967 2348 5022 tenetur
2376 4963 2744 5041 exquisitam
2773 4963 3096 5025 adhibere.
3130 4962 3361 5041 TertiO‚
3386 4965 3440 5025 si

1907 5056 1987 5116 sit
2014 5055 2297 5116 modicus
2327 5073 2617 5117 excessus
2646 5056 2708 5116 in
2738 5056 3037 5134 bonitate,
3072 5058 3240 5137 quod
3270 5058 3439 5117 enim

1906 5167 2130 5229 parum
2159 5148 2348 5210 distat
2373 5149 2526 5209 nihil
2558 5150 2788 5211 distare
2818 5151 3086 5212 videtur.
3113 5152 3365 5226 Quat-tc,
3386 5150 3439 5209 si

1909 5242 2030 5301 alia
2057 5241 2458 5303 incommoda
2503 5242 2735 5304 habeat
2765 5245 2997 5322 emptio
3027 5242 3304 5305 melioris
3331 5243 3440 5304 tri-

1907 5333 2050 5410 tici,
2112 5334 2351 5395 ratione
2399 5354 2666 5413 quorum
2699 5336 3143 5414 paterfamilias
3183 5339 3438 5415 gratum

1907 5426 2166 5488 habebit
2196 5427 2364 5506 quod
2393 5445 2517 5488 non
2548 5431 2812 5490 ematur.
2850 5431 2980 5489 Hoc
3017 5429 3185 5489 idom
3214 5429 3279 5489 in
3305 5447 3441 5488 me-

1907 5520 2046 5582 dico
2076 5520 2286 5582 locum
2310 5520 2529 5599 habet,
2564 5520 2668 5601 qui
2701 5521 2780 5583 ob
2812 5522 3045 5583 similes
3074 5540 3296 5586 causas
3325 5540 3438 5584 ex-
