4263 6376
1154 422 1625 484 msPUTATlo
1668 421 1941 496 XXVIII,
1991 423 2265 485 SECTIO
2309 424 2386 484 X.

207 601 374 674 lium,
421 597 585 677 quod
614 603 762 659 ωηο
790 598 1059 657 maxime
1088 597 1300 674 fieret,
1358 598 1611 676 quando
1641 617 1716 659 ex

208 692 450 774 pecunia
477 690 584 751 illa
621 690 787 769 apud
834 708 1229 769 campsorem
1276 696 1578 769 congesta
1608 710 1718 769 pe-

210 785 370 847 nuria
399 783 676 862 pecuniae
704 783 767 842 in
798 784 955 857 foro,
996 788 1059 844 et
1085 784 1313 844 caritas
1341 784 1571 843 cambii
1598 784 1717 844 ori-

210 885 381 940 retur.
404 876 704 936 Videatur
732 876 969 936 Filliuc.
1006 876 1170 936 dicto
1202 895 1255 937 c.
1293 878 1394 937 lX.
1430 896 1534 955 qu.
1562 894 1621 938 v.
1656 881 1720 938 et

209 989 283 1031 vi.
315 969 474 1049 apud
503 987 687 1048 quem
716 968 802 1027 ibi
830 968 1027 1028 videri
1060 973 1320 1047 possunt
1348 969 1484 1029 alite
1506 969 1718 1029 indus-

209 1064 326 1124 tria·
362 1062 716 1141 periculosae
742 1107 757 1137 ,
806 1061 1034 1140 quibus
1080 1079 1440 1140 campsores
1476 1064 1566 1123 uti
1611 1080 1713 1123 so-

207 1158 320 1216 lent
361 1156 432 1214 ad
472 1153 929 1214 subtrahendas
976 1155 1275 1232 pecunias
1303 1173 1447 1215 suas
1474 1159 1716 1234 tempe-

209 1249 346 1308 stive
374 1247 450 1307 ab
478 1247 553 1306 iis
583 1265 740 1325 quos
766 1246 990 1307 timent
1015 1247 1402 1309 decocturoS.

274 1340 466 1401 Tertio
496 1339 769 1400 dubitari
797 1342 1004 1418 potest
1025 1386 1040 1417 ,
1088 1339 1166 1401 de
1196 1359 1319 1420 quo
1349 1341 1527 1400 annis
1553 1360 1715 1420 prze-

206 1433 380 1496 teritis
406 1433 464 1492 in
497 1434 783 1493 Romana
817 1437 956 1493 rota
982 1438 1196 1495 actum
1223 1434 1373 1510 fuit,
1422 1438 1485 1494 et
1527 1434 1714 1511 perti-

203 1528 339 1588 tinet
362 1525 439 1586 ad
467 1543 575 1585 eos
623 1524 730 1603 qui
760 1524 837 1585 de
867 1525 1128 1586 cambiis
1158 1526 1553 1605 participant.
1601 1529 1712 1587 Ca-

200 1638 291 1679 sus
318 1622 516 1679 autem
546 1616 666 1678 fuit
692 1616 814 1678 hic.
872 1618 1140 1689 Quidam
1185 1619 1513 1697 religiosus
1558 1618 1714 1679 fide-

193 1712 360 1791 jussit
400 1729 509 1789 pro
572 1712 759 1771 Petro
818 1711 1169 1788 campsario
1225 1711 1391 1788 apud
1451 1711 1711 1772 Paulum

199 1821 563 1882 campsorem
594 1820 708 1882 pro
739 1806 906 1862 sorte
935 1806 997 1862 et
1025 1820 1139 1880 pro
1170 1802 1470 1863 interesse
1490 1848 1505 1879 ,
1542 1804 1710 1882 quod

195 1896 410 1956 ratione
438 1895 593 1955 lucri
623 1894 959 1969 cessantis,
1019 1893 1120 1955 vel
1166 1912 1277 1972 pro
1308 1894 1586 1967 cambio,
1649 1901 1711 1956 et

196 1987 498 2048 recambiis
562 1986 836 2047 debebat
905 1988 1122 2047 Petrus
1189 1985 1429 2046 solvere
1486 1987 1703 2063 Pau10,

194 2079 465 2160 quamdiu
494 2079 779 2139 debitum
809 2096 934 2138 non
956 2079 1445 2156 extingueretur.
1481 2080 1704 2140 Postea

195 2172 428 2245 Paulus,
461 2174 529 2231 ut
556 2175 999 2248 compensaret
1025 2189 1361 2247 summam,
1396 2189 1584 2249 quam
1614 2171 1704 2231 ei-

192 2263 316 2324 dem
341 2264 626 2341 religioso
657 2262 952 2338 debebat,
977 2263 1164 2325 cessit
1192 2264 1251 2322 ei
1278 2264 1585 2325 creditum
1614 2269 1707 2325 to-

191 2363 304 2416 tum
332 2356 493 2436 quod
525 2355 807 2415 habehat
832 2360 1052 2416 contra
1080 2358 1364 2428 Petrum3
1398 2375 1575 2435 aquo
1598 2376 1707 2436 po-

189 2453 304 2509 stea
322 2450 647 2527 religiosus
675 2448 853 2525 petiit
879 2452 1111 2508 sortem
1140 2452 1202 2508 et
1221 2448 1517 2509 interesse
1535 2451 1703 2528 quod

189 2541 359 2602 Paulo
409 2541 707 2601 debebat.
795 2540 1162 2619 Oppositum
1213 2541 1332 2603 fuit
1382 2542 1697 2619 religi080‚

188 2634 335 2712 quod
362 2653 482 2695 non
527 2637 745 2714 posset
782 2633 913 2693 sine
943 2652 1134 2693 usura
1175 2634 1422 2711 exigere
1452 2652 1489 2693 a
1517 2636 1699 2696 Petro

187 2726 460 2787 interesse
490 2725 721 2786 cambii
753 2730 893 2804 post
923 2726 1096 2786 illum
1127 2727 1317 2802 diem,
1351 2746 1473 2805 quo
1505 2728 1700 2787 credi-

184 2823 300 2879 tum
324 2818 469 2879 illud
497 2819 888 2896 assignatum
921 2818 974 2877 ei
998 2818 1116 2879 suit
1143 2838 1179 2878 a
1200 2820 1392 2879 Paulo
1422 2819 1503 2879 ad
1533 2838 1699 2880 com-

184 2911 545 2987 pensandum
574 2912 713 2989 ejus
740 2910 1081 2971 creditum:
1115 2911 1262 2990 quia
1281 2913 1414 2989 jam
1447 2931 1518 2971 ex
1549 2915 1699 2973 tunc

183 3002 421 3081 capitale
450 3003 605 3063 illud
654 3020 777 3063 non
817 3009 953 3064 erat
990 3003 1272 3064 debitum
1304 3004 1494 3064 Paulo
1527 3023 1698 3065 cam-

182 3096 347 3173 psori,
379 3096 486 3155 sed
518 3096 836 3174 religioso,
871 3096 978 3174 qui
1014 3115 1137 3157 non
1167 3100 1414 3175 poterat
1443 3097 1694 3157 nomine

180 3207 273 3248 sao
297 3191 576 3268 accipere
624 3190 958 3265 interesse,
1012 3208 1155 3250 cum
1201 3190 1332 3268 ipse
1381 3191 1695 3252 cambium

181 3299 441 3342 exercere
484 3301 612 3342 non
642 3286 885 3361 posset,
948 3301 1064 3343 nec
1110 3282 1166 3342 ei
1211 3282 1452 3343 lucrum
1495 3302 1695 3344 cessa-

178 3379 277 3449 ret,
292 3375 513 3453 quippe
544 3375 657 3455 qui
684 3374 949 3453 pecunia
976 3375 1082 3437 illa
1109 3376 1540 3454 negotiaturus
1569 3396 1694 3438 non

179 3471 340 3526 esset.

248 3561 608 3639 Respondeo
637 3608 652 3637 ‚
702 3561 1028 3641 tripliciter
1069 3562 1344 3641 potuisse
1373 3568 1627 3642 pactum
1658 3581 1695 3622 a

177 3653 347 3713 Paulo
373 3653 505 3713 fieri
535 3672 681 3715 cum
711 3656 895 3715 Petro
923 3655 1272 3734 campsario
1303 3655 1382 3715 ab
1412 3656 1609 3717 initio.

248 3746 438 3807 Primo
461 3793 477 3823 ,
526 3747 700 3827 quod
742 3747 1041 3825 quamdiu
1074 3747 1391 3808 cambium
1421 3766 1544 3808 non
1575 3748 1694 3809 sol-

173 3837 430 3913 vebatur,
449 3839 719 3917 capitale
748 3839 899 3900 illud
927 3839 1285 3902 traheretur
1304 3840 1549 3903 aPaulo
1579 3858 1693 3919 per

176 3931 327 3989 varia
353 3932 601 3992 cambia
621 3977 636 4006 ,
687 3950 950 4011 quorum
979 3933 1224 3992 lucrum
1254 3935 1474 3994 Petrus
1502 3933 1693 3993 debe-

174 4028 257 4083 ret
277 4024 533 4086 solvere.
595 4027 672 4085 Et
714 4030 864 4086 tunc
911 4025 1280 4103 religiosus,
1332 4026 1432 4085 cui
1462 4026 1691 4085 Paulus

173 4115 338 4175 cessit
361 4121 562 4177 totum
585 4120 692 4193 jus
721 4136 904 4177 suum
926 4163 943 4195 ‚
993 4118 1225 4196 poterit
1268 4118 1510 4178 lucrum
1540 4118 1692 4178 reci-

173 4224 303 4283 pere
323 4226 392 4267 ex
423 4209 688 4268 cambiis
707 4209 1259 4289 subsequentibus;
1295 4210 1438 4288 quia
1467 4210 1548 4270 ad
1577 4210 1689 4269 mi-

175 4317 276 4359 nus
302 4299 399 4359 illa
428 4301 679 4361 cambia
706 4306 1046 4381 potuerunt
1073 4302 1213 4384 fleri,
1235 4321 1274 4362 a
1305 4303 1492 4363 Paulo
1524 4321 1688 4362 cam·

172 4409 334 4468 psore
379 4394 829 4473 (supponimus
859 4412 1005 4455 vere
1035 4395 1199 4456 facta
1227 4395 1439 4470 fuisse,
1473 4399 1534 4456 et
1564 4412 1687 4455 non

173 4483 326 4563 ficte)
357 4487 614 4547 nomine
647 4487 959 4564 religiosi,
994 4487 1090 4547 cui
1122 4491 1321 4549 totum
1350 4489 1592 4548 lucrum
1621 4488 1689 4547 il-

173 4574 278 4636 lius
322 4579 766 4656 negotiationis
812 4585 1105 4642 cesserat.
1158 4581 1435 4641 Diximus
1480 4585 1689 4641 autom

173 4669 314 4747 disp.
346 4687 513 4733 xxvl.
557 4671 630 4732 de
655 4673 976 4754 emptione,
1023 4678 1173 4735 sect.
1208 4676 1266 4734 3.
1320 4693 1523 4753 neque
1555 4693 1689 4734 esse

170 4768 476 4839 peccatum
525 4784 721 4843 grave
762 4766 930 4844 qnod
975 4766 1304 4845 religiosus
1345 4767 1537 4826 semel
1582 4773 1692 4829 aut

169 4855 375 4915 iterum
410 4857 804 4935 negotietur,
840 4877 1045 4938 neque
1075 4860 1263 4919 etiam
1296 4860 1463 4938 quod
1497 4879 1691 4936 nego-

170 4946 338 5009 tietur
364 4968 476 5028 per
504 4956 943 5027 mercatorem,
969 4953 1069 5012 cui
1105 4956 1299 5012 totam
1323 4954 1688 5030 negotiatio-

172 5039 256 5098 nis
300 5059 514 5102 curam
570 5043 922 5122 relinquat,
983 5045 1223 5105 secluso
1254 5045 1581 5120 scandalo,
1628 5050 1691 5107 et

170 5131 401 5194 aliunde
430 5136 752 5196 cambium
784 5136 936 5196 illud
966 5156 1001 5196 a
1040 5137 1319 5216 quolibet
1347 5138 1536 5198 etiam
1567 5139 1687 5198 alio

170 5225 289 5286 fieri
333 5233 614 5307 poterat,
666 5247 809 5289 cum
841 5248 962 5289 non
993 5234 1189 5304 esset,
1243 5229 1356 5289 nisi
1401 5230 1688 5308 repetitio

172 5320 301 5379 novi
326 5322 597 5397 cambii,
647 5340 897 5400 semper
923 5322 1345 5400 extinguendo
1375 5324 1689 5383 cambium

171 5415 516 5488 praecedens
560 5434 633 5474 ex
676 5432 979 5475 consensu
1029 5419 1089 5474 et
1130 5414 1425 5476 mandato
1456 5415 1692 5477 debito·

172 5522 264 5565 ris.

245 5600 528 5661 Secundo
575 5601 762 5662 modo
811 5601 1016 5680 potuit
1060 5601 1193 5661 ficri
1244 5606 1499 5679 pactum
1544 5601 1694 5662 illud

3228 426 3347 485 437

1817 600 2061 661 ratione
2091 601 2249 661 lucri
2293 601 2595 663 cessantis
2624 602 2938 680 campsori
2981 620 3052 662 ex
3097 619 3223 662 non
3251 619 3353 662 so-

1815 693 1945 753 luto
1978 694 2245 771 cambio,
2285 695 2335 754 si
2366 713 2477 754 suo
2509 711 2793 773 tempore
2826 713 2949 755 non
2982 695 3347 769 solveretur,

1817 787 2089 846 taxando
2120 787 2201 846 ab
2231 787 2408 848 initio
2431 787 2598 867 juste
2627 788 2781 848 illud
2802 787 3047 847 lucrum
3076 806 3348 862 cessanS,

1815 878 1914 938 vel
1944 878 2244 938 damnum
2276 898 2627 959 emergenS‚
2662 879 2830 959 quod
2850 880 3055 940 timeri
3080 884 3347 958 poterat,

1816 974 1877 1031 et
1903 971 2263 1033 reducendo
2295 972 2446 1032 illud
2486 973 2565 1032 ad
2610 978 2843 1033 certam
2872 991 3184 1032 summam
3213 990 3354 1032 mo-

1815 1063 2129 1141 deratam,
2167 1065 2335 1144 quod
2365 1066 2429 1125 in
2458 1066 2891 1143 superioribus
2920 1065 3189 1124 diximus
3215 1065 3351 1125 fieri

1813 1174 1995 1234 posse
2020 1203 2035 1232 ‚
2098 1158 2207 1217 ubi
2253 1159 2426 1218 bulla
2455 1158 2544 1217 Pii
2576 1160 2650 1219 V.
2687 1176 2812 1218 non
2843 1157 3171 1235 obligaret.
3231 1157 3352 1218 Ubi

1812 1267 1959 1309 vero
1992 1250 2248 1328 obligat,
2283 1256 2536 1329 pactum
2567 1270 2689 1311 nou
2722 1255 2886 1311 esset
2907 1250 3173 1326 irritum,
3204 1249 3352 1312 licet

1812 1341 1975 1401 male
2022 1342 2086 1402 id
2120 1344 2268 1418 fiat,
2331 1349 2393 1404 et
2437 1344 2517 1404 ob
2547 1343 2965 1421 ignorantiam
3011 1346 3073 1404 ct
3120 1342 3348 1402 bonam

1811 1435 2023 1508 fidem,
2057 1436 2262 1513 potuit
2287 1436 2368 1495 ab
2400 1436 2568 1496 omni
2602 1436 2785 1513 culpa
2814 1453 3061 1496 vacare.
3096 1436 3173 1496 Et
3199 1438 3349 1495 tunc

1811 1527 1972 1587 sicut
1997 1545 2289 1605 campsor
2313 1528 2623 1607 potuisset
2667 1527 2819 1588 illud
2867 1528 3166 1587 interesse
3195 1527 3348 1588 reci-

1810 1636 1959 1696 pere
1979 1665 1994 1694 ,
2022 1620 2027 1625 ’
2045 1620 2248 1698 potuit
2294 1621 2482 1680 etiam
2513 1620 2840 1699 religiosus
2864 1666 2880 1697 ,
2932 1621 3029 1681 cui
3060 1637 3349 1698 campsor

1802 1710 1907 1790 jus
1960 1714 2160 1772 totum
2201 1712 2279 1771 ad
2325 1712 2568 1772 lucrum
2617 1718 2679 1773 et
2726 1713 2993 1790 capitale
3048 1717 3339 1774 cesserat.

1812 1804 1988 1864 Ratio
2019 1808 2229 1864 autem
2261 1809 2356 1865 est
2384 1805 2533 1882 quia
2559 1804 2704 1865 licet
2733 1805 3064 1881 religiosus
3095 1822 3216 1864 non
3241 1823 3347 1881 po-

1808 1895 2028 1956 tuisset
2056 1899 2312 1973 pactum
2332 1895 2485 1955 illud
2508 1897 2712 1956 facere
2743 1897 2821 1956 de
2842 1897 3016 1957 lucro
3035 1900 3338 1972 cessante,

1808 1987 1954 2066 quia
1983 1988 2114 2065 ipse
2139 1988 2492 2048 lucraturus
2521 2007 2645 2048 non
2677 1994 2814 2049 erat
2838 1989 2945 2048 illa
2966 1989 3256 2067 pecunia,
3290 1990 3343 2049 si

1806 2080 1861 2140 ei
1888 2081 2089 2141 soluta
2118 2081 2371 2152 suisset;
2406 2099 2700 2159 campsor
2719 2086 2929 2143 tamen
2955 2081 3158 2159 potuit
3188 2081 3340 2141 illud

1803 2178 2058 2250 pactum
2086 2173 2293 2233 facere
2324 2174 2561 2252 absque
2591 2173 2928 2252 injustitia,
2964 2178 3026 2233 et
3053 2192 3128 2232 ex
3154 2178 3366 2252 pacto·

1804 2266 1995 2324 semel
2028 2265 2360 2344 acquisivit
2381 2265 2484 2343 jus
2524 2266 2605 2325 ad
2625 2284 2934 2327 summam
2966 2266 3133 2325 illam
3153 2272 3337 2344 pacto

1803 2362 2123 2432 statutam,
2160 2358 2460 2436 quamdiu
2488 2361 2704 2419 Petrus
2735 2358 3053 2417 cambium
3082 2358 3336 2419 omnino

1802 2468 1926 2509 non
1958 2450 2353 2527 extingueret
2384 2471 2398 2511 :
2433 2451 2601 2529 quod
2625 2450 2729 2529 jus
2760 2451 2952 2510 semel
2983 2450 3101 2511 sibi
3130 2451 3339 2528 acqui-

1801 2542 1989 2603 situm
2018 2543 2222 2619 potuit
2249 2543 2540 2619 religioso
2571 2543 2794 2603 cedere
2820 2589 2836 2619 ,
2872 2542 2977 2622 qui
3006 2543 3150 2604 licet
3177 2543 3238 2601 in
3267 2562 3334 2603 se

1801 2654 1924 2695 non
1952 2634 2173 2696 fuisset
2201 2654 2398 2713 capax
2444 2636 2584 2695 talis
2613 2635 2815 2708 tituli;
2876 2639 3084 2713 potest
3121 2640 3332 2695 tamen

1800 2746 1875 2787 ex
1901 2728 2245 2807 campsoris
2276 2729 2556 2788 cessione
2588 2728 2823 2788 habere
2846 2727 2950 2807 jus
2976 2727 3059 2788 ad
3086 2728 3330 2788 lucrum

1798 2819 1967 2898 quod
1998 2820 2306 2898 campsori
2335 2820 2708 2895 deberetur,
2745 2827 2806 2881 et
2836 2820 3013 2900 cujus
3042 2838 3332 2897 campsor

1796 2931 1993 2991 capax
2021 2917 2186 2983 erat;
2222 2913 2453 2973 sufficit
2484 2913 2649 2972 enim
2679 2913 2994 2992 capacitas
3025 2912 3324 2988 cedentia,

1792 3006 1939 3066 licet
1961 3005 2020 3064 in
2053 3005 2431 3066 cessionario
2460 3024 2585 3065 non
2615 3010 2692 3067 sit
2720 3005 2861 3065 talis
2891 3004 3225 3083 capacitas,
3260 3012 3331 3066 ut

1795 3099 2094 3177 exemplis
2122 3098 2375 3175 probari
2406 3103 2467 3159 et
2496 3098 2792 3177 explicari
2821 3101 3046 3175 potest.
3089 3099 3245 3156 Nam
3276 3097 3327 3156 si

1793 3192 2229 3271 pensionarius
2249 3191 2513 3253 clericus
2542 3193 2724 3252 cedat
2753 3192 2991 3253 reditus
3010 3190 3326 3270 pensionis

1790 3286 1973 3360 laico,
2009 3285 2115 3363 qui
2147 3303 2270 3345 non
2301 3290 2395 3346 est
2423 3303 2622 3363 capax
2650 3285 2833 3361 tituli,
2867 3303 2976 3345 seu
3008 3283 3325 3362 pensionis

1793 3378 2231 3439 ecclesiasticae
2255 3424 2270 3452 ,
2323 3378 2531 3438 adhuc
2558 3377 2754 3438 laicus
2784 3378 3033 3456 exigere
3076 3381 3138 3438 et
3164 3376 3324 3436 reci-

1792 3490 1941 3550 pere
1970 3476 2183 3549 posset
2209 3470 2445 3530 reditus
2474 3470 2815 3549 pensioniS,
2851 3471 2999 3549 quia
3027 3489 3151 3531 non
3181 3487 3320 3547 per-

1792 3565 1942 3642 cipit
1969 3581 2075 3623 eos
2102 3563 2345 3623 ratione
2375 3563 2572 3640 tituli,
2625 3564 2732 3642 qui
2760 3564 2841 3624 sit
2880 3563 2943 3622 in
2980 3562 3151 3641 ipsc,
3211 3561 3321 3622 sed

1793 3658 1901 3736 qui
1928 3657 2010 3717 sit
2037 3657 2099 3715 in
2133 3656 2417 3717 cedente.
2466 3658 2557 3717 Ita
2587 3675 2737 3732 ergo
2768 3655 3094 3732 religiosus
3120 3654 3324 3731 perci-

1791 3768 1939 3828 pere
1968 3753 2174 3828 potest
2201 3749 2499 3808 interesse
2530 3749 2695 3826 quod
2716 3750 2937 3808 Petrus
2955 3746 3143 3806 debet
3167 3748 3321 3806 Pau-

1787 3843 1871 3916 10,
1906 3860 2030 3901 non
2061 3861 2136 3901 ex
2166 3841 2347 3901 titulo
2378 3841 2483 3919 qui
2512 3842 2594 3900 sit
2618 3840 2683 3900 in
2711 3841 2844 3918 ipso
2867 3838 3180 3916 religiosO,
3215 3837 3320 3917 qui

1791 3953 1912 3995 non
1944 3939 2038 3995 est
2084 3952 2283 4011 capax
2335 3932 2499 3994 tituli
2528 3933 2687 3993 lucri
2715 3932 3014 3992 cessantis
3038 3976 3054 4007 ,
3105 3931 3216 3991 sed
3244 3949 3320 3990 ex

1788 4028 1966 4089 titulo
2010 4026 2115 4104 qui
2166 4025 2350 4086 estin
2381 4043 2707 4104 campsore
2738 4025 3027 4098 cedente,
3079 4023 3184 4102 qui
3226 4027 3322 4085 est

1789 4137 1986 4198 capax
2014 4118 2176 4178 tituli
2207 4117 2393 4192 illius,
2427 4121 2489 4178 et
2518 4116 2891 4177 transfertin
2931 4117 3314 4194 religiosum,

1786 4231 1911 4271 non
1942 4211 2197 4290 quidem
2228 4209 2476 4270 titulum
2507 4209 2847 4270 radicalem
2877 4209 2986 4269 sed
3004 4210 3316 4284 effectum,

1785 4323 1895 4364 seu
1929 4305 2207 4364 fructum
2237 4303 2331 4363 sui
2363 4303 2547 4364 tituli.

1868 4397 2047 4456 Dices
2069 4442 2085 4472 ,
2138 4396 2201 4455 in
2232 4394 2351 4455 hoc
2381 4414 2527 4456 casu
2579 4395 2818 4455 nullum
2847 4395 3221 4455 remansisse
3250 4393 3321 4455 ti·

1787 4490 1987 4551 tulum
2015 4489 2078 4548 in
2109 4507 2438 4567 campsore
2475 4489 2555 4549 ad
2592 4488 3064 4566 percipiendum
3103 4488 3168 4547 in
3215 4504 3322 4565 po-

1788 4588 2024 4643 sterum
2052 4581 2202 4640 illud
2236 4581 2536 4641 interesse
2584 4601 2596 4642 ε
2652 4581 2799 4659 quia
2837 4585 3090 4658 pactum
3119 4580 3326 4640 fuerat

1790 4675 1868 4734 de
1897 4675 2000 4735 illo
2022 4675 2346 4748 interesse,
2381 4673 2679 4752 quamdiu
2712 4674 3026 4751 campsori
3055 4690 3178 4733 non
3205 4672 3325 4732 sol-

1787 4772 2040 4828 veretur
2094 4766 2359 4845 capitale
2416 4771 2616 4827 totum
2676 4787 2689 4826 :
2747 4785 2859 4846 per
2902 4766 3131 4827 dictam
3174 4781 3322 4824 vero

1788 4860 2365 4939 compensationem
2395 4860 2628 4920 factam
2657 4877 2801 4919 cum
2830 4859 3123 4936 religioso
3144 4903 3159 4932 ,
3205 4856 3327 4917 sol·

1785 4954 1955 5014 vitur
1982 4951 2293 5030 campsori
2325 4956 2526 5013 totum
2556 4952 2820 5031 capitale
2839 4996 2855 5026 ,
2903 4969 3045 5011 cum
3074 4949 3327 5026 religio-

1788 5066 1893 5107 sus
1921 5046 2109 5106 fuerit
2136 5044 2470 5121 fidejussor
2496 5043 2828 5121 campsarii
2861 5063 2873 5102 ε
2907 5043 3185 5102 solvente
3215 5059 3325 5100 au·-

1788 5144 1914 5200 tem
1944 5138 2312 5216 fidejussore
2342 5136 2723 5213 extinguitur
2749 5135 3001 5196 omnino
3019 5133 3322 5207 debitum;

1788 5250 1937 5310 ergo
1960 5239 2164 5292 cessat
2193 5230 2447 5290 omnino
2470 5229 2573 5307 jus
2603 5228 2682 5287 ad
2703 5228 3001 5288 interesse
3030 5227 3327 5305 deinceps

1790 5323 2190 5400 exigendum.
2225 5321 2620 5398 RespondeO,
2639 5321 2999 5396 religiosum
3028 5320 3327 5380 liberasse

1796 5417 2052 5495 quidem
2098 5435 2164 5476 se
2211 5414 2292 5475 ab
2336 5413 2715 5492 obligatione
2745 5413 3163 5488 fidejussoris,
3215 5430 3330 5472 no·-

1795 5511 1981 5571 luisse
2020 5514 2230 5570 tamen
2261 5507 2622 5583 extinguere
2654 5507 3099 5596 obligationem
3139 5525 3329 5586 quam

1796 5603 2181 5681 campsarius
2205 5599 2474 5660 habebat
2507 5600 2820 5678 campsori
2854 5619 2866 5660 ε
2902 5600 3060 5661 sicut
3083 5600 3135 5661 si
3165 5619 3329 5660 cam-
