4263 6376
926 311 1039 370 196

922 504 1036 566 pro
1071 481 1472 563 fidejussione
1509 479 1746 541 licitum
1792 481 1888 540 est
1913 476 2183 557 pretium
2212 476 2453 555 accipe-

925 599 990 639 re
1014 625 1030 653 ,
1064 577 1307 639 etiamsi
1337 578 1552 653 postea
1580 573 1864 632 debitore
1894 572 2173 632 solvente
2204 569 2456 647 fidejus-

923 693 1027 733 sor
1051 671 1200 731 nihil
1239 669 1474 743 solvat,
1521 671 1590 726 ut
1636 683 1824 743 supra
1853 664 2123 723 vidimus
2170 684 2184 724 ε
2235 666 2297 722 et
2338 662 2457 720 hoc

923 765 1070 844 quia
1097 761 1426 839 fidejussor
1454 778 1518 817 se
1550 757 1803 835 exponit
1830 756 2104 834 periculo
2136 754 2452 825 solvendi;

923 875 1071 935 ergo
1109 860 1171 915 et
1215 872 1326 933 pro
1358 851 1632 930 periculo
1673 847 2000 909 amittendi
2028 852 2318 908 mutuum
2349 863 2459 923 po-

919 950 1066 1012 terit
1093 945 1327 1025 aliquid
1358 944 1576 1021 accipi.

1002 1044 1149 1102 Haec
1188 1042 1397 1099 tamen
1441 1041 1800 1113 argmenta,
1851 1040 1921 1095 ut
1960 1052 2181 1095 verum
2232 1033 2453 1105 fatear,

922 1154 1046 1195 non
1077 1132 1225 1193 satis
1255 1131 1523 1209 probant
1558 1144 1570 1189 :
1606 1128 1773 1206 quia,
1813 1136 1880 1188 ut
1902 1127 2049 1201 dixi,
2084 1145 2207 1186 non
2239 1131 2331 1186 est
2362 1144 2456 1184 ea-

921 1228 1064 1287 dem
1094 1224 1250 1284 ratio
1282 1222 1360 1281 de
1393 1221 1511 1281 hoc
1539 1220 1836 1298 periculo,
1862 1225 1925 1281 et
1951 1221 2030 1278 de
2060 1219 2195 1278 aliis
2216 1219 2459 1280 <lamnis

922 1315 1386 1395 emergentibus
1437 1332 1449 1372 :
1509 1330 1653 1372 nam
1685 1330 1972 1389 expensae
2010 1311 2352 1387 faciendae,
2401 1315 2463 1372 et

924 1408 1221 1487 obligatio
1251 1405 1664 1484 fidejussoriS,
1718 1409 1780 1463 et
1821 1404 1941 1463 alia
1989 1404 2220 1463 damna
2267 1421 2462 1463 emer-

922 1503 1155 1583 gentia,
1190 1505 1335 1559 sunt
1362 1497 1598 1575 aliquid
1619 1497 1936 1557 diversum
1959 1497 2038 1556 ab
2068 1496 2200 1573 ipso
2218 1502 2457 1573 mutu0‚

924 1602 1113 1676 utque
1162 1593 1301 1652 ideo
1346 1610 1470 1651 non
1500 1591 1729 1649 mirum
1781 1590 1949 1668 quod
1979 1590 2054 1649 iis
2083 1589 2330 1649 diversa
2360 1608 2461 1648 sa·

923 1688 1191 1752 tisfactio
1222 1682 1709 1761 correspondere
1739 1682 1952 1761 possit.
2017 1685 2100 1742 At
2125 1700 2275 1741 vero
2306 1681 2463 1760 peri-

926 1784 1136 1844 culum
1179 1779 1346 1838 circa
1389 1781 1618 1836 sortem
1650 1794 1775 1835 non
1802 1779 1896 1834 est
1924 1774 2226 1833 damnum
2257 1774 2464 1833 diver-

925 1894 1062 1937 sum
1093 1873 1172 1931 ab
1203 1872 1338 1950 ipsa
1365 1873 1554 1943 sorte,
1590 1886 1733 1928 cum
1765 1886 1886 1927 non
1918 1868 2139 1927 afferat
2166 1866 2336 1927 aliud
2358 1867 2462 1926 de-

926 1968 1313 2038 trimentum,
1353 1961 1472 2020 nisi
1506 1961 1700 2037 ipsius
1730 1960 1914 2020 sortis
1950 1980 1962 2020 :
1998 1960 2103 2037 qui
2134 1976 2284 2037 ergo
2316 1959 2459 2018 red-

928 2061 1020 2123 dit
1047 2063 1279 2120 sortem
1301 2102 1315 2131 ,
1364 2071 1436 2114 eo
1467 2054 1600 2131 ipso
1648 2053 1809 2113 tollit
1855 2070 2039 2112 omne
2070 2052 2374 2111 damnum
2404 2055 2468 2112 et

929 2153 1374 2215 detrimentum
1417 2146 1583 2206 circa
1624 2145 1828 2222 ipsam
1855 2150 2086 2205 sortem
2121 2165 2135 2204 :
2171 2163 2320 2223 ergo
2352 2143 2466 2204 toti

927 2244 1206 2326 periculo
1255 2241 1422 2301 circa
1469 2242 1702 2297 sortem
1747 2237 2007 2298 satisfiet
2035 2237 2112 2295 ad
2146 2237 2469 2314 aequalita-

929 2352 1057 2401 tem
1086 2333 1406 2396 reddendo
1430 2334 1680 2398 sortem,
1704 2335 1765 2390 et
1784 2349 1898 2408 per
1924 2348 2313 2408 consequens
2342 2347 2468 2389 non

929 2433 1136 2512 potest
1163 2428 1290 2507 peti
1334 2424 1501 2504 quod
1548 2423 1707 2483 ultra
1770 2428 2000 2484 sortem
2057 2422 2334 2481 dandum
2390 2422 2471 2481 sit

933 2524 1103 2585 aliud
1158 2524 1412 2600 propter
1454 2517 1800 2594 periculum
1830 2517 2035 2576 sortiS.
2097 2516 2469 2593 Exemplum

934 2618 1121 2679 etiam
1163 2609 1580 2690 fidejussionis
1623 2627 1744 2668 non
1785 2613 1879 2668 est
1919 2608 2173 2668 omnino
2226 2613 2465 2686 aptum,

935 2709 1082 2790 quia
1111 2707 1174 2766 in
1204 2723 1277 2764 ea
1306 2701 1635 2780 fidejussor
1675 2700 1842 2760 subit
1883 2699 2329 2778 obligationem
2359 2718 2471 2760 no·-

933 2821 1078 2863 vam
1099 2817 1240 2879 quae
1265 2795 1499 2874 aliquid
1531 2794 1850 2853 diversum
1881 2798 1973 2852 est
1999 2792 2279 2866 adebitO,
2301 2792 2471 2870 quod

935 2900 1154 2974 postea
1208 2887 1505 2951 solvendo
1535 2886 1787 2946 videtur
1839 2891 2127 2946 mutuare
2177 2884 2467 2960 debitori,

938 3006 1050 3066 pro
1081 3002 1203 3064 quo
1233 2981 1417 3043 solvit
1462 3000 1475 3040 :
1537 2997 1730 3058 quare
1761 2977 1921 3039 sicut
1948 2995 2061 3056 pro
2093 2977 2474 3055 obligatione

938 3075 1265 3141 mutuandi
1295 3076 1500 3153 potest
1544 3072 1811 3150 pretium
1842 3070 2077 3148 accipi,
2128 3070 2215 3130 ita
2265 3074 2325 3130 ct
2362 3088 2473 3147 pro

940 3170 1318 3250 obligatione
1349 3164 1629 3228 solvendi
1657 3182 1769 3244 pro
1802 3163 2119 3224 debitore:
2155 3181 2294 3241 quae
2326 3162 2478 3223 obli-

940 3265 1107 3346 gatio
1139 3281 1212 3323 eo
1242 3259 1463 3339 majori
1494 3258 1693 3337 pretio
1721 3256 1910 3334 digna
1942 3256 2318 3332 censebitur,
2353 3273 2476 3335 quo

941 3357 1141 3437 magis
1171 3359 1343 3416 certa
1371 3352 1451 3412 sit
1477 3350 1701 3411 solutio
1731 3349 1969 3424 futura,
1996 3348 2076 3407 ad
2107 3366 2295 3426 quam
2324 3347 2480 3407 fide-

936 3452 1148 3531 jussor
1176 3467 1241 3508 se
1271 3446 1541 3523 obligat,
1595 3442 1744 3521 quia
1779 3459 1851 3502 eo
1881 3440 2083 3518 magis
2130 3441 2374 3502 accedit
2398 3439 2480 3500 ad

945 3542 1390 3621 obligationem
1443 3535 1793 3596 absolutam
1853 3552 1866 3592 ε
1945 3553 2084 3613 quae
2130 3532 2339 3613 major
2386 3537 2483 3593 est

946 3654 1135 3717 quam
1163 3631 1607 3704 conditionata,
1641 3632 1703 3687 et
1729 3626 1923 3705 pluris
1952 3626 2316 3687 aestimatur.

1028 3727 1205 3802 Quod
1251 3720 1605 3784 confirmari
1636 3724 1840 3797 potest
1867 3719 2069 3798 primo
2095 3765 2110 3794 ,
2164 3719 2314 3797 quia
2358 3738 2482 3780 non

946 3823 1153 3904 potest
1179 3814 1597 3878 mutuatarius
1638 3811 1777 3890 cogi
1818 3816 1888 3872 ut
1933 3811 2249 3889 obligetur
2288 3812 2481 3872 abso-

946 3919 1073 3978 lute
1105 3913 1181 3973 ad
1222 3914 1457 3971 certam
1487 3923 1797 3967 summam
1850 3922 1961 3983 pro
2001 3903 2232 3963 damno
2282 3923 2485 3964 emer-

947 4013 1153 4089 gente,
1188 4001 1437 4084 quando
1467 4000 1597 4077 ipse
1627 3997 1760 4058 vult
1787 4016 1852 4056 se
1884 3997 2161 4074 obligare
2187 3997 2265 4057 ad
2285 4016 2485 4057 resar-

948 4100 1242 4163 ciendum
1271 4112 1455 4156 omne
1484 4093 1785 4152 damnum
1814 4094 2052 4168 postea,
2076 4089 2125 4149 si
2157 4089 2364 4168 reipsa
2389 4109 2487 4150 se-

950 4200 1163 4257 cutum
1209 4188 1429 4262 fuerit,
1482 4190 1550 4246 ut
1586 4201 1776 4262 supra
1803 4182 2076 4242 vidimus
2115 4182 2234 4243 hac
2263 4182 2485 4243 eadem

949 4286 1222 4349 sectione
1256 4301 1269 4341 ε
1304 4297 1454 4357 ergo
1499 4277 1800 4350 similiter,
1835 4275 2084 4353 quando
2121 4280 2216 4336 est
2240 4276 2488 4353 pericu-

949 4381 1080 4441 lum
1137 4375 1303 4436 circa
1357 4374 1618 4438 sortem,
1678 4367 2020 4428 satisfaciet
2070 4368 2486 4428 mutuatarius

949 4467 1286 4549 obligando
1303 4482 1369 4525 se
1389 4463 1467 4524 ad
1490 4460 1954 4521 resarciendum
1985 4459 2136 4519 illud
2159 4459 2481 4536 damnum,

953 4567 1002 4626 si
1030 4562 1217 4624 fuerit
1275 4578 1287 4620 :
1338 4554 1639 4617 satisfacit
1679 4559 1889 4614 autem
1933 4553 2115 4631 plane
2162 4552 2484 4612 reddendo

953 4662 1207 4729 sortem,
1241 4652 1387 4731 quia
1417 4668 1538 4710 non
1572 4651 1775 4725 potest
1803 4647 1942 4723 cogi
1972 4651 2041 4705 ut
2068 4645 2378 4723 obligetur
2406 4643 2487 4703 ad

951 4748 1189 4830 aliquid
1219 4746 1383 4805 ultra
1428 4745 1681 4816 sortem,
1718 4739 1864 4820 quia
1892 4738 2138 4798 reddita
2167 4741 2353 4813 sorte,
2388 4755 2488 4796 re-

951 4847 1242 4925 paratum
1280 4842 1374 4897 est
1412 4839 1612 4896 totum
1647 4833 1884 4891 malum
1913 4850 1984 4890 ex
2016 4831 2293 4908 periculo
2323 4830 2488 4890 circa

951 4942 1204 4998 sortem.
1263 4926 1634 4992 Confirmat-i
1665 4929 1869 5003 potest
1896 4923 2193 5000 secundO,
2247 4922 2394 5001 quia
2439 4922 2489 4980 si

950 5027 1296 5111 periculum
1326 5022 1494 5082 circa
1521 5021 1752 5078 sortem
1774 5021 1936 5076 esset
1963 5015 2265 5075 damnum
2286 5015 2494 5074 diver-

950 5141 1090 5184 sum
1127 5139 1162 5179 a
1196 5122 1362 5178 sorte
1417 5115 1572 5193 ipsa,
1617 5117 1679 5171 et
1715 5109 1811 5170 cui
1859 5109 2108 5168 diversa
2154 5107 2492 5168 satisfactio

953 5210 1442 5291 correspondere
1473 5207 1703 5284 posset,
1740 5206 2110 5281 sequeretur
2139 5199 2308 5279 quod
2336 5199 2497 5261 sicut

951 5308 1166 5368 furans
1198 5318 1453 5381 equum,
1481 5296 1671 5356 debet
1688 5298 1908 5373 postea
1938 5311 2060 5352 non
2089 5310 2322 5371 equum
2351 5290 2496 5350 red-

954 5400 1127 5472 dere,
1161 5395 1269 5456 sed
1301 5393 1491 5453 etiam
1524 5387 1826 5447 resarcire
1857 5386 2104 5445 diversa
2125 5383 2497 5446 satisfactio-

956 5513 1033 5553 ne
1054 5507 1238 5550 omne
1268 5484 1436 5545 aliud
1476 5483 1776 5543 damnum
1807 5483 2213 5539 consecutum
2244 5476 2495 5536 domino

2080 303 2183 361 DE
2226 300 2582 363 JUSTITIA
2625 301 2726 360 ΕΤ
2768 302 2968 363 JURE

2557 475 2636 536 ob
2654 478 2996 539 carentiam
3014 480 3187 559 equi;
3219 481 3302 542 ita
3335 483 3597 548 deberet
3613 492 3840 566 praeter
3851 511 4041 573 equum

2558 570 2793 648 aliquid
2840 572 3165 633 restituere
3214 593 3325 651 pro
3370 578 3647 655 periculo
3693 584 3860 660 quod
3886 587 4046 647 domi-

2558 681 2673 721 nus
2704 663 2963 723 incurrit
3007 666 3339 727 amittendi
3384 687 3638 749 semper
3681 693 3907 753 equum
3946 679 4046 741 sine

2558 773 2667 831 spe
2696 756 2858 814 illius
2888 760 3324 835 recuperandi.
3360 763 3517 822 Nam
3554 770 3724 826 certe
3753 768 3943 848 majus
3968 791 4049 848 pe·

2557 848 2823 907 riculum
2850 849 3099 926 habuit,
3132 856 3195 912 et
3221 854 3422 930 magis
3450 857 3881 921 rationabilem
3908 863 4045 924 time

2555 958 2690 999 rem
2720 958 2843 999 non
2891 944 3301 1019 recuperandi
3355 965 3538 1007 suum
3585 968 3818 1029 equum
3862 954 3953 1013 ille
3976 957 4047 1015 cui

2560 1034 2722 1093 furto
2754 1034 3034 1094 sublatus
3062 1035 3289 1113 fuerat,
3342 1058 3528 1117 quam
3586 1040 3817 1104 habeat
3841 1064 3951 1106 non
3978 1067 4048 1107 re·

2560 1126 2900 1203 cuperandi
2949 1133 3181 1188 sortem
3223 1130 3324 1189 ille
3372 1133 3475 1209 qui
3521 1141 3741 1196 mutuo
3775 1136 3967 1213 dedit,
4014 1142 4051 1198 si

2560 1236 2710 1296 ergo
2738 1218 3084 1295 periculum
3130 1239 3254 1280 non
3290 1227 3705 1302 recuperandi
3745 1234 3963 1289 sortem
3984 1236 4054 1293 est

2560 1312 2859 1370 damnum
2890 1312 3207 1372 diversum
3229 1360 3244 1389 ,
3302 1316 3403 1374 cui
3447 1335 3567 1377 non
3601 1321 3825 1381 satisfit
3850 1324 4054 1384 reddita

2561 1409 2759 1474 sortc;
2796 1404 3142 1481 periculum
3171 1408 3361 1467 etiam
3389 1409 3541 1469 illud
3571 1430 3695 1472 non
3718 1432 4053 1494 recuperan-

2563 1497 2623 1556 di
2655 1515 2884 1575 equum
2914 1497 3227 1559 sublatum
3263 1500 3381 1561 erit
3406 1502 3704 1564 damnum
3757 1507 4051 1583 diversum,

2563 1590 2664 1650 cui
2694 1607 2817 1648 non
2847 1589 3107 1650 satisfiet
3138 1591 3384 1653 reddito
3416 1612 3577 1672 equo
3612 1614 3627 1660 ε
3659 1597 3916 1660 deberet
3940 1619 4054 1679 ergo

2564 1681 2795 1759 aliquid
2828 1681 2989 1741 ultra
3020 1700 3251 1761 equum
3283 1686 3522 1746 restitui
3565 1708 3677 1767 pro
3723 1692 3827 1752 illo
3857 1693 4057 1769 pericu-

2561 1773 2643 1849 lo,
2681 1773 2848 1851 quod
2879 1778 3088 1834 tamen
3117 1783 3364 1838 constat
3392 1798 3529 1839 esse
3562 1784 3821 1843 omnino
3848 1785 4053 1844 falsum.

2643 1865 2867 1926 Adhuc
2907 1870 3119 1926 tamen
3163 1869 3551 1955 probabilior
3594 1875 3751 1935 mihi
3799 1883 3949 1937 esset
3992 1896 4060 1936 se-

2564 1959 2769 2019 cunda
2820 1960 3162 2032 sententia;
3201 1980 3313 2038 pro
3351 1963 3530 2043 cujus
3561 1969 3961 2046 explicatione
3984 1988 4059 2029 os·

2563 2051 2820 2112 tendere
2850 2056 3133 2129 oportet,
3187 2057 3503 2132 quomodo
3542 2059 3695 2119 illud
3725 2062 3909 2123 etiam
3936 2063 4058 2140 peti·

2565 2144 2772 2204 culum
2804 2144 2882 2204 sit
2908 2143 3208 2204 damnum
3238 2146 3557 2209 diversum
3587 2170 3624 2211 a
3652 2160 3823 2215 sorte
3851 2156 3989 2233 ipsa,
4016 2160 4061 2213 et

2567 2236 2760 2314 possit
2788 2237 2849 2295 in
2873 2242 3125 2314 pactum
3155 2238 3381 2301 deduci
3419 2242 3657 2322 aliquid
3688 2247 3859 2306 aliud
3886 2266 3984 2326 pro
4007 2247 4061 2306 il·

2565 2329 2647 2389 lo.
2708 2328 3054 2389 Fatendum
3103 2336 3312 2391 autem
3343 2334 3630 2410 videtur,
3680 2358 3805 2399 non
3853 2358 3974 2399 esse
3997 2341 4062 2400 ita

2568 2421 2906 2496 diversum,
2941 2421 3100 2482 sicut
3132 2424 3254 2483 alia
3287 2425 3518 2487 damna
3553 2433 3925 2507 pecuniaria,
3954 2452 4061 2511 quae

2569 2532 2643 2573 ex
2671 2518 2889 2572 mutuo
2920 2532 3241 2592 emergere
3285 2519 3489 2580 solent
3520 2541 3533 2581 :
3566 2541 3711 2582 nam
3740 2543 3950 2583 revera
3976 2526 4065 2583 hoc

2569 2605 2935 2683 periculum,
2981 2607 3033 2665 si
3072 2613 3289 2686 postea
3334 2630 3468 2672 sors
3511 2614 3758 2694 integra
3805 2618 3931 2676 sine
3963 2615 4065 2675 aliis

2571 2697 2857 2775 expensis
2896 2706 3332 2778 recuperetur,
3386 2723 3506 2765 non
3553 2709 3736 2769 affert
3779 2710 4066 2770 detrimen·

2570 2798 2703 2852 tum
2733 2791 2902 2850 aliud
2932 2791 2993 2850 in
3026 2792 3204 2852 bonis
3233 2794 3520 2859 fortunae.
3577 2801 3820 2878 Quare,
3866 2800 4065 2863 etiamsi

2572 2903 2681 2963 per
2709 2884 2835 2942 vim
2864 2888 2972 2943 aut
3000 2884 3284 2945 fraudem
3312 2895 3565 2951 coactus
3584 2900 3754 2954 esset
3779 2895 3987 2974 aliquis
4009 2893 4065 2952 ad

2572 2976 2987 3037 mutuandum
3018 2995 3160 3037 cum
3190 2980 3466 3057 periculo
3496 2985 3826 3046 amittendi
3856 2993 4063 3059 sortem,

2576 3088 2699 3128 non
2732 3073 2893 3128 esset
2928 3076 3146 3146 postea
3196 3071 3494 3150 obligatio
3547 3077 3739 3137 dandi
3787 3080 3941 3140 ultra
3972 3097 4067 3139 sor-

2576 3166 2703 3221 tem
2753 3160 2952 3239 ipsam
3002 3161 3236 3241 aliquid
3294 3164 3464 3227 aliud
3510 3187 3623 3247 pro
3672 3172 3785 3232 tali
3816 3170 4065 3250 periculo,

2579 3254 2863 3332 quamvis
2916 3258 3233 3315 teneretur
3284 3263 3702 3323 mutuatarius
3752 3270 3898 3324 tunc
3934 3263 4069 3324 resti-

2581 3351 2754 3407 tuere
2785 3346 2946 3406 ultra
2978 3352 3207 3408 sortem
3255 3349 3377 3410 alia
3422 3354 3632 3414 omnia
3661 3354 3926 3433 damna,
3964 3373 4069 3436 quae

2580 3439 2889 3500 mutuanti
2918 3439 2982 3498 in
3012 3439 3190 3500 honis
3234 3441 3499 3505 fortunae
3547 3450 3876 3510 occasione
3916 3448 4068 3509 mutui

2583 3536 2917 3592 consecuta
2946 3533 3230 3610 fuerunt,
3283 3536 3526 3598 etiamsi
3574 3541 3817 3602 nullum
3858 3558 4071 3622 praeces·

2581 3626 2763 3685 sisset
2808 3630 3062 3703 pactum
3101 3626 3180 3686 de
3223 3628 3469 3688 damnis
3513 3632 3632 3693 illis
3676 3634 4068 3697 resarciendis,

2581 3719 2667 3778 Ex
2711 3736 2833 3795 quo
2878 3724 3139 3795 apparet
3178 3720 3342 3780 clare
3397 3723 3754 3788 differentia
3796 3729 3947 3789 inter
3984 3727 4071 3786 hoc

2583 3811 2881 3870 damnum
2925 3816 2985 3872 et
3027 3812 3168 3872 alia.
3231 3815 3538 3876 Caeterum
3596 3837 3740 3879 cum
3801 3822 3915 3881 hoc
3961 3824 4068 3888 stat,

2584 3902 2751 3980 quod
2778 3903 2984 3980 ipsum
3012 3904 3356 3982 periculum
3386 3908 3466 3970 sit
3481 3909 3785 3972 damnum
3806 3914 4071 3974 diversum

2584 4013 2621 4054 a
2649 4001 2844 4069 sorte,
2897 4003 2960 4056 et
3007 4016 3120 4075 pro
3164 4017 3285 4077 quo
3340 4003 3536 4079 possit
3563 4005 3805 4084 aliquid
3834 4025 3903 4066 ex
3930 4011 4071 4084 pacto

2585 4087 2961 4165 praecedenti
3004 4090 3165 4168 exigi
3215 4106 3229 4152 ε
3281 4095 3495 4171 negari
3540 4097 3704 4157 enim
3738 4118 3862 4159 non
3892 4102 4071 4177 potest,

2585 4179 2751 4259 quod
2782 4181 2926 4241 licet
2954 4181 3233 4242 debitum
3262 4191 3479 4262 postea
3508 4198 3938 4267 recuperetur,
3977 4206 4073 4248 mo·

2584 4273 2827 4332 lestiam
2855 4277 3065 4333 tamen
3094 4278 3403 4339 mutuanti
3453 4282 3730 4343 attulerit
3777 4284 4074 4361 periculum

2585 4365 2759 4441 illud,
2796 4370 2858 4425 et
2886 4364 3072 4426 timor
3110 4370 3439 4430 amittendi
3466 4379 3720 4435 sortem.
3773 4377 3939 4437 Sicut
3961 4391 4073 4451 ergo

2583 4462 2893 4532 mutuum,
2929 4460 3097 4537 quod
3128 4460 3265 4521 dari
3294 4482 3416 4524 non
3448 4471 3653 4543 potest
3680 4468 3817 4529 sine
3844 4466 4077 4546 corporis

2583 4550 2681 4610 vel
2711 4555 2935 4611 mentis
2964 4551 3176 4614 labore
3205 4555 3301 4615 vel
3334 4558 3642 4636 molestia,
3666 4563 3849 4624 affert
3875 4561 4074 4622 titulum

2586 4642 2667 4702 ad
2697 4643 3073 4721 exigendum
3119 4646 3357 4725 aliquid
3402 4650 3569 4710 ultra
3614 4659 3847 4714 sortem
3877 4672 3974 4734 pro
3998 4651 4074 4710 illo

2585 4736 2799 4796 labore
2827 4736 2927 4795 vel
2955 4739 3240 4799 molestia
3272 4758 3286 4803 ε
3317 4741 3404 4802 ita
3433 4743 3483 4802 si
3514 4743 3576 4802 in
3600 4744 3697 4805 his
3717 4747 4074 4807 circumstan-

2586 4828 2687 4889 tiis
2714 4847 2832 4887 non
2867 4833 3043 4906 potes
3073 4837 3362 4894 mutuare
3392 4835 3524 4896 sine
3540 4838 3831 4900 molestia
3857 4847 3916 4899 et
3940 4838 4073 4899 timo-

2588 4939 2655 4980 re
2683 4921 3007 4981 amittendi
3038 4929 3291 5000 sortem,
3314 4929 3545 5004 poteris
3574 4949 3689 5009 pro
3712 4932 3827 4993 hac
3843 4928 4073 4992 molestia

2591 5013 2918 5074 subeunda
2946 5017 3179 5094 aliquid
3212 5019 3483 5098 exigere.

2673 5106 2849 5167 Ratio
2879 5113 3089 5169 autem
3121 5128 3156 5168 a
3179 5111 3369 5188 priori
3398 5119 3513 5191 est,
3539 5117 3690 5194 quia
3720 5118 3895 5179 labor
3918 5122 3973 5178 et
3993 5114 4074 5174 do-

2588 5199 2685 5257 lor
2712 5199 2959 5275 mentis,
2993 5201 3139 5263 licet
3158 5221 3282 5263 non
3312 5204 3436 5266 sint
3462 5207 3526 5267 in
3555 5227 3791 5286 genere
3820 5212 4073 5272 bonorum

2589 5290 2877 5367 fort-unm,
2914 5298 2975 5354 et
3002 5294 3142 5355 ideo
3166 5295 3408 5374 injurize
3438 5299 3603 5361 circa
3623 5302 3762 5363 illos
3790 5304 3959 5364 illatae
3982 5315 4073 5359 110⁰

2594 5383 2873 5460 obligent
2902 5404 2976 5444 ex
3006 5405 3070 5446 se
3114 5388 3193 5447 ad
3224 5394 3764 5469 compensandum
3811 5393 4070 5474 pecuniis:

2594 5480 2740 5536 sunt
2765 5480 2972 5537 tamen
3004 5480 3239 5559 aliquid
3283 5483 3452 5561 quod
3498 5486 3560 5545 in
3603 5496 3859 5566 pactum
3896 5481 4073 5548 deduci

4089 2022 4162 2169 ΜΞ
4158 1904 4162 1953 .,
