4263 6376
1288 350 1763 411 DISPUTATIO
1806 350 2026 424 xxm,
2079 348 2355 409 SECTIO
2401 347 2504 408 x1.

3422 343 3499 401 43

54 537 149 589 2154,
178 536 211 578 ιι
305 522 479 579 verte
513 519 730 598 primo
753 569 770 598 ,
821 524 887 585 in
918 524 994 587 iis
1024 524 1311 586 omnibus
1350 527 1582 605 requiri
1611 528 1860 606 culpam
1959 529 2207 587 mortuo
2228 525 2551 599 donatore,
2586 542 2711 584 non
2734 524 2940 602 potest
2966 518 3330 582 donatarius
3358 534 3502 579 eum

54 591 258 645 ῇιωιμ.

101 1827 195 1884 169

48 1954 82 1991 tn
101 1951 174 1992 hac
197 1950 258 1991 ta-

47 2006 143 2044 alm
156 2010 259 2044 trun·

46 2064 90 2099 ιιι
105 2056 147 2096 ad
159 2057 277 2098 hare-

46 2122 80 2152 n
94 2108 277 2151 ὀωειοτίι

140 3867 236 3928 ΠΟ

82 3991 133 4031 Aa
161 3998 284 4035 mn·-

159 5163 242 5223 ΠΙ

103 5287 219 5343 ω.
246 5292 277 5332 ,ε

103 5342 300 5447 w

121 5454 299 5546 m.

305 610 627 674 donatarii
647 660 666 690 ,
701 616 758 676 si
787 616 957 677 enim
983 617 1150 679 licite
1180 618 1548 681 donatorem
1576 618 1857 696 infamet,

304 704 402 763 vel
433 705 825 781 dehonoret,
860 709 957 768 vel
987 716 1260 785 accuset,
1286 710 1536 790 quando
1568 730 1862 773 accusare

306 796 585 859 debebat
607 844 625 873 ,
661 800 764 860 vel
795 818 862 860 se
894 799 1062 879 juste
1091 801 1485 863 defendendo
1516 805 1863 883 periculum

308 889 441 966 ejus
467 890 621 951 vitae
651 892 900 968 afferat,
933 894 1031 954 vel
1052 893 1221 973 juste
1250 898 1578 974 percutiat,
1600 902 1708 958 aut
1729 915 1865 975 pro-

308 980 502 1041 missa
534 1000 670 1043 non
704 983 1018 1060 observet,
1052 1005 1176 1047 non
1208 988 1439 1066 poterit
1463 1007 1534 1049 eo
1564 989 1744 1050 titulo
1761 990 1869 1050 do·

309 1074 477 1133 natio
508 1075 830 1151 revocari,
865 1077 1013 1156 quia
1039 1079 1355 1141 revocatio
1384 1080 1520 1140 haec
1542 1085 1635 1141 est
1653 1099 1862 1160 poena,

310 1184 450 1245 quae
479 1167 623 1228 sine
655 1168 844 1246 culpa
874 1187 996 1231 non
1029 1170 1388 1233 incurritur.
1423 1174 1639 1251 Neque
1678 1174 1865 1234 etiam

310 1260 569 1337 quando
630 1260 1004 1323 donatarius
1050 1263 1454 1325 donationem
1496 1266 1863 1344 ignorasset,

311 1351 481 1431 quod
531 1353 911 1433 contingere
956 1360 1207 1434 posset,
1265 1356 1514 1435 quando
1573 1376 1870 1437 procura-

312 1450 411 1504 tor
456 1444 599 1524 ejus
660 1447 915 1508 nomine
971 1466 1111 1508 eam
1165 1453 1582 1528 acceptasset,
1628 1456 1871 1529 tempo-

313 1555 381 1597 re
429 1555 561 1616 quo
612 1537 914 1616 injuriam
956 1540 1167 1604 intulit
1216 1562 1229 1602 :
1282 1561 1406 1603 non
1454 1548 1661 1621 potest
1703 1543 1870 1604 enim

317 1647 452 1689 esse
501 1630 902 1709 ingratitudo
959 1634 1091 1694 sine
1150 1634 1369 1695 notitia
1423 1634 1713 1696 beneficii
1767 1654 1872 1697 ac-

317 1722 507 1800 cepti.

396 1814 691 1877 Adverte
716 1817 1014 1893 secundo,
1068 1818 1229 1879 hanc
1276 1820 1639 1882 facultatem
1686 1839 1871 1882 revo-

319 1907 507 1967 candi
564 1908 975 1970 donationem
1027 1911 1107 1972 ob
1151 1930 1332 1973 casus
1378 1913 1712 1991 praedictos
1747 1932 1873 1974 non

319 2001 594 2062 transire
625 2001 711 2062 ad
738 2002 1021 2063 haeredes
1067 2003 1386 2066 donatoris
1410 2052 1427 2082 ,
1478 2006 1731 2085 quando
1763 2007 1874 2067 do·-

324 2099 508 2155 natar
538 2095 680 2172 ipse
708 2094 923 2169 tacuit,
958 2100 1027 2156 ut
1054 2101 1299 2158 constat
1318 2116 1392 2157 ex
1413 2098 1475 2159 d.
1509 2099 1633 2177 leg.
1668 2100 1778 2161 ult.
1813 2104 1877 2161 et

325 2186 387 2247 d.
420 2205 567 2266 cap.
603 2188 719 2249 ult.
755 2188 934 2260 Quod
963 2189 1153 2250 etiam
1181 2189 1549 2269 intelligitur
1567 2192 1628 2251 in
1657 2193 1874 2271 quinto

324 2298 507 2356 casu,
562 2299 718 2342 nam
759 2281 1024 2342 facultas
1071 2282 1259 2342 etiam
1298 2284 1639 2344 revocandi
1680 2285 1743 2344 in
1772 2285 1874 2345 illo

326 2391 476 2438 casu
504 2373 802 2453 apposita
829 2379 923 2436 est
953 2393 1065 2452 per
1091 2374 1349 2436 modum
1379 2394 1582 2454 poenae
1605 2422 1621 2452 ,
1666 2382 1737 2439 ut
1783 2378 1877 2438 di-

325 2464 556 2542 ximuS,
591 2470 659 2526 et
685 2466 751 2526 in
778 2466 884 2527 illo
916 2466 1106 2527 etiam
1136 2484 1283 2527 casu
1313 2468 1411 2528 lex
1444 2468 1746 2546 praedicta
1774 2488 1877 2530 ne·

327 2561 433 2634 gat
471 2557 719 2618 haeredi
762 2563 1136 2637 potestatem
1165 2560 1538 2636 revocandi,
1572 2579 1717 2621 cum
1745 2562 1877 2622 uni-

330 2650 666 2712 versaliter
707 2651 1005 2731 loquatur
1045 2652 1123 2711 de
1151 2652 1441 2713 omnibus
1471 2654 1746 2733 quinque
1775 2673 1881 2715 ca-

333 2741 506 2803 sibus
553 2747 743 2803 antea
790 2744 1191 2805 enumeratis,
1243 2745 1437 2806 Addit
1476 2746 1881 2825 probabiliter

335 2836 480 2896 Mol.
515 2855 584 2896 n.
618 2841 679 2897 2.
713 2836 833 2897 hoc
871 2836 1168 2915 intelligi,
1207 2839 1459 2917 quando
1491 2839 1761 2900 donator
1788 2840 1882 2899 in-

334 2928 742 3003 gratitudinis
790 2929 1075 2990 notitiam
1125 2930 1366 3006 habuit,
1418 2930 1468 2991 si
1516 2932 1685 2991 enim
1731 2932 1881 2993 dum

339 3021 584 3082 viveret
597 3039 738 3080 eam
759 3021 1093 3100 ignoravit,
1123 3040 1248 3082 non
1271 3029 1561 3085 censetur
1587 3024 1878 3100 tacuisse,

338 3117 527 3193 atque
579 3112 737 3174 adeo
785 3112 922 3193 ejus
969 3113 1171 3175 haeres
1219 3115 1447 3194 poterit
1481 3114 1881 3177 donationem

341 3227 413 3266 ex
440 3212 831 3287 praesumpta
852 3206 1170 3268 donatoris
1198 3208 1519 3271 voluntate
1549 3228 1879 3271 revocare:

340 3299 510 3378 quod
559 3298 729 3359 idem
766 3299 949 3375 dicit,
1001 3299 1254 3379 quando
1285 3300 1552 3363 donator
1583 3303 1766 3363 scivit
1792 3302 1886 3362 in·

340 3392 821 3469 gratitudinem,
854 3392 965 3452 sed
996 3410 1119 3452 non
1151 3393 1369 3454 habuit
1397 3399 1643 3473 tempus
1689 3395 1888 3456 dona-

342 3484 580 3545 tionem
603 3483 965 3560 revocandi,
999 3488 1062 3545 et
1097 3486 1291 3548 multo
1322 3486 1547 3565 magis,
1604 3489 1657 3548 si
1686 3494 1887 3550 morte

345 3582 703 3654 praeventus
730 3595 856 3638 non
872 3576 1078 3656 potuit
1095 3578 1395 3657 perficere
1424 3581 1889 3642 revocationem

348 3668 426 3729 ad
454 3688 650 3750 quam
680 3688 747 3730 se
777 3669 1178 3748 praeparabat
1225 3691 1239 3732 :
1299 3676 1448 3733 tunc
1505 3674 1672 3733 enim
1719 3676 1889 3736 nullo

349 3763 538 3823 modo
570 3762 837 3824 tacuisse
865 3766 1173 3824 censetur.

427 3855 520 3916 Ex
559 3854 678 3915 hoc
705 3860 918 3915 tamen
948 3855 1146 3917 oritur
1182 3856 1412 3936 duplex
1441 3858 1724 3920 dubium.
1759 3860 1892 3922 Pri-

353 3965 524 4007 mum
555 3951 671 4021 est,
703 3966 785 4007 an
807 3946 976 4007 idem
1005 3947 1340 4009 dicendum
1369 3950 1470 4026 sit,
1503 3951 1757 4030 quando
1787 3953 1894 4014 do·

355 4038 635 4100 natarius
673 4040 959 4119 ingratus
988 4039 1162 4116 obiit,
1197 4060 1276 4101 an
1305 4048 1454 4105 tunc
1483 4044 1673 4106 etiam
1702 4045 1892 4106 dona-

356 4138 451 4193 tor
498 4150 627 4192 non
668 4132 863 4210 possit
896 4151 1194 4193 revocare
1236 4135 1639 4198 donationem
1676 4138 1893 4199 adver-

354 4242 457 4285 sus
527 4224 810 4285 haeredes
865 4225 1224 4287 donatarii?
1269 4227 1336 4287 ld
1399 4227 1566 4288 enim
1625 4230 1897 4291 affirmat

354 4318 542 4380 etiam
568 4317 715 4378 Mol.
750 4316 860 4393 ibi,
895 4322 957 4378 et
984 4317 1211 4397 probat
1237 4338 1311 4379 ex
1342 4320 1403 4380 d.
1440 4321 1563 4400 leg.
1599 4322 1708 4383 ult.
1735 4327 1799 4384 et
1827 4324 1889 4384 d.

356 4429 408 4472 c.
439 4411 552 4472 ult.
599 4409 712 4470 sed
748 4409 813 4470 in
855 4409 976 4470 illis
1006 4409 1258 4490 juribus
1304 4412 1458 4473 nihil
1490 4413 1568 4474 de
1598 4414 1719 4476 hoc
1747 4433 1895 4477 casu

358 4502 615 4586 dicitur,
664 4501 777 4562 sed
807 4501 887 4561 de
912 4503 1378 4565 successoribus
1405 4504 1494 4566 sol
1505 4524 1609 4565 um
1637 4507 1897 4570 donato-

357 4595 477 4671 ris,
530 4594 700 4675 quod
734 4612 858 4655 non
896 4595 1138 4673 possint
1179 4597 1595 4659 revocationis
1642 4618 1896 4661 causam

359 4687 678 4748 inchoare.
766 4686 1034 4747 Aliunde
1087 4692 1298 4748 tamen
1356 4690 1606 4769 probari
1670 4696 1893 4771 potest,

358 4780 504 4859 quia
533 4798 677 4841 cum
709 4778 844 4840 haec
888 4779 968 4841 sit
1012 4799 1200 4859 poena
1230 4781 1472 4858 delicti,
1506 4802 1899 4865 consequens

360 4878 471 4948 est,
499 4878 568 4933 ut
594 4878 842 4933 mortuo
873 4872 1274 4952 delinquente
1304 4875 1574 4953 ingram,
1609 4895 1732 4938 non
1759 4897 1899 4957 pos-

358 4965 436 5026 sit
462 4963 735 5044 amplius
764 4964 1066 5025 adversus
1095 4967 1231 5045 ejus
1275 4968 1562 5030 haeredes
1609 4971 1772 5031 actio
1820 4971 1901 5031 ad

360 5075 614 5136 poenam
644 5057 1076 5136 exequendam
1103 5058 1418 5121 intentari.

436 5149 723 5210 Alterum
751 5149 1015 5210 dubium
1044 5169 1179 5211 esse
1211 5157 1434 5230 potest,
1490 5154 1640 5234 quid
1692 5154 1743 5215 si
1786 5155 1899 5215 do-

365 5241 644 5302 natarius
679 5241 961 5320 ingratus
980 5244 1061 5304 sit
1087 5250 1230 5321 post
1257 5252 1525 5306 mortem
1555 5248 1899 5326 donatoris,

364 5334 675 5413 poteritne
705 5333 905 5395 haeres
943 5335 1262 5397 donatoris
1293 5337 1699 5400 donationem
1726 5359 1905 5401 revo-

368 5427 550 5487 care?
573 5427 967 5504 Respondeo,
991 5428 1056 5489 id
1085 5447 1208 5489 non
1238 5449 1421 5509 posse
1450 5433 1814 5512 contingere
1844 5434 1907 5495 in

367 5535 436 5580 11.
471 5537 567 5581 111.
603 5522 668 5580 et
707 5537 793 5580 iv.
828 5537 1000 5596 casu,
1032 5521 1143 5581 sed
1172 5522 1373 5584 solum
1402 5524 1465 5584 in
1503 5541 1549 5586 1.
1583 5531 1648 5588 et
1676 5543 1734 5588 v.
1762 5527 1908 5607 quia

1960 623 2289 699 percutere
2313 664 2328 693 ,
2379 618 2479 678 vel
2529 615 2663 696 ejus
2706 616 2852 677 vitae
2898 612 3179 675 insidiari
3206 658 3222 689 ,
3297 628 3503 690 neque

1962 711 2153 773 etiam
2183 708 2318 789 ejus
2345 710 2508 770 bona
2538 709 2791 783 laedere,
2826 725 2969 768 cum
2990 706 3126 786 jam
3162 705 3330 765 bona
3377 720 3501 763 non

1961 803 2317 884 pertineant
2342 801 2423 863 ad
2454 800 2819 862 defunctum
2851 845 2869 873 ,
2931 798 3042 859 sed
3082 797 3162 857 ad
3191 794 3497 857 haeredes.

1967 898 2175 958 Potest
2200 900 2415 955 tamen
2446 893 2584 973 ejus
2612 893 2845 954 famam
2874 891 2972 952 vel
3012 890 3318 953 honorem
3344 888 3502 968 inju-

1963 993 2057 1049 ste
2077 986 2328 1062 laedere,
2363 990 2569 1064 potest
2597 985 2786 1046 etiam
2806 982 3177 1063 gravamina
3196 980 3506 1060 promissa

1967 1099 2092 1142 non
2117 1080 2455 1140 observare
2474 1125 2489 1155 ,
2524 1078 2753 1158 quibus
2783 1075 3194 1139 observandis
3223 1073 3503 1135 nondum

1966 1176 2228 1236 fortasse
2257 1178 2505 1251 tempus
2542 1170 2905 1231 advenerat.
2951 1171 3030 1231 Et
3048 1167 3111 1228 in
3133 1167 3229 1228 his
3258 1166 3505 1227 duobus

1966 1266 2217 1330 casibus
2244 1265 2493 1326 videtur
2533 1267 2994 1343 consequenter
3031 1258 3505 1322 concedendum

1968 1359 2204 1420 haeredi
2234 1358 2403 1438 quod
2432 1374 2731 1427 revocare
2758 1355 2974 1435 possit.
3010 1353 3072 1416 Si
3104 1353 3271 1413 enim
3299 1351 3364 1411 id
3393 1368 3507 1430 po-

1965 1456 2090 1515 test
2119 1452 2343 1527 haeres,
2378 1448 2629 1529 quando
2664 1449 2933 1508 donator
2958 1446 3177 1506 vivens
3196 1442 3509 1523 ignoravit

1968 1544 2514 1623 ingratitudinem,
2563 1540 2712 1621 quia
2755 1544 2905 1601 tunc
2947 1557 3071 1600 non
3100 1541 3391 1599 censetur
3416 1540 3507 1597 ta-

1970 1637 2172 1699 cuisse
2196 1683 2213 1713 ,
2272 1636 2361 1695 sic
2415 1651 2529 1694 nec
2576 1637 2866 1694 censetur
2918 1630 3187 1693 tacuisse
3244 1629 3510 1689 donator

1971 1729 2224 1809 quando
2255 1726 2634 1807 ingratitudo
2664 1725 2871 1784 adhuc
2891 1724 3094 1802 posita
3115 1741 3237 1783 non
3255 1722 3459 1783 fuerat
3489 1739 3503 1782 ε

1970 1823 2068 1883 lex
2096 1826 2311 1882 autem
2340 1817 2560 1894 civilis,
2586 1822 2649 1878 et
2666 1816 2969 1878 canonica
2982 1816 3183 1877 solum
3203 1816 3512 1893 negarunt

1972 1913 2210 1975 haeredi
2238 1914 2401 1973 hanc
2431 1911 2811 1973 facultatem.
2846 1907 3097 1989 quando
3128 1907 3394 1968 donator
3420 1910 3510 1966 ta-

1974 2008 2103 2069 cuit
2136 2026 2149 2067 :
2184 2007 2235 2066 si
2264 2024 2414 2085 ergo
2452 2004 2513 2064 in
2556 2022 2704 2064 casu
2745 2001 3112 2080 ignorantiae
3147 2000 3513 2061 conceditur

1975 2099 2231 2172 haeredi,
2266 2098 2487 2159 eadem
2517 2096 2759 2157 ratione
2787 2093 3046 2154 concedi
3075 2093 3264 2153 debet
3289 2090 3511 2152 eadem

1972 2193 2257 2267 facultas,
2291 2188 2542 2269 quando
2571 2187 2828 2248 advenit
2852 2185 3235 2264 ingratitudo
3262 2187 3511 2244 mortuo

1974 2286 2301 2347 donatore.
2359 2282 2631 2344 Adverte
2660 2280 2865 2355 tertio,
2898 2282 3193 2339 revocata
3221 2276 3512 2337 donatio-

1975 2397 2077 2455 ne,
2113 2376 2313 2456 repeti
2343 2376 2580 2436 fructus
2599 2391 2723 2434 non
2755 2390 2972 2433 omnes
2995 2417 3011 2447 ,
3045 2371 3155 2431 sed
3186 2372 3514 2449 perceptos

1976 2491 2016 2533 a
2033 2472 2138 2532 lite
2159 2472 2526 2543 contestata,
2553 2470 2622 2527 ut
2639 2483 2781 2527 cum
2811 2465 2947 2525 aliis
2974 2464 3268 2525 observat
3284 2460 3517 2523 Molina
3596 2506 3601 2507 ff

1977 2584 2041 2626 n.
2074 2568 2135 2625 2.
2171 2562 2233 2622 in
2253 2562 2400 2622 fine.

2057 2656 2333 2717 Adverte
2363 2657 2608 2734 quarte,
2644 2650 2805 2711 hanc
2833 2651 3194 2712 facultatem
3213 2665 3515 2709 revocan-
3666 2652 3781 2710 {72

1980 2750 2043 2810 di
2083 2747 2371 2810 donatori
2419 2764 2543 2806 non
2591 2744 2851 2806 concedi
2898 2745 2961 2805 in
3005 2742 3307 2823 praedicta
3348 2741 3511 2820 lege,
3584 2775 3851 2838 Maip-

1980 2841 2097 2902 nisi
2127 2841 2189 2901 in
2204 2838 2443 2919 judicio
2472 2836 2762 2898 dilucidis
2791 2835 3176 2917 argumentis
3203 2852 3392 2894 causa
3412 2851 3517 2912 ap·
3567 2828 3867 2926 ww&

1981 2935 2245 3013 probata
2279 2932 2467 2993 tuerit
2499 2952 2511 2993 :
2547 2948 2740 3013 quare
2771 2929 3134 2993 donatarius
3165 2946 3288 2989 non
3316 2927 3520 2989 solum
3620 2897 3647 2940 Ρ
3789 2912 3800 2923 ’

1983 3046 2109 3088 non
2138 3029 2386 3089 tenetur
2413 3043 2489 3084 ex
2524 3042 2590 3084 se
2630 3041 2764 3084 rem
2806 3023 3103 3084 donatam
3147 3019 3411 3081 reddere
3441 3018 3521 3080 ob

1985 3138 2164 3181 suam
2192 3117 2737 3197 ingratitudinem,
2770 3115 2880 3177 sed
2908 3132 3111 3195 neque
3146 3112 3387 3173 etiamsi
3414 3128 3526 3192 pe-

1984 3219 2175 3289 tatur,
2197 3213 2314 3273 nisi
2342 3212 2403 3271 in
2427 3210 2666 3292 judicio
2683 3208 3149 3289 ingratitudinis
3168 3224 3359 3267 causa
3377 3223 3524 3285 pro-

1986 3308 2170 3369 betur
2198 3310 2261 3367 et
2289 3304 2691 3384 approbetur.
2752 3305 2952 3376 Quam
2984 3300 3428 3375 conditionem,
3459 3298 3529 3359 li-

1987 3405 2088 3461 cet
2117 3400 2219 3459 lex
2238 3398 2345 3459 illa
2370 3397 2671 3458 canonica
2700 3412 2824 3456 non
2855 3393 3250 3473 expresserit,
3287 3391 3533 3453 videtur

1986 3498 2200 3554 tamen
2230 3491 2399 3551 illam
2430 3488 2865 3569 supposuisse,
2915 3503 3060 3546 cum
3102 3502 3244 3545 eam
3283 3501 3407 3544 non
3437 3500 3532 3543 re-

1982 3585 2240 3665 jecerit,
2288 3587 2351 3643 et
2387 3582 2641 3643 aliunde
2687 3581 2750 3640 in
2798 3598 2866 3640 re
2903 3577 3147 3658 legibus
3176 3575 3533 3637 introducta

1981 3681 2162 3758 juxta
2182 3675 2343 3756 juris
2372 3675 2673 3735 terminos
2700 3673 2873 3752 loqui
2899 3669 3299 3752 praesumitur
3324 3667 3404 3728 de
3434 3668 3530 3727 in·-

1988 3769 2369 3850 gratitudine
2392 3767 2660 3848 juridice
2690 3766 2976 3844 probata.

2071 3863 2181 3924 His
2209 3860 2544 3941 suppositis
2573 3858 2896 3920 dubitatur
2919 3858 3142 3936 primo,
3168 3876 3249 3917 an
3277 3857 3533 3935 propter
3680 3866 3795 3925 {73

1991 3954 2508 4034 ingratitudinem
2554 3952 2618 4011 in
2664 3952 2802 4012 aliis
2841 3950 3091 4011 casibus
3137 3952 3368 4029 praeter
3395 3947 3534 4008 illos
3608 3989 3736 4034 Auia
3757 3989 3852 4032 aliis

1993 4050 2301 4129 quinque,
2335 4046 2384 4106 si
2431 4044 2754 4125 graviores
2782 4044 2881 4104 vel
2930 4062 3107 4122 teque
3134 4059 3357 4121 graves
3385 4041 3529 4116 sint,
3601 4042 3860 4105 mimia·-

1993 4141 2190 4222 possit
2209 4141 2396 4200 etiam
2414 4138 2669 4199 donatio
2691 4135 3014 4198 revocari?
3042 4136 3375 4197 Affirmant
3398 4133 3536 4212 plu·
3601 4095 3863 4205 mffim

1994 4253 2095 4296 res
2121 4232 2559 4307 communiter,
2594 4247 2752 4309 quos
2780 4230 2972 4290 refert
2996 4229 3143 4290 Mol.
3179 4247 3284 4289 nu.
3317 4230 3376 4288 3.
3401 4226 3534 4304 ipse
3637 4201 3820 4246 ‘'m“

1994 4333 2203 4389 tamen
2234 4344 2377 4386 cum
2406 4324 2542 4384 aliis
2571 4323 2955 4401 probabilius
2985 4326 3197 4401 negat,
3224 4337 3411 4400 quem
3441 4336 3537 4378 se-

1995 4419 2210 4498 quitur
2249 4417 2538 4479 Rebellus
2594 4435 2699 4496 qu.
2752 4432 2837 4476 1x.
2891 4434 2952 4476 n.
2985 4419 3044 4476 9.
3092 4418 3154 4475 et
3197 4413 3539 4476 Turrianus

1997 4512 2159 4590 disp.
2193 4511 2461 4571 LXXIV.
2499 4509 2649 4570 dub.
2684 4525 2727 4569 1.
2765 4527 2870 4568 nu.
2895 4512 2955 4568 7.
2991 4511 3054 4568 et
3082 4506 3387 4587 probatur
3413 4503 3541 4583 pri-

1997 4623 2123 4665 mo.
2163 4622 2238 4663 ex
2266 4602 2475 4662 verbis
2504 4601 2687 4662 dictae
2716 4601 2871 4679 legis
2899 4600 3157 4675 ultimae,
3190 4598 3255 4658 in
3297 4615 3424 4678 qua
3450 4595 3541 4656 di-

1998 4697 2179 4771 citur,
2214 4700 2470 4774 propter
2497 4694 2632 4754 illas
2667 4691 3060 4753 tantummodo
3098 4708 3322 4752 causas
3357 4706 3540 4750 revo-

1998 4790 2126 4850 cari
2158 4805 2339 4867 posse
2379 4787 2819 4858 donationem3
2870 4785 3059 4846 dictio
3089 4788 3302 4844 autem
3334 4780 3544 4841 exclu-

1998 4884 2133 4942 siva
2174 4880 2402 4941 limitat
2438 4879 2517 4939 ad
2566 4897 2747 4940 casus
2793 4877 3172 4955 designatos.
3227 4871 3539 4947 Secundo,

2001 4973 2150 5054 quia
2177 4973 2279 5033 lex
2308 4972 2610 5052 poenaliS,
2645 4970 2847 5050 qualis
2876 4974 2972 5031 est
3001 4968 3154 5043 ista,
3204 4984 3327 5027 non
3358 4963 3547 5024 dehet

2000 5065 2256 5126 extendi
2285 5064 2364 5124 ad
2394 5064 2623 5125 delicta
2652 5062 2839 5124 etiam
2870 5061 3162 5140 graviora
3195 5077 3208 5120 :
3245 5054 3547 5136 supponi-

2003 5176 2144 5217 mus
2175 5157 2341 5217 enim
2362 5203 2378 5233 ,
2417 5156 2580 5217 hanc
2607 5154 3145 5216 revocabilitatem
3181 5151 3262 5213 ob
3292 5146 3547 5228 ingrati·

2001 5250 2286 5312 tudinem
2308 5267 2432 5310 non
2454 5267 2589 5309 esse
2611 5248 2690 5307 de
2714 5247 2856 5328 jure
2885 5251 3146 5320 naturae,
3181 5243 3290 5304 sed
3311 5243 3388 5304 de
3402 5242 3546 5321 jure

2008 5345 2315 5415 humano3
2363 5343 2562 5403 solum
2593 5359 2742 5420 ergo
2771 5339 2962 5400 habet
3004 5338 3212 5398 locum
3237 5382 3253 5412 ,
3313 5335 3421 5396 ubi
3446 5334 3547 5394 lex

2010 5436 2289 5496 humana
2318 5453 2457 5494 eam
2487 5433 2794 5495 concedit.
2846 5429 3137 5493 Advertit
3179 5435 3388 5492 tamen
3433 5429 3546 5487 Re·

2012 5527 2237 5606 bellus,
2279 5528 2330 5588 si
2359 5546 2459 5588 res
2510 5526 2741 5587 donata
2771 5524 3050 5587 nondum
3078 5522 3302 5585 transit
3338 5522 3403 5581 in
3440 5519 3547 5580 do·
