4263 6376
1136 308 1609 372 DISPUTATIO
1653 309 1870 387 xxvl,
1906 311 2194 374 ‘SECTIO
2237 313 2396 374 VIII.

234 494 352 571 ptor
376 506 511 568 ergo
556 485 865 549 consensit
890 485 1273 549 sufficienter
1302 486 1365 547 in
1397 487 1714 567 octogiuta

234 584 394 644 etiam
420 585 732 660 argenteos
762 598 873 659 pro
913 580 1112 660 pretio
1142 580 1307 641 illius
1335 581 1493 658 olei,
1543 581 1717 643 dedit

232 683 411 737 tamen
434 677 669 734 centum
684 676 910 752 putans
925 691 1059 733 esse
1090 676 1342 733 centum
1362 673 1552 734 libras
1569 674 1709 734 olei.

234 768 365 840 Quia
390 771 581 827 tamen
614 766 930 845 octoginta
955 765 1238 845 argentei
1268 785 1393 827 non
1422 766 1715 846 adaequa-

230 861 360 921 bant
380 859 630 938 pretium
636 858 875 938 justum
897 860 1215 938 octaginta
1242 860 1542 920 librarum
1571 859 1712 936 olei,

3228 320 3344 380 305

1814 487 2011 566 illum,
2046 488 2095 550 si
2127 488 2427 567 deceptus
2455 488 2624 567 velit,
2646 489 2724 551 de
2745 508 2867 569 quo
2890 491 3159 555 diximus
3179 494 3339 574 disp.

1813 582 1974 644 XIII.
2009 586 2159 644 sect.
2196 600 2283 644 vi.

1893 676 2130 755 Praecip
2139 693 2218 736 ua
2247 675 2579 737 difficultas
2595 677 2876 740 consistit
2889 678 2953 739 in
2969 679 3348 760 assignanda

1816 768 2033 845 regula
2059 814 2074 845 ‚
2109 767 2362 848 quando
2392 770 2682 831 venditor
2709 771 2905 850 possit
2940 774 3108 851 juste
3137 778 3347 835 tacere

3494 694 3612 755 128

3423 819 3556 863 Varia
3571 833 3672 864 seu-

1816 860 1967 921 vitia
1995 861 2107 937 rei,
2144 878 2283 940 quae
2313 861 2635 939 venditur,
2671 863 2802 923 sine
2832 864 3214 944 obligatione
3243 885 3348 927 re·
3412 875 3552 917 tentia
3572 875 3679 917 cirea

234 953 512 1014 debuisset
536 957 780 1031 emptor
803 954 868 1013 in
898 953 1280 1015 conscientia
1300 953 1534 1014 addere
1564 953 1718 1013 alios
1819 953 2116 1014 stituendi
2145 954 2415 1033 pretium
2439 1000 2455 1032 ,
2503 955 2604 1016 vel
2649 956 3047 1018 rescindendi
3093 964 3344 1021 contra·
3400 928 3698 1044 lssssfiig‘iffi

231 1045 438 1125 viginti,
453 1044 613 1124 quod
634 1045 781 1125 quia
797 1063 921 1107 non
940 1045 1109 1123 facit,
1126 1046 1262 1125 jam
1276 1045 1566 1106 venditor
1576 1045 1718 1126 jure
1819 1050 2009 1108 ctum.
2042 1048 2111 1107 In
2144 1065 2265 1126 quo
2296 1051 2584 1108 auctores
2611 1049 2782 1110 varie
2824 1051 3201 1129 loquuntur;
3248 1051 3357 1112 ali·
3482 1039 3597 1078 '¹²¹⁸'

235 1157 328 1199 suo
353 1138 531 1200 utitur
557 1138 1022 1217 compensando
1051 1138 1209 1216 sihi,
1263 1142 1325 1200 et
1353 1138 1719 1218 accipiendo
1820 1140 1929 1220 qui
1954 1141 2019 1199 in
2065 1139 2430 1200 universum
2474 1141 2754 1203 volentes
2796 1144 3008 1204 omnia
3048 1144 3199 1205 vitia
3246 1145 3357 1206 de-

232 1231 421 1312 viginti
459 1231 589 1295 illos
614 1236 949 1312 argenteos
986 1232 1101 1293 sub
1131 1235 1433 1311 praetextu
1463 1229 1720 1310 majoris
1819 1232 1968 1293 bere
1997 1232 2422 1310 manifestari,
2458 1233 2564 1294 alii
2592 1253 2665 1296 ea
2695 1236 2898 1297 solum
2927 1255 3067 1316 quae
3112 1237 3359 1299 notabi-

232 1325 488 1406 ponderis
516 1325 633 1386 olei
652 1371 668 1403 ,
721 1329 793 1387 ut
835 1325 1068 1387 habeat
1095 1325 1364 1405 pretium
1405 1324 1572 1405 juste
1603 1324 1721 1386 sibi
1820 1325 1959 1387 liter
1986 1324 2261 1386 reddunt
2288 1343 2421 1385 rem
2447 1326 2653 1388 minus
2682 1328 2897 1389 utilem
2928 1330 3215 1409 emptori.
3236 1329 3360 1391 Alii

232 1419 474 1481 debitum
502 1438 575 1480 ex
602 1416 921 1498 octoginta
946 1419 1146 1496 libris,
1181 1438 1335 1498 quas
1364 1418 1557 1480 dedit.
1823 1423 1971 1480 tunc
1994 1465 2011 1495 ,
2045 1418 2298 1497 quando
2356 1424 2602 1498 emptor
2652 1421 2730 1480 de
2783 1422 2945 1483 vitiis
2989 1420 3354 1501 interrogat,

300 1512 561 1574 Secundo
589 1518 829 1573 certum
857 1512 1106 1573 videtur
1128 1559 1143 1589 ,
1172 1530 1318 1572 eum
1357 1512 1464 1591 qui
1510 1512 1727 1573 vendit
1824 1511 2071 1571 nonnisi
2098 1511 2162 1570 in
2193 1511 2378 1573 certis
2408 1512 2675 1574 casibus,
2711 1514 2831 1574 Alii
2851 1515 3003 1575 vitia
3030 1515 3362 1576 manifesta

157 1653 182 1680 ⁰
233 1622 346 1666 rem
372 1604 663 1682 vitiosam,
698 1604 950 1682 debere,
985 1605 1032 1665 si
1055 1605 1277 1667 vitium
1308 1624 1432 1666 non
1462 1605 1725 1665 manife-
1825 1623 1950 1667 non
1980 1622 2113 1665 esse
2145 1604 2430 1681 dicenda,
2463 1604 2576 1665 sed
2606 1607 2849 1667 occulta
2879 1624 2894 1670 :
2931 1607 3009 1668 de
3030 1609 3256 1687 quibus
3273 1608 3361 1668 vi-

158 1705 185 1733 ¹¹
234 1701 353 1772 stat,
382 1697 619 1758 demere
648 1698 872 1759 saltem
899 1697 976 1758 de
1013 1697 1250 1778 pretio,
1293 1702 1596 1779 quantum
1625 1717 1726 1758 ra-
1825 1696 1960 1757 deri
1987 1700 2251 1776 possunt
2277 1697 2538 1774 Molina,
2575 1703 2636 1759 et
2666 1699 2841 1760 Salas
2881 1699 3032 1761 locis
3062 1701 3165 1762 cit.
3199 1703 3361 1762 Tur-

157 1831 161 1841 ·
232 1791 373 1853 tione
399 1790 520 1853 vitii
547 1809 647 1852 res
692 1791 901 1852 minus
930 1791 1137 1868 valet,
1190 1810 1379 1871 quam
1427 1791 1477 1852 si
1505 1790 1726 1852 vitium
1823 1789 1983 1851 rian.
2019 1789 2179 1869 disp.
2213 1805 2384 1850 tvm.
2420 1790 2570 1851 dub.
2622 1795 2681 1852 2.
2724 1795 2786 1853 et
2821 1792 3020 1853 Diana
3065 1810 3110 1855 1.
3155 1797 3243 1855 tc.
3277 1798 3357 1856 tr.

233 1902 337 1946 non
361 1884 627 1945 haberet.
661 1885 793 1945 Imo
821 1884 967 1946 licet
989 1884 1157 1945 bona
1198 1885 1321 1945 fide
1349 1883 1721 1960 vendiderit,
1826 1881 1895 1943 de
1922 1891 2202 1943 contr-act.
2234 1901 2357 1944 reS.
2390 1885 2488 1945 39.
2524 1883 2630 1963 qui
2651 1884 2805 1945 alios
2825 1885 3035 1948 refert.
3062 1887 3187 1947 Nos
3207 1905 3364 1966 prae-

234 1982 432 2039 etcum
458 1977 809 2056 ignorantia
836 1977 969 2039 vitii
991 2023 1007 2054 ,
1059 1976 1247 2039 debet
1284 1980 1502 2056 postea
1530 1995 1597 2037 re
1628 1994 1727 2037 co·
1826 1976 2129 2038 tei-missis
2160 1976 2350 2037 variis
2381 1975 2880 2038 distinctionibus
2919 1984 2981 2040 et
3024 1979 3363 2041 subdistin-

232 2070 398 2149 gnita,
426 2073 664 2149 partem
693 2070 877 2149 pretii
898 2070 1246 2147 restituere,
1272 2070 1487 2151 quanti
1507 2070 1728 2131 vitium
1830 2069 2160 2146 ctionibuS‚
2225 2086 2364 2148 quae
2422 2070 2632 2133 afferri
2686 2070 2907 2147 solent,
2966 2090 3197 2151 paucas
3254 2071 3367 2131 ali-

233 2162 360 2223 illud
387 2162 741 2238 aestimatur,
776 2162 956 2223 sires
984 2181 1128 2223 cum
1172 2162 1283 2224 tali
1328 2163 1480 2224 vitio
1526 2165 1730 2224 totum
1831 2180 1986 2242 quas
2033 2160 2285 2240 regulas
2334 2160 2416 2222 ad
2471 2161 2714 2241 praxim
2755 2162 3031 2224 breviter
3075 2161 3369 2243 subjicie-

230 2255 468 2334 pretium
494 2259 824 2334 acceptum
852 2273 975 2316 non
1004 2255 1274 2316 valebat.
1299 2255 1602 2317 Videatur
1622 2256 1731 2317 Sa·
1831 2274 1992 2316 muS.

230 2347 309 2409 las
332 2347 470 2410 dub.
497 2351 593 2410 34.
628 2368 692 2410 n.
732 2352 791 2409 2.
824 2350 958 2408 Hoc
1001 2351 1213 2409 autem
1255 2348 1566 2426 intelligo,
1614 2348 1733 2408 nisi
1912 2348 2122 2409 Prima
2151 2347 2370 2426 regula
2397 2347 2514 2425 sit,
2567 2347 2817 2427 quando
2848 2349 3069 2411 vitium
3115 2367 3242 2411 non
3272 2352 3366 2410 est
3514 2364 3628 2424 129

231 2441 487 2502 venditor
510 2441 785 2521 pretium
807 2442 943 2520 jam
971 2439 1389 2517 distraxisset,
1424 2459 1538 2502 nec
1563 2441 1733 2502 locu·
1834 2442 2000 2504 circa
2030 2439 2442 2501 substantiam
2469 2486 2485 2517 ,
2531 2439 2643 2500 sed
2671 2440 2836 2502 circa
2867 2444 3232 2522 qualitatem
3256 2489 3271 2519 ,
3305 2444 3369 2502 et
3467 2489 3572 2542 de
3620 2488 3658 2530 si

231 2532 427 2612 pletior
453 2534 655 2597 factus
682 2538 865 2596 esset.
1835 2537 2160 2616 ignoratur
2205 2532 2646 2593 invincibiliter
2691 2534 2771 2593 ab
2813 2538 3366 2615 utroquecontra-
3480 2520 3650 2638 utffle

297 2627 487 2688 Tertio
516 2628 903 2690 conveniunt
930 2645 1147 2688 omnes
1170 2673 1185 2704 ,
1236 2626 1405 2707 quod
1447 2626 1737 2689 venditor
1835 2629 2045 2704 hente,
2077 2643 2302 2704 resque
2331 2624 2622 2686 venditur
2650 2626 2851 2705 qualis
2871 2628 3059 2688 fuerit
3085 2628 3361 2703 inventa,
3441 2608 3686 2710 (κ’ῗῑιῑιιιιιῗ18

157 2777 172 2805 ¹
232 2718 410 2781 sciens
434 2720 656 2782 vitium
686 2721 1000 2781 occultum
1048 2720 1140 2780 rei
1168 2719 1435 2781 venditae
1460 2767 1475 2796 ,
1510 2738 1585 2780 ex
1613 2739 1735 2799 quo
1838 2722 1967 2783 sive
2006 2720 2196 2794 bona,
2229 2718 2358 2777 sive
2387 2718 2611 2779 vitiosa
2634 2765 2649 2796 ‚
2701 2737 2825 2779 non
2856 2720 3047 2782 habet
3085 2721 3374 2781 venditor
3430 2702 3670 2759 ³⁸”0‘”¹²·

157 2871 195 2912 ffi-
232 2812 504 2874 damnum
529 2831 727 2893 grave
755 2813 873 2892 ipsi
903 2813 1189 2892 emptori,
1221 2814 1319 2873 vel
1348 2813 1486 2872 aliis
1514 2831 1740 2892 prove·
1840 2816 2031 2875 ullam
2061 2811 2505 2890 obligationem
2534 2816 2770 2891 postea,
2805 2812 2993 2873 ctiam
3021 2813 3170 2875 vitio
3201 2813 3376 2873 dete-

233 2906 348 2966 nire
374 2911 589 2985 potest,
628 2906 818 2967 debet
836 2906 989 2967 illud
1010 2905 1407 2967 manifestare
1430 2906 1741 2986 :alioquin
1841 2911 1962 2969 cto.
1999 2905 2176 2978 Quod
2207 2903 2593 2982 intelligitur,
2627 2905 2680 2964 si
2707 2908 2970 2985 uterque
2999 2906 3374 2967 contrahens

231 3000 412 3077 ipsum
437 3001 641 3062 teneri
666 2999 748 3060 ad
778 3000 990 3060 omnia
1014 3000 1119 3060 illa
1146 2999 1375 3059 damna
1405 2999 1743 3060 resarcien-
1842 3019 1907 3061 se
1939 3018 2115 3077 aeque
2145 2996 2421 3076 periculo
2461 2998 2787 3075 exposuit,
2840 3001 2902 3059 et
2946 2999 3197 3060 attentis
3253 2998 3377 3058 cir-

234 3092 321 3170 da,
351 3112 406 3154 v.
437 3113 497 3172 g.
529 3093 580 3153 si
613 3112 815 3172 equus
843 3093 926 3153 sit
946 3093 1247 3168 furiosus,
1281 3091 1504 3152 domus
1532 3092 1745 3153 ruino-
1843 3091 2233 3155 cumstantiis
2262 3094 2323 3150 et
2351 3089 2631 3168 periculo
2660 3091 2792 3152 vitii
2822 3092 3206 3169 inveniendi,
3241 3109 3380 3170 pre-

232 3207 309 3264 sa,
352 3187 664 3249 medicina
700 3186 963 3264 nociva,
1013 3205 1162 3248 oves
1208 3185 1551 3263 morbidae,
1605 3204 1743 3266 quae
1843 3186 1999 3248 tium
2028 3204 2155 3246 non
2181 3182 2299 3245 fuit
2326 3183 2731 3246 excessivum.
2785 3185 2964 3247 Ratio
3007 3188 3217 3247 autem
3260 3188 3374 3262 est,

229 3281 367 3340 alias
394 3299 537 3342 oves
567 3280 871 3360 emptoris
900 3279 1249 3340 infecerunt
1271 3325 1286 3356 ,
1320 3283 1440 3340 etc.
1474 3281 1746 3340 Tenetur
1846 3280 1993 3361 quia
2020 3281 2186 3341 facta
2215 3297 2289 3339 ea
2331 3278 2776 3356 protestatione
2802 3324 2817 3355 ‚
2871 3281 3226 3340 contractus
3265 3279 3383 3339 fuit

232 3373 380 3434 enim
406 3373 700 3435 venditor
726 3372 958 3432 damna
988 3391 1064 3432 ex
1082 3390 1194 3433 suo
1216 3371 1459 3433 silentio
1481 3371 1748 3451 emptori
1848 3373 2131 3454 aequalis,
2194 3375 2256 3433 et
2308 3370 2578 3450 pretium
2631 3371 2870 3449 aequale
2895 3416 2911 3449 ,
2962 3375 3032 3434 ut
3084 3371 3384 3451 supponi-

232 3465 542 3527 subsecuta
596 3465 924 3527 resarcire.
976 3466 1069 3526 Ita
1122 3467 1249 3526 DD.
1309 3466 1743 3541 communiter,
1846 3472 1987 3540 tur3
2049 3483 2228 3544 aeque
2285 3462 2452 3524 enim
2518 3463 2724 3542 potuit
2777 3482 2901 3524 non
2971 3464 3237 3525 inveniri
3290 3464 3384 3524 vi-

232 3577 370 3638 quos
398 3561 689 3635 afferunt,
722 3562 788 3620 et
813 3562 1160 3637 sequuntur
1176 3557 1410 3619 Molina
1429 3557 1743 3637 disp.353.
1848 3560 2005 3622 tium
2041 3578 2054 3619 ε
2091 3558 2261 3637 quod
2317 3561 2527 3617 autem
2583 3555 2983 3635 apparuerit,
3042 3556 3379 3619 infortunio

232 3652 286 3710 in
311 3653 504 3730 prima
533 3651 737 3713 concl.
773 3655 838 3712 et
866 3650 1042 3713 Salas
1073 3650 1134 3710 d.
1170 3649 1318 3710 dub.
1352 3666 1564 3711 xxxrv.
1598 3670 1658 3711 n.
1684 3655 1744 3712 4.
1851 3651 2150 3731 emptoris
2178 3651 2525 3728 imputatur
2545 3694 2561 3724 ,
2597 3648 2757 3711 sicut
2806 3648 2939 3728 ejus
2967 3649 3149 3710 bonae
3179 3650 3387 3710 fortu-

232 3745 395 3806 Ratio
421 3749 638 3806 autem
668 3747 783 3820 est,
816 3744 964 3823 quia
992 3761 1065 3804 eo
1096 3743 1230 3822 ipso
1262 3744 1432 3824 quod
1462 3744 1752 3806 venditor
1853 3764 1950 3807 nae
1977 3745 2195 3805 fuisset
2222 3741 2660 3822 imputandum
2690 3741 2742 3801 si
2771 3760 2895 3802 non
2923 3741 3141 3803 fuisset
3165 3742 3385 3802 inven-

231 3855 352 3897 rem
376 3857 553 3898 suam
594 3837 886 3900 venalem
914 3836 1204 3915 exponit,
1248 3855 1435 3898 causa
1465 3843 1755 3900 censetur
1851 3842 2007 3900 tum.

231 3931 523 3992 malorum
554 3947 779 3992 eorum
810 3948 949 4009 quae
977 3929 1260 4008 ejusv1tii
1289 3930 1615 3992 occasione
1632 3949 1757 3992 em·
1935 3928 2226 3993 Secunda
2253 3927 2472 4006 regula
2500 3925 2617 4005 sit,
2666 3926 2917 4007 quando
2947 3926 3098 3989 vitia
3139 3931 3285 3989 sunt
3312 3946 3388 3989 ex
3537 3943 3652 4003 130

232 4023 378 4102 ptori
405 4025 761 4084 adventura
789 4021 1331 4100 praevidebantur‚
1378 4023 1539 4085 sicut
1565 4024 1617 4083 si
1644 4043 1757 4103 pa·
1854 4043 1921 4085 se
1951 4021 2319 4096 manifesta,
2371 4038 2498 4081 non
2546 4023 2641 4081 est
2681 4019 2980 4097 obligatio
3028 4020 3135 4080 illa
3180 4021 3390 4100 expri-
3491 4069 3594 4122 Quid
3645 4068 3681 4111 εἰ

234 4135 333 4177 nes
359 4134 601 4178 veneno
634 4115 897 4176 infectos
924 4115 1262 4191 venderet,
1296 4121 1587 4195 peccaret
1613 4136 1759 4197 pec·
1856 4115 2090 4191 mendi,
2121 4113 2231 4175 sed
2261 4111 2463 4173 solum
2491 4131 2615 4173 non
2664 4111 3005 4173 excedendi
3042 4113 3108 4172 in
3134 4114 3335 4193 pretio
3371 4135 3384 4177 ε
3458 4101 3717 4220 1ζὲῐέἳὲὲεῖἐὲ

235 4214 359 4272 cato
384 4209 735 4286 homicidii,
769 4208 821 4268 si
852 4207 930 4268 de
957 4207 1109 4269 vitio
1141 4209 1383 4270 occulto
1412 4214 1758 4289 emptorem
1857 4211 2064 4289 potest
2106 4210 2321 4268 tamen
2367 4209 2613 4284 emptor
2666 4205 2823 4266 adeo
2872 4224 3006 4266 esse
3053 4206 3259 4284 rudi8‚
3292 4208 3393 4268 vel

234 4321 348 4364 non
372 4304 685 4364 moneret.
717 4301 893 4362 Idem
941 4300 1278 4361 dicendum
1326 4302 1406 4363 de
1448 4321 1516 4362 re
1557 4302 1757 4363 inutili
1861 4301 2055 4365 oculis
2083 4303 2195 4361 aut
2230 4303 2439 4360 mente
2482 4297 2676 4359 hebes
2705 4344 2720 4375 ‚
2774 4301 2883 4361 aut
2915 4305 3204 4378 respectu
3233 4300 3395 4363 illius

234 4397 307 4457 ad
330 4397 518 4458 finem
546 4394 850 4474 emptoris
873 4439 889 4471 ‚
923 4398 993 4455 ut
1019 4394 1072 4454 si
1102 4394 1240 4473 quis
1270 4397 1442 4473 petat
1483 4413 1761 4474 pannum
1860 4395 2013 4457 vitia
2038 4394 2145 4455 illa
2171 4411 2312 4472 quae
2341 4391 2477 4451 aliis
2505 4395 2652 4452 sunt
2673 4392 3006 4454 manifesta
3035 4394 3279 4455 occulta
3302 4414 3396 4455 re-

234 4490 307 4549 ad
332 4498 572 4552 vestem
602 4506 717 4568 pro
746 4492 877 4549 toto
908 4505 1095 4564 ann0,
1130 4490 1192 4547 et
1219 4487 1404 4548 detur
1431 4488 1489 4547 ei
1519 4506 1762 4566 pannus
1864 4492 2185 4569 putentur,
2220 4489 2283 4547 et
2308 4485 2450 4545 ideo
2481 4484 2560 4544 de
2588 4484 2707 4545 illis
2735 4485 2895 4547 sicut
2915 4485 2993 4546 de
3019 4487 3278 4549 occultis
3300 4488 3401 4568 ju-

236 4584 483 4646 adustus
513 4583 627 4663 qui
672 4581 850 4643 brevi
877 4583 1207 4658 rumpetur
1230 4625 1246 4657 ,
1278 4580 1379 4640 vel
1410 4580 1639 4642 volenti
1671 4581 1764 4641 vi—

1868 4579 2206 4642 dicandum
2235 4577 2336 4642 sit.

235 4694 375 4737 num
404 4677 487 4738 ad
517 4674 1066 4750 conservandum,
1108 4672 1292 4733 detur
1317 4672 1563 4750 vinum,
1596 4674 1766 4753 quod
1948 4672 2157 4735 Tertia
2185 4671 2403 4750 regula
2425 4669 2524 4748 sit,
2559 4672 2809 4751 quando
2841 4672 3059 4733 vitium
3089 4674 3403 4736 occultum
3552 4683 3658 4743 131

234 4770 436 4830 statim
463 4772 738 4830 acescet.
771 4769 920 4827 Haec
950 4769 1013 4826 et
1040 4764 1267 4824 similia
1284 4764 1458 4841 vitia,
1481 4765 1626 4827 licet
1644 4785 1768 4827 non
1868 4766 2071 4844 tangit
2095 4764 2509 4825 substantiam
2538 4765 2940 4826 intrinsecam
2965 4767 3081 4843 rei,
3114 4785 3254 4846 qua}
3282 4767 3406 4828 alia
3507 4808 3626 4862 Quid,
3660 4808 3698 4851 ,ι

236 4861 353 4923 sint
378 4863 549 4923 circa
577 4859 995 4921 substantiam
1024 4857 1135 4917 sed
1173 4858 1340 4918 circa
1381 4858 1766 4937 qualitatem,
1874 4858 2284 4933 existimatur,
2321 4860 2384 4917 et
2412 4861 2481 4916 ut
2513 4857 2641 4917 alia
2664 4859 3033 4937 proponitur
3061 4859 3139 4919 ab
3161 4877 3236 4918 ea
3265 4877 3405 4939 quae
3508 4867 3706 4970 ffissgffit·

238 4955 464 5016 debent
492 4973 572 5014 ex
595 4953 841 5032 justitia
881 4950 1263 5011 manifestari
1297 4950 1634 5029 aliquando
1666 4971 1772 5011 an-

239 5051 487 5127 tequam
516 5046 836 5106 vendatur
862 5063 963 5104 res
991 5090 1006 5120 ,
1056 5043 1392 5122 aliquando
1440 5048 1773 5124 postquam

239 5140 454 5200 saltem
483 5138 744 5199 vendita
774 5140 906 5213 est,
960 5141 1029 5197 ut
1064 5140 1364 5196 caveatur
1405 5137 1771 5213 periculum,

238 5251 350 5293 nec
385 5232 624 5293 sufficit
650 5229 1033 5291 descendere
1079 5228 1143 5288 in
1172 5228 1372 5307 pretio
1402 5232 1659 5308 propter
1685 5230 1779 5289 vi-

240 5326 323 5386 tia
349 5324 670 5406 ejusmodi
695 5370 710 5400 ,
746 5323 895 5402 quia
921 5323 975 5383 si
1003 5322 1184 5383 dolus
1213 5321 1321 5383 dat
1349 5339 1602 5382 causam
1630 5341 1780 5383 con-

1874 4956 1988 5028 est,
2023 4956 2118 5012 est
2166 4950 2464 5029 obligatio
2495 4950 2646 5012 vitia
2688 4951 3035 5029 aperiendi.
3084 4955 3219 5013 Huc
3266 4972 3408 5030 per-

1877 5046 2069 5122 tinet,
2118 5045 2370 5124 quando
2418 5062 2554 5103 rem
2599 5044 2872 5122 aliquam
2917 5045 3136 5104 vendis
3177 5046 3413 5124 ligitio-

1876 5157 2010 5199 sam
2035 5184 2051 5214 ,
2098 5157 2174 5197 eo
2206 5137 2374 5216 quod
2421 5137 2526 5217 jus
2573 5140 2750 5197 tuum
2780 5137 2946 5214 quod
2979 5137 3196 5197 vendis
3224 5157 3415 5218 appa-

1876 5233 1974 5292 ret
2000 5231 2317 5309 integrum
2341 5275 2357 5307 ,
2410 5247 2555 5291 cum
2596 5228 2675 5288 sit
2704 5227 3080 5289 diminutum
3129 5233 3191 5291 et
3219 5231 3418 5306 incer-

1886 5327 2017 5385 tum
2042 5343 2058 5397 ;
2093 5341 2288 5402 quare
2317 5324 2382 5383 in
2411 5323 2549 5401 ipsa
2576 5339 2692 5381 sua
2719 5321 3068 5382 substantia
3098 5327 3192 5385 est
3219 5323 3420 5386 diver·

242 5420 505 5495 tractui,
571 5435 824 5495 semper
878 5416 1116 5494 obligat
1166 5415 1247 5476 ad
1302 5415 1786 5476 rescindendum
1887 5435 2025 5478 sum
2058 5415 2138 5476 ab
2168 5435 2242 5476 eo
2284 5415 2452 5495 qnod
2481 5414 2882 5475 vendendum
2922 5416 3313 5494 proponitur.
3347 5420 3425 5478 Et

573 5513 733 5572 Tou.
769 5511 900 5574 Vll.

3028 5514 3106 5570 20
