<?xml version="1.0" encoding="UTF-8"?>
<!DOCTYPE html PUBLIC "-//W3C//DTD XHTML 1.0 Transitional//EN"
    "http://www.w3.org/TR/xhtml1/DTD/xhtml1-transitional.dtd">
<html xmlns="http://www.w3.org/1999/xhtml" xml:lang="en" lang="en">
 <head>
  <title>
</title>
<meta http-equiv="Content-Type" content="text/html;charset=utf-8" />
  <meta name='ocr-system' content='tesseract 3.04.00' />
  <meta name='ocr-capabilities' content='ocr_page ocr_carea ocr_par ocr_line ocrx_word'/>
</head>
<body>
  <div class='ocr_page' id='page_1' title='image "./joannisdelugodi00lugogoog_0664.png"; bbox 0 0 4263 6376; ppageno 0'>
   <div class='ocr_carea' id='block_1_1' title="bbox 868 354 988 415">
    <p class='ocr_par' dir='ltr' id='par_1_1' title="bbox 868 354 988 415">
     <span class='ocr_line' id='line_1_1' title="bbox 868 354 988 415; baseline 0 -1"><span class='ocrx_word' id='word_1_1' title='bbox 868 354 988 415; x_wconf 70' lang='lat'>634</span> 
     </span>
    </p>
   </div>
   <div class='ocr_carea' id='block_1_2' title="bbox 869 527 2430 4894">
    <p class='ocr_par' dir='ltr' id='par_1_2' title="bbox 869 527 2402 792">
     <span class='ocr_line' id='line_1_2' title="bbox 869 527 2401 607; baseline 0.001 -19"><span class='ocrx_word' id='word_1_2' title='bbox 869 527 1092 603; x_wconf 84' lang='lat' dir='ltr'>fateor,</span> <span class='ocrx_word' id='word_1_3' title='bbox 1123 546 1224 588; x_wconf 89' lang='lat' dir='ltr'>me</span> <span class='ocrx_word' id='word_1_4' title='bbox 1256 547 1381 590; x_wconf 89' lang='lat' dir='ltr'>non</span> <span class='ocrx_word' id='word_1_5' title='bbox 1408 528 1558 590; x_wconf 88' lang='lat' dir='ltr'>satis</span> <span class='ocrx_word' id='word_1_6' title='bbox 1615 529 1938 607; x_wconf 78' lang='lat' dir='ltr'>percipere</span> <span class='ocrx_word' id='word_1_7' title='bbox 1979 528 2401 590; x_wconf 80' lang='lat' dir='ltr'>differentiam</span> 
     </span>
     <span class='ocr_line' id='line_1_3' title="bbox 870 619 2402 699; baseline 0.001 -19"><span class='ocrx_word' id='word_1_8' title='bbox 870 619 1223 681; x_wconf 89' lang='lat' dir='ltr'>illaminter</span> <span class='ocrx_word' id='word_1_9' title='bbox 1248 620 1553 683; x_wconf 89' lang='lat' dir='ltr'>tributum</span> <span class='ocrx_word' id='word_1_10' title='bbox 1582 621 1939 699; x_wconf 85' lang='lat' dir='ltr'>venditum,</span> <span class='ocrx_word' id='word_1_11' title='bbox 1972 625 2083 684; x_wconf 89' lang='lat' dir='ltr'>aut</span> <span class='ocrx_word' id='word_1_12' title='bbox 2125 621 2402 683; x_wconf 91' lang='lat' dir='ltr'>locatum</span> 
     </span>
     <span class='ocr_line' id='line_1_4' title="bbox 890 711 2002 792; baseline 0.003 -20"><span class='ocrx_word' id='word_1_13' title='bbox 890 711 1099 792; x_wconf 87' lang='lat' dir='ltr'>quoad</span> <span class='ocrx_word' id='word_1_14' title='bbox 1129 718 1504 791; x_wconf 71' lang='lat' dir='ltr'>praesentem</span> <span class='ocrx_word' id='word_1_15' title='bbox 1534 714 2002 776; x_wconf 82' lang='lat' dir='ltr'>resolutionem.</span> 
     </span>
    </p>

    <p class='ocr_par' dir='ltr' id='par_1_3' title="bbox 871 804 2430 4426">
     <span class='ocr_line' id='line_1_5' title="bbox 953 804 2397 887; baseline 0.002 -23"><span class='ocrx_word' id='word_1_16' title='bbox 953 804 1130 866; x_wconf 81' lang='lat' dir='ltr'>Ratio</span> <span class='ocrx_word' id='word_1_17' title='bbox 1159 808 1368 867; x_wconf 87' lang='lat' dir='ltr'>autem</span> <span class='ocrx_word' id='word_1_18' title='bbox 1386 806 1634 868; x_wconf 84' lang='lat' dir='ltr'>videtur</span> <span class='ocrx_word' id='word_1_19' title='bbox 1653 826 1729 867; x_wconf 84' lang='lat' dir='ltr'>ex</span> <span class='ocrx_word' id='word_1_20' title='bbox 1752 808 2126 887; x_wconf 86' lang='lat' dir='ltr'>supradictis</span> <span class='ocrx_word' id='word_1_21' title='bbox 2156 807 2397 884; x_wconf 86' lang='lat' dir='ltr'>haberi,</span> 
     </span>
     <span class='ocr_line' id='line_1_6' title="bbox 872 898 2402 981; baseline 0.001 -22"><span class='ocrx_word' id='word_1_22' title='bbox 872 898 1021 978; x_wconf 82' lang='lat' dir='ltr'>quia</span> <span class='ocrx_word' id='word_1_23' title='bbox 1046 917 1154 959; x_wconf 85' lang='lat' dir='ltr'>rex</span> <span class='ocrx_word' id='word_1_24' title='bbox 1210 898 1487 960; x_wconf 84' lang='lat' dir='ltr'>vendens</span> <span class='ocrx_word' id='word_1_25' title='bbox 1536 901 1793 978; x_wconf 83' lang='lat' dir='ltr'>tributa,</span> <span class='ocrx_word' id='word_1_26' title='bbox 1827 919 1975 962; x_wconf 89' lang='lat' dir='ltr'>casu</span> <span class='ocrx_word' id='word_1_27' title='bbox 2025 921 2148 981; x_wconf 91' lang='lat' dir='ltr'>quo</span> <span class='ocrx_word' id='word_1_28' title='bbox 2200 901 2402 962; x_wconf 91' lang='lat' dir='ltr'>solum</span> 
     </span>
     <span class='ocr_line' id='line_1_7' title="bbox 874 991 2400 1074; baseline 0.001 -23"><span class='ocrx_word' id='word_1_29' title='bbox 874 991 1089 1052; x_wconf 82' lang='lat' dir='ltr'>vendit</span> <span class='ocrx_word' id='word_1_30' title='bbox 1108 991 1213 1070; x_wconf 88' lang='lat' dir='ltr'>jus</span> <span class='ocrx_word' id='word_1_31' title='bbox 1233 993 1402 1073; x_wconf 92' lang='lat' dir='ltr'>quod</span> <span class='ocrx_word' id='word_1_32' title='bbox 1431 993 1623 1055; x_wconf 87' lang='lat' dir='ltr'>habet</span> <span class='ocrx_word' id='word_1_33' title='bbox 1637 994 1718 1054; x_wconf 86' lang='lat' dir='ltr'>ad</span> <span class='ocrx_word' id='word_1_34' title='bbox 1739 994 2142 1073; x_wconf 87' lang='lat' dir='ltr'>exigendum,</span> <span class='ocrx_word' id='word_1_35' title='bbox 2178 1012 2400 1074; x_wconf 86' lang='lat' dir='ltr'>quam-</span> 
     </span>
     <span class='ocr_line' id='line_1_8' title="bbox 873 1083 2403 1165; baseline 0.002 -20"><span class='ocrx_word' id='word_1_36' title='bbox 873 1083 982 1145; x_wconf 90' lang='lat' dir='ltr'>diu</span> <span class='ocrx_word' id='word_1_37' title='bbox 1010 1084 1225 1146; x_wconf 82' lang='lat' dir='ltr'>tributi</span> <span class='ocrx_word' id='word_1_38' title='bbox 1248 1085 1492 1164; x_wconf 89' lang='lat' dir='ltr'>justitia</span> <span class='ocrx_word' id='word_1_39' title='bbox 1520 1087 1957 1165; x_wconf 85' lang='lat' dir='ltr'>permanserit,</span> <span class='ocrx_word' id='word_1_40' title='bbox 1979 1105 2103 1149; x_wconf 90' lang='lat' dir='ltr'>non</span> <span class='ocrx_word' id='word_1_41' title='bbox 2135 1088 2403 1165; x_wconf 89' lang='lat' dir='ltr'>imponit</span> 
     </span>
     <span class='ocr_line' id='line_1_9' title="bbox 874 1179 2403 1255; baseline 0.001 -18"><span class='ocrx_word' id='word_1_42' title='bbox 874 1195 1109 1238; x_wconf 85' lang='lat' dir='ltr'>novum</span> <span class='ocrx_word' id='word_1_43' title='bbox 1157 1179 1485 1255; x_wconf 86' lang='lat' dir='ltr'>tribulum,</span> <span class='ocrx_word' id='word_1_44' title='bbox 1546 1198 1661 1240; x_wconf 91' lang='lat' dir='ltr'>nec</span> <span class='ocrx_word' id='word_1_45' title='bbox 1711 1179 1931 1242; x_wconf 89' lang='lat' dir='ltr'>tributi</span> <span class='ocrx_word' id='word_1_46' title='bbox 1977 1180 2403 1241; x_wconf 89' lang='lat' dir='ltr'>conditionem</span> 
     </span>
     <span class='ocr_line' id='line_1_10' title="bbox 875 1271 2403 1350; baseline 0.002 -19"><span class='ocrx_word' id='word_1_47' title='bbox 875 1271 1098 1347; x_wconf 87' lang='lat' dir='ltr'>variat,</span> <span class='ocrx_word' id='word_1_48' title='bbox 1131 1275 1400 1350; x_wconf 81' lang='lat' dir='ltr'><strong>utsupra</strong></span> <span class='ocrx_word' id='word_1_49' title='bbox 1430 1272 1720 1350; x_wconf 86' lang='lat' dir='ltr'>diximus,</span> <span class='ocrx_word' id='word_1_50' title='bbox 1755 1273 1928 1334; x_wconf 89' lang='lat' dir='ltr'>aliud</span> <span class='ocrx_word' id='word_1_51' title='bbox 1959 1274 2127 1334; x_wconf 89' lang='lat' dir='ltr'>enim</span> <span class='ocrx_word' id='word_1_52' title='bbox 2160 1278 2325 1335; x_wconf 87' lang='lat' dir='ltr'>esset</span> <span class='ocrx_word' id='word_1_53' title='bbox 2350 1274 2403 1334; x_wconf 90' lang='lat' dir='ltr'>si</span> 
     </span>
     <span class='ocr_line' id='line_1_11' title="bbox 875 1366 2404 1445; baseline 0.001 -22"><span class='ocrx_word' id='word_1_54' title='bbox 875 1367 1135 1442; x_wconf 88' lang='lat' dir='ltr'>propter</span> <span class='ocrx_word' id='word_1_55' title='bbox 1187 1366 1622 1427; x_wconf 87' lang='lat' dir='ltr'>necessitatem</span> <span class='ocrx_word' id='word_1_56' title='bbox 1677 1370 2073 1445; x_wconf 82' lang='lat' dir='ltr'>praesentem,</span> <span class='ocrx_word' id='word_1_57' title='bbox 2124 1366 2223 1426; x_wconf 90' lang='lat' dir='ltr'>cui</span> <span class='ocrx_word' id='word_1_58' title='bbox 2280 1385 2404 1427; x_wconf 90' lang='lat' dir='ltr'>non</span> 
     </span>
     <span class='ocr_line' id='line_1_12' title="bbox 876 1457 2404 1535; baseline 0.001 -18"><span class='ocrx_word' id='word_1_59' title='bbox 876 1459 1086 1535; x_wconf 89' lang='lat' dir='ltr'>potest</span> <span class='ocrx_word' id='word_1_60' title='bbox 1110 1457 1291 1519; x_wconf 86' lang='lat' dir='ltr'>aliter</span> <span class='ocrx_word' id='word_1_61' title='bbox 1318 1458 2071 1535; x_wconf 87' lang='lat' dir='ltr'>subveni1·e,vendidisset</span> <span class='ocrx_word' id='word_1_62' title='bbox 2099 1460 2404 1521; x_wconf 88' lang='lat' dir='ltr'>tributum</span> 
     </span>
     <span class='ocr_line' id='line_1_13' title="bbox 876 1550 2406 1632; baseline 0.003 -24"><span class='ocrx_word' id='word_1_63' title='bbox 876 1552 1249 1628; x_wconf 89' lang='lat' dir='ltr'>perpetuum</span> <span class='ocrx_word' id='word_1_64' title='bbox 1301 1550 1797 1631; x_wconf 84' lang='lat' dir='ltr'>independenter</span> <span class='ocrx_word' id='word_1_65' title='bbox 1835 1572 1871 1611; x_wconf 89' lang='lat' dir='ltr'>a</span> <span class='ocrx_word' id='word_1_66' title='bbox 1911 1551 2157 1632; x_wconf 86' lang='lat' dir='ltr'>justitia</span> <span class='ocrx_word' id='word_1_67' title='bbox 2198 1570 2406 1613; x_wconf 80' lang='lat' dir='ltr'>causae</span> 
     </span>
     <span class='ocr_line' id='line_1_14' title="bbox 879 1643 2408 1725; baseline 0.003 -23"><span class='ocrx_word' id='word_1_68' title='bbox 879 1648 1316 1719; x_wconf 80' lang='lat' dir='ltr'>perseverante</span> <span class='ocrx_word' id='word_1_69' title='bbox 1346 1643 1410 1704; x_wconf 90' lang='lat' dir='ltr'>in</span> <span class='ocrx_word' id='word_1_70' title='bbox 1456 1646 1758 1723; x_wconf 85' lang='lat' dir='ltr'>futurum,</span> <span class='ocrx_word' id='word_1_71' title='bbox 1783 1650 1971 1725; x_wconf 87' lang='lat' dir='ltr'>atque</span> <span class='ocrx_word' id='word_1_72' title='bbox 1999 1644 2144 1705; x_wconf 90' lang='lat' dir='ltr'>ideo</span> <span class='ocrx_word' id='word_1_73' title='bbox 2201 1647 2408 1725; x_wconf 88' lang='lat' dir='ltr'>majus</span> 
     </span>
     <span class='ocr_line' id='line_1_15' title="bbox 871 1733 2408 1818; baseline 0.004 -24"><span class='ocrx_word' id='word_1_74' title='bbox 871 1733 977 1814; x_wconf 86' lang='lat' dir='ltr'>jus</span> <span class='ocrx_word' id='word_1_75' title='bbox 1004 1755 1192 1816; x_wconf 88' lang='lat' dir='ltr'>quam</span> <span class='ocrx_word' id='word_1_76' title='bbox 1223 1737 1356 1815; x_wconf 88' lang='lat' dir='ltr'>ipse</span> <span class='ocrx_word' id='word_1_77' title='bbox 1384 1756 1493 1799; x_wconf 86' lang='lat' dir='ltr'>rex</span> <span class='ocrx_word' id='word_1_78' title='bbox 1515 1738 1885 1814; x_wconf 89' lang='lat' dir='ltr'>haberet,de</span> <span class='ocrx_word' id='word_1_79' title='bbox 1900 1756 2022 1818; x_wconf 91' lang='lat' dir='ltr'>quo</span> <span class='ocrx_word' id='word_1_80' title='bbox 2055 1756 2204 1799; x_wconf 84' lang='lat' dir='ltr'>casu</span> <span class='ocrx_word' id='word_1_81' title='bbox 2239 1757 2408 1800; x_wconf 90' lang='lat' dir='ltr'>nunc</span> 
     </span>
     <span class='ocr_line' id='line_1_16' title="bbox 878 1828 2411 1909; baseline 0.004 -23"><span class='ocrx_word' id='word_1_82' title='bbox 878 1845 1001 1887; x_wconf 91' lang='lat' dir='ltr'>non</span> <span class='ocrx_word' id='word_1_83' title='bbox 1031 1828 1347 1907; x_wconf 88' lang='lat' dir='ltr'>loquimur</span> <span class='ocrx_word' id='word_1_84' title='bbox 1369 1850 1384 1904; x_wconf 91' lang='grc'><strong>;</strong></span> <span class='ocrx_word' id='word_1_85' title='bbox 1405 1830 1516 1890; x_wconf 90' lang='lat' dir='ltr'>sed</span> <span class='ocrx_word' id='word_1_86' title='bbox 1536 1831 1737 1891; x_wconf 91' lang='lat' dir='ltr'>solum</span> <span class='ocrx_word' id='word_1_87' title='bbox 1769 1830 2022 1909; x_wconf 88' lang='lat' dir='ltr'>quando</span> <span class='ocrx_word' id='word_1_88' title='bbox 2057 1847 2166 1892; x_wconf 85' lang='lat' dir='ltr'>rex</span> <span class='ocrx_word' id='word_1_89' title='bbox 2191 1830 2411 1892; x_wconf 87' lang='lat' dir='ltr'>vendit</span> 
     </span>
     <span class='ocr_line' id='line_1_17' title="bbox 879 1920 2405 2003; baseline 0.001 -21"><span class='ocrx_word' id='word_1_90' title='bbox 879 1920 1182 1983; x_wconf 81' lang='lat' dir='ltr'>tributum</span> <span class='ocrx_word' id='word_1_91' title='bbox 1213 1940 1356 1983; x_wconf 92' lang='lat' dir='ltr'>cum</span> <span class='ocrx_word' id='word_1_92' title='bbox 1385 1924 1490 1984; x_wconf 90' lang='lat' dir='ltr'>illo</span> <span class='ocrx_word' id='word_1_93' title='bbox 1521 1924 1654 1984; x_wconf 93' lang='lat' dir='ltr'>solo</span> <span class='ocrx_word' id='word_1_94' title='bbox 1675 1925 1819 2003; x_wconf 86' lang='lat' dir='ltr'>jure</span> <span class='ocrx_word' id='word_1_95' title='bbox 1867 1924 2163 2003; x_wconf 83' lang='lat' dir='ltr'>exigendi</span> <span class='ocrx_word' id='word_1_96' title='bbox 2219 1924 2405 2003; x_wconf 89' lang='lat' dir='ltr'>quale</span> 
     </span>
     <span class='ocr_line' id='line_1_18' title="bbox 880 2014 2405 2096; baseline 0.002 -22"><span class='ocrx_word' id='word_1_97' title='bbox 880 2014 1013 2093; x_wconf 87' lang='lat' dir='ltr'>ipse</span> <span class='ocrx_word' id='word_1_98' title='bbox 1031 2032 1140 2076; x_wconf 85' lang='lat' dir='ltr'>rex</span> <span class='ocrx_word' id='word_1_99' title='bbox 1168 2015 1557 2096; x_wconf 87' lang='lat' dir='ltr'>habet,quod</span> <span class='ocrx_word' id='word_1_100' title='bbox 1570 2017 1771 2078; x_wconf 90' lang='lat' dir='ltr'>solum</span> <span class='ocrx_word' id='word_1_101' title='bbox 1788 2021 1883 2078; x_wconf 91' lang='lat' dir='ltr'>est</span> <span class='ocrx_word' id='word_1_102' title='bbox 1905 2017 1987 2077; x_wconf 88' lang='lat' dir='ltr'>ad</span> <span class='ocrx_word' id='word_1_103' title='bbox 2000 2015 2405 2096; x_wconf 85' lang='lat' dir='ltr'>exigendum,</span> 
     </span>
     <span class='ocr_line' id='line_1_19' title="bbox 882 2108 2411 2188; baseline 0.001 -21"><span class='ocrx_word' id='word_1_104' title='bbox 882 2108 1185 2186; x_wconf 86' lang='lat' dir='ltr'>quamdiu</span> <span class='ocrx_word' id='word_1_105' title='bbox 1210 2108 1514 2171; x_wconf 88' lang='lat' dir='ltr'>tributum</span> <span class='ocrx_word' id='word_1_106' title='bbox 1560 2108 1801 2188; x_wconf 87' lang='lat' dir='ltr'>justum</span> <span class='ocrx_word' id='word_1_107' title='bbox 1855 2110 2305 2187; x_wconf 66' lang='lat' dir='ltr'>perseveravit.</span> <span class='ocrx_word' id='word_1_108' title='bbox 2340 2112 2411 2171; x_wconf 89' lang='lat' dir='ltr'>ln</span> 
     </span>
     <span class='ocr_line' id='line_1_20' title="bbox 882 2198 2413 2279; baseline 0.002 -20"><span class='ocrx_word' id='word_1_109' title='bbox 882 2198 1002 2260; x_wconf 89' lang='lat' dir='ltr'>hoc</span> <span class='ocrx_word' id='word_1_110' title='bbox 1023 2218 1172 2279; x_wconf 90' lang='lat' dir='ltr'>ergo</span> <span class='ocrx_word' id='word_1_111' title='bbox 1203 2219 1351 2262; x_wconf 91' lang='lat' dir='ltr'>casu</span> <span class='ocrx_word' id='word_1_112' title='bbox 1380 2202 1647 2262; x_wconf 87' lang='lat' dir='ltr'>dicimus</span> <span class='ocrx_word' id='word_1_113' title='bbox 1676 2219 1802 2263; x_wconf 91' lang='lat' dir='ltr'>non</span> <span class='ocrx_word' id='word_1_114' title='bbox 1825 2221 1958 2263; x_wconf 88' lang='lat' dir='ltr'>esse</span> <span class='ocrx_word' id='word_1_115' title='bbox 1989 2202 2413 2263; x_wconf 87' lang='lat' dir='ltr'>differentiam</span> 
     </span>
     <span class='ocr_line' id='line_1_21' title="bbox 883 2293 2407 2374; baseline 0.001 -21"><span class='ocrx_word' id='word_1_116' title='bbox 883 2293 1094 2371; x_wconf 87' lang='lat' dir='ltr'>quoad</span> <span class='ocrx_word' id='word_1_117' title='bbox 1121 2293 1482 2355; x_wconf 75' lang='lat' dir='ltr'>facultatem</span> <span class='ocrx_word' id='word_1_118' title='bbox 1501 2294 1737 2355; x_wconf 90' lang='lat' dir='ltr'>subditi</span> <span class='ocrx_word' id='word_1_119' title='bbox 1782 2295 2234 2374; x_wconf 86' lang='lat' dir='ltr'>compensandi</span> <span class='ocrx_word' id='word_1_120' title='bbox 2266 2294 2407 2371; x_wconf 90' lang='lat' dir='ltr'>sibi,</span> 
     </span>
     <span class='ocr_line' id='line_1_22' title="bbox 883 2386 2414 2465; baseline 0.002 -21"><span class='ocrx_word' id='word_1_121' title='bbox 883 2386 1014 2445; x_wconf 86' lang='lat' dir='ltr'>sive</span> <span class='ocrx_word' id='word_1_122' title='bbox 1030 2404 1135 2446; x_wconf 87' lang='lat' dir='ltr'>rex</span> <span class='ocrx_word' id='word_1_123' title='bbox 1167 2388 1468 2448; x_wconf 87' lang='lat' dir='ltr'>locaverit</span> <span class='ocrx_word' id='word_1_124' title='bbox 1495 2388 1575 2448; x_wconf 91' lang='lat' dir='ltr'>ad</span> <span class='ocrx_word' id='word_1_125' title='bbox 1621 2388 1985 2465; x_wconf 89' lang='lat' dir='ltr'>triennium,</span> <span class='ocrx_word' id='word_1_126' title='bbox 2036 2388 2171 2449; x_wconf 88' lang='lat' dir='ltr'>sive</span> <span class='ocrx_word' id='word_1_127' title='bbox 2200 2388 2414 2448; x_wconf 90' lang='lat' dir='ltr'>vendi-</span> 
     </span>
     <span class='ocr_line' id='line_1_23' title="bbox 884 2476 2408 2559; baseline 0.003 -21"><span class='ocrx_word' id='word_1_128' title='bbox 884 2476 1048 2539; x_wconf 86' lang='lat' dir='ltr'>derit</span> <span class='ocrx_word' id='word_1_129' title='bbox 1090 2478 1152 2539; x_wconf 92' lang='lat' dir='ltr'>in</span> <span class='ocrx_word' id='word_1_130' title='bbox 1184 2484 1558 2559; x_wconf 88' lang='lat' dir='ltr'>perpetuum</span> <span class='ocrx_word' id='word_1_131' title='bbox 1587 2480 1892 2542; x_wconf 87' lang='lat' dir='ltr'>tributum</span> <span class='ocrx_word' id='word_1_132' title='bbox 1918 2480 2039 2542; x_wconf 86' lang='lat' dir='ltr'>sibi</span> <span class='ocrx_word' id='word_1_133' title='bbox 2084 2481 2366 2543; x_wconf 90' lang='lat' dir='ltr'>debitum</span> <span class='ocrx_word' id='word_1_134' title='bbox 2394 2500 2408 2542; x_wconf 74' lang='grc' dir='ltr'><em>τ</em></span> 
     </span>
     <span class='ocr_line' id='line_1_24' title="bbox 884 2572 2413 2654; baseline 0.002 -23"><span class='ocrx_word' id='word_1_135' title='bbox 884 2572 1032 2651; x_wconf 88' lang='lat' dir='ltr'>quia</span> <span class='ocrx_word' id='word_1_136' title='bbox 1061 2572 1125 2633; x_wconf 91' lang='lat' dir='ltr'>in</span> <span class='ocrx_word' id='word_1_137' title='bbox 1153 2578 1422 2654; x_wconf 87' lang='lat' dir='ltr'>utroque</span> <span class='ocrx_word' id='word_1_138' title='bbox 1451 2592 1600 2634; x_wconf 89' lang='lat' dir='ltr'>casu</span> <span class='ocrx_word' id='word_1_139' title='bbox 1658 2593 1767 2634; x_wconf 85' lang='lat' dir='ltr'>rex</span> <span class='ocrx_word' id='word_1_140' title='bbox 1817 2592 1943 2635; x_wconf 92' lang='lat' dir='ltr'>non</span> <span class='ocrx_word' id='word_1_141' title='bbox 2000 2574 2297 2636; x_wconf 80' lang='lat' dir='ltr'>transfert</span> <span class='ocrx_word' id='word_1_142' title='bbox 2351 2575 2413 2634; x_wconf 92' lang='lat' dir='ltr'>in</span> 
     </span>
     <span class='ocr_line' id='line_1_25' title="bbox 883 2666 2415 2747; baseline 0.001 -21"><span class='ocrx_word' id='word_1_143' title='bbox 883 2670 1232 2745; x_wconf 80' lang='lat' dir='ltr'>emptorem</span> <span class='ocrx_word' id='word_1_144' title='bbox 1279 2667 1376 2728; x_wconf 90' lang='lat' dir='ltr'>vel</span> <span class='ocrx_word' id='word_1_145' title='bbox 1404 2668 1766 2745; x_wconf 83' lang='lat' dir='ltr'>locatorem,</span> <span class='ocrx_word' id='word_1_146' title='bbox 1802 2667 1915 2727; x_wconf 87' lang='lat' dir='ltr'>nisi</span> <span class='ocrx_word' id='word_1_147' title='bbox 1939 2666 2044 2747; x_wconf 85' lang='lat' dir='ltr'>jus</span> <span class='ocrx_word' id='word_1_148' title='bbox 2101 2668 2180 2728; x_wconf 90' lang='lat' dir='ltr'>ad</span> <span class='ocrx_word' id='word_1_149' title='bbox 2236 2668 2302 2728; x_wconf 91' lang='lat' dir='ltr'>id</span> <span class='ocrx_word' id='word_1_150' title='bbox 2335 2667 2415 2728; x_wconf 86' lang='lat' dir='ltr'>ad</span> 
     </span>
     <span class='ocr_line' id='line_1_26' title="bbox 885 2759 2416 2839; baseline 0.002 -21"><span class='ocrx_word' id='word_1_151' title='bbox 885 2759 1058 2837; x_wconf 80' lang='lat' dir='ltr'>quod</span> <span class='ocrx_word' id='word_1_152' title='bbox 1087 2777 1193 2818; x_wconf 83' lang='lat' dir='ltr'>rex</span> <span class='ocrx_word' id='word_1_153' title='bbox 1218 2759 1351 2837; x_wconf 89' lang='lat' dir='ltr'>ipse</span> <span class='ocrx_word' id='word_1_154' title='bbox 1383 2759 1658 2820; x_wconf 87' lang='lat' dir='ltr'>habebat</span> <span class='ocrx_word' id='word_1_155' title='bbox 1676 2759 1782 2839; x_wconf 87' lang='lat' dir='ltr'>jus</span> <span class='ocrx_word' id='word_1_156' title='bbox 1797 2760 1878 2820; x_wconf 91' lang='lat' dir='ltr'>ad</span> <span class='ocrx_word' id='word_1_157' title='bbox 1903 2760 2277 2839; x_wconf 85' lang='lat' dir='ltr'>exigendam</span> <span class='ocrx_word' id='word_1_158' title='bbox 2302 2780 2416 2839; x_wconf 89' lang='lat' dir='ltr'>ga-</span> 
     </span>
     <span class='ocr_line' id='line_1_27' title="bbox 885 2851 2412 2933; baseline 0.002 -21"><span class='ocrx_word' id='word_1_159' title='bbox 885 2851 1117 2912; x_wconf 80' lang='lat' dir='ltr'>hellam</span> <span class='ocrx_word' id='word_1_160' title='bbox 1165 2852 1463 2930; x_wconf 86' lang='lat' dir='ltr'>futuram,</span> <span class='ocrx_word' id='word_1_161' title='bbox 1523 2853 1827 2933; x_wconf 90' lang='lat' dir='ltr'>quamdiu</span> <span class='ocrx_word' id='word_1_162' title='bbox 1872 2855 2046 2933; x_wconf 88' lang='lat' dir='ltr'>justa</span> <span class='ocrx_word' id='word_1_163' title='bbox 2089 2858 2412 2928; x_wconf 85' lang='lat' dir='ltr'>maneret;</span> 
     </span>
     <span class='ocr_line' id='line_1_28' title="bbox 887 2944 2412 3025; baseline 0.004 -22"><span class='ocrx_word' id='word_1_164' title='bbox 887 2962 1038 3022; x_wconf 84' lang='lat' dir='ltr'>ergo</span> <span class='ocrx_word' id='word_1_165' title='bbox 1069 2944 1189 3005; x_wconf 88' lang='lat' dir='ltr'>hoc</span> <span class='ocrx_word' id='word_1_166' title='bbox 1217 2945 1419 3006; x_wconf 90' lang='lat' dir='ltr'>solum</span> <span class='ocrx_word' id='word_1_167' title='bbox 1442 2944 1547 3024; x_wconf 84' lang='lat' dir='ltr'>jus</span> <span class='ocrx_word' id='word_1_168' title='bbox 1578 2946 1877 3007; x_wconf 78' lang='lat' dir='ltr'>transfert</span> <span class='ocrx_word' id='word_1_169' title='bbox 1916 2946 1979 3006; x_wconf 92' lang='lat' dir='ltr'>in</span> <span class='ocrx_word' id='word_1_170' title='bbox 2039 2951 2412 3025; x_wconf 89' lang='lat' dir='ltr'>emptorem.</span> 
     </span>
     <span class='ocr_line' id='line_1_29' title="bbox 887 3037 2416 3119; baseline 0.003 -22"><span class='ocrx_word' id='word_1_171' title='bbox 887 3037 1070 3098; x_wconf 85' lang='lat' dir='ltr'>Unde</span> <span class='ocrx_word' id='word_1_172' title='bbox 1097 3037 1147 3096; x_wconf 91' lang='lat' dir='ltr'>si</span> <span class='ocrx_word' id='word_1_173' title='bbox 1177 3041 1396 3117; x_wconf 91' lang='lat' dir='ltr'>postea</span> <span class='ocrx_word' id='word_1_174' title='bbox 1450 3043 1725 3100; x_wconf 86' lang='lat' dir='ltr'>cessaret</span> <span class='ocrx_word' id='word_1_175' title='bbox 1766 3040 2107 3100; x_wconf 88' lang='lat' dir='ltr'>necessitas</span> <span class='ocrx_word' id='word_1_176' title='bbox 2165 3040 2416 3119; x_wconf 88' lang='lat' dir='ltr'>publica</span> 
     </span>
     <span class='ocr_line' id='line_1_30' title="bbox 887 3129 2421 3211; baseline 0.002 -19"><span class='ocrx_word' id='word_1_177' title='bbox 887 3129 967 3192; x_wconf 83' lang='lat' dir='ltr'>ad</span> <span class='ocrx_word' id='word_1_178' title='bbox 998 3148 1189 3210; x_wconf 84' lang='lat' dir='ltr'>quam</span> <span class='ocrx_word' id='word_1_179' title='bbox 1217 3131 1578 3211; x_wconf 89' lang='lat' dir='ltr'>impositum</span> <span class='ocrx_word' id='word_1_180' title='bbox 1608 3133 1725 3194; x_wconf 83' lang='lat' dir='ltr'>fuit</span> <span class='ocrx_word' id='word_1_181' title='bbox 1759 3133 2093 3210; x_wconf 89' lang='lat' dir='ltr'>tributum,</span> <span class='ocrx_word' id='word_1_182' title='bbox 2128 3152 2254 3195; x_wconf 90' lang='lat' dir='ltr'>non</span> <span class='ocrx_word' id='word_1_183' title='bbox 2285 3152 2421 3195; x_wconf 89' lang='lat' dir='ltr'>ma-</span> 
     </span>
     <span class='ocr_line' id='line_1_31' title="bbox 886 3222 2417 3306; baseline 0.004 -24"><span class='ocrx_word' id='word_1_184' title='bbox 886 3223 984 3302; x_wconf 86' lang='lat' dir='ltr'>gis</span> <span class='ocrx_word' id='word_1_185' title='bbox 1002 3222 1334 3286; x_wconf 86' lang='lat' dir='ltr'>debebitur</span> <span class='ocrx_word' id='word_1_186' title='bbox 1352 3225 1657 3287; x_wconf 89' lang='lat' dir='ltr'>tributum</span> <span class='ocrx_word' id='word_1_187' title='bbox 1684 3226 1955 3304; x_wconf 86' lang='lat' dir='ltr'>emptori</span> <span class='ocrx_word' id='word_1_188' title='bbox 1980 3245 2171 3306; x_wconf 88' lang='lat' dir='ltr'>quam</span> <span class='ocrx_word' id='word_1_189' title='bbox 2221 3227 2417 3288; x_wconf 88' lang='lat' dir='ltr'>debe·</span> 
     </span>
     <span class='ocr_line' id='line_1_32' title="bbox 887 3317 2422 3397; baseline 0.001 -17"><span class='ocrx_word' id='word_1_190' title='bbox 887 3321 1063 3380; x_wconf 79' lang='lat' dir='ltr'>retur</span> <span class='ocrx_word' id='word_1_191' title='bbox 1089 3317 1206 3395; x_wconf 89' lang='lat' dir='ltr'>ipsi</span> <span class='ocrx_word' id='word_1_192' title='bbox 1236 3319 1390 3397; x_wconf 89' lang='lat' dir='ltr'>regi,</span> <span class='ocrx_word' id='word_1_193' title='bbox 1422 3319 1473 3380; x_wconf 86' lang='lat' dir='ltr'>si</span> <span class='ocrx_word' id='word_1_194' title='bbox 1503 3319 1657 3379; x_wconf 89' lang='lat' dir='ltr'>illud</span> <span class='ocrx_word' id='word_1_195' title='bbox 1688 3337 1813 3380; x_wconf 92' lang='lat' dir='ltr'>non</span> <span class='ocrx_word' id='word_1_196' title='bbox 1844 3319 2233 3382; x_wconf 83' lang='lat' dir='ltr'>vendidisset</span> <span class='ocrx_word' id='word_1_197' title='bbox 2264 3341 2278 3395; x_wconf 89' lang='grc'>;</span> <span class='ocrx_word' id='word_1_198' title='bbox 2309 3322 2422 3382; x_wconf 89' lang='lat' dir='ltr'>ali-</span> 
     </span>
     <span class='ocr_line' id='line_1_33' title="bbox 890 3410 2421 3491; baseline 0.003 -21"><span class='ocrx_word' id='word_1_199' title='bbox 890 3411 1046 3491; x_wconf 70' lang='lat' dir='ltr'>quain</span> <span class='ocrx_word' id='word_1_200' title='bbox 1077 3410 1405 3472; x_wconf 84' lang='lat' dir='ltr'>vendendo</span> <span class='ocrx_word' id='word_1_201' title='bbox 1449 3412 1749 3474; x_wconf 84' lang='lat' dir='ltr'>tributum</span> <span class='ocrx_word' id='word_1_202' title='bbox 1782 3412 2225 3475; x_wconf 87' lang='lat' dir='ltr'>deteriorasset</span> <span class='ocrx_word' id='word_1_203' title='bbox 2277 3432 2421 3475; x_wconf 90' lang='lat' dir='ltr'>cau-</span> 
     </span>
     <span class='ocr_line' id='line_1_34' title="bbox 890 3504 2425 3585; baseline 0.005 -22"><span class='ocrx_word' id='word_1_204' title='bbox 890 3522 1028 3564; x_wconf 87' lang='lat' dir='ltr'>sam</span> <span class='ocrx_word' id='word_1_205' title='bbox 1053 3504 1470 3581; x_wconf 79' lang='lat' dir='ltr'>subditorum,</span> <span class='ocrx_word' id='word_1_206' title='bbox 1507 3506 1612 3585; x_wconf 91' lang='lat' dir='ltr'>qui</span> <span class='ocrx_word' id='word_1_207' title='bbox 1643 3510 1829 3567; x_wconf 87' lang='lat' dir='ltr'>antea</span> <span class='ocrx_word' id='word_1_208' title='bbox 1864 3524 1988 3568; x_wconf 90' lang='lat' dir='ltr'>non</span> <span class='ocrx_word' id='word_1_209' title='bbox 2041 3506 2425 3570; x_wconf 89' lang='lat' dir='ltr'>tenebantur</span> 
     </span>
     <span class='ocr_line' id='line_1_35' title="bbox 892 3597 2423 3680; baseline 0.003 -23"><span class='ocrx_word' id='word_1_210' title='bbox 892 3597 1012 3658; x_wconf 72' lang='lat' dir='ltr'>nisi</span> <span class='ocrx_word' id='word_1_211' title='bbox 1036 3598 1122 3659; x_wconf 88' lang='lat' dir='ltr'>ad</span> <span class='ocrx_word' id='word_1_212' title='bbox 1158 3599 1530 3661; x_wconf 79' lang='lat' dir='ltr'>solvendum</span> <span class='ocrx_word' id='word_1_213' title='bbox 1563 3600 1891 3676; x_wconf 85' lang='lat' dir='ltr'>tributum,</span> <span class='ocrx_word' id='word_1_214' title='bbox 1930 3600 2234 3679; x_wconf 89' lang='lat' dir='ltr'>quamdiu</span> <span class='ocrx_word' id='word_1_215' title='bbox 2286 3601 2423 3680; x_wconf 88' lang='lat' dir='ltr'>jus-</span> 
     </span>
     <span class='ocr_line' id='line_1_36' title="bbox 891 3692 2423 3772; baseline 0.003 -19"><span class='ocrx_word' id='word_1_216' title='bbox 891 3695 1025 3753; x_wconf 89' lang='lat' dir='ltr'>tum</span> <span class='ocrx_word' id='word_1_217' title='bbox 1057 3697 1552 3772; x_wconf 53' lang='lat' dir='ltr'>perseverassem</span> <span class='ocrx_word' id='word_1_218' title='bbox 1586 3697 1730 3771; x_wconf 83' lang='lat' dir='ltr'>post</span> <span class='ocrx_word' id='word_1_219' title='bbox 1766 3692 2216 3772; x_wconf 85' lang='lat' dir='ltr'>obligationem</span> <span class='ocrx_word' id='word_1_220' title='bbox 2273 3713 2423 3757; x_wconf 80' lang='lat' dir='ltr'>vero</span> 
     </span>
     <span class='ocr_line' id='line_1_37' title="bbox 891 3785 2425 3867; baseline 0 -19"><span class='ocrx_word' id='word_1_221' title='bbox 891 3785 1150 3866; x_wconf 89' lang='lat' dir='ltr'>obligati</span> <span class='ocrx_word' id='word_1_222' title='bbox 1185 3790 1516 3848; x_wconf 88' lang='lat' dir='ltr'>manerent</span> <span class='ocrx_word' id='word_1_223' title='bbox 1541 3787 1617 3846; x_wconf 86' lang='lat' dir='ltr'>ad</span> <span class='ocrx_word' id='word_1_224' title='bbox 1653 3785 2023 3846; x_wconf 83' lang='lat' dir='ltr'>solvendum</span> <span class='ocrx_word' id='word_1_225' title='bbox 2078 3787 2140 3846; x_wconf 91' lang='lat' dir='ltr'>in</span> <span class='ocrx_word' id='word_1_226' title='bbox 2198 3806 2425 3867; x_wconf 87' lang='lat' dir='ltr'>perpe·</span> 
     </span>
     <span class='ocr_line' id='line_1_38' title="bbox 890 3880 2426 3957; baseline 0 -15"><span class='ocrx_word' id='word_1_227' title='bbox 890 3885 1094 3957; x_wconf 78' lang='lat' dir='ltr'>tuum,</span> <span class='ocrx_word' id='word_1_228' title='bbox 1141 3881 1330 3942; x_wconf 87' lang='lat' dir='ltr'>etiam</span> <span class='ocrx_word' id='word_1_229' title='bbox 1362 3884 1645 3940; x_wconf 84' lang='lat' dir='ltr'>cessante</span> <span class='ocrx_word' id='word_1_230' title='bbox 1670 3897 1860 3939; x_wconf 88' lang='lat' dir='ltr'>causa</span> <span class='ocrx_word' id='word_1_231' title='bbox 1927 3880 2316 3942; x_wconf 72' lang='lat' dir='ltr'>necessitatis</span> <span class='ocrx_word' id='word_1_232' title='bbox 2343 3881 2426 3942; x_wconf 89' lang='lat' dir='ltr'>ad</span> 
     </span>
     <span class='ocr_line' id='line_1_39' title="bbox 893 3973 2427 4054; baseline 0 -20"><span class='ocrx_word' id='word_1_233' title='bbox 893 3992 1087 4054; x_wconf 87' lang='lat' dir='ltr'>quam</span> <span class='ocrx_word' id='word_1_234' title='bbox 1118 3973 1483 4052; x_wconf 86' lang='lat' dir='ltr'>impositum</span> <span class='ocrx_word' id='word_1_235' title='bbox 1510 3973 1647 4048; x_wconf 81' lang='lat' dir='ltr'>fuit,</span> <span class='ocrx_word' id='word_1_236' title='bbox 1697 3976 1889 4052; x_wconf 89' lang='lat' dir='ltr'>atque</span> <span class='ocrx_word' id='word_1_237' title='bbox 1914 3973 2075 4033; x_wconf 87' lang='lat' dir='ltr'>adeo</span> <span class='ocrx_word' id='word_1_238' title='bbox 2105 3974 2427 4034; x_wconf 86' lang='lat' dir='ltr'>vendidis-</span> 
     </span>
     <span class='ocr_line' id='line_1_40' title="bbox 893 4065 2430 4147; baseline 0 -19"><span class='ocrx_word' id='word_1_239' title='bbox 893 4070 989 4128; x_wconf 79' lang='lat' dir='ltr'>set</span> <span class='ocrx_word' id='word_1_240' title='bbox 1018 4066 1081 4126; x_wconf 93' lang='lat' dir='ltr'>id</span> <span class='ocrx_word' id='word_1_241' title='bbox 1112 4066 1191 4127; x_wconf 89' lang='lat' dir='ltr'>ad</span> <span class='ocrx_word' id='word_1_242' title='bbox 1222 4065 1391 4147; x_wconf 88' lang='lat' dir='ltr'>quod</span> <span class='ocrx_word' id='word_1_243' title='bbox 1418 4066 1551 4144; x_wconf 90' lang='lat' dir='ltr'>ipse</span> <span class='ocrx_word' id='word_1_244' title='bbox 1583 4083 1695 4125; x_wconf 82' lang='lat' dir='ltr'>rex</span> <span class='ocrx_word' id='word_1_245' title='bbox 1725 4083 1850 4125; x_wconf 87' lang='lat' dir='ltr'>non</span> <span class='ocrx_word' id='word_1_246' title='bbox 1883 4065 2160 4128; x_wconf 88' lang='lat' dir='ltr'>habebat</span> <span class='ocrx_word' id='word_1_247' title='bbox 2206 4065 2332 4147; x_wconf 86' lang='lat' dir='ltr'>jus,</span> <span class='ocrx_word' id='word_1_248' title='bbox 2366 4071 2430 4128; x_wconf 88' lang='lat' dir='ltr'>et</span> 
     </span>
     <span class='ocr_line' id='line_1_41' title="bbox 895 4157 2426 4240; baseline 0.001 -20"><span class='ocrx_word' id='word_1_249' title='bbox 895 4160 1015 4222; x_wconf 89' lang='lat' dir='ltr'>hoc</span> <span class='ocrx_word' id='word_1_250' title='bbox 1105 4160 1166 4221; x_wconf 91' lang='lat' dir='ltr'>in</span> <span class='ocrx_word' id='word_1_251' title='bbox 1234 4160 1578 4219; x_wconf 83' lang='lat' dir='ltr'>maximum</span> <span class='ocrx_word' id='word_1_252' title='bbox 1659 4157 2056 4219; x_wconf 89' lang='lat' dir='ltr'>subditorum</span> <span class='ocrx_word' id='word_1_253' title='bbox 2135 4159 2426 4240; x_wconf 68' lang='lat' dir='ltr'>praejudi-</span> 
     </span>
     <span class='ocr_line' id='line_1_42' title="bbox 896 4251 2426 4332; baseline 0 -18"><span class='ocrx_word' id='word_1_254' title='bbox 896 4253 1086 4330; x_wconf 90' lang='lat' dir='ltr'>cium,</span> <span class='ocrx_word' id='word_1_255' title='bbox 1120 4254 1348 4332; x_wconf 88' lang='lat' dir='ltr'>quibus</span> <span class='ocrx_word' id='word_1_256' title='bbox 1402 4252 1613 4314; x_wconf 78' lang='lat' dir='ltr'>invitis</span> <span class='ocrx_word' id='word_1_257' title='bbox 1642 4270 1875 4312; x_wconf 74' lang='lat' dir='ltr'>novum</span> <span class='ocrx_word' id='word_1_258' title='bbox 1939 4251 2096 4313; x_wconf 90' lang='lat' dir='ltr'>illud</span> <span class='ocrx_word' id='word_1_259' title='bbox 2128 4271 2287 4314; x_wconf 88' lang='lat' dir='ltr'>onus</span> <span class='ocrx_word' id='word_1_260' title='bbox 2316 4254 2426 4314; x_wconf 89' lang='lat' dir='ltr'>im-</span> 
     </span>
     <span class='ocr_line' id='line_1_43' title="bbox 891 4345 2124 4426; baseline -0.001 -19"><span class='ocrx_word' id='word_1_261' title='bbox 891 4350 1179 4425; x_wconf 89' lang='lat' dir='ltr'>poneret,</span> <span class='ocrx_word' id='word_1_262' title='bbox 1207 4346 1375 4426; x_wconf 88' lang='lat' dir='ltr'>quod</span> <span class='ocrx_word' id='word_1_263' title='bbox 1409 4349 1595 4407; x_wconf 88' lang='lat' dir='ltr'>antea</span> <span class='ocrx_word' id='word_1_264' title='bbox 1627 4363 1748 4405; x_wconf 91' lang='lat' dir='ltr'>non</span> <span class='ocrx_word' id='word_1_265' title='bbox 1782 4345 2124 4406; x_wconf 89' lang='lat' dir='ltr'>habebant.</span> 
     </span>
    </p>

    <p class='ocr_par' dir='ltr' id='par_1_4' title="bbox 894 4437 2429 4894">
     <span class='ocr_line' id='line_1_44' title="bbox 979 4437 2428 4518; baseline -0.001 -18"><span class='ocrx_word' id='word_1_266' title='bbox 979 4440 1067 4500; x_wconf 83' lang='lat' dir='ltr'>Ex</span> <span class='ocrx_word' id='word_1_267' title='bbox 1106 4439 1226 4500; x_wconf 84' lang='lat' dir='ltr'>boc</span> <span class='ocrx_word' id='word_1_268' title='bbox 1255 4457 1404 4517; x_wconf 90' lang='lat' dir='ltr'>ergo</span> <span class='ocrx_word' id='word_1_269' title='bbox 1425 4437 1730 4518; x_wconf 86' lang='lat' dir='ltr'>principio</span> <span class='ocrx_word' id='word_1_270' title='bbox 1774 4439 1944 4518; x_wconf 88' lang='lat' dir='ltr'>quod</span> <span class='ocrx_word' id='word_1_271' title='bbox 1973 4444 2217 4500; x_wconf 89' lang='lat' dir='ltr'>certum</span> <span class='ocrx_word' id='word_1_272' title='bbox 2247 4439 2428 4499; x_wconf 84' lang='lat' dir='ltr'>vide-</span> 
     </span>
     <span class='ocr_line' id='line_1_45' title="bbox 897 4531 2429 4612; baseline -0.001 -17"><span class='ocrx_word' id='word_1_273' title='bbox 897 4537 1020 4610; x_wconf 89' lang='lat' dir='ltr'>tur,</span> <span class='ocrx_word' id='word_1_274' title='bbox 1052 4534 1510 4612; x_wconf 88' lang='lat' dir='ltr'>consequenter</span> <span class='ocrx_word' id='word_1_275' title='bbox 1536 4532 1785 4592; x_wconf 79' lang='lat' dir='ltr'>videtur</span> <span class='ocrx_word' id='word_1_276' title='bbox 1811 4532 1968 4608; x_wconf 86' lang='lat' dir='ltr'>fieri,</span> <span class='ocrx_word' id='word_1_277' title='bbox 2005 4532 2174 4611; x_wconf 91' lang='lat' dir='ltr'>quod</span> <span class='ocrx_word' id='word_1_278' title='bbox 2201 4531 2251 4591; x_wconf 92' lang='lat' dir='ltr'>si</span> <span class='ocrx_word' id='word_1_279' title='bbox 2287 4535 2429 4611; x_wconf 85' lang='lat' dir='ltr'>post</span> 
     </span>
     <span class='ocr_line' id='line_1_46' title="bbox 898 4624 2427 4704; baseline -0.001 -18"><span class='ocrx_word' id='word_1_280' title='bbox 898 4626 1325 4688; x_wconf 84' lang='lat' dir='ltr'>venditionem</span> <span class='ocrx_word' id='word_1_281' title='bbox 1355 4626 1594 4701; x_wconf 86' lang='lat' dir='ltr'>tributi,</span> <span class='ocrx_word' id='word_1_282' title='bbox 1626 4645 1734 4686; x_wconf 85' lang='lat' dir='ltr'>rex</span> <span class='ocrx_word' id='word_1_283' title='bbox 1763 4625 1887 4686; x_wconf 86' lang='lat' dir='ltr'>alia</span> <span class='ocrx_word' id='word_1_284' title='bbox 1941 4624 2162 4704; x_wconf 82' lang='lat' dir='ltr'>gravia</span> <span class='ocrx_word' id='word_1_285' title='bbox 2194 4625 2427 4686; x_wconf 89' lang='lat' dir='ltr'>tributa</span> 
     </span>
     <span class='ocr_line' id='line_1_47' title="bbox 898 4717 2428 4800; baseline -0.003 -18"><span class='ocrx_word' id='word_1_286' title='bbox 898 4722 1199 4800; x_wconf 87' lang='lat' dir='ltr'>imponat,</span> <span class='ocrx_word' id='word_1_287' title='bbox 1235 4736 1374 4798; x_wconf 84' lang='lat' dir='ltr'>quae</span> <span class='ocrx_word' id='word_1_288' title='bbox 1404 4719 1588 4779; x_wconf 89' lang='lat' dir='ltr'>simul</span> <span class='ocrx_word' id='word_1_289' title='bbox 1617 4738 1760 4779; x_wconf 90' lang='lat' dir='ltr'>cum</span> <span class='ocrx_word' id='word_1_290' title='bbox 1789 4719 1894 4779; x_wconf 91' lang='lat' dir='ltr'>illo</span> <span class='ocrx_word' id='word_1_291' title='bbox 1924 4717 2306 4797; x_wconf 66' lang='lat' dir='ltr'>praecedenti</span> <span class='ocrx_word' id='word_1_292' title='bbox 2335 4718 2428 4778; x_wconf 87' lang='lat' dir='ltr'>ni-</span> 
     </span>
     <span class='ocr_line' id='line_1_48' title="bbox 894 4810 2429 4894; baseline -0.002 -19"><span class='ocrx_word' id='word_1_293' title='bbox 894 4815 1018 4876; x_wconf 86' lang='lat' dir='ltr'>mis</span> <span class='ocrx_word' id='word_1_294' title='bbox 1045 4816 1315 4894; x_wconf 79' lang='lat' dir='ltr'>gravent</span> <span class='ocrx_word' id='word_1_295' title='bbox 1346 4812 1652 4887; x_wconf 72' lang='lat' dir='ltr'>subditos,</span> <span class='ocrx_word' id='word_1_296' title='bbox 1686 4812 1772 4872; x_wconf 89' lang='lat' dir='ltr'>ita</span> <span class='ocrx_word' id='word_1_297' title='bbox 1801 4814 1871 4872; x_wconf 91' lang='lat' dir='ltr'>ut</span> <span class='ocrx_word' id='word_1_298' title='bbox 1896 4814 2026 4872; x_wconf 86' lang='lat' dir='ltr'>tota</span> <span class='ocrx_word' id='word_1_299' title='bbox 2065 4811 2170 4870; x_wconf 88' lang='lat' dir='ltr'>illa</span> <span class='ocrx_word' id='word_1_300' title='bbox 2202 4810 2429 4872; x_wconf 90' lang='lat' dir='ltr'>collec-</span> 
     </span>
    </p>
   </div>
   <div class='ocr_carea' id='block_1_3' title="bbox 1988 353 2878 417">
    <p class='ocr_par' dir='ltr' id='par_1_5' title="bbox 1988 353 2878 417">
     <span class='ocr_line' id='line_1_49' title="bbox 1988 353 2878 417; baseline -0.001 -3"><span class='ocrx_word' id='word_1_301' title='bbox 1988 353 2093 414; x_wconf 83' lang='lat' dir='ltr'>DE</span> <span class='ocrx_word' id='word_1_302' title='bbox 2134 354 2169 415; x_wconf 85' lang='lat' dir='ltr'>J</span> <span class='ocrx_word' id='word_1_303' title='bbox 2177 353 2492 415; x_wconf 82' lang='lat' dir='ltr'>USTITIA</span> <span class='ocrx_word' id='word_1_304' title='bbox 2534 353 2637 416; x_wconf 77' lang='lat' dir='ltr'>ET</span> <span class='ocrx_word' id='word_1_305' title='bbox 2677 353 2878 417; x_wconf 72' lang='lat' dir='ltr'>malt</span> 
     </span>
    </p>
   </div>
   <div class='ocr_carea' id='block_1_4' title="bbox 2499 528 4086 4885">
    <p class='ocr_par' dir='ltr' id='par_1_6' title="bbox 2499 528 4032 1352">
     <span class='ocr_line' id='line_1_50' title="bbox 2501 528 4027 610; baseline 0 -19"><span class='ocrx_word' id='word_1_306' title='bbox 2501 528 2879 591; x_wconf 89' lang='lat' dir='ltr'>tributorum</span> <span class='ocrx_word' id='word_1_307' title='bbox 2924 528 3060 610; x_wconf 87' lang='lat' dir='ltr'>jam</span> <span class='ocrx_word' id='word_1_308' title='bbox 3089 529 3239 590; x_wconf 88' lang='lat' dir='ltr'>illud</span> <span class='ocrx_word' id='word_1_309' title='bbox 3271 528 3444 608; x_wconf 89' lang='lat' dir='ltr'>prius</span> <span class='ocrx_word' id='word_1_310' title='bbox 3500 529 3788 591; x_wconf 90' lang='lat' dir='ltr'>reddit-ur</span> <span class='ocrx_word' id='word_1_311' title='bbox 3848 530 4027 609; x_wconf 80' lang='lat' dir='ltr'>injus-</span> 
     </span>
     <span class='ocr_line' id='line_1_51' title="bbox 2500 621 4021 702; baseline -0.001 -19"><span class='ocrx_word' id='word_1_312' title='bbox 2500 625 2637 683; x_wconf 87' lang='lat' dir='ltr'>tum</span> <span class='ocrx_word' id='word_1_313' title='bbox 2692 622 3100 702; x_wconf 83' lang='lat' dir='ltr'>aggravando</span> <span class='ocrx_word' id='word_1_314' title='bbox 3130 621 3431 682; x_wconf 87' lang='lat' dir='ltr'>nimirum</span> <span class='ocrx_word' id='word_1_315' title='bbox 3460 622 3744 683; x_wconf 88' lang='lat' dir='ltr'>subditos</span> <span class='ocrx_word' id='word_1_316' title='bbox 3773 622 4021 683; x_wconf 85' lang='lat' dir='ltr'>aliunde</span> 
     </span>
     <span class='ocr_line' id='line_1_52' title="bbox 2503 714 4028 795; baseline 0.001 -21"><span class='ocrx_word' id='word_1_317' title='bbox 2503 720 2817 794; x_wconf 78' lang='lat' dir='ltr'>gravatos,</span> <span class='ocrx_word' id='word_1_318' title='bbox 2877 734 2993 776; x_wconf 88' lang='lat' dir='ltr'>noc</span> <span class='ocrx_word' id='word_1_319' title='bbox 3022 718 3307 794; x_wconf 88' lang='lat' dir='ltr'>potentes</span> <span class='ocrx_word' id='word_1_320' title='bbox 3325 714 3479 775; x_wconf 92' lang='lat' dir='ltr'>illud</span> <span class='ocrx_word' id='word_1_321' title='bbox 3505 715 3749 776; x_wconf 79' lang='lat' dir='ltr'>solvere</span> <span class='ocrx_word' id='word_1_322' title='bbox 3784 715 4028 795; x_wconf 88' lang='lat' dir='ltr'>quando</span> 
     </span>
     <span class='ocr_line' id='line_1_53' title="bbox 2504 809 4030 888; baseline -0.001 -19"><span class='ocrx_word' id='word_1_323' title='bbox 2504 809 2626 869; x_wconf 89' lang='lat' dir='ltr'>alia</span> <span class='ocrx_word' id='word_1_324' title='bbox 2654 809 2895 870; x_wconf 83' lang='lat' dir='ltr'>solvere</span> <span class='ocrx_word' id='word_1_325' title='bbox 2913 812 3245 888; x_wconf 90' lang='lat' dir='ltr'>coguntur.</span> <span class='ocrx_word' id='word_1_326' title='bbox 3282 811 3437 869; x_wconf 88' lang='lat' dir='ltr'>Cum</span> <span class='ocrx_word' id='word_1_327' title='bbox 3476 827 3626 887; x_wconf 90' lang='lat' dir='ltr'>ergo</span> <span class='ocrx_word' id='word_1_328' title='bbox 3657 814 3917 888; x_wconf 87' lang='lat' dir='ltr'>emptor</span> <span class='ocrx_word' id='word_1_329' title='bbox 3947 827 4030 869; x_wconf 87' lang='lat' dir='ltr'>so·</span> 
     </span>
     <span class='ocr_line' id='line_1_54' title="bbox 2501 900 4029 982; baseline -0.001 -20"><span class='ocrx_word' id='word_1_330' title='bbox 2501 901 2634 962; x_wconf 92' lang='lat' dir='ltr'>lum</span> <span class='ocrx_word' id='word_1_331' title='bbox 2663 900 3024 982; x_wconf 86' lang='lat' dir='ltr'>acquisierit</span> <span class='ocrx_word' id='word_1_332' title='bbox 3063 900 3169 980; x_wconf 89' lang='lat' dir='ltr'>jus</span> <span class='ocrx_word' id='word_1_333' title='bbox 3195 901 3276 961; x_wconf 88' lang='lat' dir='ltr'>ad</span> <span class='ocrx_word' id='word_1_334' title='bbox 3322 901 3705 979; x_wconf 85' lang='lat' dir='ltr'>exigendum</span> <span class='ocrx_word' id='word_1_335' title='bbox 3732 902 4029 962; x_wconf 87' lang='lat' dir='ltr'>tributum</span> 
     </span>
     <span class='ocr_line' id='line_1_55' title="bbox 2499 994 4030 1074; baseline -0.001 -20"><span class='ocrx_word' id='word_1_336' title='bbox 2499 994 2678 1071; x_wconf 88' lang='lat' dir='ltr'>illud,</span> <span class='ocrx_word' id='word_1_337' title='bbox 2705 995 3006 1074; x_wconf 89' lang='lat' dir='ltr'>quamdiu</span> <span class='ocrx_word' id='word_1_338' title='bbox 3026 994 3269 1071; x_wconf 86' lang='lat' dir='ltr'>justum</span> <span class='ocrx_word' id='word_1_339' title='bbox 3302 999 3779 1073; x_wconf 86' lang='lat' dir='ltr'>perseveraret;</span> <span class='ocrx_word' id='word_1_340' title='bbox 3817 1012 4030 1055; x_wconf 86' lang='lat' dir='ltr'>conse-</span> 
     </span>
     <span class='ocr_line' id='line_1_56' title="bbox 2504 1086 4032 1167; baseline 0 -21"><span class='ocrx_word' id='word_1_341' title='bbox 2504 1105 2703 1166; x_wconf 87' lang='lat' dir='ltr'>quens</span> <span class='ocrx_word' id='word_1_342' title='bbox 2731 1092 2824 1149; x_wconf 88' lang='lat' dir='ltr'>est</span> <span class='ocrx_word' id='word_1_343' title='bbox 2853 1091 2923 1149; x_wconf 92' lang='lat' dir='ltr'>ut</span> <span class='ocrx_word' id='word_1_344' title='bbox 2941 1089 3077 1167; x_wconf 90' lang='lat' dir='ltr'>jam</span> <span class='ocrx_word' id='word_1_345' title='bbox 3107 1105 3231 1147; x_wconf 90' lang='lat' dir='ltr'>non</span> <span class='ocrx_word' id='word_1_346' title='bbox 3261 1086 3573 1149; x_wconf 87' lang='lat' dir='ltr'>debeatur</span> <span class='ocrx_word' id='word_1_347' title='bbox 3600 1086 3687 1148; x_wconf 90' lang='lat' dir='ltr'>illi</span> <span class='ocrx_word' id='word_1_348' title='bbox 3746 1086 3875 1147; x_wconf 86' lang='lat' dir='ltr'>tale</span> <span class='ocrx_word' id='word_1_349' title='bbox 3938 1087 4032 1146; x_wconf 85' lang='lat' dir='ltr'>tri-</span> 
     </span>
     <span class='ocr_line' id='line_1_57' title="bbox 2502 1178 4029 1257; baseline -0.001 -16"><span class='ocrx_word' id='word_1_350' title='bbox 2502 1180 2747 1257; x_wconf 89' lang='lat' dir='ltr'>butum,</span> <span class='ocrx_word' id='word_1_351' title='bbox 2780 1198 2923 1242; x_wconf 91' lang='lat' dir='ltr'>cum</span> <span class='ocrx_word' id='word_1_352' title='bbox 2979 1180 3044 1239; x_wconf 89' lang='lat' dir='ltr'>in</span> <span class='ocrx_word' id='word_1_353' title='bbox 3104 1180 3201 1240; x_wconf 87' lang='lat' dir='ltr'>his</span> <span class='ocrx_word' id='word_1_354' title='bbox 3256 1180 3752 1241; x_wconf 83' lang='lat' dir='ltr'>circumstantiis</span> <span class='ocrx_word' id='word_1_355' title='bbox 3782 1178 4029 1240; x_wconf 83' lang='lat' dir='ltr'>desierit</span> 
     </span>
     <span class='ocr_line' id='line_1_58' title="bbox 2506 1273 2940 1352; baseline 0.007 -19"><span class='ocrx_word' id='word_1_356' title='bbox 2506 1291 2641 1334; x_wconf 87' lang='lat' dir='ltr'>esse</span> <span class='ocrx_word' id='word_1_357' title='bbox 2677 1273 2940 1352; x_wconf 85' lang='lat' dir='ltr'>justum.</span> 
     </span>
    </p>

    <p class='ocr_par' dir='ltr' id='par_1_7' title="bbox 2506 1366 4083 4790">
     <span class='ocr_line' id='line_1_59' title="bbox 2586 1366 4029 1445; baseline -0.003 -16"><span class='ocrx_word' id='word_1_358' title='bbox 2586 1367 2765 1429; x_wconf 89' lang='lat' dir='ltr'>Unde</span> <span class='ocrx_word' id='word_1_359' title='bbox 2799 1387 3018 1428; x_wconf 91' lang='lat' dir='ltr'>rursus</span> <span class='ocrx_word' id='word_1_360' title='bbox 3045 1367 3121 1427; x_wconf 90' lang='lat' dir='ltr'>ad</span> <span class='ocrx_word' id='word_1_361' title='bbox 3150 1384 3369 1428; x_wconf 85' lang='lat' dir='ltr'>casum</span> <span class='ocrx_word' id='word_1_362' title='bbox 3399 1370 3681 1426; x_wconf 87' lang='lat' dir='ltr'>nostrum</span> <span class='ocrx_word' id='word_1_363' title='bbox 3742 1366 3928 1445; x_wconf 87' lang='lat' dir='ltr'>sequi</span> <span class='ocrx_word' id='word_1_364' title='bbox 3958 1366 4029 1425; x_wconf 77' lang='lat' dir='ltr'>vi·</span> 
     </span>
     <span class='ocr_line' id='line_1_60' title="bbox 2506 1459 4027 1537; baseline -0.002 -15"><span class='ocrx_word' id='word_1_365' title='bbox 2506 1461 2709 1536; x_wconf 87' lang='lat' dir='ltr'>detur,</span> <span class='ocrx_word' id='word_1_366' title='bbox 2755 1460 3185 1522; x_wconf 82' lang='lat' dir='ltr'>venditionem</span> <span class='ocrx_word' id='word_1_367' title='bbox 3242 1460 3414 1520; x_wconf 90' lang='lat' dir='ltr'>illam</span> <span class='ocrx_word' id='word_1_368' title='bbox 3442 1459 3617 1537; x_wconf 91' lang='lat' dir='ltr'>prius</span> <span class='ocrx_word' id='word_1_369' title='bbox 3645 1460 3883 1520; x_wconf 85' lang='lat' dir='ltr'>factam</span> <span class='ocrx_word' id='word_1_370' title='bbox 3916 1476 4027 1519; x_wconf 86' lang='lat' dir='ltr'>non</span> 
     </span>
     <span class='ocr_line' id='line_1_61' title="bbox 2507 1551 4033 1632; baseline -0.002 -18"><span class='ocrx_word' id='word_1_371' title='bbox 2507 1572 2692 1632; x_wconf 88' lang='lat' dir='ltr'>posse</span> <span class='ocrx_word' id='word_1_372' title='bbox 2720 1553 2992 1617; x_wconf 90' lang='lat' dir='ltr'>subditis</span> <span class='ocrx_word' id='word_1_373' title='bbox 3020 1551 3460 1632; x_wconf 84' lang='lat' dir='ltr'>praejudicare,</span> <span class='ocrx_word' id='word_1_374' title='bbox 3489 1570 3566 1611; x_wconf 88' lang='lat' dir='ltr'>ne</span> <span class='ocrx_word' id='word_1_375' title='bbox 3615 1552 3862 1630; x_wconf 85' lang='lat' dir='ltr'>possint</span> <span class='ocrx_word' id='word_1_376' title='bbox 3900 1552 4033 1611; x_wconf 86' lang='lat' dir='ltr'>reti-</span> 
     </span>
     <span class='ocr_line' id='line_1_62' title="bbox 2508 1643 4031 1726; baseline -0.003 -20"><span class='ocrx_word' id='word_1_377' title='bbox 2508 1665 2657 1706; x_wconf 88' lang='lat' dir='ltr'>nere</span> <span class='ocrx_word' id='word_1_378' title='bbox 2677 1646 2990 1726; x_wconf 75' lang='lat' dir='ltr'>gabellum</span> <span class='ocrx_word' id='word_1_379' title='bbox 3019 1646 3190 1706; x_wconf 89' lang='lat' dir='ltr'>illam</span> <span class='ocrx_word' id='word_1_380' title='bbox 3223 1645 3302 1705; x_wconf 88' lang='lat' dir='ltr'>ad</span> <span class='ocrx_word' id='word_1_381' title='bbox 3351 1643 3900 1722; x_wconf 88' lang='lat' dir='ltr'>compensandum</span> <span class='ocrx_word' id='word_1_382' title='bbox 3930 1643 4031 1703; x_wconf 89' lang='lat' dir='ltr'>sibi</span> 
     </span>
     <span class='ocr_line' id='line_1_63' title="bbox 2507 1736 4032 1817; baseline -0.001 -20"><span class='ocrx_word' id='word_1_383' title='bbox 2507 1756 2620 1817; x_wconf 88' lang='lat' dir='ltr'>pro</span> <span class='ocrx_word' id='word_1_384' title='bbox 2652 1738 2863 1800; x_wconf 90' lang='lat' dir='ltr'>debito</span> <span class='ocrx_word' id='word_1_385' title='bbox 2890 1737 3057 1817; x_wconf 90' lang='lat' dir='ltr'>regis</span> <span class='ocrx_word' id='word_1_386' title='bbox 3086 1737 3445 1817; x_wconf 89' lang='lat' dir='ltr'>antiquiori,</span> <span class='ocrx_word' id='word_1_387' title='bbox 3468 1736 3638 1816; x_wconf 92' lang='lat' dir='ltr'>quod</span> <span class='ocrx_word' id='word_1_388' title='bbox 3669 1753 4032 1814; x_wconf 85' lang='lat' dir='ltr'>recuperare</span> 
     </span>
     <span class='ocr_line' id='line_1_64' title="bbox 2509 1828 4035 1911; baseline -0.001 -20"><span class='ocrx_word' id='word_1_389' title='bbox 2509 1850 2634 1892; x_wconf 90' lang='lat' dir='ltr'>non</span> <span class='ocrx_word' id='word_1_390' title='bbox 2663 1836 2943 1911; x_wconf 88' lang='lat' dir='ltr'>possunt.</span> <span class='ocrx_word' id='word_1_391' title='bbox 2979 1830 3135 1905; x_wconf 87' lang='lat' dir='ltr'>Quia</span> <span class='ocrx_word' id='word_1_392' title='bbox 3164 1830 3327 1891; x_wconf 84' lang='lat' dir='ltr'>sicut</span> <span class='ocrx_word' id='word_1_393' title='bbox 3353 1828 3571 1890; x_wconf 87' lang='lat' dir='ltr'>solutis</span> <span class='ocrx_word' id='word_1_394' title='bbox 3605 1828 3743 1889; x_wconf 75' lang='lat' dir='ltr'>aliis</span> <span class='ocrx_word' id='word_1_395' title='bbox 3795 1828 4035 1890; x_wconf 80' lang='lat' dir='ltr'>tributis</span> 
     </span>
     <span class='ocr_line' id='line_1_65' title="bbox 2509 1922 4030 2003; baseline -0.001 -19"><span class='ocrx_word' id='word_1_396' title='bbox 2509 1925 2708 2001; x_wconf 75' lang='lat' dir='ltr'>novi5‚</span> <span class='ocrx_word' id='word_1_397' title='bbox 2742 1929 3004 2003; x_wconf 88' lang='lat' dir='ltr'>possunt</span> <span class='ocrx_word' id='word_1_398' title='bbox 3057 1924 3212 1984; x_wconf 87' lang='lat' dir='ltr'>illud</span> <span class='ocrx_word' id='word_1_399' title='bbox 3242 1922 3520 2001; x_wconf 90' lang='lat' dir='ltr'>primum</span> <span class='ocrx_word' id='word_1_400' title='bbox 3591 1940 3716 1982; x_wconf 91' lang='lat' dir='ltr'>non</span> <span class='ocrx_word' id='word_1_401' title='bbox 3771 1922 4030 1996; x_wconf 83' lang='lat' dir='ltr'>solvere,</span> 
     </span>
     <span class='ocr_line' id='line_1_66' title="bbox 2509 2013 4032 2098; baseline -0.003 -20"><span class='ocrx_word' id='word_1_402' title='bbox 2509 2021 2818 2098; x_wconf 88' lang='lat' dir='ltr'>quatenus</span> <span class='ocrx_word' id='word_1_403' title='bbox 2847 2018 2984 2095; x_wconf 87' lang='lat' dir='ltr'>ejus</span> <span class='ocrx_word' id='word_1_404' title='bbox 3013 2016 3256 2077; x_wconf 85' lang='lat' dir='ltr'>exactio</span> <span class='ocrx_word' id='word_1_405' title='bbox 3278 2014 3465 2076; x_wconf 90' lang='lat' dir='ltr'>simul</span> <span class='ocrx_word' id='word_1_406' title='bbox 3497 2032 3642 2075; x_wconf 91' lang='lat' dir='ltr'>cum</span> <span class='ocrx_word' id='word_1_407' title='bbox 3683 2014 3829 2075; x_wconf 88' lang='lat' dir='ltr'>aliis</span> <span class='ocrx_word' id='word_1_408' title='bbox 3855 2013 4032 2093; x_wconf 84' lang='lat' dir='ltr'>injus·</span> 
     </span>
     <span class='ocr_line' id='line_1_67' title="bbox 2508 2107 4039 2189; baseline -0.005 -17"><span class='ocrx_word' id='word_1_409' title='bbox 2508 2116 2572 2172; x_wconf 87' lang='lat' dir='ltr'>ta</span> <span class='ocrx_word' id='word_1_410' title='bbox 2604 2114 2766 2172; x_wconf 87' lang='lat' dir='ltr'>esset</span> <span class='ocrx_word' id='word_1_411' title='bbox 2811 2115 2875 2171; x_wconf 90' lang='lat' dir='ltr'>et</span> <span class='ocrx_word' id='word_1_412' title='bbox 2903 2128 3094 2189; x_wconf 89' lang='lat' dir='ltr'>supra</span> <span class='ocrx_word' id='word_1_413' title='bbox 3136 2127 3282 2168; x_wconf 88' lang='lat' dir='ltr'>suas</span> <span class='ocrx_word' id='word_1_414' title='bbox 3312 2108 3480 2168; x_wconf 77' lang='lat' dir='ltr'>vires</span> <span class='ocrx_word' id='word_1_415' title='bbox 3509 2107 3800 2168; x_wconf 89' lang='lat' dir='ltr'>subditos</span> <span class='ocrx_word' id='word_1_416' title='bbox 3832 2124 4039 2185; x_wconf 83' lang='lat' dir='ltr'>aggra-</span> 
     </span>
     <span class='ocr_line' id='line_1_68' title="bbox 2509 2199 4039 2281; baseline -0.004 -17"><span class='ocrx_word' id='word_1_417' title='bbox 2509 2202 3155 2281; x_wconf 82' lang='lat' dir='ltr'>varet‚compellando</span> <span class='ocrx_word' id='word_1_418' title='bbox 3187 2219 3294 2261; x_wconf 86' lang='lat' dir='ltr'>eos</span> <span class='ocrx_word' id='word_1_419' title='bbox 3331 2200 3413 2261; x_wconf 87' lang='lat' dir='ltr'>ad</span> <span class='ocrx_word' id='word_1_420' title='bbox 3444 2199 3705 2260; x_wconf 87' lang='lat' dir='ltr'>nimiam</span> <span class='ocrx_word' id='word_1_421' title='bbox 3732 2199 4039 2260; x_wconf 88' lang='lat' dir='ltr'>contribu-</span> 
     </span>
     <span class='ocr_line' id='line_1_69' title="bbox 2508 2291 4033 2374; baseline -0.005 -16"><span class='ocrx_word' id='word_1_422' title='bbox 2508 2298 2745 2358; x_wconf 88' lang='lat' dir='ltr'>tionem</span> <span class='ocrx_word' id='word_1_423' title='bbox 2779 2316 2793 2357; x_wconf 76' lang='grc' dir='ltr'><strong><em>ε</em></strong></span> <span class='ocrx_word' id='word_1_424' title='bbox 2827 2296 2916 2356; x_wconf 88' lang='lat' dir='ltr'>ita</span> <span class='ocrx_word' id='word_1_425' title='bbox 2946 2294 3200 2374; x_wconf 86' lang='lat' dir='ltr'>quando</span> <span class='ocrx_word' id='word_1_426' title='bbox 3229 2293 3520 2353; x_wconf 89' lang='lat' dir='ltr'>subditus</span> <span class='ocrx_word' id='word_1_427' title='bbox 3547 2296 3644 2353; x_wconf 90' lang='lat' dir='ltr'>est</span> <span class='ocrx_word' id='word_1_428' title='bbox 3671 2291 4033 2353; x_wconf 79' lang='lat' dir='ltr'>damnifica-</span> 
     </span>
     <span class='ocr_line' id='line_1_70' title="bbox 2509 2384 4038 2467; baseline -0.005 -17"><span class='ocrx_word' id='word_1_429' title='bbox 2509 2395 2609 2451; x_wconf 87' lang='lat' dir='ltr'>tus</span> <span class='ocrx_word' id='word_1_430' title='bbox 2634 2390 2861 2467; x_wconf 87' lang='lat' dir='ltr'>injuste</span> <span class='ocrx_word' id='word_1_431' title='bbox 2895 2407 2931 2448; x_wconf 92' lang='lat' dir='ltr'>a</span> <span class='ocrx_word' id='word_1_432' title='bbox 2972 2405 3142 2466; x_wconf 86' lang='lat' dir='ltr'>rege,</span> <span class='ocrx_word' id='word_1_433' title='bbox 3170 2386 3276 2465; x_wconf 90' lang='lat' dir='ltr'>qui</span> <span class='ocrx_word' id='word_1_434' title='bbox 3305 2385 3497 2447; x_wconf 90' lang='lat' dir='ltr'>debet</span> <span class='ocrx_word' id='word_1_435' title='bbox 3537 2384 3593 2445; x_wconf 90' lang='lat' dir='ltr'>ei</span> <span class='ocrx_word' id='word_1_436' title='bbox 3624 2384 3797 2444; x_wconf 89' lang='lat' dir='ltr'>mille</span> <span class='ocrx_word' id='word_1_437' title='bbox 3825 2388 3892 2446; x_wconf 88' lang='lat' dir='ltr'>et</span> <span class='ocrx_word' id='word_1_438' title='bbox 3926 2403 4038 2444; x_wconf 86' lang='lat' dir='ltr'>non</span> 
     </span>
     <span class='ocr_line' id='line_1_71' title="bbox 2509 2477 4043 2558; baseline -0.005 -15"><span class='ocrx_word' id='word_1_439' title='bbox 2509 2481 2737 2557; x_wconf 88' lang='lat' dir='ltr'>reddit,</span> <span class='ocrx_word' id='word_1_440' title='bbox 2771 2481 2821 2541; x_wconf 86' lang='lat' dir='ltr'>si</span> <span class='ocrx_word' id='word_1_441' title='bbox 2851 2479 3036 2541; x_wconf 91' lang='lat' dir='ltr'>simul</span> <span class='ocrx_word' id='word_1_442' title='bbox 3064 2481 3327 2558; x_wconf 84' lang='lat' dir='ltr'>cogatur</span> <span class='ocrx_word' id='word_1_443' title='bbox 3356 2478 3599 2539; x_wconf 86' lang='lat' dir='ltr'>solvere</span> <span class='ocrx_word' id='word_1_444' title='bbox 3652 2477 3830 2537; x_wconf 88' lang='lat' dir='ltr'>illam</span> <span class='ocrx_word' id='word_1_445' title='bbox 3867 2477 4043 2537; x_wconf 87' lang='lat' dir='ltr'>aliam</span> 
     </span>
     <span class='ocr_line' id='line_1_72' title="bbox 2511 2568 4044 2656; baseline -0.005 -20"><span class='ocrx_word' id='word_1_446' title='bbox 2511 2575 2823 2656; x_wconf 89' lang='lat' dir='ltr'>gabellam</span> <span class='ocrx_word' id='word_1_447' title='bbox 2851 2572 3193 2644; x_wconf 76' lang='lat' dir='ltr'>venditam,</span> <span class='ocrx_word' id='word_1_448' title='bbox 3228 2574 3494 2650; x_wconf 83' lang='lat' dir='ltr'>cogetur</span> <span class='ocrx_word' id='word_1_449' title='bbox 3525 2569 3790 2629; x_wconf 88' lang='lat' dir='ltr'>nimium</span> <span class='ocrx_word' id='word_1_450' title='bbox 3821 2568 4044 2631; x_wconf 89' lang='lat' dir='ltr'>contri-</span> 
     </span>
     <span class='ocr_line' id='line_1_73' title="bbox 2511 2661 4044 2744; baseline -0.006 -15"><span class='ocrx_word' id='word_1_451' title='bbox 2511 2669 2741 2730; x_wconf 86' lang='lat' dir='ltr'>buere:</span> <span class='ocrx_word' id='word_1_452' title='bbox 2767 2685 2915 2726; x_wconf 90' lang='lat' dir='ltr'>nam</span> <span class='ocrx_word' id='word_1_453' title='bbox 2945 2664 3212 2744; x_wconf 88' lang='lat' dir='ltr'>emptori</span> <span class='ocrx_word' id='word_1_454' title='bbox 3243 2662 3461 2724; x_wconf 88' lang='lat' dir='ltr'>tributi</span> <span class='ocrx_word' id='word_1_455' title='bbox 3521 2679 3646 2722; x_wconf 91' lang='lat' dir='ltr'>non</span> <span class='ocrx_word' id='word_1_456' title='bbox 3702 2661 3831 2722; x_wconf 88' lang='lat' dir='ltr'>alio</span> <span class='ocrx_word' id='word_1_457' title='bbox 3874 2661 4044 2722; x_wconf 84' lang='lat' dir='ltr'>titulo</span> 
     </span>
     <span class='ocr_line' id='line_1_74' title="bbox 2515 2754 4041 2834; baseline -0.005 -13"><span class='ocrx_word' id='word_1_458' title='bbox 2515 2761 2701 2822; x_wconf 87' lang='lat' dir='ltr'>debet</span> <span class='ocrx_word' id='word_1_459' title='bbox 2728 2759 3015 2820; x_wconf 90' lang='lat' dir='ltr'>subditus</span> <span class='ocrx_word' id='word_1_460' title='bbox 3031 2757 3277 2818; x_wconf 77' lang='lat' dir='ltr'>solvere</span> <span class='ocrx_word' id='word_1_461' title='bbox 3309 2755 3637 2830; x_wconf 87' lang='lat' dir='ltr'>tributum,</span> <span class='ocrx_word' id='word_1_462' title='bbox 3672 2754 3792 2814; x_wconf 87' lang='lat' dir='ltr'>nisi</span> <span class='ocrx_word' id='word_1_463' title='bbox 3826 2760 4041 2834; x_wconf 81' lang='lat' dir='ltr'>quate·</span> 
     </span>
     <span class='ocr_line' id='line_1_75' title="bbox 2515 2846 4048 2925; baseline -0.007 -11"><span class='ocrx_word' id='word_1_464' title='bbox 2515 2873 2631 2915; x_wconf 92' lang='lat' dir='ltr'>nus</span> <span class='ocrx_word' id='word_1_465' title='bbox 2660 2854 2850 2913; x_wconf 90' lang='lat' dir='ltr'>debet</span> <span class='ocrx_word' id='word_1_466' title='bbox 2874 2850 3269 2913; x_wconf 86' lang='lat' dir='ltr'>contribuere</span> <span class='ocrx_word' id='word_1_467' title='bbox 3301 2848 3381 2908; x_wconf 89' lang='lat' dir='ltr'>ad</span> <span class='ocrx_word' id='word_1_468' title='bbox 3406 2847 3816 2908; x_wconf 87' lang='lat' dir='ltr'>necessitates</span> <span class='ocrx_word' id='word_1_469' title='bbox 3846 2846 4048 2925; x_wconf 90' lang='lat' dir='ltr'>publi-</span> 
     </span>
     <span class='ocr_line' id='line_1_76' title="bbox 2516 2939 4050 3024; baseline -0.007 -16"><span class='ocrx_word' id='word_1_470' title='bbox 2516 2965 2643 3008; x_wconf 88' lang='lat' dir='ltr'>cas.</span> <span class='ocrx_word' id='word_1_471' title='bbox 2676 2945 2739 3007; x_wconf 92' lang='lat' dir='ltr'>Si</span> <span class='ocrx_word' id='word_1_472' title='bbox 2762 2963 2912 3024; x_wconf 87' lang='lat' dir='ltr'>ergo</span> <span class='ocrx_word' id='word_1_473' title='bbox 2946 2943 3197 3004; x_wconf 90' lang='lat' dir='ltr'>aliunde</span> <span class='ocrx_word' id='word_1_474' title='bbox 3219 2940 3356 3021; x_wconf 87' lang='lat' dir='ltr'>jam</span> <span class='ocrx_word' id='word_1_475' title='bbox 3398 2940 3647 3018; x_wconf 86' lang='lat' dir='ltr'>cogitur</span> <span class='ocrx_word' id='word_1_476' title='bbox 3701 2939 4050 3000; x_wconf 85' lang='lat' dir='ltr'>contribue-</span> 
     </span>
     <span class='ocr_line' id='line_1_77' title="bbox 2516 3032 4053 3118; baseline -0.007 -17"><span class='ocrx_word' id='word_1_477' title='bbox 2516 3059 2585 3101; x_wconf 90' lang='lat' dir='ltr'>re</span> <span class='ocrx_word' id='word_1_478' title='bbox 2600 3039 2731 3118; x_wconf 82' lang='lat' dir='ltr'>regi</span> <span class='ocrx_word' id='word_1_479' title='bbox 2759 3036 3052 3099; x_wconf 89' lang='lat' dir='ltr'>retinenti</span> <span class='ocrx_word' id='word_1_480' title='bbox 3080 3035 3414 3114; x_wconf 89' lang='lat' dir='ltr'>pecuniam</span> <span class='ocrx_word' id='word_1_481' title='bbox 3443 3050 3634 3112; x_wconf 88' lang='lat' dir='ltr'>quam</span> <span class='ocrx_word' id='word_1_482' title='bbox 3651 3032 3917 3093; x_wconf 88' lang='lat' dir='ltr'>subdito</span> <span class='ocrx_word' id='word_1_483' title='bbox 3944 3032 4053 3091; x_wconf 87' lang='lat' dir='ltr'>de-</span> 
     </span>
     <span class='ocr_line' id='line_1_78' title="bbox 2515 3124 4049 3209; baseline -0.008 -14"><span class='ocrx_word' id='word_1_484' title='bbox 2515 3133 2726 3209; x_wconf 89' lang='lat' dir='ltr'>bebat,</span> <span class='ocrx_word' id='word_1_485' title='bbox 2759 3149 2884 3192; x_wconf 90' lang='lat' dir='ltr'>non</span> <span class='ocrx_word' id='word_1_486' title='bbox 2929 3133 3024 3191; x_wconf 88' lang='lat' dir='ltr'>est</span> <span class='ocrx_word' id='word_1_487' title='bbox 3066 3146 3179 3188; x_wconf 89' lang='lat' dir='ltr'>cur</span> <span class='ocrx_word' id='word_1_488' title='bbox 3234 3126 3547 3206; x_wconf 89' lang='lat' dir='ltr'>obligetur</span> <span class='ocrx_word' id='word_1_489' title='bbox 3565 3125 3647 3185; x_wconf 89' lang='lat' dir='ltr'>ad</span> <span class='ocrx_word' id='word_1_490' title='bbox 3680 3124 4049 3185; x_wconf 84' lang='lat' dir='ltr'>solvendum</span> 
     </span>
     <span class='ocr_line' id='line_1_79' title="bbox 2515 3218 4051 3302; baseline -0.007 -14"><span class='ocrx_word' id='word_1_491' title='bbox 2515 3226 2821 3288; x_wconf 85' lang='lat' dir='ltr'>tributum</span> <span class='ocrx_word' id='word_1_492' title='bbox 2865 3221 3154 3302; x_wconf 89' lang='lat' dir='ltr'>emptori,</span> <span class='ocrx_word' id='word_1_493' title='bbox 3210 3221 3308 3281; x_wconf 89' lang='lat' dir='ltr'>cui</span> <span class='ocrx_word' id='word_1_494' title='bbox 3370 3224 3521 3281; x_wconf 89' lang='lat' dir='ltr'>tunc</span> <span class='ocrx_word' id='word_1_495' title='bbox 3577 3218 3782 3280; x_wconf 88' lang='lat' dir='ltr'>solum</span> <span class='ocrx_word' id='word_1_496' title='bbox 3854 3218 4051 3278; x_wconf 82' lang='lat' dir='ltr'>debet</span> 
     </span>
     <span class='ocr_line' id='line_1_80' title="bbox 2518 3310 4052 3398; baseline -0.007 -18"><span class='ocrx_word' id='word_1_497' title='bbox 2518 3319 2783 3396; x_wconf 83' lang='lat' dir='ltr'>solvere,</span> <span class='ocrx_word' id='word_1_498' title='bbox 2809 3315 3061 3398; x_wconf 89' lang='lat' dir='ltr'>quando</span> <span class='ocrx_word' id='word_1_499' title='bbox 3098 3313 3401 3375; x_wconf 87' lang='lat' dir='ltr'>tributum</span> <span class='ocrx_word' id='word_1_500' title='bbox 3417 3311 3570 3372; x_wconf 87' lang='lat' dir='ltr'>illud</span> <span class='ocrx_word' id='word_1_501' title='bbox 3592 3315 3762 3373; x_wconf 86' lang='lat' dir='ltr'>esset</span> <span class='ocrx_word' id='word_1_502' title='bbox 3781 3310 4052 3391; x_wconf 81' lang='lat' dir='ltr'>justum:</span> 
     </span>
     <span class='ocr_line' id='line_1_81' title="bbox 2520 3405 4057 3487; baseline -0.007 -14"><span class='ocrx_word' id='word_1_503' title='bbox 2520 3431 2644 3473; x_wconf 92' lang='lat' dir='ltr'>non</span> <span class='ocrx_word' id='word_1_504' title='bbox 2665 3416 2831 3472; x_wconf 87' lang='lat' dir='ltr'>essct</span> <span class='ocrx_word' id='word_1_505' title='bbox 2858 3414 3067 3471; x_wconf 88' lang='lat' dir='ltr'>autem</span> <span class='ocrx_word' id='word_1_506' title='bbox 3083 3407 3325 3487; x_wconf 85' lang='lat' dir='ltr'>justum</span> <span class='ocrx_word' id='word_1_507' title='bbox 3342 3405 3445 3466; x_wconf 87' lang='lat' dir='ltr'>hic</span> <span class='ocrx_word' id='word_1_508' title='bbox 3475 3409 3540 3465; x_wconf 88' lang='lat' dir='ltr'>et</span> <span class='ocrx_word' id='word_1_509' title='bbox 3565 3422 3733 3464; x_wconf 91' lang='lat' dir='ltr'>nunc</span> <span class='ocrx_word' id='word_1_510' title='bbox 3762 3407 4057 3482; x_wconf 85' lang='lat' dir='ltr'>respectu</span> 
     </span>
     <span class='ocr_line' id='line_1_82' title="bbox 2520 3497 4058 3581; baseline -0.007 -14"><span class='ocrx_word' id='word_1_511' title='bbox 2520 3506 2683 3567; x_wconf 91' lang='lat' dir='ltr'>illius</span> <span class='ocrx_word' id='word_1_512' title='bbox 2713 3503 2968 3581; x_wconf 89' lang='lat' dir='ltr'>subditi,</span> <span class='ocrx_word' id='word_1_513' title='bbox 3002 3501 3106 3580; x_wconf 87' lang='lat' dir='ltr'>qui</span> <span class='ocrx_word' id='word_1_514' title='bbox 3122 3500 3379 3561; x_wconf 81' lang='lat' dir='ltr'>aliunde</span> <span class='ocrx_word' id='word_1_515' title='bbox 3407 3499 3793 3559; x_wconf 86' lang='lat' dir='ltr'>sufficienter</span> <span class='ocrx_word' id='word_1_516' title='bbox 3811 3497 4058 3558; x_wconf 86' lang='lat' dir='ltr'>contri-</span> 
     </span>
     <span class='ocr_line' id='line_1_83' title="bbox 2521 3589 4063 3676; baseline -0.006 -16"><span class='ocrx_word' id='word_1_517' title='bbox 2521 3600 2713 3660; x_wconf 87' lang='lat' dir='ltr'>buere</span> <span class='ocrx_word' id='word_1_518' title='bbox 2739 3597 2985 3676; x_wconf 89' lang='lat' dir='ltr'>cogitur</span> <span class='ocrx_word' id='word_1_519' title='bbox 3013 3595 3092 3655; x_wconf 89' lang='lat' dir='ltr'>ad</span> <span class='ocrx_word' id='word_1_520' title='bbox 3122 3592 3405 3673; x_wconf 87' lang='lat' dir='ltr'>publicas</span> <span class='ocrx_word' id='word_1_521' title='bbox 3435 3590 3841 3651; x_wconf 83' lang='lat' dir='ltr'>necessitates</span> <span class='ocrx_word' id='word_1_522' title='bbox 3876 3589 4063 3669; x_wconf 73' lang='lat' dir='ltr'>juxta</span> 
     </span>
     <span class='ocr_line' id='line_1_84' title="bbox 2519 3682 4059 3767; baseline -0.008 -13"><span class='ocrx_word' id='word_1_523' title='bbox 2519 3711 2665 3754; x_wconf 87' lang='lat' dir='ltr'>suas</span> <span class='ocrx_word' id='word_1_524' title='bbox 2709 3690 2875 3751; x_wconf 78' lang='lat' dir='ltr'>vires</span> <span class='ocrx_word' id='word_1_525' title='bbox 2901 3710 2915 3750; x_wconf 76' lang='lat' dir='ltr'>t</span> <span class='ocrx_word' id='word_1_526' title='bbox 2949 3706 3099 3767; x_wconf 87' lang='lat' dir='ltr'>ergo</span> <span class='ocrx_word' id='word_1_527' title='bbox 3130 3686 3231 3746; x_wconf 90' lang='lat' dir='ltr'>hic</span> <span class='ocrx_word' id='word_1_528' title='bbox 3261 3690 3323 3747; x_wconf 92' lang='lat' dir='ltr'>et</span> <span class='ocrx_word' id='word_1_529' title='bbox 3353 3702 3522 3744; x_wconf 90' lang='lat' dir='ltr'>nunc</span> <span class='ocrx_word' id='word_1_530' title='bbox 3550 3687 3765 3745; x_wconf 82' lang='lat' dir='ltr'>cessat</span> <span class='ocrx_word' id='word_1_531' title='bbox 3806 3682 4059 3762; x_wconf 80' lang='lat' dir='ltr'>justitia</span> 
     </span>
     <span class='ocr_line' id='line_1_85' title="bbox 2523 3772 4057 3858; baseline -0.007 -13"><span class='ocrx_word' id='word_1_532' title='bbox 2523 3783 2685 3845; x_wconf 89' lang='lat' dir='ltr'>illius</span> <span class='ocrx_word' id='word_1_533' title='bbox 2713 3782 2952 3857; x_wconf 89' lang='lat' dir='ltr'>tributi,</span> <span class='ocrx_word' id='word_1_534' title='bbox 2988 3785 3050 3842; x_wconf 87' lang='lat' dir='ltr'>et</span> <span class='ocrx_word' id='word_1_535' title='bbox 3075 3798 3189 3858; x_wconf 88' lang='lat' dir='ltr'>per</span> <span class='ocrx_word' id='word_1_536' title='bbox 3217 3794 3609 3857; x_wconf 89' lang='lat' dir='ltr'>consequens</span> <span class='ocrx_word' id='word_1_537' title='bbox 3639 3772 3947 3855; x_wconf 83' lang='lat' dir='ltr'>obligatio</span> <span class='ocrx_word' id='word_1_538' title='bbox 3982 3774 4057 3834; x_wconf 91' lang='lat' dir='ltr'>il-</span> 
     </span>
     <span class='ocr_line' id='line_1_86' title="bbox 2521 3867 4068 3952; baseline -0.007 -15"><span class='ocrx_word' id='word_1_539' title='bbox 2521 3877 2630 3938; x_wconf 89' lang='lat' dir='ltr'>lud</span> <span class='ocrx_word' id='word_1_540' title='bbox 2657 3874 2960 3937; x_wconf 86' lang='lat' dir='ltr'>solvendi.</span> <span class='ocrx_word' id='word_1_541' title='bbox 2996 3876 3210 3952; x_wconf 88' lang='lat' dir='ltr'>Neque</span> <span class='ocrx_word' id='word_1_542' title='bbox 3243 3871 3304 3930; x_wconf 90' lang='lat' dir='ltr'>in</span> <span class='ocrx_word' id='word_1_543' title='bbox 3329 3870 3449 3931; x_wconf 89' lang='lat' dir='ltr'>hoo</span> <span class='ocrx_word' id='word_1_544' title='bbox 3477 3874 3747 3948; x_wconf 86' lang='lat' dir='ltr'>apparet</span> <span class='ocrx_word' id='word_1_545' title='bbox 3774 3867 4068 3929; x_wconf 78' lang='lat' dir='ltr'>differe-n·</span> 
     </span>
     <span class='ocr_line' id='line_1_87' title="bbox 2522 3961 4061 4039; baseline -0.008 -8"><span class='ocrx_word' id='word_1_546' title='bbox 2522 3971 2611 4032; x_wconf 89' lang='lat' dir='ltr'>tia</span> <span class='ocrx_word' id='word_1_547' title='bbox 2663 3969 2824 4029; x_wconf 88' lang='lat' dir='ltr'>inter</span> <span class='ocrx_word' id='word_1_548' title='bbox 2853 3968 3159 4030; x_wconf 90' lang='lat' dir='ltr'>tributum</span> <span class='ocrx_word' id='word_1_549' title='bbox 3199 3963 3548 4039; x_wconf 80' lang='lat' dir='ltr'>venditum,</span> <span class='ocrx_word' id='word_1_550' title='bbox 3611 3961 3713 4022; x_wconf 78' lang='lat' dir='ltr'>vel</span> <span class='ocrx_word' id='word_1_551' title='bbox 3759 3962 4061 4032; x_wconf 82' lang='lat' dir='ltr'>locatum,</span> 
     </span>
     <span class='ocr_line' id='line_1_88' title="bbox 2524 4055 4069 4133; baseline -0.007 -8"><span class='ocrx_word' id='word_1_552' title='bbox 2524 4082 2668 4125; x_wconf 90' lang='lat' dir='ltr'>cum</span> <span class='ocrx_word' id='word_1_553' title='bbox 2692 4062 2850 4124; x_wconf 83' lang='lat' dir='ltr'>ratio</span> <span class='ocrx_word' id='word_1_554' title='bbox 2880 4061 2959 4122; x_wconf 88' lang='lat' dir='ltr'>sit</span> <span class='ocrx_word' id='word_1_555' title='bbox 2986 4059 3232 4133; x_wconf 83' lang='lat' dir='ltr'>eadem,</span> <span class='ocrx_word' id='word_1_556' title='bbox 3279 4062 3341 4118; x_wconf 89' lang='lat' dir='ltr'>et</span> <span class='ocrx_word' id='word_1_557' title='bbox 3366 4062 3662 4116; x_wconf 79' lang='lat' dir='ltr'>neutrum</span> <span class='ocrx_word' id='word_1_558' title='bbox 3692 4055 4007 4116; x_wconf 81' lang='lat' dir='ltr'>debeatur</span> <span class='ocrx_word' id='word_1_559' title='bbox 4032 4072 4069 4113; x_wconf 85' lang='lat' dir='ltr'>a</span> 
     </span>
     <span class='ocr_line' id='line_1_89' title="bbox 2526 4147 4071 4232; baseline -0.007 -14"><span class='ocrx_word' id='word_1_560' title='bbox 2526 4156 2814 4232; x_wconf 80' lang='lat' dir='ltr'>subditis,</span> <span class='ocrx_word' id='word_1_561' title='bbox 2866 4153 2982 4215; x_wconf 88' lang='lat' dir='ltr'>nisi</span> <span class='ocrx_word' id='word_1_562' title='bbox 3031 4151 3285 4232; x_wconf 89' lang='lat' dir='ltr'>quando</span> <span class='ocrx_word' id='word_1_563' title='bbox 3317 4150 3378 4209; x_wconf 92' lang='lat' dir='ltr'>in</span> <span class='ocrx_word' id='word_1_564' title='bbox 3426 4148 3548 4209; x_wconf 87' lang='lat' dir='ltr'>illis</span> <span class='ocrx_word' id='word_1_565' title='bbox 3575 4147 4071 4210; x_wconf 80' lang='lat' dir='ltr'>circumstantiis</span> 
     </span>
     <span class='ocr_line' id='line_1_90' title="bbox 2519 4241 4073 4332; baseline -0.007 -21"><span class='ocrx_word' id='word_1_566' title='bbox 2519 4251 2761 4332; x_wconf 86' lang='lat' dir='ltr'>justum</span> <span class='ocrx_word' id='word_1_567' title='bbox 2811 4246 3112 4308; x_wconf 88' lang='lat' dir='ltr'>manebit.</span> <span class='ocrx_word' id='word_1_568' title='bbox 3147 4247 3298 4317; x_wconf 83' lang='lat' dir='ltr'>Quae</span> <span class='ocrx_word' id='word_1_569' title='bbox 3353 4243 3513 4303; x_wconf 88' lang='lat' dir='ltr'>ratio</span> <span class='ocrx_word' id='word_1_570' title='bbox 3574 4242 3828 4303; x_wconf 84' lang='lat' dir='ltr'>videtur</span> <span class='ocrx_word' id='word_1_571' title='bbox 3872 4241 4073 4302; x_wconf 83' lang='lat' dir='ltr'>etiam</span> 
     </span>
     <span class='ocr_line' id='line_1_91' title="bbox 2527 4332 4075 4423; baseline -0.007 -19"><span class='ocrx_word' id='word_1_572' title='bbox 2527 4344 2817 4423; x_wconf 88' lang='lat' dir='ltr'>probare,</span> <span class='ocrx_word' id='word_1_573' title='bbox 2849 4341 2995 4401; x_wconf 90' lang='lat' dir='ltr'>licet</span> <span class='ocrx_word' id='word_1_574' title='bbox 3023 4337 3333 4399; x_wconf 90' lang='lat' dir='ltr'>creditum</span> <span class='ocrx_word' id='word_1_575' title='bbox 3364 4341 3542 4396; x_wconf 80' lang='lat' dir='ltr'>tuum</span> <span class='ocrx_word' id='word_1_576' title='bbox 3564 4338 3733 4396; x_wconf 73' lang='lat' dir='ltr'>essct</span> <span class='ocrx_word' id='word_1_577' title='bbox 3754 4332 4075 4413; x_wconf 82' lang='lat' dir='ltr'>posterius</span> 
     </span>
     <span class='ocr_line' id='line_1_92' title="bbox 2525 4427 4073 4512; baseline -0.008 -13"><span class='ocrx_word' id='word_1_578' title='bbox 2525 4435 2885 4499; x_wconf 87' lang='lat' dir='ltr'>venditione</span> <span class='ocrx_word' id='word_1_579' title='bbox 2929 4432 3219 4512; x_wconf 64' lang='lat' dir='ltr'>gabelus,</span> <span class='ocrx_word' id='word_1_580' title='bbox 3287 4435 3352 4491; x_wconf 89' lang='lat' dir='ltr'>et</span> <span class='ocrx_word' id='word_1_581' title='bbox 3406 4427 3635 4491; x_wconf 79' lang='lat' dir='ltr'>stando</span> <span class='ocrx_word' id='word_1_582' title='bbox 3686 4428 3752 4488; x_wconf 90' lang='lat' dir='ltr'>in</span> <span class='ocrx_word' id='word_1_583' title='bbox 3795 4427 4073 4498; x_wconf 81' lang='lat' dir='ltr'>ratione,</span> 
     </span>
     <span class='ocr_line' id='line_1_93' title="bbox 2528 4523 4075 4610; baseline -0.008 -19"><span class='ocrx_word' id='word_1_584' title='bbox 2528 4529 2849 4610; x_wconf 87' lang='lat' dir='ltr'>probabile</span> <span class='ocrx_word' id='word_1_585' title='bbox 2870 4528 3139 4603; x_wconf 85' lang='lat' dir='ltr'>videtur,</span> <span class='ocrx_word' id='word_1_586' title='bbox 3174 4525 3321 4586; x_wconf 86' lang='lat' dir='ltr'>licet</span> <span class='ocrx_word' id='word_1_587' title='bbox 3352 4523 3607 4583; x_wconf 77' lang='lat' dir='ltr'>videam</span> <span class='ocrx_word' id='word_1_588' title='bbox 3660 4537 4075 4582; x_wconf 81' lang='lat' dir='ltr'>communem</span> 
     </span>
     <span class='ocr_line' id='line_1_94' title="bbox 2527 4618 4083 4695; baseline -0.006 -10"><span class='ocrx_word' id='word_1_589' title='bbox 2527 4621 2900 4685; x_wconf 78' lang='lat' dir='ltr'>sententiam</span> <span class='ocrx_word' id='word_1_590' title='bbox 2932 4618 3312 4682; x_wconf 85' lang='lat' dir='ltr'>contrariam</span> <span class='ocrx_word' id='word_1_591' title='bbox 3344 4634 3503 4693; x_wconf 86' lang='lat' dir='ltr'>esse,</span> <span class='ocrx_word' id='word_1_592' title='bbox 3537 4633 3575 4676; x_wconf 81' lang='lat' dir='ltr'>a</span> <span class='ocrx_word' id='word_1_593' title='bbox 3605 4631 3732 4695; x_wconf 76' lang='lat' dir='ltr'>qna</span> <span class='ocrx_word' id='word_1_594' title='bbox 3788 4631 3915 4675; x_wconf 86' lang='lat' dir='ltr'>non</span> <span class='ocrx_word' id='word_1_595' title='bbox 3981 4619 4083 4675; x_wconf 85' lang='lat' dir='ltr'>est</span> 
     </span>
     <span class='ocr_line' id='line_1_95' title="bbox 2528 4711 3498 4790; baseline -0.006 -12"><span class='ocrx_word' id='word_1_596' title='bbox 2528 4716 2709 4778; x_wconf 80' lang='lat' dir='ltr'>facile</span> <span class='ocrx_word' id='word_1_597' title='bbox 2728 4712 3176 4775; x_wconf 86' lang='lat' dir='ltr'>discedendum</span> <span class='ocrx_word' id='word_1_598' title='bbox 3207 4713 3271 4772; x_wconf 87' lang='lat' dir='ltr'>in</span> <span class='ocrx_word' id='word_1_599' title='bbox 3294 4711 3498 4790; x_wconf 79' lang='lat' dir='ltr'>praxi.</span> 
     </span>
    </p>

    <p class='ocr_par' dir='ltr' id='par_1_8' title="bbox 2610 4801 4086 4885">
     <span class='ocr_line' id='line_1_96' title="bbox 2610 4801 4086 4885; baseline -0.005 -15"><span class='ocrx_word' id='word_1_600' title='bbox 2610 4809 2835 4882; x_wconf 87' lang='lat' dir='ltr'>Quinto</span> <span class='ocrx_word' id='word_1_601' title='bbox 2866 4808 3064 4868; x_wconf 84' lang='lat' dir='ltr'>infero</span> <span class='ocrx_word' id='word_1_602' title='bbox 3088 4853 3103 4882; x_wconf 93' lang='lat'>,</span> <span class='ocrx_word' id='word_1_603' title='bbox 3140 4804 3291 4885; x_wconf 91' lang='lat' dir='ltr'>quid</span> <span class='ocrx_word' id='word_1_604' title='bbox 3319 4802 3658 4864; x_wconf 86' lang='lat' dir='ltr'>dicendum</span> <span class='ocrx_word' id='word_1_605' title='bbox 3701 4801 3781 4862; x_wconf 87' lang='lat' dir='ltr'>sit</span> <span class='ocrx_word' id='word_1_606' title='bbox 3807 4801 4086 4880; x_wconf 82' lang='lat' dir='ltr'>quando</span> 
     </span>
    </p>
   </div>
   <div class='ocr_carea' id='block_1_5' title="bbox 894 4903 4192 5642">
    <p class='ocr_par' dir='ltr' id='par_1_9' title="bbox 894 4903 2424 4984">
     <span class='ocr_line' id='line_1_97' title="bbox 894 4903 2424 4984; baseline -0.005 -14"><span class='ocrx_word' id='word_1_607' title='bbox 894 4910 982 4972; x_wconf 86' lang='lat' dir='ltr'>tio</span> <span class='ocrx_word' id='word_1_608' title='bbox 1014 4907 1393 4969; x_wconf 75' lang='lat' dir='ltr'>tributorum</span> <span class='ocrx_word' id='word_1_609' title='bbox 1436 4905 1670 4984; x_wconf 82' lang='lat' dir='ltr'>injusta</span> <span class='ocrx_word' id='word_1_610' title='bbox 1698 4903 2007 4980; x_wconf 79' lang='lat' dir='ltr'>videatur,</span> <span class='ocrx_word' id='word_1_611' title='bbox 2069 4907 2131 4963; x_wconf 84' lang='lat' dir='ltr'>et</span> <span class='ocrx_word' id='word_1_612' title='bbox 2186 4903 2424 4964; x_wconf 87' lang='lat' dir='ltr'>subditi</span> 
     </span>
    </p>

    <p class='ocr_par' dir='ltr' id='par_1_10' title="bbox 896 4962 4192 5642">
     <span class='ocr_line' id='line_1_98' title="bbox 897 4962 4190 5081; baseline -0.005 -18"><span class='ocrx_word' id='word_1_613' title='bbox 897 5004 1210 5081; x_wconf 72' lang='lat' dir='ltr'>cogantur</span> <span class='ocrx_word' id='word_1_614' title='bbox 1234 4998 1320 5059; x_wconf 84' lang='lat' dir='ltr'>ad</span> <span class='ocrx_word' id='word_1_615' title='bbox 1349 4997 1652 5060; x_wconf 76' lang='lat' dir='ltr'>solvenda</span> <span class='ocrx_word' id='word_1_616' title='bbox 1682 4997 1816 5058; x_wconf 81' lang='lat' dir='ltr'>haec</span> <span class='ocrx_word' id='word_1_617' title='bbox 1843 4997 2195 5076; x_wconf 76' lang='lat' dir='ltr'>posteriora</span> <span class='ocrx_word' id='word_1_618' title='bbox 2221 4996 2427 5057; x_wconf 84' lang='lat' dir='ltr'>tribu·</span> <span class='ocrx_word' id='word_1_619' title='bbox 2529 4996 2700 5057; x_wconf 89' lang='lat' dir='ltr'>ribus</span> <span class='ocrx_word' id='word_1_620' title='bbox 2730 4993 3085 5055; x_wconf 73' lang='lat' dir='ltr'>debentur?</span> <span class='ocrx_word' id='word_1_621' title='bbox 3130 4990 3553 5070; x_wconf 84' lang='lat' dir='ltr'>Supponimus</span> <span class='ocrx_word' id='word_1_622' title='bbox 3576 4993 3826 5064; x_wconf 85' lang='lat' dir='ltr'>autem,</span> <span class='ocrx_word' id='word_1_623' title='bbox 3865 5006 4091 5049; x_wconf 79' lang='lat' dir='ltr'>unum</span> <span class='ocrx_word' id='word_1_624' title='bbox 4163 4962 4190 5056; x_wconf 68' lang='grc'><strong>3</strong></span> 
     </span>
     <span class='ocr_line' id='line_1_99' title="bbox 896 5070 4189 5174; baseline -0.005 -18"><span class='ocrx_word' id='word_1_625' title='bbox 896 5101 982 5173; x_wconf 90' lang='lat' dir='ltr'>ta,</span> <span class='ocrx_word' id='word_1_626' title='bbox 1018 5109 1289 5174; x_wconf 74' lang='lat' dir='ltr'>quorum</span> <span class='ocrx_word' id='word_1_627' title='bbox 1318 5088 1631 5153; x_wconf 73' lang='lat' dir='ltr'>fraudatio</span> <span class='ocrx_word' id='word_1_628' title='bbox 1661 5089 1935 5150; x_wconf 80' lang='lat' dir='ltr'>difficilis</span> <span class='ocrx_word' id='word_1_629' title='bbox 1991 5089 2090 5149; x_wconf 78' lang='lat' dir='ltr'>vel</span> <span class='ocrx_word' id='word_1_630' title='bbox 2147 5088 2428 5168; x_wconf 69' lang='lat' dir='ltr'>impossi⁴</span> <span class='ocrx_word' id='word_1_631' title='bbox 2529 5089 2934 5168; x_wconf 86' lang='lat' dir='ltr'>publicanum</span> <span class='ocrx_word' id='word_1_632' title='bbox 2981 5086 3431 5147; x_wconf 88' lang='lat' dir='ltr'>conductorem</span> <span class='ocrx_word' id='word_1_633' title='bbox 3473 5081 3757 5160; x_wconf 83' lang='lat' dir='ltr'>exegisse</span> <span class='ocrx_word' id='word_1_634' title='bbox 3791 5097 3824 5140; x_wconf 87' lang='lat' dir='ltr'>a</span> <span class='ocrx_word' id='word_1_635' title='bbox 3868 5085 3941 5141; x_wconf 84' lang='lat' dir='ltr'>te</span> <span class='ocrx_word' id='word_1_636' title='bbox 3990 5081 4095 5140; x_wconf 89' lang='lat' dir='ltr'>in-</span> <span class='ocrx_word' id='word_1_637' title='bbox 4140 5070 4189 5162; x_wconf 52' lang='grc' dir='ltr'>ιζ</span> 
     </span>
     <span class='ocr_line' id='line_1_100' title="bbox 898 5175 4192 5268; baseline -0.005 -19"><span class='ocrx_word' id='word_1_638' title='bbox 898 5189 1038 5250; x_wconf 87' lang='lat' dir='ltr'>bilis</span> <span class='ocrx_word' id='word_1_639' title='bbox 1061 5193 1174 5265; x_wconf 80' lang='lat' dir='ltr'>est,</span> <span class='ocrx_word' id='word_1_640' title='bbox 1220 5191 1479 5268; x_wconf 83' lang='lat' dir='ltr'>propter</span> <span class='ocrx_word' id='word_1_641' title='bbox 1506 5184 1846 5246; x_wconf 81' lang='lat' dir='ltr'>maximam</span> <span class='ocrx_word' id='word_1_642' title='bbox 1874 5188 2237 5245; x_wconf 79' lang='lat' dir='ltr'>exactorum</span> <span class='ocrx_word' id='word_1_643' title='bbox 2293 5182 2429 5242; x_wconf 80' lang='lat' dir='ltr'>dili·</span> <span class='ocrx_word' id='word_1_644' title='bbox 2532 5181 2741 5244; x_wconf 88' lang='lat' dir='ltr'>debite</span> <span class='ocrx_word' id='word_1_645' title='bbox 2769 5185 2834 5242; x_wconf 89' lang='lat' dir='ltr'>et</span> <span class='ocrx_word' id='word_1_646' title='bbox 2859 5179 3085 5261; x_wconf 87' lang='lat' dir='ltr'>injuste</span> <span class='ocrx_word' id='word_1_647' title='bbox 3109 5177 3444 5257; x_wconf 87' lang='lat' dir='ltr'>gabellam‚</span> <span class='ocrx_word' id='word_1_648' title='bbox 3481 5175 3749 5235; x_wconf 89' lang='lat' dir='ltr'>alterum</span> <span class='ocrx_word' id='word_1_649' title='bbox 3770 5193 3924 5234; x_wconf 86' lang='lat' dir='ltr'>vero</span> <span class='ocrx_word' id='word_1_650' title='bbox 3960 5175 4099 5234; x_wconf 84' lang='lat' dir='ltr'>exi·</span> <span class='ocrx_word' id='word_1_651' title='bbox 4158 5191 4192 5220; x_wconf 66' lang='grc' dir='ltr'>ε·</span> 
     </span>
     <span class='ocr_line' id='line_1_101' title="bbox 899 5267 4101 5364; baseline -0.005 -19"><span class='ocrx_word' id='word_1_652' title='bbox 899 5283 1199 5364; x_wconf 81' lang='lat' dir='ltr'>gentiam,</span> <span class='ocrx_word' id='word_1_653' title='bbox 1230 5283 1528 5362; x_wconf 78' lang='lat' dir='ltr'>poterunt</span> <span class='ocrx_word' id='word_1_654' title='bbox 1551 5277 1783 5338; x_wconf 82' lang='lat' dir='ltr'>subditi</span> <span class='ocrx_word' id='word_1_655' title='bbox 1829 5276 1997 5339; x_wconf 86' lang='lat' dir='ltr'>licite</span> <span class='ocrx_word' id='word_1_656' title='bbox 2026 5276 2320 5338; x_wconf 82' lang='lat' dir='ltr'>fraudare</span> <span class='ocrx_word' id='word_1_657' title='bbox 2356 5275 2430 5335; x_wconf 89' lang='lat' dir='ltr'>il-</span> <span class='ocrx_word' id='word_1_658' title='bbox 2529 5295 2680 5356; x_wconf 86' lang='lat' dir='ltr'>gere</span> <span class='ocrx_word' id='word_1_659' title='bbox 2710 5274 2922 5336; x_wconf 91' lang='lat' dir='ltr'>debito</span> <span class='ocrx_word' id='word_1_660' title='bbox 2954 5271 3176 5347; x_wconf 90' lang='lat' dir='ltr'>modo,</span> <span class='ocrx_word' id='word_1_661' title='bbox 3211 5274 3276 5331; x_wconf 85' lang='lat' dir='ltr'>et</span> <span class='ocrx_word' id='word_1_662' title='bbox 3318 5268 3549 5348; x_wconf 77' lang='lat' dir='ltr'>iustam</span> <span class='ocrx_word' id='word_1_663' title='bbox 3589 5289 3603 5329; x_wconf 76' lang='grc' dir='ltr'>ε</span> <span class='ocrx_word' id='word_1_664' title='bbox 3639 5267 3830 5348; x_wconf 83' lang='lat' dir='ltr'>quaeri</span> <span class='ocrx_word' id='word_1_665' title='bbox 3860 5271 4101 5345; x_wconf 77' lang='lat' dir='ltr'>potest</span> 
     </span>
     <span class='ocr_line' id='line_1_102' title="bbox 899 5361 4104 5456; baseline -0.007 -16"><span class='ocrx_word' id='word_1_666' title='bbox 899 5379 1006 5440; x_wconf 90' lang='lat' dir='ltr'>lud</span> <span class='ocrx_word' id='word_1_667' title='bbox 1061 5376 1232 5456; x_wconf 85' lang='lat' dir='ltr'>prius</span> <span class='ocrx_word' id='word_1_668' title='bbox 1263 5373 1584 5447; x_wconf 85' lang='lat' dir='ltr'>tributum,</span> <span class='ocrx_word' id='word_1_669' title='bbox 1620 5371 1910 5451; x_wconf 81' lang='lat' dir='ltr'>quamvis</span> <span class='ocrx_word' id='word_1_670' title='bbox 1939 5370 2058 5431; x_wconf 78' lang='lat' dir='ltr'>hoc</span> <span class='ocrx_word' id='word_1_671' title='bbox 2103 5389 2215 5449; x_wconf 87' lang='lat' dir='ltr'>per</span> <span class='ocrx_word' id='word_1_672' title='bbox 2268 5370 2428 5430; x_wconf 87' lang='lat' dir='ltr'>acci·</span> <span class='ocrx_word' id='word_1_673' title='bbox 2531 5389 2610 5430; x_wconf 86' lang='lat' dir='ltr'>an</span> <span class='ocrx_word' id='word_1_674' title='bbox 2643 5367 2843 5448; x_wconf 88' lang='lat' dir='ltr'>possis</span> <span class='ocrx_word' id='word_1_675' title='bbox 2874 5384 3108 5444; x_wconf 88' lang='lat' dir='ltr'>negare</span> <span class='ocrx_word' id='word_1_676' title='bbox 3138 5363 3283 5424; x_wconf 89' lang='lat' dir='ltr'>huic</span> <span class='ocrx_word' id='word_1_677' title='bbox 3310 5361 3619 5432; x_wconf 87' lang='lat' dir='ltr'>secundo,</span> <span class='ocrx_word' id='word_1_678' title='bbox 3668 5361 3749 5420; x_wconf 83' lang='lat' dir='ltr'>ad</span> <span class='ocrx_word' id='word_1_679' title='bbox 3777 5375 4104 5439; x_wconf 71' lang='lat' dir='ltr'>compen-</span> 
     </span>
     <span class='ocr_line' id='line_1_103' title="bbox 899 5452 4103 5543; baseline -0.007 -9"><span class='ocrx_word' id='word_1_680' title='bbox 899 5474 1056 5534; x_wconf 83' lang='lat' dir='ltr'>dens</span> <span class='ocrx_word' id='word_1_681' title='bbox 1079 5468 1263 5530; x_wconf 86' lang='lat' dir='ltr'>cedat</span> <span class='ocrx_word' id='word_1_682' title='bbox 1290 5468 1352 5527; x_wconf 86' lang='lat' dir='ltr'>in</span> <span class='ocrx_word' id='word_1_683' title='bbox 1382 5467 1684 5526; x_wconf 81' lang='lat' dir='ltr'>damnum</span> <span class='ocrx_word' id='word_1_684' title='bbox 1749 5464 1913 5524; x_wconf 77' lang='lat' dir='ltr'>illius</span> <span class='ocrx_word' id='word_1_685' title='bbox 1943 5464 2047 5543; x_wconf 83' lang='lat' dir='ltr'>qui</span> <span class='ocrx_word' id='word_1_686' title='bbox 2077 5463 2230 5524; x_wconf 74' lang='lat' dir='ltr'>illud</span> <span class='ocrx_word' id='word_1_687' title='bbox 2264 5478 2433 5522; x_wconf 86' lang='lat' dir='ltr'>eme-</span> <span class='ocrx_word' id='word_1_688' title='bbox 2533 5462 2801 5523; x_wconf 74' lang='lat' dir='ltr'>sendum</span> <span class='ocrx_word' id='word_1_689' title='bbox 2849 5459 2961 5521; x_wconf 86' lang='lat' dir='ltr'>tibi</span> <span class='ocrx_word' id='word_1_690' title='bbox 2994 5457 3161 5538; x_wconf 90' lang='lat' dir='ltr'>quod</span> <span class='ocrx_word' id='word_1_691' title='bbox 3207 5454 3486 5516; x_wconf 75' lang='lat' dir='ltr'>indebite</span> <span class='ocrx_word' id='word_1_692' title='bbox 3531 5453 3770 5515; x_wconf 70' lang='lat' dir='ltr'>solvisti</span> <span class='ocrx_word' id='word_1_693' title='bbox 3818 5452 4103 5531; x_wconf 81' lang='lat' dir='ltr'>primo?</span> 
     </span>
     <span class='ocr_line' id='line_1_104' title="bbox 901 5544 4105 5642; baseline -0.008 -12"><span class='ocrx_word' id='word_1_694' title='bbox 901 5572 1019 5630; x_wconf 82' lang='lat' dir='ltr'>rat.</span> <span class='ocrx_word' id='word_1_695' title='bbox 1072 5566 1230 5626; x_wconf 87' lang='lat' dir='ltr'>Nam</span> <span class='ocrx_word' id='word_1_696' title='bbox 1277 5579 1391 5642; x_wconf 85' lang='lat' dir='ltr'>per</span> <span class='ocrx_word' id='word_1_697' title='bbox 1440 5558 1824 5622; x_wconf 81' lang='lat' dir='ltr'>additionem</span> <span class='ocrx_word' id='word_1_698' title='bbox 1882 5557 2110 5618; x_wconf 76' lang='lat' dir='ltr'>borum</span> <span class='ocrx_word' id='word_1_699' title='bbox 2161 5556 2430 5618; x_wconf 86' lang='lat' dir='ltr'>aliorum</span> <span class='ocrx_word' id='word_1_700' title='bbox 2534 5553 2906 5636; x_wconf 67' lang='lat' dir='ltr'>Roepondeo</span> <span class='ocrx_word' id='word_1_701' title='bbox 2937 5549 3381 5631; x_wconf 82' lang='lat' dir='ltr'>distinguendo</span> <span class='ocrx_word' id='word_1_702' title='bbox 3416 5568 3433 5610; x_wconf 72' lang='grc' dir='ltr'>ε</span> <span class='ocrx_word' id='word_1_703' title='bbox 3468 5559 3621 5609; x_wconf 78' lang='lat' dir='ltr'>nam</span> <span class='ocrx_word' id='word_1_704' title='bbox 3648 5547 3749 5607; x_wconf 68' lang='lat' dir='ltr'>vei</span> <span class='ocrx_word' id='word_1_705' title='bbox 3770 5544 3960 5626; x_wconf 75' lang='lat' dir='ltr'>prior</span> <span class='ocrx_word' id='word_1_706' title='bbox 3978 5564 4105 5627; x_wconf 78' lang='lat' dir='ltr'>pu-</span> 
     </span>
    </p>
   </div>
   <div class='ocr_carea' id='block_1_6' title="bbox 2528 4893 4089 4976">
    <p class='ocr_par' dir='ltr' id='par_1_11' title="bbox 2528 4893 4089 4976">
     <span class='ocr_line' id='line_1_105' title="bbox 2528 4893 4089 4976; baseline -0.005 -12"><span class='ocrx_word' id='word_1_707' title='bbox 2528 4902 2763 4965; x_wconf 88' lang='lat' dir='ltr'>tributa</span> <span class='ocrx_word' id='word_1_708' title='bbox 2790 4901 3041 4961; x_wconf 86' lang='lat' dir='ltr'>diversa</span> <span class='ocrx_word' id='word_1_709' title='bbox 3069 4897 3333 4958; x_wconf 86' lang='lat' dir='ltr'>diversis</span> <span class='ocrx_word' id='word_1_710' title='bbox 3361 4894 3713 4976; x_wconf 84' lang='lat' dir='ltr'>publicanis</span> <span class='ocrx_word' id='word_1_711' title='bbox 3728 4893 4089 4956; x_wconf 81' lang='lat' dir='ltr'>conducto-</span> 
     </span>
    </p>
   </div>
  </div>
 </body>
</html>
