4263 6376
653 3038 762 3096 141

554 3160 848 3262 'affiffi‘

618 3283 792 3327 mne.

903 252 1017 312 100

895 427 1070 489 tariis
1098 426 1502 506 rejiciuntur,
1560 425 1662 487 vel
1710 425 1789 486 ab
1837 424 1926 486 eis
1968 424 2106 503 capi
2139 442 2264 485 non
2291 440 2437 501 pos-

898 523 1043 580 sunt
1075 540 1089 581 :
1118 519 1285 580 idem
1313 519 1480 579 enim
1509 523 1640 596 est,
1690 517 1858 598 quod
1886 521 2144 596 propter
2168 518 2436 598 impedi-

898 615 1180 672 mentum
1210 611 1537 672 oblivionis
1583 629 1707 671 non
1752 610 1993 688 possint
2035 608 2114 669 ad
2144 609 2299 671 alios
2326 629 2434 671 ve-

900 704 1069 780 nire,
1123 704 1348 784 quibus
1391 722 1465 763 ea
1496 703 1645 763 dare
1675 702 2108 782 disposuerat,
2167 720 2240 762 ac
2269 703 2322 762 si
2353 702 2432 763 ob

900 796 1068 857 aliud
1121 796 1639 875 impedimentum
1692 813 1812 855 non
1860 793 2118 872 possint.
2177 794 2238 855 Si
2287 813 2431 855 vero

898 908 1024 950 non
1054 889 1328 950 habebat
1372 888 1649 949 animum
1695 887 1772 948 de
1816 887 1935 947 illis
1963 886 2101 946 aliis
2129 886 2310 947 bonis
2340 886 2433 947 di-

898 981 1225 1062 sponendi,
1259 999 1332 1041 eo
1363 981 1497 1060 ipso
1518 980 1712 1041 voluit
1731 979 1900 1058 quod
1922 979 2206 1039 venirent
2221 978 2300 1038 ad
2312 978 2434 1039 hae-

897 1073 1113 1134 redem
1140 1073 1220 1133 ab
1248 1074 1538 1134 intestato
1563 1118 1578 1148 ,
1611 1076 1799 1150 atque
1830 1071 1971 1132 ideo
1994 1070 2129 1149 jam
2157 1071 2432 1132 virtuali·

897 1171 993 1228 ter
1020 1166 1098 1226 de
1127 1166 1246 1226 illis
1275 1165 1601 1243 disposuit.
1655 1165 1718 1226 Si
1764 1168 1976 1225 autem
2023 1162 2100 1222 de
2149 1163 2268 1223 illis
2297 1163 2432 1224 aliis

900 1257 1078 1319 bonis
1107 1276 1230 1318 non
1261 1257 1580 1336 cogitavit,
1631 1275 1704 1317 eo
1737 1257 1869 1335 ipso
1902 1256 2302 1335 praesumitur
2327 1274 2433 1316 vo-

897 1350 1084 1410 luisse
1114 1367 1471 1410 accrescere
1519 1366 1595 1409 ea
1624 1349 1833 1409 omnia
1859 1348 2095 1408 haeredi
2123 1347 2428 1427 institut0,

898 1461 1086 1522 quem
1116 1442 1255 1502 aliis
1284 1441 1574 1501 omnibus
1602 1440 1910 1520 praetulit;
1945 1444 2134 1519 atque
2163 1440 2304 1500 ideo
2321 1440 2426 1519 jus

898 1534 1295 1596 accrescendi
1316 1533 1608 1594 fundatur
1628 1533 1993 1594 naturaliter
2021 1533 2081 1592 in
2113 1533 2432 1593 voluntate

898 1631 1282 1706 praesumpta
1308 1625 1655 1698 testatori3‚
1708 1643 1900 1704 quare
1929 1623 2055 1703 jam
2084 1623 2434 1685 virtualiter

896 1719 975 1779 de
1003 1718 1120 1778 illis
1150 1719 1338 1779 etiam
1367 1717 1547 1778 bonis
1577 1723 1838 1779 testatus
1860 1722 1980 1789 est;
2015 1717 2164 1796 quia
2193 1720 2427 1793 tamen,

899 1816 1181 1890 utsupra
1211 1811 1445 1872 dictum
1476 1815 1569 1871 est
1594 1809 1865 1870 sectione
1896 1809 2118 1887 prima,
2144 1814 2291 1870 tunc
2309 1810 2431 1870 hae-

896 1905 1079 1966 redes
1110 1903 1187 1964 ab
1223 1902 1514 1965 intestato
1545 1902 2174 1963 tenenturrestituere
2198 1901 2432 1962 haeredi

897 1999 961 2059 in
990 2017 1055 2059 re
1086 2003 1256 2059 certa
1282 2002 1524 2077 partem
1554 1996 1745 2071 illam,
1773 1995 2023 2074 quando
2051 1995 2158 2054 illa
2187 1994 2431 2055 institu-

897 2092 984 2151 tio
1029 2091 1092 2151 in
1134 2090 1375 2151 ratione
1420 2088 1822 2149 institutionis
1872 2087 2149 2147 invalida
2176 2091 2310 2164 est,
2370 2091 2432 2149 et

898 2182 1284 2244 convertitur
1324 2181 1387 2241 in
1429 2180 1983 2240 fideicommissum
2044 2200 2056 2240 :
2119 2179 2265 2239 binc
2311 2184 2424 2255 est,

898 2275 1066 2354 quod
1094 2275 1240 2336 licet
1267 2274 1554 2335 exclusus
1583 2272 1769 2332 fuerit
1793 2272 1873 2332 ab
1900 2272 2037 2332 aliis
2064 2273 2245 2333 bonis
2269 2319 2285 2348 ‚
2318 2272 2428 2332 ha-

897 2366 1072 2427 bebit
1098 2371 1307 2427 tamen
1338 2365 1506 2425 illam
1535 2368 1818 2442 partem,
1854 2382 1976 2424 non
2006 2369 2076 2426 ut
2102 2364 2431 2426 haeredita-

898 2464 1045 2532 tem,
1068 2459 1176 2519 sed
1208 2463 1275 2520 ut
1302 2456 1849 2518 fideicommissum
1870 2455 1949 2515 ab
1979 2456 2332 2517 haeredibus
2349 2456 2427 2516 ab

897 2551 1187 2611 intestato
1212 2596 1227 2626 ,
1277 2554 1339 2610 et
1367 2548 1652 2629 quamvis
1699 2548 1851 2608 illud
1882 2567 2004 2609 non
2034 2548 2336 2610 subsistat
2361 2553 2431 2611 ut

902 2645 1363 2718 testamentum,
1395 2640 1628 2701 valebit
1652 2645 1866 2701 tamen
1886 2646 1954 2701 ut
1981 2640 2324 2717 codicillus,
2369 2645 2433 2702 et

899 2755 973 2796 ex
1001 2753 1074 2795 eo
1116 2753 1339 2813 capere
1381 2734 1612 2813 poterit
1654 2732 1808 2793 illud
1846 2732 2423 2812 fideicommissum,

899 2832 961 2889 et
985 2831 1186 2890 totum
1234 2826 1352 2887 hoc
1396 2823 1681 2903 procedit
1724 2843 1800 2885 ex
1845 2826 2164 2886 voluntate
2207 2826 2429 2888 saltem

898 2919 1149 2981 virtuali
1175 2917 1511 2979 testatoris.

980 3011 1160 3073 Dices
1191 3031 1205 3072 :
1252 3009 1421 3090 quod
1451 3026 1600 3088 ergo
1643 3007 2035 3087 privilegium
2065 3010 2431 3071 conceditur

899 3104 1100 3180 militi,
1134 3101 1385 3182 quando
1416 3102 1471 3160 ei
1502 3101 1880 3179 permittitur
1897 3101 2062 3179 quod
2085 3103 2315 3180 partim
2341 3107 2428 3163 te-

898 3202 1096 3259 status
1140 3202 1202 3258 et
1244 3195 1474 3274 partim
1511 3195 1839 3255 intestatus
1869 3194 2173 3272 decedat,
2226 3195 2276 3256 si
2325 3196 2428 3257 alii

897 3291 1084 3353 etiam
1113 3291 1579 3366 consequuntur
1605 3286 1724 3347 hoc
1754 3287 1980 3366 ipsum,
2006 3292 2068 3348 et
2096 3287 2429 3349 haereditas

896 3385 1027 3445 sola
1057 3382 1336 3463 partialis
1381 3380 1463 3441 ad
1511 3379 1824 3440 haeredem
1862 3379 2189 3459 partialem
2219 3399 2296 3441 ex
2323 3399 2430 3442 eo-

894 3495 1035 3537 rum
1063 3476 1384 3537 voluntate
1413 3472 1740 3552 pervenire
1787 3478 2030 3551 potest,
2082 3478 2147 3533 et
2186 3474 2428 3552 reliqua

895 3568 1062 3630 bona
1090 3569 1169 3629 ad
1199 3566 1481 3627 haeredes
1524 3565 1602 3625 ab
1630 3565 1973 3627 intestato?
2031 3567 2269 3645 Respor.
2283 3567 2424 3643 deo,

894 3679 1029 3722 esse
1057 3660 1516 3734 differentiam,
1577 3657 1744 3735 quod
1787 3657 1966 3719 miles
1991 3704 2007 3734 ‚
2058 3657 2203 3718 licet
2249 3659 2311 3718 in
2353 3676 2428 3720 eo

894 3753 1084 3814 etiam
1113 3752 1399 3813 voluntas
1427 3754 1812 3829 praesumpta
1836 3749 2041 3809 locum
2072 3749 2333 3826 habeat,
2368 3755 2432 3812 et

893 3845 1034 3905 ideo
1061 3844 1311 3924 quando
1343 3844 1704 3921 ignoranter
1728 3887 1743 3917 ,
1801 3847 1867 3902 et
1909 3859 2022 3919 per
2050 3842 2428 3903 oblivionem

893 3937 972 3998 de
1001 3937 1290 3997 omnibus
1320 3935 1499 3996 bonis
1529 3952 1651 3994 non
1674 3933 1999 4012 disposuit,
2027 3934 2228 3994 haeres
2258 3935 2427 3995 abeo

894 4030 1213 4091 institutus
1238 4027 1424 4089 etiam
1455 4027 1514 4087 in
1546 4045 1612 4087 re
1632 4026 2047 4087 determinata
2075 4045 2188 4105 per
2211 4026 2431 4106 jusac-

894 4122 1215 4183 crescendi
1242 4121 1305 4181 in
1335 4119 1470 4180 aliis
1498 4119 1676 4181 bonis
1705 4119 2001 4180 succedat
2021 4137 2094 4179 ex
2125 4137 2431 4198 praesum-

895 4221 1001 4294 pta
1029 4214 1164 4295 ejus
1193 4214 1547 4288 voluntate,
1579 4211 1741 4271 sicut
1768 4211 1818 4270 si
1851 4230 1976 4272 non
2007 4217 2188 4287 esset,
2224 4212 2424 4287 mileS,

895 4313 963 4368 ut
990 4308 1220 4369 fatetur
1246 4306 1390 4368 Mol.
1427 4304 1586 4382 disp.
1622 4320 1760 4364 cxv.
1793 4303 1849 4381 ἓ.
1889 4303 2035 4378 Quia
2061 4323 2197 4365 vero
2224 4303 2429 4365 miles:

895 4399 1144 4481 quando
1174 4404 1383 4461 tamen
1412 4398 1613 4459 sciens
1643 4402 1705 4459 et
1732 4396 2006 4474 prudens
2034 4397 2112 4457 de
2142 4402 2318 4476 parte
2334 4414 2428 4457 so-

892 4495 1023 4555 lum
1050 4496 1314 4553 testatus
1344 4494 1457 4566 est,
1493 4489 1701 4568 quoad
1730 4487 1972 4567 reliqua
2000 4495 2292 4550 censetur
2321 4507 2426 4550 vo-

894 4587 1078 4648 luisse
1107 4584 1187 4645 ab
1215 4585 1509 4645 intestato
1541 4581 1867 4657 decedere,
1915 4581 1956 4641 l.
1982 4581 2234 4641 Similes
2253 4601 2428 4642 unum

893 4699 967 4741 ex
987 4676 1192 4759 funde,
1225 4677 1290 4737 ff.
1322 4674 1391 4736 de
1414 4673 1667 4734 militari
1690 4682 2046 4750 testamento,
2081 4673 2120 4734 l.
2156 4691 2225 4734 11.
2260 4676 2327 4735 C.
2360 4673 2431 4734 de

893 4778 1228 4833 testamento
1254 4767 1455 4827 militis
1474 4813 1489 4843 ,
1540 4770 1602 4827 et
1632 4766 1971 4827 sustinetur
1998 4766 2133 4826 haec
2163 4766 2297 4845 ejus
2327 4785 2431 4828 vo-

893 4866 1121 4926 luntas,
1155 4865 1222 4923 ln
1252 4878 1375 4941 quo
1406 4859 1615 4920 differt
1642 4877 1678 4917 a
1702 4876 1947 4937 pagano
1968 4905 1984 4935 ,
2017 4877 2127 4919 seu
2157 4877 2280 4918 non
2310 4859 2430 4918 mi-

893 4959 999 5020 lite
1020 5005 1035 5035 ,
1088 4956 1234 5036 quia
1263 4954 1410 5015 licet
1435 4952 1725 5012 voluntas
1753 4950 1938 5031 hujus
1970 4951 2203 5011 habere
2233 4951 2429 5029 possit

896 5051 1183 5112 effectum
1208 5094 1223 5124 ,
1276 5052 1584 5126 quatenus
1614 5044 1814 5104 hoeres
1859 5044 1939 5103 ab
1968 5043 2260 5104 intestato
2290 5062 2426 5104 suc-

894 5142 1123 5204 cedens
1151 5141 1213 5200 in
1245 5138 1532 5200 omnibus
1559 5136 1742 5198 bonis
1773 5136 2059 5199 restituet
2082 5139 2325 5216 partem
2353 5134 2427 5196 il-

890 5235 1015 5296 lam
1045 5232 1224 5314 quasi
1265 5234 1520 5309 rogatus
1552 5228 1781 5289 haeredi
1822 5229 1885 5289 in
1916 5228 2019 5288 illa
2049 5232 2226 5307 parte
2253 5228 2424 5290 insti-

890 5332 1023 5390 tuto
1057 5342 1072 5389 :
1108 5327 1549 5389 testamentum
1577 5327 1789 5383 tamen
1839 5340 1962 5382 non
1991 5322 2331 5383 sustinetur
2355 5323 2418 5382 in

2054 246 2157 306 nn
2198 242 2552 307 JUSTITIA
2595 242 2697 302 Er
2738 242 2971 331 man

2531 438 2599 480 se
2629 438 2755 480 non
2784 423 3068 499 poterat,
3113 425 3178 484 et
3203 421 3344 484 ideo
3376 423 3579 486 haeres
3609 424 3688 486 ab
3720 442 3793 486 eo
3822 420 4067 485 institu-

2530 518 2632 573 tus
2660 530 2784 572 non
2816 512 3095 574 succedit
3124 519 3192 575 ut
3221 515 3420 577 haeres
3444 564 3460 593 ,
3511 519 3623 578 sed
3652 521 3722 579 ut
3749 517 4067 578 fideicom-

2529 604 2852 665 missarius
2912 624 2926 665 :
2987 609 3050 667 et
3094 606 3296 669 haeres
3347 608 3428 669 ab
3452 609 3746 672 intestato
3777 615 4069 671 censetur

2533 696 2878 758 virtualiter
2918 698 3236 760 institutus
3265 700 3467 763 haeres
3491 749 3506 778 ,
3560 707 3623 763 et
3647 708 3898 764 tenetur
3924 721 4068 783 par-

2530 793 2657 849 tem
2684 789 2856 848 illam
2886 794 2955 851 ut
2980 790 3529 854 fideicommissum
3558 796 3905 872 restituere,
3938 813 4064 856 non

2530 900 2606 942 ex
2634 885 3029 960 testamento,
3082 883 3193 944 sed
3245 903 3319 945 ex
3349 886 3634 948 codicillo
3669 908 3682 949 :
3716 888 3866 949 illud
3897 888 4066 948 enim

2529 978 2973 1036 testamentum
3019 976 3243 1038 transit
3288 996 3362 1038 ex
3390 979 3667 1058 benigna
3687 980 3848 1059 juris
3876 981 4066 1043 inter-

2529 1066 2878 1145 pretatione
2921 1067 2982 1126 in
3028 1068 3384 1131 codicillum
3404 1118 3419 1148 ,
3483 1077 3553 1133 ιιι
3598 1091 3790 1151 supra
3825 1073 4066 1135 dietum

2530 1163 2625 1220 est
2654 1178 2669 1219 ε
2704 1178 2897 1239 quare
2926 1166 3172 1223 mortuo
3203 1161 3452 1225 haerede
3479 1171 3740 1243 gravato
3760 1171 3906 1227 ante
3934 1167 4067 1227 adi·

2529 1256 2658 1312 tam
2687 1251 3141 1330 haereditatem,
3169 1273 3291 1315 non
3314 1259 3560 1334 poterat
3579 1257 3811 1336 dejure
3840 1260 4066 1321 saltem

2531 1342 2786 1423 antiquo
2815 1345 3369 1409 fideicommissum
3397 1350 3768 1423 subsistere;
3824 1357 3888 1413 et
3920 1371 4066 1414 meo

2523 1433 2763 1515 judicio
2806 1438 3076 1499 retinere
3121 1442 3351 1519 poterit
3394 1442 3596 1503 haeres
3641 1442 3721 1502 ab
3766 1444 4064 1508 intestato

2530 1533 2818 1607 quartam
2849 1530 3387 1610 Trebellianicam,
3413 1534 3662 1612 quando
3692 1535 3827 1614 ipsa
3854 1538 4068 1598 locum

2531 1620 2742 1698 habet,
2776 1622 3084 1701 quidquid
3114 1623 3282 1686 dicat
3317 1627 3549 1687 Molina
3579 1627 3683 1688 ubi
3713 1647 3904 1708 supra
3926 1677 3943 1707 ,
3998 1632 4062 1709 ἓ.

2528 1712 2933 1777 Fundamenta
2959 1716 3176 1795 itaque.
3244 1720 3456 1779 Haeres
3502 1725 3715 1781 autem
3741 1722 4067 1784 institutus

2530 1806 2717 1866 etiam
2748 1806 2809 1866 in
2839 1826 2905 1867 re
2935 1814 3106 1869 certa
3134 1828 3170 1868 a
3198 1810 3392 1871 milite
3421 1813 3707 1874 succedit
3734 1818 3803 1875 ιιι
3830 1814 4061 1893 haereS,

2531 1916 2647 1958 nec
2676 1898 2864 1960 debet
2892 1905 3222 1978 expectare
3247 1948 3263 1979 ‚
3311 1907 3380 1965 ut
3407 1905 3674 1984 accipiat
3701 1907 3779 1968 ab
3810 1908 4067 1970 haerede

2528 1990 2608 2051 ab
2637 1990 2927 2053 intestato
2957 2011 3090 2052 rem
3118 1994 3289 2054 illam
3314 2041 3328 2070 ,
3389 1997 3500 2057 sed
3538 1999 3671 2076 ipse
3701 1999 4066 2064 immediate

2528 2088 2734 2161 potest
2759 2084 2928 2145 illam
2958 2085 3076 2146 sibi
3104 2087 3387 2167 accipere
3417 2094 3485 2150 ut
3511 2090 3713 2152 haeres
3742 2093 4073 2155 immedia-

2528 2179 2648 2250 tus,
2684 2195 2799 2236 nec
2828 2177 3016 2239 debet
3061 2187 3352 2258 quartam
3380 2183 3899 2247 Trebellianicam
3924 2233 3940 2264 ,
3997 2190 4069 2249 et

2528 2265 2721 2328 habet
2749 2269 2960 2329 omnia
2998 2270 3146 2349 jura
3188 2274 3443 2352 propria
3470 2275 3739 2338 haeredis
3766 2297 3841 2338 ex
3868 2284 4072 2341 testa-

2527 2364 2760 2435 mento,
2797 2363 2946 2440 quia
2982 2381 3125 2423 eum
3155 2365 3351 2426 milite
3384 2366 3811 2448 dispensatur,
3841 2377 3910 2433 ut
3935 2377 4071 2434 tes-

2526 2456 2872 2513 tamentum
2901 2456 3034 2533 ejus
3065 2456 3339 2517 validum
3371 2459 3451 2520 sit
3493 2461 3681 2522 etiam
3729 2463 3791 2523 in
3821 2465 4069 2526 ratione

2526 2547 2916 2622 testamenti,
2975 2548 3120 2610 licet
3163 2568 3283 2610 non
3336 2552 3418 2613 sit
3462 2552 3664 2615 haeres
3693 2555 4069 2617 universalis

2528 2638 2754 2716 aliquis
2783 2638 3120 2716 institutuS,
3155 2646 3216 2703 et
3242 2643 3390 2704 licet
3413 2664 3486 2705 ex
3517 2646 3822 2708 industria
3846 2650 4072 2710 volue-

2526 2730 2607 2791 rit
2632 2730 2937 2791 decedere
2966 2731 3293 2796 intestatus
3323 2755 3399 2796 ex
3427 2744 3626 2816 parte,
3660 2759 3735 2801 ex
3764 2759 3889 2819 qua
3915 2760 4072 2822 par-

2525 2827 2586 2884 te
2616 2822 2894 2885 haeredes
2922 2843 3045 2886 non
3067 2829 3406 2890 suecedent
3425 2831 3551 2891 ullo
3569 2832 3758 2894 modo
3780 2853 3856 2894 ex
3874 2839 4070 2898 testa-

2525 2920 2736 2976 mento
2760 2961 2776 2992 ‚
2829 2917 2940 2976 secl
2988 2918 3066 2979 ab
3106 2919 3399 2983 intestato
3424 2968 3439 2998 ,
3490 2928 3552 2984 et
3580 2924 3903 2989 habebunt
3930 2946 4071 2989 om-

2528 3007 2632 3068 nia
2652 3006 2797 3086 jura
2826 3026 2966 3087 quae
2997 3018 3363 3091 competunt
3402 3014 3761 3079 haeredibus
3788 3019 3868 3080 ab
3895 3020 4072 3083 inte·

2526 3105 2709 3162 stato,

2605 3194 2784 3256 Unde
2813 3196 3077 3258 infertur
3102 3198 3400 3262 resolutio
3436 3203 3692 3265 alterius
3722 3205 3919 3279 dubii,
3971 3226 4065 3269 an

2525 3288 2694 3365 quod
2749 3287 2950 3349 haeres
3004 3290 3322 3354 institutus
3376 3293 3440 3353 in
3489 3301 3702 3374 quota,
3764 3299 3860 3359 vel
3891 3300 3957 3360 in
3988 3318 4065 3360 re
4136 3331 4230 3384 Μ

2526 3383 2696 3440 certa
2722 3378 2955 3442 habeat
2980 3382 3100 3442 alia
3131 3382 3318 3460 bona,
3380 3388 3631 3465 quando
3663 3390 3868 3451 nullus
3898 3392 4069 3453 alius
4121 3387 4230 3482 Ἓξ,

2526 3470 2727 3532 haeres
2757 3472 2871 3533 fuit
2896 3474 3234 3552 institutuS‚
3270 3477 3501 3540 habeat
3529 3480 3735 3541 locum
3769 3484 3963 3544 etiam
3993 3485 4069 3545 in

2526 3564 2661 3625 foro
2690 3565 3084 3627 e.·nscientiae
3100 3566 3130 3626 ἱ)
3157 3568 3252 3628 Ad
3271 3571 3438 3648 quod
3460 3572 3693 3634 Molina
3711 3574 3818 3635 ubi
3840 3595 4065 3656 supra,

2524 3656 2580 3734 ἓ.
2615 3655 2721 3716 Ad
2740 3655 2975 3717 dubium
2997 3660 3381 3740 propositum,
3416 3666 3753 3742 respondet
3781 3685 3921 3727 cum
3947 3670 4074 3729 Pa-

2527 3749 2776 3809 normit.
2813 3750 3134 3827 silvestro,
3195 3756 3258 3814 et
3284 3754 3420 3815 aliis
3450 3756 3851 3836 affirmative,
3912 3760 4077 3840 quia

2525 3840 2696 3918 leges
2724 3841 2936 3902 civiles
2966 3843 3215 3921 quando
3274 3846 3397 3925 legi
3438 3846 3666 3910 divinae
3718 3869 3844 3912 non
3871 3871 4077 3931 repu-

2525 3937 2741 4011 gnant,
2776 3939 3035 4011 possunt
3086 3935 3146 3994 in
3195 3939 3578 4002 conscientia
3632 3942 3935 4023 obligare,
4001 3950 4080 4007 et

2525 4025 2862 4086 transferre
2893 4026 3240 4089 dominium
3290 4049 3304 4090 :
3367 4030 3484 4092 hoc
3513 4039 3724 4095 tamen
3756 4055 3878 4097 non
3911 4056 4075 4115 pro-

2526 4116 2779 4180 cederet
2821 4118 3072 4197 quando
3104 4138 3217 4198 per
3242 4122 3528 4184 fraudem
3576 4126 3868 4190 inductus
3896 4134 4082 4192 esset

2527 4215 2786 4271 testator
2813 4210 2891 4270 ad
2925 4211 2988 4272 id
3007 4212 3386 4292 faciendum,
3418 4216 3567 4296 quia
3586 4218 3822 4281 dictum
3844 4221 3903 4281 ei
3919 4222 4074 4300 fuit,

2527 4302 2695 4382 quod
2725 4303 2790 4363 id
2818 4303 3126 4381 faciendo,
3169 4305 3453 4369 haeredes
3485 4309 3565 4370 ab
3596 4310 3887 4375 intestato
3918 4333 4083 4376 suc-

2526 4396 2750 4456 cedere
2779 4395 3095 4458 debebant
3123 4397 3188 4457 in
3218 4399 3354 4460 aliis
3381 4400 3565 4463 bonis
3624 4424 3638 4464 :
3700 4409 3851 4467 tunc
3890 4407 4081 4469 enim

2526 4488 2624 4548 his
2653 4488 2911 4551 deberet
2936 4490 3172 4551 restitui
3205 4509 3387 4552 omne
3410 4493 3494 4570 id,
3531 4497 3698 4575 quod
3728 4517 3843 4576 per
3869 4499 4081 4561 talem

2526 4580 2811 4641 fraudem
2842 4581 3069 4661 injuste
3120 4583 3199 4644 ab
3229 4584 3304 4645 iis
3357 4586 3476 4648 fuit
3526 4588 3827 4668 ablatum,
3887 4594 4080 4670 quod

2525 4673 2713 4734 etiam
2742 4674 2803 4734 in
2833 4674 2966 4735 foro
2997 4679 3250 4737 externo
3282 4677 3639 4740 faciendum
3666 4688 3850 4744 esset.

2604 4768 2751 4827 Haec
2780 4772 2989 4828 tamen
3017 4768 3175 4831 ratio
3207 4770 3538 4849 desumpta
3580 4790 3656 4833 ex
3684 4775 3818 4835 sola
3846 4775 4084 4856 dispo-

2523 4858 2744 4920 sitione
2773 4859 2928 4936 legis
2956 4879 3082 4920 non
3114 4866 3208 4922 est
3235 4863 3550 4925 sufficiens
3602 4885 3616 4926 :
3678 4884 3755 4927 ex
3785 4886 3858 4929 ea
3887 4869 4080 4932 enim

2522 4951 2822 5029 sequitur,
2856 4951 3024 5031 quod
3054 4953 3297 5015 etiamsi
3326 4974 3441 5033 per
3457 4956 3744 5019 fraudem
3764 4960 4079 5025 inductus

2523 5049 2686 5104 esset
2711 5048 2972 5105 testator
3000 5045 3081 5105 ad
3134 5046 3197 5106 id
3227 5047 3611 5126 faciendum,
3671 5070 3798 5112 non
3840 5059 4080 5119 tamen

2522 5140 2839 5198 teneretur
2867 5137 3066 5198 haeres
3086 5138 3403 5202 institutus
3423 5140 3486 5201 in
3516 5148 3730 5221 quota,
3765 5146 3865 5206 vel
3891 5147 3958 5207 in
3989 5168 4078 5211 re

2522 5234 2693 5290 certa
2719 5228 2954 5308 aliquid
3011 5230 3335 5292 restituere
3392 5232 3744 5297 haeredibus
3786 5237 3866 5299 ab
3896 5232 4083 5302 inte-

2521 5326 2703 5398 stat0,
2764 5322 3014 5401 quando
3070 5323 3205 5403 ipse
3248 5324 3447 5387 haeres
3499 5328 3739 5390 fraudis
3766 5333 4079 5397 conscius

2523 5433 2647 5477 non
2675 5415 2813 5493 fuit,
2849 5415 2994 5496 quia
3022 5435 3096 5478 ex
3125 5417 3344 5480 fraude
3372 5418 3603 5498 injusta
3630 5421 3734 5483 ille
3762 5423 3935 5487 solus
3962 5432 4082 5491 te-
