4263 6376
730 326 810 383 44

1836 321 1938 381 DE
1978 322 2335 383 JUSTITIA
2378 322 2480 383 ΕΤ
2520 321 2720 384 JURE

721 497 987 559 minium
1016 497 1349 573 donatarii,
1386 496 1532 578 quia
1571 497 1850 559 nondum
1881 502 1975 559 est
2000 498 2254 574 tradita,
2360 498 2539 577 gulas
2570 502 2720 558 sect.
2757 514 2841 558 ιν.
2877 498 3226 577 assignatas
3274 496 3529 559 donatio
3558 494 3678 557 fuit
3719 494 3908 556 abso-

723 609 906 670 posse
952 590 1017 651 in
1061 590 1195 652 foro
1240 590 1637 651 conscientiae
1684 590 2074 666 donatorem,
2123 609 2260 650 ces-

723 686 901 745 sante
930 682 1224 743 scandalo
1245 728 1260 758 ,
1297 682 1672 762 promissum
1707 701 1829 742 non
1859 682 2150 760 implere,
2183 682 2262 742 ob

726 775 1171 855 aequivalentes
1200 794 1420 836 causas
1448 775 1936 854 ingratitudinis,
1963 774 2106 854 quia
2140 793 2264 835 non

725 867 976 929 videtur
1002 867 1269 928 voluisse
1294 887 1359 927 se
1389 868 1667 945 obligare
1694 866 1775 927 ad
1823 885 1956 925 rem
2004 867 2268 946 promis-

731 978 864 1021 sam
894 960 1120 1021 talibus
1150 960 1633 1021 circumstantiis
1663 960 2156 1021 occurrentibus,

812 1052 1143 1114 Dubitatur
1171 1052 1477 1129 secundo,
1511 1056 1719 1113 utrum
1759 1053 1837 1112 ob
1873 1052 2269 1130 ingratitudi-

733 1163 877 1205 nem
906 1146 1184 1205 revocari
1216 1145 1411 1224 possit
1438 1145 1714 1220 donatio,
1740 1145 1982 1204 etiamsi
2004 1145 2271 1205 donator

734 1237 989 1298 dixisset
1014 1237 1076 1297 in
1109 1237 1445 1298 donatione
1467 1284 1482 1313 ,
1517 1256 1581 1297 se
1612 1237 1970 1298 renuntiare
2010 1237 2155 1298 huic
2184 1237 2269 1298 fa-

734 1330 944 1391 cultati
967 1331 1301 1390 revocandi
1325 1330 1404 1391 ob
1435 1330 1941 1408 ingratitudinem
1974 1330 2271 1391 subsecu-

733 1423 902 1483 tam?
925 1423 1260 1483 Affirmant
1288 1422 1574 1483 doctores
1603 1422 2019 1482 communiter
2040 1471 2054 1496 ,
2089 1440 2270 1501 posse

734 1514 943 1575 adhuc
970 1514 1274 1590 revocari,
1308 1533 1465 1594 quos
1503 1515 1715 1589 refert,
1750 1520 1814 1575 et
1836 1515 2116 1594 sequitur
2144 1517 2272 1576 Mo-

732 1607 863 1668 lina
892 1627 997 1668 nu.
1026 1610 1086 1667 5.
1121 1607 1268 1687 quia
1289 1626 1362 1666 ea
1392 1606 1766 1668 renuntiatio
1799 1610 1890 1667 est
1920 1610 2138 1667 contra
2165 1608 2273 1668 bo-

734 1718 848 1759 nos
869 1719 1096 1775 moreS‚
1133 1702 1444 1779 quatenus
1475 1700 1712 1777 praebet
1741 1700 2133 1760 occasionem
2165 1699 2274 1759 de-

733 1792 1084 1873 linquendi:
1119 1812 1258 1873 quae
1274 1793 1581 1854 sententia
1601 1792 2090 1869 veriorvidetur,
2126 1793 2274 1873 quia

734 1904 847 1964 per
905 1886 1215 1964 ejusmodi
1270 1885 1795 1947 renuntiationem
1865 1885 2274 1963 impediretur

487 1063 600 1121 174

386 1185 506 1238 Quid,
537 1186 572 1229 si
603 1186 684 1228 do-

388 1245 506 1282 nator
528 1253 684 1282 renun-

387 1292 502 1335 davit
516 1295 685 1337 inculta-

406 1346 437 1388 ti
458 1350 673 1392 revocandi

435 1400 500 1442 vel
523 1402 644 1444 etiam

452 1453 617 1507 juravit.

735 1978 987 2039 omnino
1030 1979 1171 2039 finis
1220 1979 1376 2056 Iegis
1423 1977 1807 2056 impediendi
1839 1977 2150 2057 ejusmodi
2177 1978 2273 2036 in-

732 2071 1201 2150 gratitudinem.
1239 2073 1304 2133 Sl
1334 2076 1545 2133 tamen
1560 2069 1918 2149 juramento
1949 2071 2274 2130 confirme-

735 2167 839 2225 tur
864 2164 1192 2243 promissio
1239 2183 1361 2225 non
1393 2163 1733 2223 revocandi
1773 2164 1851 2223 ob
1882 2162 2275 2242 ingratitudi—

734 2274 901 2332 nem,
935 2256 1126 2335 aliqui
1148 2276 1180 2314 e
1214 2255 1338 2315 iam
1361 2255 1576 2316 dicunt
1602 2255 1884 2315 revocari
1915 2274 2119 2333 posse.
2153 2255 2271 2314 Alii

732 2367 904 2425 vero,
950 2368 1105 2428 quos
1136 2349 1420 2428 sequitur
1445 2348 1676 2409 Molina
1706 2368 1767 2408 n.
1815 2351 1873 2408 6.
1907 2353 2143 2425 negant
2168 2366 2271 2406 re·-

732 2442 944 2502 vocari
976 2460 1158 2520 posse
1178 2488 1194 2517 ,
1246 2446 1308 2502 et
1336 2444 1580 2502 constat
1609 2460 1683 2500 ex
1711 2440 1787 2501 iis
1830 2458 1969 2519 quae
2000 2440 2272 2499 diximus

733 2533 962 2613 disput.
1001 2534 1377 2613 praecedenti
1409 2538 1559 2594 sect.
1597 2549 1734 2594 vm.
1787 2532 1864 2592 de
1906 2534 2268 2611 J'uramento

732 2627 1079 2688 contractui
1108 2627 1320 2687 addito
1346 2673 1360 2701 ,
1422 2626 1569 2705 quia
1597 2644 1698 2685 res
1734 2626 2042 2705 promissa
2071 2628 2276 2703 potest

735 2720 870 2781 sine
900 2725 1157 2800 peccato
1193 2718 1535 2794 observari,
1563 2723 1629 2779 ut
1658 2722 1923 2793 constat,
1950 2721 2013 2778 et
2041 2717 2275 2795 colligi-

731 2818 833 2875 tur
879 2831 915 2873 a
950 2813 1133 2874 simili
1165 2832 1241 2872 ex
1270 2830 1407 2889 cap.
1459 2809 1967 2887 Quemadmodum,
1999 2811 2054 2889 §.
2089 2808 2269 2881 Illud,

732 2903 1235 2986 dejurqjurandO,
1256 2903 1362 2964 uhi
1391 2902 1653 2964 maritus
1683 2903 1789 2982 qui
1818 2903 2104 2982 promisit
2131 2921 2275 2963 cum

727 2997 1086 3078 juramento
1117 3013 1376 3057 uxorem
1409 3013 1880 3067 nonaccusare,
1918 2995 2063 3055 licet
2094 2995 2277 3054 adul-

733 3089 961 3152 terium
991 3090 1439 3162 committeret,
1491 3087 1804 3166 obligatur
1852 3088 1931 3147 ad
1972 3087 2036 3146 id
2068 3086 2277 3146 obser-

735 3182 1036 3259 vandum,
1102 3181 1249 3262 quia
1318 3184 1523 3260 potest
1589 3179 1755 3240 licite
1809 3179 2276 3241 accusationem

738 3277 1048 3339 omittere.

817 3369 1150 3431 Dubitatur
1177 3368 1384 3444 tertio,
1436 3384 1518 3427 an
1548 3366 1803 3428 donatio
1843 3369 2277 3426 renumerato-

739 3464 854 3539 ria,
889 3465 951 3523 et
977 3462 1057 3523 ob
1103 3478 1358 3523 causam
1406 3460 1603 3538 possit
1650 3461 1836 3520 etiam
1884 3463 2141 3537 propter
2178 3458 2278 3517 in-

738 3554 1186 3636 gratitudinem
1216 3552 1534 3613 revocari?
1579 3555 1825 3630 Negant
1864 3550 2281 3611 communiter

739 3649 1028 3710 doctores
1058 3665 1213 3726 quos
1243 3647 1443 3720 affert,
1496 3648 1558 3705 et
1584 3644 1869 3724 sequitur
1893 3643 2123 3704 Molina
2168 3660 2273 3701 nu.

737 3747 797 3804 7.
851 3741 1141 3803 Rebellus
1188 3758 1359 3799 nuni.
1394 3743 1452 3798 7.
1506 3742 1568 3798 et
1611 3737 1859 3798 Lessius
1907 3754 2078 3796 num.
2135 3738 2272 3796 ¹05.

742 3836 919 3898 Unde
970 3832 1222 3894 donatio
1253 3831 1332 3892 ad
1365 3830 1598 3906 dotem,
1631 3830 1730 3891 vel
1762 3830 1840 3889 ad
1889 3828 2137 3908 nuptias
2183 3846 2282 3887 re-

740 3929 950 3988 vocari
979 3946 1104 3988 non
1134 3929 1360 4004 potest,
1416 3942 1536 3985 non
1583 3924 1786 3984 solum
1832 3925 2119 4000 respectu
2149 3938 2283 3978 ma-

740 4022 866 4096 riti,
919 4020 1016 4081 eui
1051 4020 1192 4079 data
1225 4018 1473 4078 videtur
1503 4017 1615 4077 dos
1647 4034 1720 4075 ex
1768 4019 2095 4076 contractu
2127 4031 2277 4074 one-

743 4134 908 4190 rom,
943 4113 1054 4175 sed
1087 4113 1275 4172 etiam
1304 4116 1550 4171 mortuo
1582 4109 1808 4169 marito
1838 4107 2068 4168 relictis
2114 4107 2279 4179 filiis,

745 4224 1012 4287 quorum
1069 4222 1258 4264 causa
1309 4203 1558 4263 videtur
1613 4201 1802 4260 etiam
1851 4199 1929 4258 ad
1986 4198 2282 4258 maritum

746 4298 1091 4378 pertinere,
1153 4295 1278 4355 imo
1327 4312 1442 4353 nec
1495 4297 1781 4371 respectu
1827 4291 2019 4369 ipsius
2074 4290 2286 4350 uxoris

746 4395 996 4451 mortuo
1049 4387 1274 4449 marito
1303 4433 1318 4461 ,
1371 4389 1437 4446 ut
1481 4385 1707 4464 probat
1751 4383 1982 4445 Molina
2028 4382 2283 4442 ibidem.

749 4486 874 4544 Nec
906 4482 1094 4542 etiam
1128 4478 1380 4541 donatio
1411 4478 1577 4538 facta
1615 4477 1916 4553 ecclesiae,
1947 4477 2045 4535 vel
2074 4493 2288 4536 mona-

750 4576 960 4650 sterie,
996 4574 1142 4653 quia
1172 4576 1460 4633 censetur
1488 4571 1655 4631 facta
1684 4572 1810 4631 Deo
1842 4589 1917 4629 ex
1944 4568 2119 4646 gravi
2142 4586 2291 4628 cau-

750 4689 841 4745 sa,
876 4673 945 4730 ut
987 4670 1165 4727 notat
1208 4663 1456 4725 Lessius
1504 4662 1762 4723 ibidem.
1821 4661 2030 4741 Aliqui
2073 4666 2285 4722 tamen

752 4760 1117 4842 praedictam
1150 4756 1500 4818 doctrinam
1530 4755 1819 4828 limitant,
1854 4758 1916 4815 et
1941 4755 2160 4814 dicunt
2187 4771 2287 4812 rc-

750 4853 963 4916 vocari
1012 4869 1194 4930 posse
1242 4848 1645 4909 donationem
1699 4846 2286 4920 remuneratorium,

751 4967 893 5029 quae
944 4945 1089 5006 licet
1138 4944 1303 5004 facta
1342 4941 1530 5002 fuerit
1559 4959 1634 5000 ex
1679 4939 1986 5014 decentia,
2020 4937 2295 4998 liberalis

751 5046 963 5102 tamen
992 5041 1108 5110 est,
1143 5039 1211 5096 ut
1236 5035 1288 5095 si
1316 5033 1550 5094 famulo
1582 5033 1746 5093 ultra
1783 5031 2161 5110 stipendium
2194 5030 2298 5090 de-

753 5134 976 5208 bitum,
1027 5128 1265 5208 aliquid
1310 5127 1572 5188 ulterius
1614 5125 1831 5185 datum
1875 5129 1970 5184 est
2011 5123 2091 5184 ob
2138 5122 2299 5183 bene

756 5224 1103 5306 praestitum
1134 5220 1526 5298 obsequium,
1562 5218 1659 5278 vel
1688 5218 1742 5277 si
1771 5217 2060 5296 princeps
2091 5234 2302 5276 remu-

757 5323 937 5381 neret
991 5314 1291 5393 obsequia
1357 5312 1787 5382 subditorum;
1847 5310 1934 5370 ita
1992 5309 2297 5384 PinelluS,

490 3405 601 3463 ¹75

442 3530 547 3578 Quid
581 3530 633 3572 do

389 3584 608 3627 donatione
634 3582 689 3625 ob

404 3650 584 3686 causam,
604 3637 671 3678 vel

403 3695 690 3752 munerato-

503 3756 580 3786 na.

759 5429 947 5493 quem
978 5409 1169 5468 refert
1197 5409 1259 5467 et
1305 5405 1590 5485 sequitur
1615 5403 1867 5465 Melina.
1918 5405 2049 5462 Hoc
2090 5407 2301 5463 tamen

758 5521 982 5568 verum
1013 5501 1296 5561 existimo
1329 5502 1477 5560 tunc
1505 5497 1706 5558 solum
1729 5495 1979 5576 quando
2003 5493 2183 5576 juxta
2214 5512 2305 5554 re·

2362 592 2489 652 Iute
2526 591 2797 670 gratuita
2826 595 3083 669 propter
3129 608 3475 666 excessum,
3509 607 3634 668 quo
3677 588 3907 649 merita

2363 687 2762 743 remunerata
2788 683 3061 758 fuerunt,
3109 682 3234 743 imo
3265 700 3380 743 nec
3421 686 3570 743 tunc
3617 679 3900 740 revocari

2365 780 2574 855 posset
2603 780 2733 836 tota
2761 775 3038 849 donatiO,
3073 775 3181 834 sed
3213 775 3412 835 solum
3456 773 3663 854 quoad
3695 791 3905 833 exces-

2365 887 2526 945 sum,
2562 869 2669 947 qui
2698 869 2865 928 solus
2904 869 3021 930 fuit
3047 869 3377 946 gratuitus,
3409 868 3722 946 reliquum
3754 884 3903 926 vero

2367 959 2482 1020 tuit
2528 960 2745 1021 datum
2776 979 2850 1020 ex
2880 979 3071 1021 causa
3099 964 3161 1021 et
3199 979 3273 1020 ex
3321 960 3533 1021 debito
3575 958 3906 1039 gratitudi-

2368 1070 2483 1113 n1S.

2449 1144 2779 1206 Dubitatur
2806 1149 3050 1226 quarto,
3072 1146 3150 1206 de
3179 1163 3252 1206 eo
3284 1146 3392 1225 qui
3420 1145 3685 1207 contulit
3708 1145 3904 1205 bene-

2368 1237 2578 1297 ficium
2610 1238 3096 1299 ecclesiasticum
3145 1241 3348 1314 Petr0,
3383 1256 3463 1298 an
3508 1242 3770 1317 propter
3814 1237 3902 1296 in-

2369 1330 2812 1407 gratitudinem
2859 1331 3053 1410 possit
3106 1331 3501 1393 collationem
3558 1330 3905 1391 revocare?

2372 1423 2805 1501 Resqondetur
2851 1423 3160 1501 negative,
3213 1424 3360 1503 quia
3396 1423 3645 1484 collatio
3674 1423 3794 1483 fuit
3831 1441 3903 1481 ex

2372 1514 2579 1574 debito
2623 1515 2968 1594 exequendi
2999 1534 3225 1576 munus
3251 1534 3455 1592 suum,
3490 1520 3553 1577 et
3577 1514 3907 1575 conteren-

2372 1606 2434 1665 di
2462 1606 2767 1668 beneficia
2795 1608 2876 1668 ad
2906 1608 3074 1687 quod
3104 1609 3367 1669 collator
3397 1608 3710 1687 obligatus
3741 1610 3900 1667 erat.

2372 1697 2671 1759 Videatur
2698 1700 2924 1761 Molina
2959 1719 3130 1761 num.
3166 1705 3226 1762 9.

2451 1791 2783 1853 Dubitatur
2829 1794 3043 1872 quinto
3091 1795 3240 1872 quid
3299 1793 3636 1853 dicendum
3689 1793 3771 1854 sit
3825 1793 3903 1853 de

2372 1888 2594 1959 matre,
2629 1902 2704 1943 an
2736 1887 2932 1964 possit
2958 1887 3036 1946 ob
3065 1886 3578 1964 ingratitudinem
3606 1904 3904 1948 revocare

2370 1977 2539 2055 quod
2566 1977 2707 2037 filiis
2754 1978 3051 2039 donavit?
3110 1979 3567 2058 Respondetur‚
3630 1980 3707 2039 de
3766 1979 3903 2059 jure

2371 2068 2626 2148 antiquo
2657 2070 2891 2131 codicis
2920 2090 3039 2132 non
3072 2072 3368 2150 potuisse,
3416 2072 3467 2131 si
3497 2077 3637 2151 post
3684 2090 3903 2132 eorum

2374 2162 2566 2239 patris
2594 2168 2883 2236 mortem,
2915 2165 2992 2225 ad
3028 2164 3333 2225 secundas
3362 2165 3611 2243 nuptias
3640 2163 3900 2225 transis-

2373 2258 2487 2330 set,
2536 2259 2751 2332 postea
2794 2274 3162 2317 concessum
3206 2257 3341 2333 fuit,
3394 2257 3561 2338 quod
3609 2276 3906 2318 revocare

2374 2352 2583 2425 posset
2610 2366 2683 2407 ex
2739 2349 2937 2409 tribus
2961 2350 3185 2426 causis,
3219 2369 3443 2430 nempe
3473 2350 3524 2409 si
3570 2350 3735 2410 filius
3763 2349 3905 2410 vitat

2374 2440 2591 2500 matris
2634 2440 2983 2512 insidiatur,
3035 2441 3086 2502 si
3139 2461 3362 2502 manus
3407 2443 3631 2522 impias
3660 2443 3721 2501 in
3767 2460 3905 2503 eam

2374 2532 2672 2607 intulerit,
2731 2532 2783 2591 si
2813 2533 3081 2613 denique
3129 2536 3318 2595 totius
3365 2534 3499 2613 ejus
3541 2535 3905 2595 substantia}

2374 2623 2624 2684 molitus
2654 2629 2746 2686 est
2785 2624 3121 2703 jacturam,
3156 2633 3224 2688 ut
3252 2627 3518 2688 habetur
3545 2627 3608 2686 in
3638 2627 3762 2706 leg.
3796 2627 3906 2687 His

2372 2716 2510 2776 solis
2540 2734 2650 2777 vn.
2687 2723 2750 2778 et
2777 2719 2839 2777 in
2870 2719 3227 2779 authentica
3261 2719 3429 2794 Quod
3450 2728 3659 2795 mater,
3686 2720 3773 2780 ibi
3802 2739 3905 2799 ap·

2381 2810 2577 2889 posita
2620 2810 2770 2872 Cod.
2827 2810 2895 2872 de
2939 2812 3275 2873 revocandis
3319 2812 3516 2874 donat.
3563 2813 3671 2873 ubi
3720 2812 3907 2875 etiam

2376 2902 2665 2978 habetur,
2699 2910 2961 2964 matrem
2993 2923 3131 2984 quae
3164 2905 3223 2964 in
3247 2907 3503 2966 secundi
3527 2906 3909 2966 matrimonii

2376 2994 2581 3054 foedus
2633 3013 2758 3056 non
2814 2998 3113 3076 nupserit,
3165 3016 3346 3076 posse
3378 3017 3417 3059 a
3463 2999 3602 3059 filiis
3647 2998 3909 3077 ingratis

2377 3087 2610 3148 donata
2639 3094 2943 3167 repetere,
2995 3108 3071 3150 ea
3118 3091 3355 3153 scilicet
3382 3111 3520 3171 quae
3550 3096 3696 3153 ante
3742 3092 3906 3152 diem

2379 3200 2503 3260 quo
2559 3183 2998 3244 controversiae
3055 3184 3428 3264 principium
3467 3184 3698 3266 judicis
3733 3184 3911 3265 jussu

2378 3275 2565 3336 datur
2591 3294 2630 3336 a
2657 3276 2782 3337 filio
2812 3277 3180 3354 retinentur,
3223 3297 3297 3338 ea
3324 3265 3488 3339 ‘vero
3528 3297 3668 3358 quae
3727 3283 3909 3340 antea

2378 3367 2640 3435 donata,
2673 3368 2771 3427 vel
2818 3369 3091 3430 alienata
3138 3370 3413 3450 legitime
3468 3371 3736 3447 fuerant,
3789 3390 3908 3432 non

2378 3464 2773 3535 revocantur,
2809 3479 2947 3539 quae
2980 3462 3142 3523 actio
3171 3462 3516 3541 personalis
3569 3464 3669 3540 sit,
3704 3482 3822 3524 nec
3852 3464 3908 3523 in

2381 3552 2698 3612 haeredem
2728 3571 2843 3613 nec
2875 3552 3109 3613 haeredi
3139 3559 3474 3633 competat,
3519 3556 3571 3615 si
3599 3574 3749 3616 vero
3782 3574 3913 3615 ma-

2381 3648 2476 3705 ter
2506 3663 2628 3705 non
2660 3646 2934 3709 secundo
2983 3649 3284 3725 nupserit,
3330 3650 3439 3709 secl
3471 3653 3680 3709 tamen
3712 3668 3914 3708 mere-

2381 3738 2497 3798 trix
2539 3739 2639 3814 sit,
2688 3739 2926 3800 nullum
2966 3741 3219 3802 omnino
3264 3741 3370 3822 jus
3423 3742 3765 3803 revocandi
3805 3742 3914 3802 ha-

2382 3832 2507 3893 bet.

2461 3924 2794 3986 Dubitatur
2820 3926 3060 4002 ultimo,
3093 3928 3171 3988 ob
3203 3946 3393 4008 quarn
3421 3928 3627 3989 liberti
3650 3928 3911 4006 ingrati-

2382 4018 2662 4077 tudinem
2692 4019 2887 4095 possit
2916 4025 3214 4097 patronus
3235 4021 3585 4083 libertatem
3617 4022 3909 4082 donatam

2386 4111 2729 4171 revocare?
2760 4112 3209 4190 Respondetur‚
3243 4114 3294 4172 si
3323 4113 3579 4174 libertus
3621 4114 3908 4175 admoni-
3982 4119 4024 4167 .”

2386 4209 2485 4264 tus
2513 4208 2846 4281 patronum
2877 4204 3282 4283 indigentem,
3336 4224 3451 4266 nec
3498 4207 3907 4268 ascendentes
3975 4214 3983 4224 '

2387 4296 2748 4373 habentem,
2800 4316 2912 4357 nec
2940 4297 3412 4376 descendentes,
3448 4318 3482 4358 a
3513 4300 3740 4379 quibus
3786 4300 3914 4360 ala-

2388 4394 2509 4464 tur,
2545 4389 2710 4448 alere
2740 4389 2912 4465 nolit,
2946 4389 3141 4468 redigi
3170 4394 3472 4469 tanquam
3509 4392 3827 4470 ingratum
3855 4394 3917 4452 in

2389 4483 2752 4543 servitutem
2782 4483 3048 4561 patroni,
3081 4483 3161 4543 ab
3209 4502 3408 4563 eoque
3465 4485 3653 4544 vendi
3699 4504 3904 4564 posse,

2387 4581 2458 4635 ut
2476 4575 2553 4634 de
2584 4574 2781 4652 pretio
2811 4575 3035 4651 alatur,
3084 4594 3159 4635 ex
3204 4576 3326 4655 leg.
3360 4576 3676 4637 Alimenta
3734 4579 3798 4639 ff.
3848 4577 3915 4638 de

2393 4666 2537 4727 liber
2565 4686 2796 4746 aquoso.

4030 1168 4115 1225 ¹76

3972 1344 4169 1387 bannim

3979 1399 4161 1439 obad&

3952 1463 4141 1511 “mm

4028 1805 4118 1863 17⁸1

4001 1929 4089 1973 Quid
4108 1930 4145 1970 de
4196 1936 4197 1943 ¹

3980 1984 4157 2024 domante

3950 2035 4038 2078 filiis
4054 2049 4073 2077 a
4095 2044 4187 2077 mn

4035 2090 4133 2131 tacu
