4263 6376
1267 355 1735 417 DISPUTA'I’IO
1780 355 2023 430 xxvll,
2075 355 2348 416 SECTIO
2393 357 2465 416 11.

276 531 586 592 dustriam
623 531 1014 610 personalem
1071 530 1453 591 fructiferam
1508 530 1807 591 adhiben-

275 623 444 698 dam,
470 628 538 683 et
567 623 683 684 hoc
712 626 892 701 pacto
914 623 1049 683 fieri
1080 642 1303 683 census
1324 623 1671 701 personalis
1699 641 1810 701 pe-

272 716 616 778 cuniarius.
654 716 961 791 Secundo,
997 716 1145 795 quia
1179 717 1392 794 negari
1424 735 1548 777 non
1578 718 1801 795 potest,

274 809 443 888 quod
465 810 662 886 possit
692 808 879 867 homo
910 808 1109 887 pretio
1131 813 1413 886 accepto,
1428 809 1637 868 locare
1657 826 1808 886 ope-

275 919 376 960 ras
403 919 554 961 suas
573 901 932 979 personales
962 906 1025 960 et
1079 900 1357 978 obligare
1391 920 1456 961 se
1497 900 1577 961 ad
1617 900 1806 962 talem

274 993 370 1052 vel
400 998 650 1053 tantum
694 993 974 1052 laborem
1003 999 1190 1073 prout
1240 993 1319 1053 de
1358 993 1522 1053 facto
1553 1011 1618 1051 se
1649 992 1806 1052 obli-

273 1090 424 1163 gant
446 1086 759 1162 famuli‚et
787 1085 1056 1164 operarii
1073 1105 1185 1164 pro
1201 1086 1511 1165 stipendio
1527 1086 1625 1145 vel
1645 1104 1803 1145 mer-

274 1178 425 1237 cede
473 1177 722 1254 diurna,
781 1182 1126 1254 menstrua,
1174 1180 1271 1239 vel
1317 1196 1558 1242 annua:
1609 1196 1804 1257 quare

276 1269 840 1349 similiterpossent
868 1271 1061 1330 semel
1115 1275 1245 1331 toto
1301 1271 1500 1349 pretio
1548 1273 1802 1349 accepto

274 1362 556 1440 obligare
584 1381 651 1421 se
684 1362 764 1422 ad
797 1362 1050 1422 easdem
1074 1380 1318 1440 operaS,
1354 1362 1452 1423 vel
1505 1361 1807 1440 obsequia

273 1472 383 1534 per
409 1455 625 1534 plures
653 1474 874 1531 ann03,
910 1456 1006 1515 vel
1036 1474 1149 1534 per
1185 1459 1381 1516 totam
1424 1455 1639 1516 vitam.
1674 1457 1806 1514 Hoc

276 1566 421 1626 ergo
452 1548 645 1608 modo
677 1548 784 1627 qui
814 1566 1073 1608 censum
1115 1549 1511 1626 personalem
1565 1547 1802 1623 vendit,

273 1640 522 1702 videtur
546 1641 749 1719 pretio
780 1641 974 1701 semel
1002 1645 1261 1720 accepto
1294 1641 1572 1718 obligare
1591 1658 1680 1717 se,
1706 1640 1806 1700 vel

275 1733 460 1794 etiam
487 1752 883 1793 successores
910 1752 1057 1794 suos
1086 1734 1166 1793 ad
1198 1753 1420 1812 operas
1448 1732 1807 1813 personales

275 1825 334 1885 in
387 1825 793 1886 commodum
841 1827 1141 1904 emptoris
1197 1826 1582 1886 exhibendas
1615 1846 1630 1898 3
1666 1843 1804 1905 queo

274 1919 612 1998 adaequent
662 1919 940 1979 valorem
1020 1920 1161 1979 talis
1215 1937 1476 1979 summae
1554 1936 1802 1993 annuae,

276 2029 457 2092 quam
494 2012 945 2090 obligationem
966 2015 1182 2090 postea
1211 2011 1463 2072 redimit
1507 2010 1806 2071 reducen-

276 2104 352 2165 do
381 2122 524 2164 eam
570 2104 650 2164 ad
695 2104 975 2164 debitum
1018 2107 1259 2165 certum
1307 2122 1581 2164 annuum
1613 2121 1805 2180 pecu-

275 2196 537 2257 niarium
569 2197 740 2277 quod
768 2196 1142 2276 aequivaleat
1185 2196 1395 2257 debito
1448 2196 1712 2272 laboriS,
1746 2200 1808 2256 et

277 2308 476 2369 operae
506 2289 854 2368 personalis
885 2307 1109 2350 annuae
1139 2290 1311 2367 prius
1330 2290 1622 2350 venditae.

350 2385 477 2443 Hac
506 2383 612 2441 via
643 2386 850 2460 posset
881 2382 1078 2460 magis
1108 2382 1797 2460 apparentendefendi,

279 2479 337 2534 et
362 2474 656 2553 explicari
688 2473 925 2553 justitia
953 2474 1117 2533 illius
1146 2477 1523 2547 contractus;
1556 2474 1666 2535 sed
1706 2493 1799 2534 re·

275 2585 417 2625 vera
444 2572 539 2626 est
570 2585 740 2625 mera
772 2567 1142 2645 excogitatio
1188 2570 1407 2627 contra
1437 2571 1714 2629 mentem
1744 2572 1807 2628 et

278 2659 684 2719 intentionem
724 2658 1250 2733 contrahentium,
1314 2659 1417 2739 qui
1475 2659 1629 2719 nihil
1686 2660 1807 2719 mi-

279 2771 389 2812 nus
417 2752 752 2813 intendunt
768 2770 958 2832 quam
986 2753 1258 2813 vendere
1289 2753 1388 2813 vel
1423 2770 1630 2813 emere
1660 2771 1804 2832 ope-

280 2862 375 2903 ras
433 2845 819 2924 personales,
880 2863 996 2906 nec
1049 2845 1341 2907 venditor
1395 2863 1617 2905 census
1672 2846 1806 2906 vult

279 2935 397 2996 ullo
439 2937 632 2998 modo
676 2956 764 3014 se,
831 2938 931 2997 vel
995 2956 1246 2997 servum
1271 2984 1287 3014 ,
1346 2938 1446 2998 vel
1500 2938 1804 2998 famulum

281 3030 574 3107 emptoris
657 3029 1055 3091 constituere.
1118 3030 1296 3103 Quod
1370 3030 1621 3108 probari
1692 3049 1805 3108 po-

278 3124 410 3182 test.

354 3216 585 3292 Primo,
620 3215 768 3295 quia
798 3215 1157 3295 frequenter
1206 3234 1474 3294 persona
1524 3216 1804 3277 vendito-

277 3308 355 3368 ris
379 3308 768 3370 infructifera
795 3308 1047 3368 omnino
1079 3312 1191 3382 est,
1228 3313 1289 3369 et
1316 3309 1563 3387 integra
1592 3309 1673 3369 ad
1703 3309 1801 3369 lu-

279 3418 375 3460 cra
390 3402 604 3481 aliqua
623 3402 754 3462 suis
784 3400 992 3479 operis
1023 3401 1426 3480 acquirenda,
1461 3421 1520 3461 v.
1556 3420 1619 3480 g.
1653 3402 1704 3461 si
1725 3402 1805 3462 sit

279 3491 501 3554 femina
527 3493 777 3569 nobiliS,
812 3496 1131 3553 senectute
1163 3496 1225 3554 et
1269 3494 1503 3554 morbis
1532 3493 1798 3573 impedi-

281 3586 357 3658 ta,
419 3604 561 3665 quae
591 3585 760 3644 nullo
789 3585 977 3645 modo
1009 3585 1202 3662 possit
1216 3586 1343 3646 suis
1372 3586 1576 3665 operis
1606 3592 1667 3648 et
1720 3575 1825 3646 la-'

279 3676 421 3737 bore
448 3679 685 3739 victum
707 3696 1093 3755 comparare,
1133 3679 1243 3738 sed
1274 3679 1485 3738 vivere
1516 3678 1707 3739 debet
1725 3698 1799 3739 ex

279 3770 575 3832 reditibus
621 3789 876 3831 suorum
931 3771 1261 3844 bonorum,
1311 3772 1450 3833 talis
1496 3772 1795 3849 venditi0‚

280 3864 367 3922 vel
393 3863 622 3924 locatio
654 3882 989 3944 operarum
1020 3869 1184 3925 esset
1211 3883 1383 3924 mere
1425 3865 1800 3943 imaginaria

281 3959 337 4016 et
359 3957 522 4018 ficta.
558 3959 762 4029 Quare
783 3957 943 4018 sicut
961 3957 1067 4036 qui
1088 3957 1239 4018 emit
1264 3957 1457 4018 boves
1500 3976 1656 4037 quos
1685 3958 1800 4018 scit

279 4049 659 4111 venditorem
729 4068 851 4111 non
933 4049 1188 4126 habere,
1249 4050 1628 4130 eosdemque
1681 4051 1797 4129 ipsi

281 4142 578 4203 venditori
604 4142 769 4203 locat
796 4162 908 4221 pro
939 4147 1110 4204 certa
1164 4144 1484 4223 pensione,
1522 4162 1646 4205 non
1691 4161 1799 4223 po-

279 4236 388 4294 test
411 4234 580 4296 licite
608 4235 971 4313 pensionem
1004 4237 1304 4314 recipere,
1339 4237 1487 4316 quia
1515 4256 1615 4297 res
1646 4257 1798 4297 ven-

279 4324 399 4386 dita
426 4329 524 4387 vel
545 4328 748 4388 locata
772 4345 892 4388 non
922 4328 1320 4405 subsistebat,
1356 4329 1464 4389 sed
1493 4334 1692 4392 totum
1734 4331 1795 4390 id
1826 4351 1837 4362 ·

279 4417 341 4478 fit
366 4420 443 4480 ad
472 4419 855 4499 palliandam
912 4440 1167 4481 usuram
1196 4427 1258 4482 et
1291 4422 1533 4482 lucrum
1570 4442 1643 4482 ex
1692 4441 1795 4502 pe·

279 4512 448 4572 cunia
478 4516 761 4574 mutuata
791 4517 1077 4591 pretextu
1099 4515 1282 4592 pretii
1312 4515 1518 4592 soluti,
1555 4520 1623 4576 nt
1652 4533 1794 4576 cum
1846 4523 1847 4526 ’

240 4606 585 4696 scommuni
614 4609 789 4667 notat
816 4606 1048 4666 Melina.
1077 4606 1308 4685 disput.
1330 4611 1466 4669 362.
1503 4628 1563 4668 n.
1597 4611 1654 4668 3.
1693 4609 1795 4669 Sic

280 4698 656 4774 quiscienter
686 4699 856 4775 emit,
890 4700 987 4760 vel
1021 4700 1314 4761 conducit
1342 4719 1562 4780 operas
1581 4721 1798 4780 perso-

279 4806 365 4848 nae
394 4791 591 4850 nullas
620 4809 841 4869 ope-ras
870 4797 1167 4870 praestare
1199 4792 1481 4869 valentIS,
1526 4798 1597 4854 ut
1652 4812 1792 4854 cam

281 4880 709 4961 obligationem
739 4889 984 4963 posteat
1026 4890 1348 4946 convertat
1399 4885 1461 4946 in
1511 4885 1793 4948 debitum

281 4976 581 5049 pensionis
608 4977 983 5055 pecuniariae
1015 4996 1261 5055 annuae,
1296 4978 1482 5039 faciet
1503 4983 1791 5040 contrac-

279 5068 399 5125 tum
453 5068 725 5147 primum
786 5070 1227 5148 imaginarium
1291 5075 1354 5132 et
1397 5072 1636 5147 fictum,
1700 5076 1790 5133 at·

282 5175 391 5236 que
419 5160 556 5221 ideo
586 5160 930 5221 invalidum
958 5162 1127 5222 circa
1182 5182 1317 5223 rem
1373 5183 1496 5224 non
1560 5165 1789 5226 subsis-

279 5252 520 5330 tentem,
564 5274 679 5314 nec
710 5259 1027 5332 potentem
1057 5255 1391 5317 subsistere
1423 5258 1501 5317 ad
1525 5259 1790 5336 pallian-

281 5341 415 5404 dum
461 5348 805 5406 secundum
843 5352 1231 5410 contractum
1289 5351 1783 5428 permutationis»,

280 5436 373 5513 qui
401 5444 852 5518 consequenter
877 5440 1188 5500 invalidus
1229 5442 1366 5517 erit,
1419 5460 1561 5502 cum
1620 5443 1790 5521 prior

284 5534 621 5592 contractus
643 5533 741 5593 cui
763 5533 1065 5610 innititur,
1102 5552 1225 5594 non
1246 5534 1563 5597 subsistat.

3324 353 3443 411 345

1991 532 2283 593 Secundo
2317 531 2436 591 hoc
2466 530 2665 609 ipsum
2725 528 2970 590 ostendi
3021 529 3247 605 potest,
3296 526 3445 606 quia

1907 623 1960 683 si
1989 623 2159 701 prior
2188 626 2544 684 contractus
2573 622 2805 682 directe
2827 620 3114 681 tenderet
3129 619 3208 679 ad
3230 638 3446 679 emen-

1907 716 2021 776 das
2039 716 2139 775 vel
2170 715 2612 775 conducendas
2627 732 2872 792 operas,
2894 715 2957 774 et
2987 711 3445 791 obsequiaper-

1906 808 2147 869 sonalia
2178 807 2536 883 venditoriS,
2556 808 2918 885 frequenter
2948 809 3112 865 esset
3138 804 3440 884 injustum

1904 900 2178 978 pretium
2209 917 2331 978 quo
2364 898 2590 959 emitur
2620 916 2844 959 census
2886 896 3233 976 personalis
3266 911 3281 959 ε
3317 915 3440 975 quo

1906 992 2072 1051 enim
2129 992 2530 1052 excellentior
2567 996 2630 1052 et
2683 990 2932 1069 dignior
2963 991 3127 1050 esset
3171 1007 3441 1067 persona

1902 1084 2262 1160 venditoriS,
2296 1083 2499 1163 majus
2527 1084 2796 1163 pretium
2812 1083 3265 1161 exigeretur,ut
3283 1080 3442 1141 obli-

1903 1182 2160 1255 garetur
2188 1178 2267 1236 ad
2297 1195 2521 1256 operas
2549 1176 2929 1256 personaleS,
2966 1174 3192 1254 quibus
3228 1173 3446 1233 lucra-⁴

1904 1270 1958 1330 ri
1984 1274 2233 1349 posset3
2267 1272 2401 1330 Dux
2433 1269 2663 1349 quippe
2693 1269 2793 1328 vel
2847 1268 3152 1343 marchiO,
3195 1267 3247 1326 si
3295 1285 3438 1326 eum

1903 1363 2095 1423 velles
2124 1363 2186 1422 in
2228 1362 2533 1423 famulum
2562 1361 2936 1437 conducere,
2970 1361 3069 1420 vel
3099 1360 3180 1420 ad
3210 1377 3435 1437 operas

1904 1455 2265 1533 personales
2321 1454 2624 1532 obligare,
2676 1454 2901 1515 merito
2969 1454 3247 1531 exigeret
3279 1469 3435 1530 qua-

1905 1548 2222 1626 druplum,
2256 1552 2318 1608 et
2345 1546 2685 1626 aliquando
2733 1546 3098 1626 centuplum
3155 1562 3343 1624 supra
3373 1542 3438 1603 id

1905 1640 2072 1720 quod
2102 1639 2239 1700 aliis
2270 1639 2686 1700 communiter
2712 1656 2824 1717 pro
2880 1638 2992 1699 tali
3046 1636 3439 1714 obligatione

1906 1732 2044 1793 dari
2070 1732 2248 1793 solet.
2299 1732 2364 1793 Si
2395 1749 2544 1809 ergo
2574 1731 2655 1791 ab
2687 1730 2995 1810 ejusmodi
3050 1728 3439 1809 principibus

1905 1844 2162 1888 censum
2190 1824 2584 1903 personalem
2612 1824 2790 1899 emis,
2826 1823 3087 1884 deberes
3140 1821 3261 1882 illis
3303 1839 3440 1881 ma-

1896 1920 2000 2001 jus
2026 1920 2213 1997 longe
2235 1918 2506 1996 pretium
2535 1935 2724 1996 quam
2753 1916 2910 1992 aliis,
2943 1916 3044 1976 vel
3072 1915 3298 1976 saltem
3313 1914 3434 1992 ipsi

1903 2011 2390 2092 possentmerito
2419 2009 2615 2070 multo
2635 2009 2840 2088 majus
2868 2008 3138 2086 pretium
3159 2008 3433 2086 exigere,

1905 2123 2048 2166 cum
2104 2123 2218 2183 per
2270 2104 2544 2182 priorem
2602 2105 2990 2163 contractum
3044 2118 3111 2160 se
3166 2117 3438 2179 suosque

1904 2215 2298 2259 successores
2327 2196 2406 2255 ad
2462 2213 2685 2273 operas
2730 2194 3089 2273 personales
3133 2193 3434 2271 obligent,

1906 2291 2133 2370 quibus
2161 2290 2224 2349 in
2271 2293 2447 2350 tuam
2494 2288 2827 2349 utilitatem
2874 2287 3103 2347 lucrari
3158 2286 3433 2365 possint:

1904 2383 2024 2444 hoc
2079 2387 2291 2443 autem
2355 2381 2683 2442 manifeste
2740 2384 2834 2440 est
2883 2382 3103 2441 contra
3157 2377 3439 2439 omnium

1902 2479 2200 2552 mentem,
2237 2473 2341 2555 qui
2381 2492 2502 2533 non
2526 2472 2901 2548 concedunt,
2934 2489 3048 2550 pro
3080 2471 3304 2549 majori
3336 2469 3433 2530 di-

1902 2569 2140 2647 gnitate
2170 2566 2511 2628 venditoris
2558 2585 2739 2645 posse
2793 2564 3067 2644 pretium
3121 2563 3340 2643 augeri
3369 2563 3432 2623 in

1902 2660 2259 2723 venditione
2290 2678 2512 2720 census
2555 2658 2919 2737 personaliS.
3145 2676 3148 2679 ·

1982 2755 2191 2816 Tertio
2253 2752 2508 2831 probari
2563 2754 2787 2829 potest,
2833 2750 2979 2830 quia
3045 2749 3095 2810 si
3144 2768 3218 2809 ea
3273 2752 3437 2809 esset

1900 2866 2078 2908 mens
2107 2845 2631 2921 contrahentium,
2664 2845 3028 2923 sequeretur
3067 2842 3234 2921 quod
3290 2844 3434 2918 post

1903 2959 2098 3001 unum
2124 2943 2189 2999 et
2216 2938 2405 2998 alium
2436 2954 2691 2998 censum
2721 2934 3116 3014 personalem
3146 2933 3265 2994 sibi
3319 2933 3432 2992 im-

1902 3034 2176 3112 positum
2205 3049 2330 3091 non
2361 3035 2573 3109 posset
2595 3029 2886 3089 venditor
2923 3028 3115 3087 alium
3144 3027 3246 3086 vel
3276 3025 3431 3086 alios

1905 3125 1983 3184 de
2012 3142 2177 3185 novo
2204 3124 2323 3184 sibi
2350 3125 2696 3202 imponere.
2733 3122 2908 3183 Sicut
2932 3121 2984 3180 si
3013 3119 3240 3200 aliquis
3280 3135 3429 3199 ope·

1904 3238 2007 3281 ras
2034 3237 2180 3280 suas
2207 3221 2389 3279 Petro
2417 3217 2774 3296 locavitpro
2804 3215 2923 3276 hoc
2943 3233 3132 3291 anno,
3167 3232 3292 3274 non
3322 3230 3437 3292 po-

1901 3317 2023 3374 test
2042 3311 2295 3372 easdem
2323 3312 2355 3372 J
2364 3309 2548 3370 oanni
2578 3310 2807 3384 locare,
2858 3326 3000 3368 cum
3059 3325 3183 3368 non
3239 3306 3437 3386 possit

1902 3405 2151 3483 utrique
2195 3402 2592 3475 satisfacere;
2627 3419 2745 3461 nec
2774 3400 2881 3480 qui
2910 3399 3234 3460 constituit
3282 3417 3430 3459 cen-

1901 3516 2039 3557 sum
2069 3497 2301 3557 realem
2341 3514 2529 3573 super
2556 3494 2795 3574 praedio
2825 3493 3263 3573 adaequantem
3319 3511 3434 3553 va-

1898 3590 2096 3651 lorem
2125 3589 2441 3650 fructuum
2466 3586 2707 3666 proedii,
2741 3590 2947 3666 potest
2959 3588 3152 3647 alium
3174 3603 3431 3647 censum

1900 3701 2086 3762 super
2116 3681 2339 3742 eodem
2396 3680 2632 3758 praedio
2663 3680 3062 3741 constituere.
3097 3681 3250 3740 Cum
3281 3697 3431 3757 ergo

1899 3776 1962 3836 in
1994 3794 2185 3836 censu
2240 3774 2556 3852 personali
2601 3773 2959 3833 venditores
3005 3789 3129 3833 non
3189 3771 3434 3833 soleant

1900 3868 2244 3943 attendere,
2277 3885 2358 3928 an
2390 3866 2522 3945 jam
2561 3866 2698 3926 aliis
2744 3864 3033 3925 censibus
3089 3863 3430 3942 personali-

1898 3962 2015 4023 bus
2042 3960 2355 4040 prioribus
2384 3958 2628 4037 gravati
2658 3959 2802 4034 sint,
2837 3957 3085 4036 signum
3129 3961 3224 4017 est
3258 3957 3428 4035 quod

1899 4073 2022 4115 non
2071 4053 2405 4114 intendunt
2453 4052 2687 4113 directe
2733 4052 2942 4112 locare
2998 4067 3221 4129 operas
3284 4069 3429 4114 suas

1898 4146 2256 4226 personales
2285 4147 2570 4225 emptori,
2604 4146 2714 4206 sed
2741 4146 2943 4206 solum
2974 4146 3424 4226 obligationem

1897 4240 2289 4320 personalem
2331 4258 2650 4300 assumere
2680 4239 2965 4301 solvendi
3005 4244 3244 4303 tantam
3276 4261 3429 4320 pen-

1897 4334 2138 4395 sionem
2166 4351 2439 4392 annuam
2471 4333 2550 4393 ob
2571 4333 2841 4412 pretium
2875 4339 3231 4414 acceptum.
3260 4335 3429 4396 Alio-

1897 4426 2047 4505 quin
2083 4428 2190 4505 qui
2235 4426 2519 4486 vendidit
2566 4445 2824 4486 censum
2871 4429 3289 4505 personalem,
3352 4449 3426 4490 ex

1896 4538 2019 4599 quo
2075 4520 2259 4581 solvit
2289 4519 2742 4599 quinquaginta
2771 4520 2869 4580 vel
2896 4525 3149 4582 centum
3201 4541 3426 4584 aureos

1896 4630 2158 4684 annuos;
2197 4631 2320 4673 non
2367 4617 2576 4691 posset
2606 4613 2795 4672 alium
2822 4613 2941 4672 sibi
2971 4618 3186 4693 postea
3225 4615 3425 4694 impo-

1896 4723 2076 4777 nere;
2113 4705 2259 4784 quia
2293 4705 2747 4785 quinquaginta
2801 4706 2901 4766 vel
2943 4711 3195 4768 centum
3250 4709 3423 4768 aurei

1895 4797 2080 4857 annui
2113 4798 2490 4877 aequivalent
2517 4798 2809 4859 omnibus
2841 4799 3047 4877 operis
3077 4801 3424 4877 personali-

1890 4890 2029 4966 huS,
2065 4908 2210 4950 cum
2239 4908 2311 4950 eo
2342 4890 2649 4969 stipendio
2665 4890 2882 4951 haberi
2906 4892 3102 4969 possit
3124 4892 3416 4969 famulae,

1893 4981 1995 5061 qui
2031 4999 2142 5059 pro
2175 5000 2249 5042 ea
2285 4982 2573 5042 mercede
2596 4983 2763 5044 locat
2791 4983 3044 5043 domino
3074 5001 3295 5063 operas
3324 5003 3419 5043 su·

1893 5093 1961 5134 as
1988 5076 2368 5153 personales,
2401 5075 2489 5136 ita
2518 5079 2587 5137 ut
2615 5076 2793 5138 alteri
2822 5076 3075 5136 domino
3132 5076 3417 5137 famulari

1891 5186 2015 5228 non
2046 5168 2262 5246 possit.

1973 5260 2171 5335 DiceS,
2225 5279 2408 5339 posse
2454 5261 2822 5338 secundum,
2883 5265 2947 5323 et
2999 5261 3155 5322 alios
3198 5280 3420 5324 census

1888 5353 2249 5430 personales
2305 5354 2509 5413 denuo
2566 5353 2644 5413 ab
2709 5353 2931 5414 codem
2986 5354 3208 5415 vendi:
3271 5356 3420 5436 quia

1887 5445 2186 5522 obligatio
2234 5446 2575 5525 personalis
2610 5447 2690 5505 ad
2745 5465 2970 5526 operas
3008 5448 3300 5527 imposita
3356 5450 3416 5511 in

1885 5537 2087 5616 primo
2142 5557 2332 5599 censu
2385 5539 2710 5619 redempta
2733 5538 2869 5620 jam
2896 5541 3014 5603 fuit
3057 5546 3119 5605 et
3140 5560 3415 5604 commu-

3582 2750 3663 2808 30

3567 5269 3638 5330 31
