4263 6376
605 1763 722 1822 223

562 1885 668 1936 Quid
700 1887 752 1930 do

577 1940 741 1984 {mulis

562 1994 752 2037 usurarii.

833 292 955 350 252

837 484 1012 526 mum
1039 468 1249 532 locant
1282 491 1295 532 :
1329 474 1497 551 quod
1531 475 1719 535 etiam
1751 475 1937 537 docet
1974 477 2131 539 Lud.
2166 480 2370 556 Lopez

836 559 884 619 1.
919 578 981 638 p.
1016 560 1183 622 inser.
1218 581 1273 624 c.
1307 567 1609 645 CC1.·quia
1638 567 1702 626 id
1732 574 2060 645 peccatum
2097 571 2163 629 in
2194 570 2374 630 dam-

836 670 986 711 num
1016 654 1180 714 tertii
1211 658 1431 734 vergit.
1467 659 1590 719 Alii
1617 664 1827 721 tamen
1857 662 2081 722 melius
2127 663 2369 739 dicunt,

839 743 903 803 id
932 745 1186 823 quidem
1213 747 1495 810 illicitum
1525 770 1660 812 esse
1678 759 1962 832 respectu
1978 755 2371 834 alienigenae,

839 842 1095 917 propter
1135 841 1620 918 prohibitionem
1665 845 1895 906 factam
1941 846 2005 906 in
2053 847 2203 908 dict.
2237 866 2292 908 c.
2326 864 2370 907 1.

838 927 905 989 in
935 929 1070 991 aliis
1101 937 1312 992 tamen
1346 936 1593 996 casibus
1622 956 1746 997 ηοη
1779 957 1913 999 esse
1934 940 2239 1016 illicitum,
2274 958 2378 999 ne·

842 1040 965 1102 que
995 1024 1186 1085 etiam
1216 1025 1279 1086 in
1312 1027 1415 1086 illo
1472 1047 1609 1088 esse
1657 1036 1878 1092 contra
1913 1031 2244 1110 justitiam.
2289 1035 2381 1093 lta

843 1114 1150 1192 Valentia,
1184 1123 1246 1179 et
1294 1122 1476 1194 Azor,
1538 1140 1695 1201 quos
1749 1125 1930 1185 affert
1984 1129 2047 1185 et
2098 1125 2383 1204 sequitur

844 1208 1072 1268 Sanch.
1110 1208 1171 1269 d.
1220 1210 1328 1272 lib.
1363 1215 1410 1274 1.
1447 1213 1506 1271 in
1535 1213 1814 1295 Decoloq.
1848 1234 1987 1294 cap.
2023 1234 2137 1278 vu.
2177 1235 2239 1278 n.
2275 1220 2373 1279 20.

843 1300 991 1380 quia
1020 1300 1171 1361 dare
1200 1303 1407 1363 locum
1437 1306 1516 1365 ad
1546 1306 1960 1369 habitandum
1983 1355 2000 1385 ,
2058 1309 2239 1370 valde
2277 1328 2383 1369 ex-

844 1392 1111 1454 trinsece
1142 1397 1458 1457 concurrit
1484 1399 1565 1459 ad
1597 1418 1820 1460 usuras
1840 1446 1857 1475 ,
1909 1401 2070 1461 sicut
2110 1402 2264 1461 dare
2293 1402 2383 1461 ci-

846 1484 996 1544 bum
1029 1484 1107 1544 ad
1138 1488 1618 1551 comedendum.
1646 1491 1824 1552 Adde
1846 1493 2015 1553 nullo
2037 1494 2226 1554 modo
2247 1512 2383 1555 esse

848 1576 1114 1637 invitum
1135 1582 1582 1642 mutuatarium
1613 1582 1674 1642 in
1705 1602 1778 1643 ea
1806 1585 2116 1646 locatione
2138 1632 2156 1662 ,
2190 1605 2386 1665 quare

852 1669 1022 1729 nulla
1051 1670 1105 1729 ei
1136 1672 1206 1731 fit
1232 1672 1461 1751 injuria
1487 1693 1524 1733 a
1552 1676 1853 1737 locatore.

932 1763 1136 1824 Infero
1173 1770 1416 1843 octavo,
1449 1769 1600 1846 quid
1621 1769 1959 1830 dicendum
1988 1772 2068 1832 sit
2088 1772 2168 1832 de
2189 1772 2387 1831 famu·

851 1854 928 1915 lis
957 1859 1246 1934 usurarii,
1281 1859 1358 1918 de
1388 1862 1613 1939 quibus
1633 1862 1759 1922 fere
1776 1880 1993 1923 omnes
2009 1864 2392 1924 conveniunt

853 1967 1117 2028 peccare
1147 1957 1365 2012 contra
1387 1952 1696 2030 justitiam
1725 1956 1977 2034 quando
2000 1957 2115 2035 ipsi
2137 1957 2388 2017 nomine

855 2041 1252 2103 dominorum
1281 2045 1563 2123 obligant
1589 2049 2036 2110 mutuatarium
2065 2050 2148 2110 ad
2169 2068 2391 2110 usuras

856 2134 1211 2211 solvendaS,
1245 2138 1375 2197 sive
1405 2140 1689 2217 cogendo
1707 2146 1772 2200 ut
1793 2142 2057 2217 solvant,
2088 2143 2218 2203 sive
2248 2160 2394 2202 con·

855 2226 1166 2288 trahendo
1196 2248 1338 2289 cum
1368 2230 1509 2305 illis,
1542 2237 1602 2291 et
1632 2233 2004 2294 deducendo
2049 2234 2108 2293 in
2140 2240 2392 2314 pactum

860 2323 930 2380 ut
956 2320 1221 2396 solvant,
1267 2323 1509 2382 ratione
1555 2326 1732 2401 cujus
1777 2327 1941 2403 pacti
1984 2332 2205 2406 postea
2255 2345 2395 2387 mu-

861 2412 1164 2472 tuatarius
1197 2415 1401 2490 solvit,
1436 2416 1581 2494 quia
1602 2417 1722 2476 inae
1751 2419 2028 2479 actiones
2057 2419 2394 2497 displicent

858 2506 1261 2566 mutuatario.
1296 2508 1496 2568 Credo
1526 2514 1736 2568 tamen
1762 2555 1779 2583 ,
1822 2511 1990 2589 quod
2036 2512 2086 2570 si
2122 2511 2396 2572 famulus

860 2613 928 2655 se
957 2596 1190 2659 habeat
1216 2604 1284 2659 ut
1313 2618 1522 2659 merus
1566 2601 1983 2663 internuntius
2027 2603 2128 2664 vel
2167 2623 2393 2684 proxe-

861 2692 1005 2748 neta
1028 2690 1296 2751 dicendo
1331 2711 1346 2752 :
1381 2692 1546 2753 Meus
1571 2693 1834 2755 dominus
1848 2694 1992 2756 ὥστ’(
2015 2715 2076 2756 se
2100 2695 2256 2756 nolle
2278 2696 2401 2755 sine

861 2781 1052 2841 usuris
1077 2792 1365 2859 mutuare,
1395 2784 1592 2844 videas
1619 2785 1766 2865 quid
1780 2786 2012 2847 debeam
2039 2788 2136 2848 illi
2165 2808 2398 2869 respon·

861 2873 1017 2951 dere,
1051 2876 1111 2934 in
1144 2876 1248 2936 illa
1277 2878 1521 2939 actione
1567 2878 1784 2939 famuli
1828 2881 2244 2941 mutuatarius
2273 2900 2397 2941 non

862 2966 934 3027 fit
959 2968 1160 3045 magis
1188 2969 1416 3031 invitus
1445 2989 1631 3049 quam
1654 2973 1834 3050 siper
1852 2974 2177 3051 proprium
2198 2974 2402 3033 famu-

863 3060 992 3120 lum
1039 3061 1424 3123 voluntatem
1473 3064 1832 3124 mutuatarii
1884 3065 2258 3141 exploraret,
2294 3083 2403 3124 ne-

866 3171 987 3232 que
1015 3152 1282 3214 famulos
1312 3161 1458 3216 tnnc
1487 3163 1877 3218 contractum
1907 3156 2093 3234 facit,
2147 3158 2257 3219 sed
2302 3176 2403 3218 re·

865 3245 986 3307 fert
1014 3247 1211 3307 solum
1241 3249 1624 3308 voluntatem
1672 3250 1909 3311 domini
1939 3297 1954 3322 ‚
1988 3269 2129 3330 quae
2174 3251 2399 3312 relatio

866 3344 963 3400 est
991 3340 1180 3400 etiam
1209 3340 1268 3400 in
1299 3343 1567 3418 gratiam
1613 3342 1807 3421 ipsius
1852 3345 2236 3405 mutuatarii.
2271 3343 2401 3404 Ali-

867 3431 973 3511 qui
1001 3437 1209 3493 tamen
1239 3435 1450 3493 stricte
1478 3435 1823 3513 loquuntur
1849 3436 2038 3495 etiam
2059 3435 2138 3495 de
2161 3435 2395 3495 famulo

864 3541 1038 3585 mero
1067 3532 1396 3586 executore
1419 3573 1436 3601 ,
1483 3527 1590 3605 qui
1621 3526 1824 3587 desert
1864 3531 2157 3587 mutuum
2201 3528 2404 3588 sciens

867 3634 1002 3677 esse
1032 3617 1110 3676 ad
1141 3637 1383 3693 usuraS,
1414 3620 1514 3677 vel
1545 3619 1710 3698 ipsas
1741 3637 1983 3694 usuraS,
2017 3625 2126 3680 aut
2141 3638 2406 3680 munera

865 3709 1090 3788 recipit
1105 3709 1285 3789 jussu
1312 3711 1571 3771 domini.
1605 3713 1698 3772 lta
1726 3714 1986 3772 Navarr.
2022 3712 2258 3773 Media.
2293 3714 2407 3772 Pa-

865 3802 974 3864 lat.
1009 3803 1231 3882 Angel.
1281 3803 1476 3881 Cajet.
1525 3804 1769 3864 Valent.
1830 3808 1892 3863 et
1945 3804 2197 3880 Molina,
2250 3822 2407 3884 quos

867 3896 1076 3971 refert,
1111 3900 1173 3957 et
1200 3897 1484 3974 sequitur
1512 3896 1688 3958 Salas
1719 3916 1780 3956 n.
1818 3900 1915 3957 12.
1950 3898 2081 3957 Imo
2137 3900 2398 3958 Navarr.

869 3992 932 4049 et
959 3987 1241 4049 Valentia
1270 4033 1286 4062 ,
1321 3988 1487 4047 idem
1517 3988 1735 4049 dicunt
1774 3989 1852 4048 de
1895 3991 2403 4066 amanuensibuS,

870 4080 975 4160 qui
1006 4079 1206 4139 solum
1235 4080 1316 4139 ad
1347 4081 1713 4140 memoriam
1746 4081 2066 4158 scribunt,
2103 4087 2407 4161 quantum

874 4172 1101 4250 cuique
1131 4172 1211 4230 ad
1242 4190 1495 4232 usuram
1524 4172 1740 4234 datum
1769 4174 1887 4248 sit,
1931 4174 2098 4253 quod
2131 4175 2308 4236 Salas
2339 4195 2400 4236 η.

876 4267 973 4325 13.
1007 4282 1151 4323 cum
1180 4264 1431 4324 Salonio
1462 4282 1679 4324 verum
1722 4271 1937 4343 putat,
1972 4267 2227 4346 quando
2259 4268 2406 4327 scri·

874 4359 982 4435 pta
1010 4354 1112 4414 illa
1140 4354 1330 4414 fidem
1359 4355 1635 4415 facerent
1661 4356 1721 4416 in
1753 4358 1995 4437 judicio
2027 4364 2245 4419 contra
2274 4377 2407 4419 mu-

873 4448 1196 4523 tuatarios,
1258 4452 1327 4508 ut
1380 4448 1620 4507 solvere
1674 4456 2069 4529 cogerentur.
2120 4454 2252 4512 Imo
2304 4451 2409 4511 alii

877 4540 1043 4619 apud
1101 4540 1390 4600 eumdem
1438 4541 1612 4601 Salas
1643 4561 1702 4602 n.
1739 4547 1834 4603 14.
1870 4544 2038 4603 idem
2068 4544 2285 4605 dicunt
2330 4545 2407 4604 de

877 4632 1264 4694 custodiente
1293 4633 1622 4712 pecuniam
1654 4637 2028 4697 usurariam.

961 4725 1077 4784 Alii
1109 4725 1319 4785 mitius
1351 4726 1429 4786 de
1457 4727 1709 4787 famulis
1724 4728 2087 4807 loquuntur,
2140 4732 2309 4790 Less.
2345 4747 2407 4789 η.

881 4820 1015 4878 181.
1051 4835 1191 4876 cum
1224 4818 1544 4894 SilvestrO,
1598 4825 1660 4880 et
1715 4821 2006 4881 Monaldo
2061 4821 2235 4897 dicit,
2289 4838 2410 4882 ηοη

879 4926 1137 4987 peccare
1167 4915 1385 4971 eontra
1415 4911 1719 4989 justitiam
1753 4913 2057 4974 famulum
2107 4916 2215 4993 qui
2271 4933 2411 4974 mu-

880 5005 1059 5062 tuum
1085 5001 1194 5062 dat
1222 5004 1621 5081 praecipiente
1639 5004 1692 5064 ci
1716 5005 1990 5081 domino,
2019 5007 2168 5065 dum
2201 5011 2408 5066 tamen

884 5095 1013 5172 ipse
1043 5099 1432 5155 contractum
1480 5114 1604 5155 non
1661 5096 1831 5157 ineat
1884 5098 1992 5157 sed
2039 5103 2405 5177 exequatur,

884 5186 1008 5245 imo
1069 5185 1218 5246 licet
1287 5192 1680 5248 contractum
1753 5190 1919 5249 ineat
1975 5192 2228 5269 quando
2287 5209 2408 5250 non

810 5337 816 5343 ,
879 5282 1013 5338 erat
1057 5278 1120 5337 in
1158 5278 1291 5356 ejus
1323 5284 1630 5357 potestate
1661 5283 1899 5361 absque
1948 5302 2020 5343 eo
2080 5287 2408 5343 contractu

884 5369 1213 5448 pecuniam
1244 5370 1415 5446 dare,
1452 5391 1525 5432 eo
1570 5375 1738 5452 quod
1794 5375 2084 5435 dominus
2136 5393 2411 5454 praesens

887 5461 984 5538 sit,
1019 5481 1139 5523 ηοη
1171 5464 1368 5525 teneri
1386 5465 1465 5524 ad
1483 5467 1957 5545 restitutionem,
1984 5469 2130 5546 quia
2161 5473 2406 5529 mutua-

1997 303 2100 361 DE
2143 303 2490 365 JUSTI'I'IA
2541 306 2640 365 ET
2681 306 2876 367 snm:

2472 479 2664 541 tarius
2696 498 2817 540 non
2839 485 3049 542 censet
3074 480 3364 561 injuriam
3395 481 3509 542 sibi
3542 499 3577 541 a
3625 480 3861 541 famulo
3889 480 3985 539 fle-

2473 573 2547 649 ri,
2580 573 2683 652 qui
2703 573 2880 633 aliter
2900 573 3226 651 pecuniam
3248 593 3580 634 numerare
3612 592 3736 634 non
3758 576 3982 651 potest,

2472 665 2581 725 sed
2606 683 2642 723 a
2671 665 2943 726 domine.
2978 667 3054 726 Et
3081 685 3185 726 nu.
3221 669 3355 727 185.
3390 666 3585 741 addit,
3623 664 3879 745 quando
3908 663 3987 723 ta-

2474 757 2677 817 mulus
2706 775 2827 817 non
2856 763 3055 835 urget,
3086 758 3195 819 sed
3225 758 3415 836 exigit
3432 759 3813 819 solutionem
3848 775 3988 815 usu·

2477 867 2707 925 rarum,
2740 868 2894 928 quas
2919 849 3192 929 alioquin
3216 851 3633 912 mutuatarius
3653 858 3790 910 erat
3810 866 3988 927 spon-

2476 947 2537 1003 te
2566 942 2897 1017 soluturus,
2955 942 3102 1003 licet
3146 946 3362 1022 peccet
3413 948 3635 1004 contra
3687 940 3989 1020 justitiam

2479 1034 2781 1113 exigendo
2830 1034 3063 1113 absque
3117 1034 3240 1095 ullo
3287 1035 3456 1115 jure;
3491 1035 3640 1114 quia
3693 1031 3989 1094 tamenid

2477 1131 2694 1205 sponte
2725 1144 2846 1187 non
2874 1126 3021 1188 facit
3048 1127 3156 1186 sed
3179 1126 3354 1205 jussu
3397 1126 3659 1200 domini,
3712 1143 3829 1185 nec
3883 1123 3993 1202 ipsi

2477 1217 2707 1280 famulo
2779 1219 3261 1283 emolumentum
3314 1219 3626 1298 provenit,
3678 1222 3990 1278 mutuata·

2478 1312 2637 1372 rium
2668 1328 2792 1371 non
2837 1329 3088 1372 censere
3140 1315 3377 1372 tantam
3433 1311 3549 1371 sibi
3611 1309 3910 1388 injuriam
3956 1327 3989 1366 a

2480 1403 2711 1464 famulo
2758 1402 2914 1479 fieri,
2967 1407 3034 1463 ut
3067 1403 3221 1463 *velit
3274 1402 3470 1462 teneri
3525 1401 3607 1462 ad
3666 1400 3971 1462 restitutio

2482 1513 2648 1571 nem,
2672 1495 2769 1554 vel
2797 1495 3017 1555 saltem
3046 1500 3114 1556 ut
3140 1513 3263 1555 non
3292 1494 3373 1555 sit
3399 1493 3672 1555 libenter
3691 1493 3996 1554 condona·

2480 1593 2679 1663 turuS,
2713 1587 2761 1647 si
2791 1591 3065 1665 rogetur.
3099 1590 3165 1648 In
3193 1604 3315 1666 quo
3346 1591 3512 1647 certe
3530 1605 3659 1646 non
3680 1586 3833 1645 satis
3861 1603 3999 1645 con-

2483 1679 3000 1760 sequenterloqui
3031 1680 3279 1740 videtur
3302 1680 3549 1739 Lessius
3576 1700 3590 1740 :
3626 1678 3678 1739 si
3710 1678 3881 1738 enim
3915 1682 3999 1737 est

2482 1773 2571 1834 ita
2597 1773 2870 1851 graviter
2896 1773 3147 1848 invitus,
3180 1776 3250 1832 ut
3278 1772 3546 1831 famulus
3600 1789 3870 1849 gravem
3915 1770 3999 1829 in-

2482 1865 2708 1946 juriam
2739 1865 2794 1924 ei
2842 1866 3096 1941 irroget,
3130 1863 3233 1925 illa
3286 1864 3515 1942 injuria
3571 1865 3753 1923 affert
3796 1880 3997 1922 secum

2487 1958 2930 2035 obligationem
2958 1956 3386 2031 restitutioniS,
3419 1972 3536 2015 nec
3583 1960 3879 2016 censetur
3915 1954 3998 2012 fa-

2486 2050 2603 2110 cile
2631 2048 3117 2122 condonaturos,
3152 2049 3258 2126 qui
3301 2047 3384 2107 ita
3416 2066 3582 2124 aegre
3642 2048 3764 2108 fert
3823 2046 3999 2106 actio-

2488 2160 2632 2203 nem
2661 2141 2852 2217 illam,
2886 2143 2954 2201 ut
2984 2139 3168 2201 faciat
3216 2159 3349 2200 esse
3402 2139 3694 2217 injuriam
3724 2157 3996 2217 gravem.

2488 2234 2685 2313 Magis
2712 2237 3163 2312 consequenter
3188 2232 3357 2311 loqui
3386 2232 3637 2293 videtur
3666 2233 3858 2292 Sotus
3902 2231 3995 2290 lib.

2490 2327 2670 2390 VLde
2681 2326 2883 2407 justit.
2918 2344 3023 2405 qu.
3056 2341 3099 2386 1.
3135 2329 3249 2385 art.
3283 2329 3342 2385 4.
3367 2325 3471 2405 qui
3518 2343 3591 2385 eo
3647 2341 3799 2386 casu
3832 2329 4003 2403 negat

2489 2422 2552 2481 in
2582 2420 2812 2480 famulo
2836 2423 3160 2497 peccatum
3188 2436 3380 2496 grave
3411 2421 3628 2477 contra
3668 2416 3993 2496 justitiam.

2490 2513 2768 2592 Denique
2801 2511 2967 2571 idem
2993 2513 3160 2572 LesS.
3197 2529 3301 2570 nu.
3339 2512 3472 2570 184.
3508 2514 3699 2587 negat
3752 2527 4002 2588 peccam

2492 2612 2709 2667 contra
2755 2603 3061 2683 justitiam
3116 2602 3420 2662 famulum
3471 2601 3884 2681 recipientem
3921 2601 4005 2680 pi·

2492 2716 2713 2778 gnora,
2746 2714 2943 2775 eaque
2974 2700 3419 2770 asservantem,
3448 2698 3889 2754 numerantem
3908 2712 4004 2772 pe-

2493 2791 2763 2865 cuniam,
2787 2794 2896 2850 aut
2925 2789 2986 2848 in
3016 2788 3207 2847 libros
3237 2786 3550 2848 rationum
3606 2787 3995 2846 referentem.

2493 2883 2613 2946 Alii
2644 2883 2831 2943 etiam
2860 2884 3157 2941 excusant
3183 2880 3261 2939 ab
3289 2878 3592 2957 injustitia
3612 2878 3885 2939 famulos
3910 2878 4001 2937 de-

2494 2976 2762 3036 ferentes
2816 2976 3124 3046 mutuum,
3175 2971 3275 3031 vel
3328 2975 3719 3050 reportantes
3790 2989 3998 3031 usuras

2495 3067 2596 3128 vel
2625 3067 2908 3145 pignora,
2942 3064 3220 3139 Armilla,
3274 3065 3379 3139 Sa,
3424 3065 3616 3141 Vega,
3653 3064 3868 3137 SotuS,
3902 3065 4000 3123 Ro—

2497 3159 2657 3238 drig.
2690 3162 2878 3238 Arag.
2913 3156 3219 3233 SaloniuS,
3279 3157 3547 3232 BanneS,
3583 3159 3644 3216 et
3698 3155 3833 3231 alii,
3866 3172 4001 3235 quos

2492 3254 2683 3315 refert
2711 3253 2885 3313 Salas
2914 3251 3031 3310 nul¹
3052 3254 3146 3310 12.
3181 3248 3298 3309 Alii
3347 3248 3535 3309 etiam
3562 3248 3640 3308 de
3672 3267 4001 3308 amanuen-

2500 3347 2670 3408 sibus
2691 3344 2795 3425 qui
2817 3344 3018 3405 solum
3051 3341 3330 3403 scribunt
3358 3342 3436 3401 ad
3479 3341 3857 3402 memoriam
3906 3341 4000 3400 da-

2498 3444 2632 3502 tum
2662 3437 2739 3498 ad
2788 3454 3092 3507 usuram3
3152 3434 3318 3494 idem
3373 3433 3609 3510 dicunt,
3655 3433 3912 3509 Molina,
3953 3439 4001 3491 et

2499 3531 2753 3610 AngleS,
2786 3528 2952 3608 apud
2983 3526 3271 3587 eumdem
3303 3525 3479 3587 Salas
3512 3545 3618 3586 nu.
3665 3528 3763 3586 13.
3797 3526 3913 3586 Alii
3937 3523 4001 3583 ab

2499 3623 2800 3703 injustitia
2847 3622 3146 3681 excusant
3196 3618 3496 3678 famulum
3567 3617 4002 3678 custodientem

2501 3716 2617 3777 sub
2646 3715 2819 3775 clave
2848 3711 3174 3792 pecuniam
3230 3710 3604 3785 usurariam,
3637 3711 3901 3769 Navarr.
3951 3710 4001 3766 et

2503 3807 2791 3870 Salonius
2846 3804 3012 3883 apud
3043 3802 3332 3863 eumdem
3391 3802 3568 3862 Salas
3623 3820 3733 3862 nu.
3797 3806 3868 3862 u
3908 3802 3998 3860 Re-

2500 3901 2701 3962 bellus
2730 3899 2917 3960 etiam
2960 3896 3067 3956 lib.
3132 3896 3290 3955 VIII.
3351 3892 3422 3954 de
3473 3894 3665 3953 usuriis
3723 3913 3832 3973 qu.
3887 3908 3996 3953 xri.

2502 3997 2653 4053 sect.
2688 4008 2772 4050 lv.
2808 4007 2979 4049 num.
3014 3988 3279 4048 17.1icet
3305 3987 3517 4047 stricte
3547 3987 3624 4046 de
3651 3986 3730 4046 iis
3776 3985 4000 4046 famulis

2501 4087 2834 4164 loquatur3
2869 4080 3182 4141 concludit
3233 4083 3464 4153 tamen,
3525 4078 3784 4157 quando
3813 4076 4001 4136 verisi-

2504 4177 2734 4238 militer
2762 4174 3037 4235 creditur
3063 4172 3475 4232 mutuatarius
3533 4171 3772 4230 nullam
3801 4170 3907 4230 sibi
3934 4168 4000 4228 ab

2506 4270 2595 4330 eis
2620 4267 3074 4329 restitutionem
3102 4263 3235 4324 fieri
3264 4264 3445 4340 velle,
3482 4263 3831 4341 deobligari
3849 4277 4001 4340 posse

2505 4381 2545 4424 a
2598 4359 3009 4434 restitutione,
3043 4357 3208 4436 quod
3258 4360 3328 4416 ut
3379 4355 3723 4434 plurimum
3772 4353 4002 4415 creden-

2508 4455 2658 4514 dum
2696 4452 2833 4527 erit,
2866 4454 2975 4511 aut
3023 4449 3103 4510 ad
3145 4448 3470 4507 minimum
3523 4446 3708 4507 facile
3751 4444 4000 4506 remissio

2510 4544 2908 4606 obtinebitur.
2974 4541 3233 4616 ClariuS,
3278 4544 3340 4601 et
3384 4539 3705 4599 liberalius
3759 4538 4002 4618 quuitur

2507 4637 2794 4700 Turrian.
2856 4636 3015 4713 disp.
3048 4635 3230 4694 LXII.
3263 4632 3413 4693 duh.
3466 4649 3550 4692 w.
3599 4651 3661 4691 η.
3697 4636 3759 4691 2.
3794 4632 3998 4699 dicens,

2505 4733 2658 4790 ωηο
2712 4727 2976 4806 obligari
3030 4726 3104 4786 ad
3194 4724 3646 4785 restitutionem
3706 4723 3997 4792 famulum,

2510 4821 2762 4900 quando
2794 4820 2962 4897 cogit
2989 4817 3428 4879 mutuatarium
3460 4820 3531 4876 ut
3562 4816 3768 4876 solvat
3788 4830 3997 4874 usuras,

2511 4912 2770 4985 Quando
2800 4916 3009 4972 tamen
3038 4911 3273 4988 absque
3330 4910 3390 4967 vi
3445 4913 3506 4968 et
3559 4911 3880 4970 coactione
3921 4923 4001 4964 so-

2507 5006 2639 5066 lum
2720 5004 2970 5064 nomine
3051 5001 3285 5063 domini
3361 5001 3456 5059 sui
3507 5002 3786 5079 postulat
3831 5000 4001 5077 {pecu-

2512 5098 2680 5157 niam
2710 5096 3007 5170 debitam,
3051 5099 3200 5154 ωηο
3260 5110 3375 5152 nec
3421 5111 3707 5172 peccare,
3782 5110 3889 5151 nec
3935 5095 4000 5149 te-

2511 5190 2643 5249 neri
2697 5188 2777 5248 ad
2835 5187 3310 5256 restitutionem,
3370 5189 3520 5245 tunc
3571 5186 3741 5244 enim
3792 5184 3997 5260 absque

2513 5282 2918 5343 fundamento
2949 5279 3190 5339 dicetur
3230 5277 3553 5355 cooperari
3586 5275 3912 5358 injustitiae.

2589 5377 2720 5452 Ego
2750 5377 2925 5452 puto,
2961 5390 3084 5431 ηοη
3115 5388 3297 5449 posse
3328 5369 3462 5429 dari
3496 5369 3780 5447 regulam
3835 5365 3997 5444 magis
4088 5363 4142 5426 ΞΕ

2512 5470 2747 5528 certam
2774 5465 2870 5524 vel
2892 5464 3147 5537 claram,
3186 5480 3373 5541 quam
3403 5479 3593 5541 supra
3614 5461 3991 5541 assignatam
