4263 6376
839 360 955 419 546
1994 360 2096 420 DE
2140 356 2496 421 JUS‘PITIA
2540 357 2640 417 ΕΤ
2680 357 2883 418 JURE

505 554 571 597 An
590 553 766 596 tenearis
825 536 977 617 quia
1007 537 1432 617 unusquisque
1462 539 1752 599 dominus
1801 542 1895 600 est
1933 537 2205 618 propriae
2262 537 2356 597 fa·

501 621 693 653 accusare
711 607 764 649 ob

535 664 729 706 denam„
830 648 951 691 moe
980 631 1377 692 othonorum
1405 633 1669 694 fortunae
1695 653 1709 708 ;
1744 650 1893 711 ergo
1924 635 2128 711 potest
2156 628 2359 708 proxi*

505 722 763 815 οζξὲιζζξδζξῃ
829 741 932 785 mo
984 723 1341 785 condonare
1398 724 1689 803 injuriam
1744 731 1960 787 contra
1994 745 2060 786 se
2102 725 2353 785 factum.

2464 533 2702 612 obligat
2759 554 2773 597 ε
2833 535 3113 615 alioquin
3144 551 3271 597 non
3316 535 3640 616 obligaret
3676 537 3981 616 promiaeis

2462 628 2841 689 matrimonii
2873 628 3062 690 etiam
3084 628 3324 709 jurata,
3376 631 3528 709 quia
3561 635 3664 692 est
3691 631 3771 690 de
3802 650 3871 690 re
3898 633 3984 692 ali-

2465 739 2584 800 qua
2626 722 2937 783 contraria
2995 722 3259 782 consilio
3317 722 3727 801 virginitatis,
3790 725 3985 786 Verius

771 799 780 809 ⁶
829 817 1161 895 Excipiunt
1188 818 1380 898 aliqui
1410 837 1645 895 casum,
1701 819 1953 900 quando
2015 822 2180 879 esset
2220 817 2360 896 quis
2463 832 2611 892 crgo
2643 814 2874 876 Sanch.
2926 815 3032 875 ubi
3061 833 3255 893 supra
3297 815 3359 876 d.
3416 834 3472 876 c.
3518 833 3606 877 ix.
3659 835 3804 877 cum
3844 835 3984 878 eom-

513 1894 742 1949 Aliquando

485 1948 598 1991 llcita
620 1952 783 2013 ‚estune-

504 2015 554 2044 cu
633 2016 658 2044 ο

499 2056 766 2111 obligatione.

827 909 984 971 adeo
1015 928 1275 989 pauper,
1309 916 1380 974 ut
1401 930 1524 972 non
1556 919 1767 991 posset
1806 914 1973 974 alere
2029 928 2209 972 suam
2266 910 2359 969 fa·-

826 1002 1085 1078 miliam,
1148 1005 1266 1063 nisi
1321 1007 1660 1084 repetendo
1715 1026 1827 1085 per
1896 1006 2359 1067 accusationem

824 1095 993 1159 bona
1021 1096 1231 1176 aliqua
1251 1098 1331 1158 ab
1358 1103 1651 1160 accusato
1681 1118 1793 1178 pro
1823 1098 2051 1178 injuria
2069 1099 2188 1159 sibi
2219 1098 2361 1158 illa-

826 1193 912 1252 ta.
947 1189 1039 1250 Ita
1069 1191 1217 1251 Soto
1246 1190 1355 1251 ubi
1384 1210 1596 1270 supra,
1646 1198 1708 1253 et
1757 1195 2034 1253 Navarro
2069 1192 2130 1251 d.
2166 1210 2221 1252 c.
2255 1191 2361 1251 In·-

827 1289 914 1343 ter
939 1282 1137 1359 verba,
1172 1285 1371 1346 concl.
1409 1301 1494 1347 v1.
1530 1286 1744 1348 coroll.
1778 1302 1870 1347 Lx.
1905 1288 2130 1349 n.164.
2168 1284 2359 1346 etalii

828 1377 1227 1439 recentiores,
1260 1379 1356 1439 An
1395 1396 1542 1439 vero
1572 1379 1798 1456 edicta,
1851 1379 2077 1458 quibus
2117 1378 2361 1457 proelati

826 1469 1197 1547 praecipiunt
1216 1471 1573 1532 denuntiari
1610 1473 1817 1552 aliqua
1866 1471 2149 1548 crimina,
2203 1470 2361 1531 obli-

826 1565 977 1639 gent
1007 1562 1195 1624 etiam
1222 1568 1282 1625 te
1310 1564 1390 1625 ad
1421 1565 1918 1628 denuntiandum
1967 1565 2203 1626 crimen
2233 1565 2362 1627 fac-

828 1659 963 1717 tum
985 1660 1202 1719 contra
1231 1661 1290 1719 te
1319 1658 1547 1735 ipsum,
1582 1658 1862 1719 dicemus
1890 1664 2040 1720 sect.
2075 1676 2207 1737 seq.

912 1749 1137 1820 Quinto
1168 1749 1504 1811 dicendum
1526 1754 1642 1828 est,
1671 1752 1883 1830 plures
1915 1770 2051 1813 esse
2081 1770 2262 1812 casus
2295 1752 2358 1810 in

834 1841 1057 1921 quibus
1086 1843 1322 1905 licitum
1355 1849 1448 1906 est
1496 1863 1790 1907 accusare
1819 1846 1920 1906 vel
1962 1845 2356 1920 denuntiare,

833 1954 955 1996 non
985 1939 1199 1998 tamen
1229 1938 1695 2017 obligatorium,
1745 1942 1815 1999 ut
1861 1939 2093 2001 docent
2121 1941 2363 1999 Navar-

830 2047 936 2088 rus
968 2032 1033 2090 et
1071 2029 1199 2104 alii,
1254 2049 1411 2110 quos
1440 2032 1634 2093 refert
1679 2035 1742 2094 et
1786 2033 2068 2111 sequitur
2097 2032 2354 2110 Henriq.

828 2121 937 2185 lib.
972 2124 1071 2184 Ill.
1133 2122 1202 2183 de
1218 2124 1421 2204 poenit.
1482 2144 1535 2187 c.
1570 2142 1714 2186 xxv.
1751 2127 1806 2206 ἕ.
1841 2130 1899 2187 l).
1953 2125 2161 2186 littera
2190 2128 2258 2186 G.
2294 2143 2354 2185 v.

829 2234 891 2293 g.
929 2215 1180 2294 quando
1211 2217 1508 2278 delictum
1552 2218 1810 2297 quidem
1852 2222 1946 2280 est
1986 2223 2205 2279 contra
2249 2219 2361 2280 bo-

830 2326 981 2369 num
1006 2326 1361 2387 commune,
1396 2329 1522 2371 non
1544 2314 1757 2372 tamen
1778 2311 1936 2372 adeo
1958 2311 2235 2389 graviter
2249 2329 2362 2370 no-

831 2402 1065 2478 civum,
1112 2407 1183 2466 ut
1213 2403 1448 2483 obliget
1476 2405 1556 2464 ad
1602 2405 2026 2465 accusandum
2067 2422 2083 2465 ε
2127 2405 2279 2465 item
2309 2403 2362 2463 si

830 2495 910 2558 sit
936 2499 1155 2557 contra
1181 2497 1420 2558 bonum
1450 2497 1720 2576 proximi
1749 2501 1811 2559 et
1840 2498 2158 2559 excusaris
2183 2516 2224 2559 a
2250 2497 2362 2556 de-

831 2590 1177 2652 nuntiando
1232 2594 1489 2669 propter
1544 2610 1738 2670 grave
1808 2591 2113 2652 damnum
2183 2595 2361 2653 tuum

832 2683 1002 2763 quod
1030 2688 1418 2762 sequeretur.
1478 2685 1759 2763 Denique
1788 2685 2041 2764 quando
2071 2685 2208 2761 tibi,
2261 2685 2360 2746 vel

828 2776 952 2840 tuis
979 2776 1151 2839 illata
1177 2777 1294 2838 fuit
1325 2777 1575 2856 injuria,
1611 2795 1800 2856 quarn
1829 2777 2087 2857 quidem
2115 2796 2242 2839 non
2273 2783 2363 2840 te-

830 2870 1018 2945 neriS,
1079 2870 1311 2949 poteris
1358 2875 1571 2931 tamen
1617 2870 1783 2932 licite
1838 2871 2160 2950 prosequi,
2209 2872 2362 2932 dum

829 2961 962 3024 sine
992 2963 1135 3024 odio
1166 2967 1228 3023 et
1255 2964 1482 3025 affectu
1511 2963 1802 3025 vindicta}
1838 2963 1902 3023 id
1930 2963 2122 3024 facias
2148 2985 2162 3036 ς
2216 2964 2365 3043 quia

829 3059 1044 3118 tamen
1072 3055 1193 3117 hoc
1244 3056 1495 3117 difficile
1538 3060 1653 3133 est,
1714 3056 1855 3117 ideo
1913 3060 2008 3119 est
2055 3058 2365 3136 optimum

833 3149 1165 3215 consilium
1194 3148 1508 3213 dimittere
1556 3151 1824 3215 offensas
1869 3153 1940 3213 ιιι
1965 3150 2366 3215 dimittantur

835 3244 1038 3307 nohiS.

915 3340 1118 3414 Petes,
1150 3355 1230 3398 an
1260 3337 1313 3398 si
1340 3336 1563 3416 aliquis
1581 3337 1867 3415 promisit
1881 3338 1996 3399 sub
2005 3339 2365 3417 juramento

832 3430 1219 3510 delinquenti
1272 3449 1418 3491 eum
1473 3449 1600 3492 non
1630 3448 1927 3493 accusare
1977 3433 2078 3494 vel
2122 3432 2365 3493 denun-

699 3564 717 3591 .
834 3522 1013 3600 tiare,
1047 3523 1242 3603 possit
1270 3524 1476 3585 adhuc
1506 3543 1651 3585 eum
1680 3543 1977 3587 accusare
1996 3527 2095 3586 vel
2127 3526 2367 3587 denun-

831 3616 989 3678 tiare
1018 3635 1144 3678 non
1174 3618 1461 3680 obstante
1487 3619 1951 3696 promissione?
2001 3620 2366 3698 Responde-

834 3714 956 3788 tur,
1012 3711 1076 3771 in
1110 3711 1399 3774 omnihus
1429 3712 1698 3789 casibus,
1753 3712 1817 3771 in
1851 3712 2077 3791 quihus
2125 3713 2368 3774 seclusa

833 3805 940 3870 illa
991 3805 1402 3883 promissione
1448 3808 1698 3868 tenetur
1743 3806 1881 3885 quis
1928 3824 2226 3867 accusare
2266 3807 2367 3867 vel

835 3898 1225 3974 denuntiare,
1273 3917 1400 3960 non
1432 3898 1671 3977 obligat
1695 3899 1837 3960 talis
1866 3899 2219 3976 promissio,
2267 3901 2367 3962 vel

828 3991 1278 4071 juramentum.
1337 3994 1431 4053 Ita
1476 3992 1540 4053 S.
1575 3991 1797 4052 Thom.
1848 3992 1913 4051 in
1960 3993 2254 4071 praesenti
2298 4012 2359 4073 q.

832 4086 1098 4147 LXVIII.
1133 4088 1251 4147 art.
1285 4102 1328 4145 1.
1364 4084 1446 4145 ad
1473 4088 1533 4147 2.
1588 4085 1887 4147 Silvester
1933 4087 2110 4147 verb.
2146 4085 2367 4147 denun-

755 4230 763 4239 .
836 4177 1028 4254 cintia,
1086 4179 1142 4256 ἓ.
1177 4180 1251 4241 V.
1306 4178 1478 4239 verb.
1530 4178 1843 4255 accusatu),
1902 4181 1959 4258 ἓ.
1994 4198 2055 4242 v.
2118 4182 2267 4242 Soto
2298 4180 2368 4241 de

834 4270 1023 4351 siqillo
1050 4271 1160 4331 ubi
1188 4280 1378 4349 supra
1424 4290 1486 4351 q.
1519 4288 1606 4334 1v.
1643 4273 1844 4334 concl.
1878 4277 1938 4334 2.
1999 4276 2260 4335 Navarr.
2296 4275 2359 4336 d.

837 4382 894 4428 c.
927 4363 1092 4426 Inter
1119 4364 1316 4440 verba,
1358 4384 1529 4426 num.
1567 4369 1705 4428 155.
1773 4367 1953 4427 Ratio
2001 4373 2213 4429 autem
2245 4373 2361 4444 est,

837 4459 988 4540 quia
1022 4459 1451 4539 juramentum
1496 4478 1619 4520 non
1652 4464 1745 4521 est
1792 4461 2108 4521 vinculum
2138 4462 2369 4541 iniqui-

834 4554 1002 4630 tatis,
1057 4553 1155 4614 vel
1184 4556 1392 4632 potest
1445 4552 1725 4631 obligare
1775 4554 1856 4614 ad
1885 4559 2239 4633 peccatum,
2300 4559 2369 4618 ut

838 4647 1049 4709 multis
1081 4646 1368 4708 adductis
1415 4646 1643 4725 prohat
1686 4647 1810 4708 late
1840 4648 2069 4710 Sanch.
2116 4648 2225 4710 lib.
2260 4652 2361 4710 III.

839 4742 906 4806 in
934 4741 1208 4822 Decaloq.
1245 4759 1299 4802 c.
1335 4757 1419 4802 lx.
1454 4759 1560 4802 nu.
1598 4744 1694 4803 19.
1757 4742 1967 4820 Aliqui
1999 4742 2117 4802 hoc
2149 4746 2367 4804 exten-

839 4835 996 4898 dunt
1024 4835 1211 4896 etiam
1260 4834 1340 4894 ad
1370 4852 1514 4895 eum
1558 4851 1796 4911 casum,
1857 4834 1921 4893 in
1954 4853 2075 4913 quo
2125 4835 2372 4898 seclusa

840 4927 1250 5009 promissione
1279 4932 1342 4995 et
1379 4927 1762 5008 juramento,
1809 4928 2032 4989 melius
2076 4933 2242 4991 esset
2268 4930 2371 4990 de-

841 5023 1151 5099 nuntiare,
1211 5023 1499 5102 quamvis
1553 5041 1678 5082 non
1724 5026 1886 5084 esset
1941 5022 2224 5084 debitum
2253 5024 2369 5086 suh

841 5119 1120 5195 peccate.
1182 5118 1274 5177 Ita
1304 5115 1532 5177 Sanoh.
1586 5133 1730 5175 cum
1759 5114 2071 5195 aliquibus
2117 5116 2225 5177 lib.
2260 5119 2363 5179 VI.

846 5210 1018 5272 (Ῡοηε.
1054 5228 1108 5271 c.
1145 5226 1188 5271 1.
1225 5209 1376 5271 dub.
1410 5214 1508 5270 29.
1551 5227 1722 5269 num.
1757 5212 1814 5270 3.
1867 5210 1978 5269 sed
2010 5228 2136 5270 non
2166 5211 2373 5289 placet

755 5331 761 5336 ·
843 5306 978 5365 hrec
1008 5303 1310 5380 extensio,
1371 5304 1519 5383 quia
1547 5322 1621 5363 eo
1651 5321 1799 5364 casu
1842 5303 2094 5365 omissio
2126 5305 2372 5365 denun-

843 5398 1116 5459 tiationis
1148 5415 1272 5457 non
1320 5400 1415 5458 est
1445 5397 1633 5474 mala,
1692 5401 1763 5459 ut
1803 5397 2217 5477 supponimus
2258 5399 2369 5460 sed

845 5489 1246 5564 indifferens3
1294 5490 1546 5555 aliunde
1591 5493 1802 5553 autem
1843 5492 2011 5554 cedit
2050 5492 2114 5552 in
2144 5493 2373 5554 utilita-

816 5582 975 5647 ¹tem
1015 5583 1152 5664 ejus
1198 5586 1296 5646 cui
1359 5585 1776 5665 promittitur3
1834 5604 1986 5666 ergo
2042 5587 2372 5665 promissio

2460 907 2634 967 muni
2678 908 2904 987 probat
2950 909 3388 988 juramentum
3438 910 3537 971 rei
3593 910 3987 972 indifferentis

2460 1001 2695 1062 factum
2749 1001 2992 1062 homini
3019 1001 3324 1080 obligare,
3390 1003 3642 1065 etiamsi
3684 1005 3769 1066 sit
3823 1003 3897 1064 de
3932 1023 3985 1066 re

2459 1093 2669 1154 minus
2697 1093 2884 1156 bona.
2944 1096 3021 1156 Et
3048 1094 3112 1154 in
3166 1095 3452 1156 terminis
3511 1095 3803 1174 obligare
3836 1097 3987 1175 jun·

2458 1190 2743 1249 mentum
2772 1205 2896 1248 non
2926 1187 3362 1261 denuntiandi,
3411 1191 3670 1268 quoties
3695 1191 3832 1250 sine
3861 1209 3986 1269 pec-

2460 1284 2598 1341 cato
2621 1284 2827 1359 potest
2847 1280 3049 1340 omitti
3064 1280 3481 1358 denuntiatio,
3497 1287 3679 1344 tenet
3691 1283 3987 1345 Mamer-us

2460 1373 2565 1433 ubi
2588 1392 2779 1451 supra
2807 1372 2869 1435 d.
2900 1372 3028 1433 duh
3059 1389 3127 1433 11.
3155 1372 3219 1433 in
3239 1374 3388 1450 fine,
3422 1392 3649 1436 omnes
3670 1381 3881 1436 tamen
3898 1377 3988 1437 ad·

2460 1470 2714 1527 vertunt
2755 1466 2861 1526 illa
2897 1465 3261 1546 juramenta
3308 1485 3434 1529 non
3466 1486 3608 1529 esse
3637 1468 3814 1530 licita
3844 1475 3987 1531 antr-

2462 1579 2651 1639 quam
2679 1559 2916 1622 crimen
2945 1561 3398 1638 committatur,
3450 1562 3606 1641 quia
3651 1562 3875 1624 fovent
3899 1563 3986 1624 de-

2458 1655 2812 1732 linquentes
2844 1658 2907 1715 et
2934 1660 3236 1734 praestant
3281 1655 3623 1716 materiam
3671 1658 3979 1734 peccandi.

2459 1748 2656 1808 Debet
2683 1766 2833 1826 ergo
2863 1747 2986 1808 tale
3026 1747 3463 1827 juramentum
3518 1752 3672 1810 ante
3714 1750 3986 1810 commis·

2458 1859 2595 1901 sum
2627 1842 2886 1918 crimen,
2921 1843 2972 1901 si
3001 1842 3351 1920 praestitum
3382 1842 3464 1903 sit
3485 1842 3766 1902 rescindi
3796 1849 3861 1903 et
3881 1843 3986 1902 dis·

2457 1934 2612 1995 solvi
2643 1938 2919 2013 pactum,
2952 1937 3022 1995 ut
3050 1933 3115 1994 in
3143 1935 3333 1995 simili
3361 1935 3559 1998 docet
3578 1935 3819 1997 Sanch.
3852 1935 3909 1998 d.
3934 1955 3978 1998 c.

2458 2044 2543 2090 nc.
2579 2046 2640 2089 n.
2675 2030 2773 2089 28.
2810 2046 2954 2089 cum
2989 2028 3126 2089 aliis
3154 2028 3391 2090 multis.

2539 2121 2853 2198 Secunde,
2886 2121 3314 2200 principaliter
3332 2121 3672 2200 quaeritur,
3708 2140 3849 2202 quae
3866 2141 3984 2203 pes·
4097 2138 4117 2188 ῖ

2457 2234 2627 2278 sonae
2655 2215 3040 2294 repellantur
3066 2216 3147 2277 ab
3179 2215 3544 2277 accusando
3564 2217 3596 2278 ‘I
3646 2218 3984 2296 Responde—
4014 2260 4148 2312 (ἡ,

2456 2315 2578 2386 tur,
2612 2309 2918 2389 imprimis
2948 2309 3197 2370 excludi
3243 2307 3514 2371 clericos
3544 2310 3610 2370 in
3641 2327 3834 2373 causa
3857 2330 3981 2371 san-
4031 2317 4147 2409 αἱ

2457 2404 2686 2482 guinis,
2737 2421 2792 2464 c.
2828 2402 3126 2479 Praelatis,
3177 2401 3246 2463 de
3277 2401 3600 2463 homicid&
3648 2402 3762 2465 lib.
3796 2405 3888 2464 Vl.
3932 2421 3977 2463 c.

2456 2498 2572 2559 His
2620 2516 2658 2557 a
2686 2496 2916 2578 quibus,
2971 2512 3151 2558 xv111.
3206 2514 3268 2577 q.
3306 2514 3365 2558 V.
3421 2514 3500 2557 ex
3536 2498 3779 2560 Concil.
3810 2499 3975 2560 Tolet.

2458 2593 2560 2654 XI.
2620 2609 2676 2655 c.
2710 2589 2991 2666 Clericus,
3043 2608 3097 2650 c.
3134 2589 3527 2662 Sententiam,
3583 2611 3659 2650 ne
3700 2591 3983 2654 cler-iamt

2457 2683 2746 2756 monachi,
2800 2687 2918 2746 etc.
2972 2683 3251 2762 alioquin
3295 2683 3348 2744 si
3378 2688 3610 2745 secuta
3658 2685 3842 2747 fuerit
3865 2704 3983 2745 εειι·

2457 2780 2654 2840 tentia
2678 2777 2898 2839 mortis
2943 2777 3040 2837 vel
3069 2778 3507 2853 mutilationiS,
3565 2782 3635 2840 et
3660 2779 3979 2839 executioni

2458 2871 2810 2947 mandetur,
2844 2874 2989 2931 sunt
3013 2870 3416 2948 irregulareS,
3461 2877 3539 2933 ut
3567 2878 3818 2933 constat
3842 2891 3907 2932 ex
3930 2890 3975 2931 c.

2460 2965 2898 3045 Presbyterum,
2933 2963 3002 3023 de
3025 2963 3331 3024 homim'dio
3358 2964 3732 3038 voluntarie,
3786 2971 3843 3027 et
3868 2964 3980 3025 aliis

2460 3059 2690 3119 multiS.
2741 3060 2873 3118 Hoc
2900 3060 3112 3117 tamen
3153 3075 3279 3116 non
3319 3063 3415 3119 est
3461 3059 3854 3136 prohibitum
3880 3059 3983 3118 cle·

2459 3152 2604 3213 ricis
2626 3151 2768 3231 jure
2799 3151 3088 3228 naturali,
3123 3151 3223 3212 vel
3252 3150 3497 3229 divino,
3555 3156 3633 3214 ut
3660 3156 3835 3215 notat
3858 3154 3978 3214 Sote

2461 3246 2531 3307 de
2558 3245 2747 3326 siqillo
2776 3245 2882 3307 ubi
2912 3264 3105 3324 supra
3148 3264 3210 3324 q.
3242 3249 3302 3307 5.
3339 3250 3538 3325 atque
3571 3247 3725 3307 ideo
3754 3263 3978 3309 consue-

2460 3340 2678 3401 tudine
2735 3343 2942 3418 potest
2994 3344 3211 3400 contra
3264 3339 3436 3399 hanc
3503 3340 3979 3418 prohihitionem

2462 3432 2805 3512 praescribi,
2866 3432 3028 3494 sicut
3062 3432 3140 3492 de
3185 3433 3655 3494 consuetudine
3680 3434 3980 3511 AEthiopiae

2462 3527 2653 3588 refert
2698 3528 3015 3587 Navarrus
3063 3543 3119 3587 c.
3180 3524 3346 3586 Inter
3378 3526 3587 3599 verba,
3649 3528 3844 3588 concl.
3888 3526 3975 3586 vl.

2463 3620 2679 3682 coroll.
2713 3636 2807 3680 Lx.
2860 3638 2967 3680 nu.
3004 3623 3140 3680 170.
3193 3619 3301 3680 ubi
3331 3638 3459 3680 non
3502 3620 3722 3681 minus
3751 3626 3982 3699 possunt

2463 3731 2760 3776 accusare
2792 3730 2983 3792 quam
3011 3712 3175 3776 laici.
3237 3714 3510 3775 Possunt
3549 3720 3771 3775 tamen
3799 3711 3979 3774 clerici

2464 3806 2835 3869 denuntiare
2858 3806 3056 3886 judici
3087 3806 3353 3868 erimina
3393 3808 3769 3887 reipublicae
3797 3804 3982 3888 perni-

2463 3902 2653 3978 ciosa,
2687 3918 2815 3962 non
2841 3904 2913 3962 ut
2938 3901 3280 3980 puniantur
3298 3901 3771 3981 delinquentes,
3800 3900 3901 3963 sed
3926 3904 3983 3960 ut

2464 4012 2794 4057 commune
2822 3995 3123 4055 damnum
3151 3993 3575 4073 impediatur;
3608 4001 3801 4075 atque
3820 3995 3980 4055 &iam

2464 4089 2735 4168 petendo
2791 4087 3370 4167 compensationem
3426 4105 3696 4148 suarum
3752 4087 3983 4167 injuris-

2462 4200 2601 4243 rum
2647 4185 2710 4243 et
2736 4181 3134 4258 damnorum,
3194 4180 3544 4242 dummodo
3576 4185 3984 4260 protestentur

2466 4293 2758 4355 expresse
2788 4293 2853 4335 se
2876 4293 3001 4337 non
3032 4275 3357 4337 intendere
3377 4274 3733 4336 vindictam
3754 4275 3849 4335 vel
3874 4291 3985 4353 pce-

2467 4389 2612 4429 nam
2642 4369 2987 4448 sanguinis,
3049 4369 3158 4428 sed
3204 4368 3409 4429 solum
3467 4369 3639 4429 malo
3686 4367 3981 4429 communi

2468 4464 2745 4540 obviare,
2789 4464 2891 4523 vel
2919 4461 3248 4540 providere
3278 4479 3414 4538 sue,
3465 4462 3569 4522 vel
3600 4462 3869 4539 proximi
3896 4477 3983 4520 no·

2469 4560 2781 4618 cumentO.
2831 4557 2921 4618 Ita
2951 4557 3121 4632 Sot0,
3178 4561 3242 4617 et
3263 4558 3525 4617 Navarr.
3560 4574 3782 4634 supra,
3814 4560 3871 4616 et
3894 4572 3987 4615 eo-

2466 4651 2676 4712 rollar.
2710 4665 2883 4712 Lv111.
2918 4668 2980 4710 n.
3008 4652 3144 4711 455.
3179 4647 3459 4729 cajetan.
3493 4652 3555 4709 2.
3585 4653 3645 4709 2.
3684 4668 3751 4728 q.
3784 4662 3978 4709 mm.

2470 4748 2585 4806 art.
2636 4749 2695 4806 7.
2749 4747 2811 4805 et
2851 4761 2988 4823 cap.
3022 4743 3375 4825 Episcopus,
3421 4761 3496 4804 ne
3539 4742 3746 4803 clerica·
3768 4742 3987 4803 velmo-

2466 4838 2644 4899 nachi
2665 4837 2774 4899 lib.
2808 4841 2868 4898 6.

2551 4932 2839 4994 Secundo
2870 4931 3285 5013 prohibentur
3312 4930 3738 4992 communiter
3761 4930 3871 4990 fllii
3896 4946 3987 4989 sc-

2471 5043 2690 5087 cusare
2720 5029 3033 5104 parenteS,
3067 5023 3299 5086 subditi
3328 5024 3642 5103 praelatos,
3690 5022 3856 5084 servi
3884 5022 3983 5083 dc·

2469 5119 2695 5194 minOS,
2728 5118 2879 5179 item
2908 5116 3142 5197 publici
3172 5121 3558 5197 peccatoreS,
3591 5120 3659 5178 ut
3685 5115 3985 5194 colligitur

2473 5232 2547 5274 ex
2574 5211 2762 5273 variis
2793 5211 3059 5273 decretis
3088 5227 3157 5272 11.
3192 5229 3253 5290 q.
3289 5216 3348 5272 7.
3383 5229 3499 5290 per
3524 5213 3745 5272 totam.
3807 5209 3881 5270 Hi
3905 5215 3987 5269 ta—

2471 5325 2615 5367 men
2647 5324 2863 5367 omnes
2892 5305 3564 5384 possuntdenuntiare,
3598 5303 3857 5383 quando
3878 5302 3987 5363 eri-

2471 5419 2617 5461 men
2645 5400 2834 5461 fuerit
2862 5399 3221 5477 reipublice}
3264 5398 3712 5477 perniciosum,
3776 5402 3846 5458 ut
3887 5395 3987 5455 do·

2474 5497 2574 5556 cet
2602 5493 2794 5572 Cajet.
2830 5493 2892 5553 in
2921 5491 3213 5572 praesenti
3246 5510 3307 5571 q.
3340 5492 3607 5552 LXVIII.
3649 5491 3833 5556 artic.
3863 5507 3904 5551 1.
3934 5494 3983 5547 et

2475 5586 2577 5649 alii
2636 5586 3075 5653 communiter.
3133 5585 3291 5647 Aliae
3347 5585 3539 5649 etiam
3590 5586 3807 5665 plures
3860 5586 3983 5644 sunt
