4263 6376
1116 319 1586 381 DISPUTATIO
1629 319 1875 394 XXXV,
1924 317 2198 379 SECTIO
2244 320 2317 379 V.

231 494 555 556 Difficultas
598 498 689 556 est
715 494 882 554 circa
910 494 1215 555 beneficia
1244 494 1651 574 parochialia,

161 588 453 667 supposito
507 587 759 649 decreto
815 587 1061 648 concilii
1102 587 1450 648 Tridentini
1498 606 1649 647 seSS.

160 700 309 742 xxiv.
358 699 493 759 cap.
528 684 624 742 18.
670 680 776 740 ubi
808 680 1187 760 praecipitur,
1224 680 1392 758 quod
1422 680 1658 759 episco-

162 796 261 853 pus
304 774 486 853 eligat
512 773 864 852 digniorem
901 793 973 833 ex
1001 773 1366 852 approbatis
1397 772 1476 832 ab
1506 790 1655 832 exa-

160 868 564 943 minatoribuS,
600 872 661 928 et
690 867 748 925 in
791 867 914 927 fine
946 866 1198 926 additur
1232 885 1245 927 :
1289 887 1316 921 «
1349 866 1655 926 Provisio-

162 983 275 1037 αρε,
330 979 433 1020 seu
503 960 922 1021 institutiones
978 963 1207 1038 praeter
1266 958 1657 1037 supradictas

161 1059 366 1116 formas
390 1053 569 1115 factae
599 1052 987 1131 subreptitia}
1018 1071 1154 1111 esse
1196 1056 1591 1114 censeantur.
1620 1074 1648 1107 η

162 1147 391 1211 Accedit
440 1145 611 1206 bulla
671 1146 764 1205 Pii
810 1148 884 1207 V.
925 1163 1090 1206 anno
1135 1148 1309 1206 1566.
1369 1161 1509 1224 quae
1568 1148 1661 1205 est

161 1258 327 1302 xxxn.
377 1239 435 1299 in
466 1237 764 1314 Bullario,
806 1238 914 1298 ubi
955 1237 1105 1298 item
1135 1237 1416 1299 declarat
1441 1255 1660 1297 omnes

162 1333 489 1395 collationes
523 1330 722 1393 factas
751 1335 971 1392 contra
999 1335 1107 1393 aut
1133 1334 1364 1410 praeter
1392 1331 1659 1390 formam

161 1423 497 1500 Tridentini,
547 1424 896 1503 praesertim
940 1425 1004 1485 in
1034 1423 1318 1484 examine
1352 1440 1467 1502 per
1510 1440 1660 1483 con·

164 1536 382 1580 cursum
410 1517 719 1593 faciendo,
752 1516 960 1578 irritas
990 1522 1052 1578 et
1079 1516 1278 1577 nullas
1298 1534 1453 1576 esse.
1482 1515 1658 1588 Quod

163 1615 205 1674 si
246 1612 556 1690 episcopus
607 1629 732 1670 non
772 1609 1034 1687 elegerit
1060 1608 1435 1688 digniorem,
1477 1626 1660 1687 posse

164 1707 305 1767 hunc
343 1703 415 1764 ad
462 1702 1028 1782 archiepiscopum,
1073 1702 1173 1762 vel
1201 1701 1282 1762 ab
1319 1700 1661 1779 archiepis-

164 1798 281 1877 copi
310 1798 570 1858 electore
601 1795 683 1857 ad
714 1794 1078 1855 viciniorem
1108 1793 1528 1868 Ordinarium,
1562 1792 1661 1852 vel

165 1891 230 1952 ad
255 1889 451 1952 sedem
472 1888 902 1967 Apostolicam
930 1887 1269 1966 appellare,
1304 1890 1373 1948 ut
1398 1885 1662 1946 veritate

164 1987 470 2063 comperta,
484 1984 816 2042 revocetur
836 1980 1055 2042 electio
1066 1979 1230 2040 facta
1241 1979 1447 2039 minus
1461 1977 1656 2057 digni.

166 2078 340 2151 Quare
369 2074 736 2136 electionem
775 2073 969 2148 illam,
1002 2072 1256 2151 quando
1302 2071 1501 2132 libera
1530 2074 1665 2132 erat

166 2171 443 2249 episcopo,
503 2167 849 2228 invalidam
906 2185 1040 2227 esse
1113 2165 1341 2226 docent
1383 2164 1663 2226 Sanchez

165 2263 306 2323 dicto
343 2279 475 2339 cap.
526 2276 568 2321 1.
619 2258 769 2321 dub.
820 2276 907 2321 v1.
943 2264 1005 2320 et
1034 2258 1284 2338 quando
1314 2261 1447 2319 erat
1475 2257 1664 2318 etiam

167 2355 364 2434 dejure
384 2356 755 2433 patronatus
776 2351 1220 2427 ecclesiastico,
1250 2350 1417 2410 idem
1439 2349 1668 2411 docent

166 2446 484 2526 Aragonius
513 2450 740 2525 quaest.
774 2462 920 2506 mm.
957 2449 1073 2506 art.
1106 2448 1165 2505 2.
1205 2448 1268 2505 et
1294 2446 1510 2504 Castro
1547 2445 1665 2503 Pa·

166 2541 248 2601 lao
289 2558 421 2600 cum
468 2539 605 2599 aliis
658 2539 825 2599 dicto
868 2542 1081 2617 punct.
1122 2553 1211 2598 xl.
1256 2536 1311 2614 ἓ.
1346 2538 1405 2597 3.
1449 2554 1556 2597 nu.
1603 2538 1661 2597 3.

168 2632 311 2712 quod
354 2636 561 2692 tamen
615 2631 899 2694 Sanchez
943 2648 1066 2691 non
1115 2629 1392 2690 admittit
1437 2628 1501 2688 in
1548 2628 1669 2690 hoc

167 2725 354 2785 ultimo
383 2744 551 2786 casu.

234 2821 351 2896 Ego
389 2823 599 2880 tamen
651 2816 854 2896 magis
885 2817 1073 2879 credo
1121 2816 1486 2878 cellationes
1533 2815 1670 2877 illas

170 2913 340 2973 factas
366 2911 553 2991 digno
599 2930 680 2970 ex
719 2909 1084 2989 approbatis
1111 2909 1192 2969 ab
1230 2908 1673 2969 examinatori-

170 3004 269 3064 bus
294 3004 488 3065 irritas
519 3021 651 3064 non
672 3002 851 3063 reddi
880 3002 1319 3077 aTridentino,
1340 3000 1440 3061 vel
1460 3001 1570 3062 Pio
1590 3003 1666 3062 V.

173 3097 317 3176 quod
342 3101 552 3158 tenent
579 3097 774 3157 etiam
805 3095 1026 3156 Garcia
1055 3100 1117 3157 et
1158 3093 1463 3173 Ugolinus
1502 3093 1671 3172 apud

172 3193 424 3253 Castrum
470 3191 664 3252 Palao
693 3188 799 3251 ubi
831 3207 1051 3269 supra3
1094 3187 1321 3268 quibus
1361 3185 1526 3249 adde
1556 3187 1672 3248 Fil-

169 3283 395 3345 liucium
449 3284 508 3345 in
562 3282 903 3364 Appendice
953 3286 1132 3343 tract.
1187 3298 1307 3342 xm.
1381 3299 1518 3360 cap.
1582 3298 1669 3342 1v.

172 3395 262 3438 nu.
309 3380 437 3439 154.
492 3378 597 3457 qui
651 3377 795 3437 inde
827 3374 987 3434 bene
1018 3373 1272 3452 colligit,
1308 3373 1555 3434 etiamsi
1584 3373 1672 3433 di-

171 3470 327 3546 gnior
351 3489 460 3549 per
484 3468 978 3549 appellationem
1005 3466 1221 3527 vicerit
1237 3484 1513 3542 causam,
1550 3485 1674 3527 non

170 3579 284 3622 esse
312 3561 775 3624 decernendum
803 3578 1227 3640 possessorem
1256 3560 1319 3618 in
1345 3558 1670 3634 fructibuS,

171 3655 269 3715 nisi
296 3655 367 3716 ad
396 3673 713 3716 summum
736 3673 772 3713 a
798 3658 1080 3730 tempore
1108 3652 1326 3731 primae
1348 3650 1673 3712 sententia}

168 3749 562 3825 revocatoriae,
620 3746 767 3826 quia
808 3763 1004 3824 usque
1034 3744 1113 3804 ad
1144 3744 1295 3804 illud
1318 3743 1486 3823 juste
1525 3761 1675 3822 pos-

172 3839 326 3901 sedit.
394 3841 567 3901 Idem
640 3856 994 3918 supponere
1065 3837 1318 3897 videtur
1390 3837 1678 3915 Vasquez

172 3932 312 3995 dicto
337 3935 390 4014 ς.
420 3935 525 3996 ΠΙ.
560 3933 714 3994 dub.
753 3948 909 3993 xvn.
943 3930 1004 3990 in
1050 3931 1197 4006 fine,
1233 3928 1340 4008 qui
1369 3932 1512 4010 post
1547 3928 1678 3989 Tri-

171 4025 466 4089 dentinum
512 4027 805 4106 loquenS,
839 4023 1136 4103 supponit
1173 4040 1288 4101 pro
1319 4026 1514 4098 cert0,
1547 4021 1677 4082 ele-

171 4120 409 4181 ctionem
454 4121 631 4182 illam
676 4119 953 4179 validam
993 4135 1152 4193 esse,
1207 4134 1409 4195 neque
1444 4115 1522 4175 de
1560 4114 1679 4176 hoc

172 4230 329 4290 posse
357 4213 657 4276 dubitari.

237 4306 478 4367 Probari
510 4308 723 4385 potest
772 4303 909 4363 haec
954 4302 1218 4364 assertio
1268 4299 1577 4379 imprimis
1608 4319 1685 4360 ex

170 4399 350 4460 verbis
395 4400 485 4461 Pii
513 4402 591 4462 V.
628 4398 690 4458 in
735 4395 1037 4476 praedicta
1083 4395 1250 4456 bulla
1289 4414 1302 4455 :
1346 4398 1680 4473 postquam

170 4491 313 4551 ‹nim
377 4493 550 4569 dixit,
616 4490 979 4552 collationes
1033 4489 1229 4549 factas
1280 4491 1500 4548 contra
1556 4487 1683 4546 for-

170 4599 316 4643 mam
366 4585 533 4644 illam
609 4582 957 4644 Tridentini
1026 4600 1170 4642 esse
1235 4580 1459 4655 nullas,
1540 4578 1682 4638 des-

172 4678 359 4739 cendit
402 4678 480 4738 ad
519 4678 698 4738 illum
754 4675 947 4735 alium
989 4693 1206 4736 casum
1244 4673 1323 4733 de
1377 4672 1683 4733 electione

172 4769 354 4831 minus
406 4770 579 4851 digni
635 4770 803 4830 facta
867 4769 949 4829 ab
1020 4768 1314 4847 episcopo
1383 4769 1685 4844 tanquam

173 4861 240 4920 ad
290 4882 494 4924 casum
545 4863 866 4923 diversum
923 4881 959 4921 a
1014 4859 1418 4940 praecedenti,
1487 4862 1550 4919 et
1606 4857 1685 4917 de

173 4952 263 5014 illa
308 4976 423 5017 non
470 4957 623 5018 dicit
664 4974 799 5016 esse
846 4955 1216 5030 invalidam,
1262 4952 1371 5013 sed
1413 4950 1685 5031 appella·

172 5047 318 5109 tione
348 5050 733 5130 interposita,
770 5047 999 5109 debere
1030 5067 1143 5128 per
1163 5046 1447 5126 judicem
1477 5043 1687 5124 appel-

173 5138 396 5204 lationis
441 5144 727 5205 revocari
782 5143 1056 5221 priorem
1087 5140 1482 5215 electionem,
1527 5136 1694 5197 veri-

176 5236 283 5294 tate
325 5255 433 5314 per
460 5255 695 5298 novum
735 5254 997 5296 examen
1046 5237 1391 5312 comperta.
1451 5230 1689 5304 «Quod

172 5325 217 5382 si
242 5329 578 5408 episcopua,
610 5328 836 5408 inquit,
869 5328 1076 5388 minus
1105 5327 1369 5405 dignum
1399 5324 1680 5403 elegerit,

176 5422 351 5494 possit
391 5424 640 5500 dignior
666 5422 938 5501 rejectus
967 5421 1284 5500 appellare
1316 5419 1392 5479 ad
1446 5417 1688 5479 archie-

466 5518 622 5577 Tou.
658 5517 817 5576 Vlll.

3168 321 3284 379 593

1754 494 2103 574 piscopum,
2140 499 2262 555 etc.
2300 495 2404 574 qui
2439 496 2492 556 si
2523 495 2704 556 aliter
2733 493 3286 573 digniorinventus

1756 587 1959 664 fuerit,
2011 591 2263 648 revocet
2318 594 2491 664 acta,
2551 592 2613 649 et
2666 587 2945 649 conferat
2992 586 3283 666 digniori,

1755 684 1874 741 etc.
1908 702 1936 737 υ
1975 682 2112 741 Non
2160 699 2309 759 ergo
2352 682 2558 742 fuerat
2601 680 2773 741 nulla
2819 682 2990 759 prior
3042 679 3282 756 electi0,

1756 792 1898 833 cum
1926 773 2286 834 revocanda
2305 774 2404 850 sit,
2439 778 2507 834 ut
2529 792 2690 834 nova
2711 773 2932 835 electio
2957 773 3088 834 fiat.
3132 774 3286 834 Item

1757 865 1969 927 subdit
1998 866 2302 942 Pontifex,
2336 866 2819 944 appellationem
2859 865 3287 944 interpositam

1767 980 1795 1015 «
1822 977 1948 1019 non
1992 958 2320 1038 impedire,
2356 963 2465 1020 aut
2492 960 2896 1038 suspendere,
2929 978 3053 1038 quo
3082 959 3289 1019 minus

1759 1051 1981 1112 electio
2025 1069 2140 1130 per
2168 1051 2554 1112 ordinarium
2599 1053 2798 1131 primo
2829 1053 2965 1113 loco
2994 1053 3160 1114 facta
3193 1052 3290 1112 in-

1758 1144 1940 1206 terim
2009 1145 2362 1205 executioni
2423 1146 2778 1222 mandetur,
2847 1150 2909 1206 et
2975 1146 3284 1224 provisuS,

1758 1256 1948 1298 causa
1999 1237 2441 1316 appellationis
2511 1239 2850 1317 pendente,
2926 1239 3006 1299 ab
3066 1239 3290 1298 eadem

1757 1330 2035 1393 Ecclesia
2080 1349 2160 1389 ne
2199 1335 2590 1392 amoveatur.
2630 1354 2658 1389 »
2700 1332 3088 1411 Supponitur
3136 1350 3287 1410 ergo

1758 1424 1931 1485 illum
1970 1423 2219 1484 interim
2262 1443 2396 1484 esse
2446 1443 2666 1484 verum
2698 1430 2760 1486 et
2789 1425 3064 1485 validum
3105 1443 3291 1504 paro-

1759 1517 1970 1593 chum,
2006 1516 2209 1577 donec
2237 1516 2372 1596 ejus
2401 1518 2621 1578 electio
2652 1518 2929 1596 legitime
2960 1521 3291 1579 revocetur

1760 1614 1822 1672 et
1852 1629 2038 1670 causa
2074 1610 2290 1671 ultimo
2322 1610 2719 1671 terminetur.

1839 1704 2019 1766 Unde
2065 1701 2343 1763 seeundo
2393 1702 2643 1781 probari
2675 1706 2902 1781 potest,
2940 1707 3002 1764 et
3030 1722 3291 1782 respon-

1760 1797 1894 1858 deri
1923 1797 2109 1857 simul
2157 1795 2236 1855 ad
2266 1795 2746 1856 fundamentum
2790 1797 3119 1858 contrariae
3149 1816 3291 1857 sen·

1760 1890 1994 1965 tentiae,
2028 1889 2176 1968 quia
2205 1888 2315 1949 ubi
2342 1888 2544 1949 solum
2575 1888 2933 1950 declaratur
2961 1889 3136 1950 irrita
3167 1890 3293 1950 ele·

1760 1983 1881 2045 ctio
1931 1983 2099 2044 facta
2154 1987 2375 2042 contra
2426 1980 2697 2041 formam
2745 1982 3177 2062 praescriptam
3228 1983 3290 2043 in

1760 2075 2124 2137 Tridentino
2159 2093 2173 2133 ε
2205 2074 2403 2154 forma
2433 2078 2646 2134 autem
2691 2073 2893 2134 solum
2939 2075 3189 2137 videtur
3227 2076 3291 2135 in

1762 2169 1969 2248 rigore
2013 2168 2368 2245 significare
2417 2165 2698 2243 modum,
2734 2171 2795 2228 et
2821 2168 3156 2229 formulam
3188 2186 3295 2228 ex-

1761 2266 2029 2323 tremam
2098 2259 2185 2320 ibi
2248 2259 2701 2339 praescriptam,
2765 2278 2991 2339 nempe
3062 2261 3290 2337 edicta,

1764 2371 2160 2429 concursum,
2221 2369 2507 2428 examen,
2543 2352 2851 2413 declarari
2900 2353 3159 2415 idoneos
3215 2354 3295 2414 ab

1765 2445 2317 2526 examinatoribus,
2372 2444 2517 2523 eligi
2548 2463 2743 2504 unum
2774 2464 2849 2505 ex
2897 2446 3015 2506 illis
3042 2448 3123 2507 ab
3166 2447 3296 2526 epi·

1767 2556 1979 2617 scopo,
2012 2538 2110 2598 vel
2141 2542 2404 2616 patrono
2447 2537 2888 2598 ecclesiastice.
2940 2538 3117 2611 Quod
3146 2556 3294 2598 vero

1767 2632 1874 2691 ille
1898 2630 2218 2710 judicetur
2239 2628 2488 2706 dignior
2517 2629 2597 2689 ab
2627 2628 3048 2708 episcopo,vel
3079 2635 3295 2710 patro-

1769 2742 1849 2784 no
1879 2723 2170 2801 eligente,
2226 2739 2352 2781 non
2397 2726 2525 2782 tam
2569 2722 2841 2800 pertinet
2883 2723 2963 2782 ad
3002 2722 3293 2799 formam,

1768 2817 1869 2878 vel
1911 2816 2100 2878 ritum
2152 2819 2499 2891 externum,
2535 2832 2725 2893 quam
2767 2814 2849 2875 ad
2900 2820 3077 2877 actus
3105 2816 3298 2877 inter-

1770 2929 1905 2985 nOS,
1955 2926 2181 2987 nempe
2229 2907 2308 2966 ad
2348 2906 2682 2986 judicium,
2718 2907 2886 2986 quod
2918 2908 3150 2970 elector
3192 2909 3300 2969 ha-

1770 3003 1878 3063 bet
1903 3001 1982 3062 de
2008 3000 2234 3080 majori
2266 2999 2400 3079 ejus
2433 2999 2759 3079 dignitate,
2795 3002 2963 3079 quod
2986 3002 3298 3080 judicium

1772 3095 2042 3157 exterius
2098 3093 2355 3173 probari
2409 3111 2536 3154 non
2587 3096 2807 3172 potest,
2863 3113 2940 3154 an
2971 3095 3157 3156 fuerit
3202 3095 3302 3156 vel

1774 3208 1900 3251 non
1953 3188 2144 3250 fuerit
2196 3206 2341 3248 cum
2395 3186 2801 3266 contingere,
2862 3188 3080 3267 possit,
3132 3187 3302 3268 quod

1773 3283 2102 3361 episcopus
2168 3298 2291 3341 non
2362 3279 2664 3361 judicarit
2738 3281 3092 3360 digniorem
3159 3300 3304 3343 eum

1772 3377 1880 3456 qui
1938 3392 2163 3435 revera
2232 3374 2482 3451 dignior
2523 3376 2678 3434 erat.
2743 3375 3041 3446 Quamvis
3090 3380 3304 3436 autem

1765 3469 1962 3548 judex
2009 3466 2449 3545 appellationis
2487 3466 2768 3527 declaret
2815 3468 3008 3528 alium
3056 3467 3303 3547 dignio-

1772 3579 1948 3646 rem,
2021 3579 2145 3620 non
2204 3559 2344 3620 ideo
2393 3557 2672 3620 declarat
2723 3560 2996 3638 priorem
3057 3560 3304 3624 electio—

1776 3673 1919 3714 nem
1984 3652 2177 3714 fuisse.
2221 3651 2602 3725 invalidam,
2678 3670 2822 3712 cum
2874 3654 2954 3713 ad
3009 3655 3143 3732 ejus
3197 3671 3309 3712 va-

1773 3747 1973 3808 lorem
2020 3745 2081 3805 in
2119 3744 2401 3805 omnium
2458 3744 2767 3806 sententia
2822 3746 2974 3806 satis
3020 3746 3311 3808 debuerit

1776 3858 1934 3915 esse,
1987 3836 2156 3917 quod
2214 3836 2543 3915 episcopus
2599 3855 2743 3897 eum
2792 3837 3175 3917 judicaverit
3219 3838 3309 3898 di-

1776 3932 2083 4013 gniorem,
2120 3948 2263 3990 cum
2292 3928 2730 3990 Tridentinum
2762 3948 2884 3991 non
2904 3930 3114 4010 exigat
3141 3931 3311 4010 quod

1778 4025 1969 4103 eligat
2014 4023 2221 4101 reipsa
2262 4021 2636 4100 digniorem,
2668 4022 2780 4082 sed
2831 4041 3020 4102 quem
3061 4023 3313 4102 dignio-

1778 4136 1911 4178 rem
1948 4114 2375 4196 judicaverit:
2412 4119 2598 4193 atque
2643 4115 2805 4176 adeo
2847 4120 2979 4177 tota
3024 4116 3315 4178 validitas

1777 4210 1878 4270 vel
1926 4208 2285 4269 invaliditas
2327 4208 2490 4268 illius
2533 4207 2859 4269 electionis
2897 4209 3205 4288 penderet
3233 4209 3313 4270 ab

1780 4323 1877 4380 e0,
1913 4322 1989 4362 an
2023 4300 2354 4380 episcopus
2384 4300 2473 4360 ita
2493 4299 2845 4379 judicasset
2871 4300 2969 4360 vel
2998 4319 3124 4362 non
3149 4301 3317 4381 judi-

1780 4400 2005 4457 casset.
2040 4393 2219 4456 Unde
2251 4412 2466 4453 rursus
2497 4394 2862 4472 contingere
2891 4399 3119 4471 posset,
3148 4394 3316 4475 quod

1782 4490 1833 4549 si
1878 4485 2216 4566 aliquando
2249 4486 2578 4564 episcopus
2608 4491 2826 4548 contra
2872 4489 3318 4549 conscientiam

1782 4582 2044 4659 eligeret
2089 4596 2235 4639 eum
2266 4578 2373 4657 qui
2412 4579 2619 4656 reipsa
2661 4578 2913 4657 dignior
2966 4585 3152 4656 esset,
3206 4579 3316 4641 sed

1784 4692 1972 4753 quem
2019 4673 2153 4751 ipse
2195 4670 2402 4730 minus
2450 4670 2710 4750 dignum
2754 4671 2890 4732 aliis
2931 4672 3315 4750 judicasset3

1785 4766 2004 4828 electio
2053 4764 2373 4825 debuisset
2415 4782 2548 4823 esse
2591 4764 2886 4837 invalida,
2950 4765 3096 4843 quia
3157 4769 3322 4827 esset

1786 4865 2003 4920 contra
2060 4858 2328 4918 formam
2382 4855 2726 4917 Tridentini
2776 4857 3102 4935 exigentis,
3153 4857 3321 4937 quod

1787 4954 2117 5032 episcopus
2167 4950 2358 5027 eligat
2412 4968 2599 5028 quem
2648 4949 2893 5028 judicat
2941 4950 3318 5029 digniorem.

1788 5048 1937 5120 Quae
1984 5043 2195 5105 omnia
2246 5043 2520 5103 absurda
2566 5048 2729 5116 sunt,
2774 5048 2837 5105 et
2874 5043 3162 5121 probant,
3213 5064 3326 5107 no-

1786 5139 1954 5198 mine
1976 5138 2210 5218 sormoe,
2248 5141 2461 5196 contra
2495 5154 2685 5214 quam
2703 5136 2925 5196 electio
2954 5137 3119 5197 facta
3152 5139 3326 5200 irrita

1790 5235 1903 5306 est,
1956 5229 2217 5307 intelligi
2249 5227 2452 5288 solum
2489 5228 2755 5288 formam
2785 5234 3108 5289 externam
3148 5236 3212 5291 et
3237 5230 3323 5291 ri-

1788 5328 1919 5386 tum
1951 5322 2409 5400 praescriptum,
2462 5320 2568 5400 qui
2608 5325 2894 5382 constare
2935 5325 3163 5400 potest,
3200 5342 3328 5386 non

1787 5435 1936 5476 vero
2001 5414 2311 5494 judicium
2367 5413 2464 5472 vel
2522 5414 2929 5475 intentionem
2985 5415 3322 5494 internam,

2929 5511 3006 5569 38

3435 1715 3514 1774 72

3381 1838 3585 1883 Probatur

3407 1905 3570 1938 rursus.
