4263 6376
852 322 967 381 344

934 495 1407 573 Respondetur,
1452 512 1634 574 posse
1664 494 1918 573 quidem
1951 494 2222 573 aliquem
2251 493 2381 553 sive

853 588 1096 648 liberali
1152 587 1565 665 promissione
1598 633 1612 663 ,
1673 587 1802 648 sive
1858 588 2014 665 legis
2068 590 2382 665 praecepto

855 680 1115 760 obligari
1147 679 1558 757 personaliter
1604 680 1684 739 ad
1714 680 2080 758 pensionem
2111 697 2385 738 annuam

854 772 1259 842 solvendam;
1295 789 1418 831 non
1446 778 1655 831 tamen
1684 790 1867 849 posse
1897 772 2094 851 pretio
2127 776 2384 849 accepto

855 866 935 925 ad
965 865 1128 924 hanc
1156 864 1523 942 pensionem
1566 884 1631 924 se
1665 865 1943 941 obligare
1968 911 1983 940 ‚
2040 865 2210 944 quod
2260 882 2383 923 non

856 958 1147 1035 adaequet
1195 956 1567 1033 pensionum
1596 957 1876 1017 valorem
1910 975 1924 1019 :
1980 958 2126 1036 quia
2173 956 2236 1015 in
2266 956 2386 1015 hoc

855 1050 1056 1110 solum
1104 1048 1321 1109 ultimo
1371 1048 1617 1109 deesset
1660 1049 1875 1109 titulus
1898 1048 2103 1127 justus
2133 1052 2390 1126 propter

857 1141 1349 1220 inaequalitatem
1379 1141 1563 1219 pretii
1602 1159 1745 1201 cum
1776 1142 1986 1201 valore
2020 1159 2208 1220 quem
2238 1160 2391 1218 pen-

857 1235 1063 1296 siones
1085 1234 1408 1293 habebunt
1427 1233 1676 1312 quando
1696 1234 2036 1294 solventur.
2054 1236 2207 1294 Cum
2225 1231 2390 1293 enim

858 1329 977 1388 hoc
1006 1327 1086 1386 sit
1114 1326 1191 1385 de
1221 1326 1461 1385 ratione
1510 1325 1843 1405 emptionis
1870 1326 2056 1404 justae
2083 1371 2097 1401 ,
2153 1329 2222 1387 ut
2249 1342 2391 1403 pre-

856 1420 1014 1481 tium
1044 1418 1123 1477 sit
1150 1418 1389 1495 aequale
1421 1417 1615 1477 valori
1650 1436 1837 1495 quem
1869 1437 1967 1477 res
1996 1417 2253 1478 vendita
2281 1417 2394 1476 ha-

858 1511 1034 1570 bebit
1092 1509 1343 1587 quando
1401 1509 1562 1569 tradi
1616 1509 1837 1585 debet,
1898 1510 2227 1569 deficiente
2275 1508 2393 1567 hac

861 1602 1217 1681 aequalitate
1258 1620 1380 1661 non
1413 1605 1618 1680 potest
1644 1602 1876 1679 emptio
1899 1601 2251 1681 justificari.
2295 1601 2394 1661 Di-

861 1714 1000 1771 ceS,
1051 1693 1149 1773 jus
1198 1694 1278 1752 ad
1307 1693 1443 1754 illas
1474 1693 1806 1773 pensiones
1854 1695 2044 1753 semel
2073 1694 2269 1772 gratis
2296 1694 2394 1753 vel

859 1788 1000 1865 lege
1043 1791 1249 1847 ortum
1294 1791 1506 1865 posset
1534 1805 1571 1845 a
1619 1785 1929 1847 creditore
1977 1786 2164 1845 vendi
2217 1785 2396 1846 alteri

860 1878 1044 1941 tertio
1077 1878 1277 1957 pretio
1307 1878 1532 1938 minori
1580 1897 1769 1957 quam
1798 1880 1877 1941 sit
1917 1880 2204 1939 cumulus
2245 1897 2399 1957 pen-

863 1973 1132 2032 sionum.
1185 1970 1571 2049 Responderi
1616 1976 1827 2049 posset
1857 1971 2065 2049 quoad
2095 1970 2214 2033 hoc
2238 2016 2253 2047 ,
2305 1972 2396 2030 di-

865 2063 1134 2125 scrimen
1165 2081 1299 2122 esse
1331 2064 1493 2123 inter
1522 2063 1873 2122 debitorem
1906 2069 1969 2123 et
1995 2064 2396 2139 creditorem,

865 2158 947 2218 ob
996 2155 1165 2234 quod
1207 2155 1480 2215 creditor
1529 2155 1802 2214 vendere
1850 2161 2093 2233 potest,
2156 2155 2403 2216 debitor

867 2267 992 2309 non
1024 2252 1230 2326 potest
1268 2249 1399 2307 sine
1433 2247 1737 2325 injustitia
1765 2267 1841 2307 ex
1869 2253 2045 2325 parte
2076 2249 2397 2326 emptoriS.

870 2342 1048 2402 Ratio
1079 2346 1287 2401 autem
1320 2360 1393 2399 ex
1424 2340 1604 2400 dictis
1634 2358 1769 2401 esse
1790 2345 2016 2419 potest,
2051 2341 2197 2419 quia
2228 2341 2405 2401 debi-

868 2438 968 2494 tor
997 2434 1128 2510 ipse
1160 2451 1283 2493 non
1314 2437 1519 2511 potest
1548 2433 1821 2493 vendere
1844 2432 1983 2512 juS‚
2026 2452 2139 2493 seu
2167 2434 2404 2513 obliga·

869 2526 1103 2586 tionem
1132 2524 1525 2603 personalem
1568 2526 1646 2585 ad
1680 2526 2012 2603 pensiones
2042 2526 2396 2602 solvendaS,

871 2618 1020 2696 quin
1052 2617 1283 2678 vendat
1309 2617 1493 2676 simul
1522 2617 1820 2696 ipsasmet
1847 2618 2199 2696 pensioneS‚
2226 2625 2294 2680 ut
2321 2618 2408 2677 vi-

871 2711 1078 2771 dimus
1111 2730 1124 2770 :
1161 2728 1354 2789 quare
1386 2711 1806 2771 attendendus
1845 2715 1937 2771 est
1966 2711 2142 2771 valor
2170 2711 2411 2789 pensio-

872 2822 1023 2864 num
1053 2821 1174 2882 quo
1196 2807 1480 2880 tempore
1502 2803 1843 2878 solventur,
1869 2802 2051 2861 sicuti
2068 2804 2244 2862 valor
2260 2803 2409 2862 alia-

870 2914 1013 2956 rum
1042 2895 1345 2954 mercium
1376 2894 1612 2954 attendi
1642 2894 1830 2954 debet
1859 2912 1981 2973 quo
2014 2901 2297 2972 tempore
2328 2913 2402 2953 ex

875 2991 1198 3049 contractu
1254 2987 1579 3046 tradendae
1638 2991 1803 3047 sunt.
1857 2987 2145 3048 Creditur
2197 2991 2405 3047 autem

876 3098 997 3139 non
1031 3078 1247 3139 vendit
1274 3079 1398 3138 ullo
1430 3079 1615 3139 modo
1644 3080 1975 3157 pensiones
2004 3079 2266 3155 futuras,
2299 3078 2408 3138 sed

877 3172 1080 3234 solum
1116 3171 1219 3250 jus
1245 3191 1523 3250 praesens
1555 3172 1722 3251 quod
1753 3172 1945 3233 habet
1972 3172 2051 3232 ad
2081 3173 2218 3233 illas
2253 3187 2267 3234 ε
2301 3191 2411 3232 66-

879 3284 1000 3345 que
1032 3265 1195 3324 enim
1227 3265 1351 3325 ullo
1374 3265 1561 3325 modo
1593 3283 1659 3325 se
1681 3266 1917 3343 obligat
1937 3266 2017 3325 ad
2034 3266 2410 3344 pensionum

880 3358 1252 3418 solutionem
1283 3357 1557 3417 futuram
1582 3403 1597 3433 ‚
1655 3358 1765 3417 sed
1821 3358 2123 3418 satisfacit
2166 3361 2408 3418 contra-

881 3450 1029 3525 ctui,
1063 3449 1112 3508 si
1144 3468 1308 3508 nunc
1337 3450 1672 3510 transferat
1691 3453 1889 3509 totum
1918 3468 2099 3509 suum
2113 3451 2219 3528 jus
2241 3448 2410 3529 quod

880 3542 1072 3602 habet
1116 3542 1179 3600 in
1228 3546 1575 3619 emptorem
1624 3563 1637 3602 :

881 3633 1149 3714 pretium
1182 3634 1564 3712 aequivalens
1590 3634 1716 3713 juri
1750 3634 1838 3693 illi
1870 3634 2215 3694 secundum
2243 3634 2410 3693 valo-

879 3746 1012 3787 rem
1071 3732 1134 3786 et
1189 3727 1667 3788 aestimationem
1726 3746 1916 3806 quam
1971 3746 2138 3787 nunc
2194 3726 2405 3802 habet,

873 3819 1041 3898 juste
1085 3820 1273 3895 emit,
1333 3820 1494 3879 sicut
1547 3820 1597 3879 si
1641 3824 1877 3880 emeret
1915 3820 2220 3898 praedium
2247 3865 2261 3894 ,
2312 3818 2412 3877 vel

880 3913 1131 3971 vineam
1161 3912 1369 3972 dando
1401 3930 1513 3990 pro
1564 3913 1669 3971 illa
1708 3917 2009 3990 quantum
2039 3912 2207 3971 valet
2247 3929 2412 3969 nunc

883 4003 961 4063 de
990 4005 1283 4081 praesenti
1313 4005 1374 4062 in
1406 4004 1730 4063 hominum
1762 4005 2193 4066 aestimatione.

965 4098 1193 4156 Contra
1214 4096 1331 4156 hoc
1351 4101 1557 4157 tamen
1582 4100 1786 4174 potest
1815 4098 2024 4174 urgeri
2053 4116 2124 4156 ex
2142 4097 2239 4172 iis,
2273 4115 2412 4175 quae

885 4187 1155 4248 diximus
1197 4188 1620 4267 disputatione
1650 4190 2065 4268 praecedenti,
2112 4194 2261 4250 sect.
2297 4206 2409 4250 vn.

887 4298 1112 4357 nempe
1144 4280 1424 4341 debitum
1457 4282 1764 4359 liquidum
1809 4300 1932 4342 non
1976 4299 2159 4359 posse
2187 4281 2416 4341 minori

884 4373 1085 4451 pretio
1116 4373 1240 4431 emi
1271 4375 1460 4434 etiam
1486 4375 1566 4434 ab
1584 4375 1705 4434 alio
1728 4375 1935 4451 tertio,
1971 4375 2119 4453 quia
2127 4376 2232 4453 jus
2263 4374 2413 4434 illud

886 4465 966 4524 ad
998 4463 1278 4526 debitum
1309 4465 1619 4544 liquidum
1665 4470 1727 4528 et
1768 4467 2006 4545 absque
2049 4468 2416 4527 difficultate

886 4557 1265 4635 exigendum
1311 4577 1435 4619 non
1466 4559 1672 4618 minus
1701 4560 1901 4636 valet,
1947 4579 2137 4638 quam
2175 4559 2254 4619 sit
2280 4560 2417 4639 ipsa

887 4651 1153 4728 pecunia
1184 4651 1429 4723 debita;
1461 4670 1610 4730 ergo
1643 4671 1756 4712 nec
1788 4653 2123 4731 aprincipe
2156 4653 2289 4730 ipso
2312 4670 2417 4731 po-

883 4742 1029 4803 terit
1058 4743 1215 4802 alius
1246 4745 1465 4804 tertius
1495 4763 1704 4804 emere
1725 4746 1830 4823 jus
1869 4746 2023 4805 illud
2063 4745 2143 4804 ad
2173 4744 2418 4824 pensio-

884 4854 995 4894 nes
1025 4853 1265 4895 annuas
1300 4838 1659 4914 personales
1689 4838 1932 4898 debitas
1961 4838 2189 4898 minori
2219 4838 2417 4915 pretio

884 4946 1076 5006 quam
1107 4928 1184 4988 sit
1213 4930 1499 4989 cumulus
1527 4929 1923 5008 pensionum,
1959 4931 2120 4991 sicut
2148 4948 2262 4989 nec
2281 4948 2419 5008 pos-

883 5026 978 5080 set
1036 5021 1115 5081 ab
1172 5021 1306 5101 ipso
1363 5022 1645 5082 debitore
1690 5041 1920 5083 emere.
1984 5022 2421 5101 Respondctur

887 5130 1060 5190 ergo,
1095 5113 1155 5172 in
1186 5114 1393 5192 rigore
1426 5119 1487 5174 et
1515 5115 1862 5174 formaliter
1888 5115 2205 5194 loquendo
2227 5162 2241 5191 ,
2293 5134 2418 5175 non

887 5223 1023 5265 esse
1055 5207 1261 5284 quoad
1305 5207 1425 5268 hoc
1468 5207 1885 5268 differentiam
1931 5208 2095 5268 inter
2137 5226 2281 5268 eum
2312 5208 2420 5287 qui

888 5298 1039 5358 emit
1068 5299 1145 5357 ab
1175 5300 1308 5377 ipso
1340 5300 1621 5361 debitore
1651 5301 1992 5378 personali,
2041 5304 2104 5361 et
2133 5301 2240 5379 qui
2270 5302 2421 5361 emit

889 5408 926 5448 a
954 5389 1263 5451 creditore
1297 5411 1312 5451 ε
1356 5396 1691 5471 utrumque
1721 5398 1968 5470 autem,
2020 5393 2168 5453 licet
2210 5411 2326 5472 per
2352 5412 2418 5453 se

886 5481 1201 5560 loquendo
1251 5503 1373 5546 non
1431 5485 1631 5564 possit
1682 5505 1891 5547 emere
1937 5485 2167 5545 minori
2217 5487 2417 5565 pretio

1706 3543 1757 3601 si
1805 3560 1953 3620 ergo
2011 3546 2257 3620 emptor
2305 3541 2412 3601 dat
2443 3547 2462 3556 “

2008 319 2111 378 DE
2153 317 2508 380 JUSTITIA
2551 317 2652 377 ΕΤ
2693 317 2893 378 JURE

2482 511 2673 572 quam
2702 492 2778 551 sit
2809 493 3096 551 cumulus
3124 491 3530 569 pensionum;
3576 506 3686 566 per
3714 486 3990 547 accidens

2483 588 2691 645 tamen
2723 602 2902 661 posse
2933 588 3189 663 propter
3235 580 3740 643 incertitudinem
3769 580 3993 658 pensio—

2485 696 2634 736 num
2669 677 3141 751 solvendarum,
3189 679 3446 753 propter
3484 672 3911 733 difficultatem
3937 672 3991 731 in

2486 769 2813 847 exigendo,
2839 772 3093 847 propter
3110 767 3476 847 periculum,
3501 763 3992 844 propterlucrum

2486 880 2736 923 cessans
2793 866 2855 921 et
2884 860 3036 919 alias
3091 859 3366 920 rationes
3412 875 3553 936 quae
3598 857 3996 916 communiter

2485 955 2932 1028 interveniunt,
2967 958 3027 1013 et
3047 952 3395 1031 justificant
3424 949 3734 1031 ejusmodi
3756 948 3995 1027 emptio·

2489 1066 2636 1118 nes;
2684 1051 2745 1107 et
2787 1045 2927 1106 io'eo
2967 1046 3028 1105 in
3062 1043 3459 1105 conclusione
3489 1042 3691 1102 solum
3720 1042 3993 1115 diximus,

2477 1158 2593 1220 per
2618 1158 2678 1200 se
2707 1138 3017 1218 loquenda,
3051 1138 3171 1199 hoc
3200 1141 3321 1213 est,
3364 1139 3604 1197 attenta
3631 1135 3764 1194 sola
3793 1138 3999 1194 natura

2492 1235 2851 1294 contractus
2895 1230 3240 1291 secundum
3272 1248 3358 1306 se,
3389 1231 3522 1289 sine
3569 1228 3708 1287 aliis
3752 1229 3999 1287 circum-

2491 1324 2733 1385 stantiis
2789 1341 2929 1404 quae
2977 1322 3353 1383 intervenire
3398 1324 3663 1400 possunt
3706 1325 3768 1380 et
3794 1320 3994 1393 solent,

2493 1417 2874 1494 emptionem
2902 1415 3092 1476 talem
3121 1433 3343 1475 census
3364 1413 3714 1492 personalis
3743 1430 3859 1472 non
3880 1430 3998 1471 esse

2491 1510 2746 1570 licitam.
2780 1507 2938 1581 Quia
2967 1525 3114 1567 vero
3146 1525 3269 1566 non
3300 1525 3550 1584 semper
3575 1506 3732 1566 tales
3762 1505 3999 1564 circum·

2494 1601 2738 1663 stantiae
2768 1601 3223 1675 interveniunt,
3266 1603 3330 1659 et
3354 1599 3502 1678 quia
3529 1616 3830 1676 magnum
3855 1596 4001 1675 peri-

2496 1695 2707 1755 culum
2737 1697 2862 1769 est,
2897 1692 3067 1772 quod
3094 1697 3244 1754 tunc
3275 1692 3464 1751 etiam
3484 1737 3500 1766 ,
3548 1690 3800 1770 quando
3827 1690 4001 1748 inter·

2495 1786 2776 1861 veniunt,
2811 1803 2933 1845 non
2964 1784 3125 1863 juste
3155 1785 3572 1857 aestimentur,
3623 1787 3696 1843 ut
3720 1801 3794 1841 ex
3821 1782 3892 1842 iis
3915 1799 4002 1840 so-

2495 1879 2591 1954 lis,
2626 1881 2689 1938 et
2715 1896 2840 1937 non
2868 1877 3058 1937 etiam
3101 1895 3177 1936 ex
3216 1876 3520 1954 temporis
3564 1875 3857 1935 dilatione
3883 1892 4000 1952 pre·

2495 1972 2651 2034 tium
2682 1970 3033 2046 decrescat,
3084 1970 3305 2029 merito
3354 1987 3389 2028 a
3419 1968 3683 2028 summis
3716 1967 4002 2030 Pontifici-

2498 2064 2614 2125 bus
2659 2062 2938 2122 omnium
2985 2080 3286 2123 censuum
3329 2062 3752 2140 personalium
3794 2058 4001 2137 emptio

2497 2156 2813 2235 prohibita
2843 2158 2955 2230 est,
2991 2159 3061 2215 ut
3086 2155 3246 2214 infra
3265 2154 3640 2215 videbimus,
3675 2156 3798 2213 Nec
3824 2153 4004 2211 obstat

2501 2248 2669 2328 quod
2717 2248 2877 2327 disp.
2929 2250 3144 2309 XXVI.
3198 2254 3349 2308 sect.
3384 2263 3496 2307 vn.
3539 2248 3596 2324 ἓ.
3626 2249 3688 2306 3.
3733 2245 4000 2316 diximus,

2500 2343 2780 2402 valorem
2817 2341 2978 2401 lanae
3017 2341 3242 2402 futura:
3272 2358 3452 2419 posse
3482 2340 3844 2399 decrescere
3867 2342 4004 2397 tem-

2502 2452 2653 2512 pore
2702 2433 3083 2511 praecedenti
3132 2438 3388 2510 propter
3441 2432 3690 2511 copiam
3737 2429 4004 2489 vendito·

2504 2545 2666 2598 rum;
2726 2527 2807 2587 ab
2836 2544 2910 2587 eo
2941 2526 3108 2604 quod
3140 2530 3356 2605 postea
3376 2525 3610 2585 valebit
3632 2523 3874 2602 quando
3902 2528 4007 2581 tra·

2505 2619 2689 2679 detur
2723 2639 2736 2679 :
2772 2619 2919 2698 quia
2961 2618 3045 2678 ibi
3074 2617 3492 2696 loquebamur
3518 2617 3597 2676 de
3623 2617 3802 2690 lana,
3848 2613 4009 2692 cujus

2507 2711 2683 2771 valor
2712 2719 2805 2772 est
2823 2710 3204 2779 indifferens,
3239 2714 3302 2771 et
3321 2714 3525 2787 potest
3543 2709 3766 2769 variari
3787 2727 3854 2766 ex
3873 2725 4008 2785 pau·

2506 2805 2692 2866 citate
2748 2809 3099 2883 emptorum
3143 2805 3240 2864 vel
3298 2803 3715 2864 venditorum.
3771 2804 3848 2861 At
3873 2816 4008 2859 vero

2506 2897 2723 2977 pensio
2754 2897 3116 2975 pecuniaria
3148 2942 3162 2972 ,
3222 2896 3381 2956 sicut
3431 2899 3494 2955 et
3536 2895 3809 2954 debitum
3843 2890 4010 2969 liqui·

2510 2990 2661 3050 dum
2704 2989 3132 3068 pecuniarium
3157 3035 3174 3064 ‚
3225 2988 3416 3048 habet
3443 2988 3503 3046 in
3552 3006 3618 3046 se
3653 3003 3826 3046 suum
3853 2984 4008 3043 valo-

2508 3101 2642 3143 rem
2675 3082 3194 3156 determinatum‚
3247 3085 3307 3140 ct
3356 3079 3826 3139 invariabilem:
3873 3094 4008 3135 nam

2509 3179 2760 3237 centum
2789 3173 2987 3249 aurei,
3020 3192 3268 3252 semper
3288 3173 3498 3234 valent
3517 3175 3759 3233 centum
3780 3187 4006 3241 aureos,

2509 3269 2638 3329 sive
2659 3269 2783 3328 sint
2806 3269 3036 3347 plures,
3071 3267 3199 3327 sive
3219 3266 3546 3346 pauciores
3567 3268 3863 3343 emptores
3881 3309 3898 3336 ,
3932 3269 4011 3322 at-

2510 3380 2630 3440 que
2678 3361 2817 3421 ideo
2847 3361 3088 3421 ratione
3135 3359 3448 3419 dilationis
3477 3378 3601 3419 non
3639 3360 3882 3437 possunt
3905 3354 4008 3414 mi·

2509 3455 2647 3514 nori
2675 3454 2873 3532 pretio
2903 3452 3046 3513 emi.

2587 3546 2793 3607 Tertio
2848 3545 3027 3623 argui
3080 3547 3288 3623 potest
3338 3562 3449 3622 pro
3503 3542 3743 3622 justitia
3792 3559 3997 3600 census

4111 3539 4123 3596 i

2507 3638 2852 3719 personalis
2883 3658 2958 3697 ex
3002 3637 3213 3698 Lessio
3262 3637 3429 3697 dicto
3461 3655 3599 3715 cap.
3659 3636 3834 3695 XXII.
3863 3633 4002 3692 dub.
4077 3668 4122 3705 μ

2510 3749 2597 3793 lv.
2632 3751 2691 3791 n.
2721 3734 2815 3792 19.
2858 3731 2964 3809 qui
3021 3748 3160 3789 eam
3202 3729 3426 3808 probat
3455 3748 3528 3789 ex
3561 3747 3634 3788 co
3682 3726 3839 3806 quod
3863 3726 4008 3785 sicut
4040 3721 4123 3812 ’ᾗ

2512 3824 2802 3885 dominus
2855 3827 3063 3901 potest
3105 3822 3376 3882 vendere
3415 3822 3477 3880 in
3524 3839 3714 3880 censu
3752 3820 3888 3880 reali
3912 3818 4006 3897 jus
4057 3837 4122 3878 μ’

2513 3918 2679 3999 quod
2711 3916 2902 3977 habet
2955 3917 3032 3976 ad
3086 3915 3324 3976 fructus
3379 3916 3475 3974 sui
3528 3913 3763 3992 praedii,
3809 3913 4006 3972 saltem

2510 4008 2874 4089 partialiter,
2924 4012 2992 4067 ut
3037 4007 3271 4067 dictum
3315 4011 3428 4082 est,
3463 4011 3526 4066 et
3552 4009 3764 4083 postea
3789 4010 4007 4065 tenetur

2513 4103 2678 4162 bona
2707 4101 2830 4160 fide
2863 4099 3166 4177 praedium
3194 4099 3428 4174 colere,
3464 4117 3542 4157 ne
3584 4097 4004 4157 infructiferum

2514 4213 2626 4254 sua
2655 4193 2838 4270 culpa
2865 4196 3118 4252 maneat
3138 4212 3152 4266 ;
3175 4191 3264 4251 sic
3292 4195 3494 4270 potest
3523 4188 3806 4267 venderef
3819 4188 3910 4266 jus
3935 4186 4002 4245 ad

2517 4288 2751 4347 fructus
2781 4289 2842 4346 et
2869 4284 3043 4344 lucra
3099 4303 3226 4344 suoe
3270 4301 3579 4362 personae,
3612 4280 3923 4360 obligando
3949 4297 4005 4338 se

2515 4383 2578 4438 et
2594 4396 2737 4437 suos
2763 4395 3155 4437 successores
3169 4376 3248 4436 ad
3281 4395 3419 4436 eam
3438 4374 3820 4454 diligentiam
3848 4377 3900 4432 et
3923 4374 4006 4431 in·

2514 4469 2886 4530 industriam
2953 4468 3348 4547 personalem
3414 4467 3851 4540 adhibendam,
3901 4482 4004 4544 qua

2516 4561 2643 4623 suis
2673 4561 2877 4639 operis
2922 4560 3149 4620 lucrari
3182 4560 3420 4638 possint
3445 4565 3688 4621 tantam
3735 4575 4004 4618 summam

2515 4654 2943 4733 pecuniariam
2996 4671 3272 4713 annuam
3336 4653 3727 4713 reddendam
3775 4648 4003 4730 emptori

2518 4764 2763 4807 census,
2791 4747 2939 4820 Quae
2967 4746 3124 4806 ratio
3147 4751 3357 4824 posset
3396 4746 3697 4824 explicari
3727 4750 3786 4806 et
3810 4743 4002 4804 confir·

2517 4839 2676 4898 mari
2707 4839 2929 4916 prime,
2964 4839 3111 4917 quia
3140 4841 3301 4899 sicut
3326 4838 3581 4899 vendito
3614 4839 3879 4898 dominio
3904 4835 4004 4894 uti-

2516 4931 2582 5007 li,
2617 4935 2679 4991 et
2705 4931 3030 4991 usufructu
3056 4931 3324 5009 partiali,
3359 4935 3563 5008 potest
3583 4931 3780 5009 redigi
3809 4948 3911 5008 per
3931 4945 4004 4985 se·

2518 5025 2795 5087 cundum
2823 5027 3208 5085 contractum
3233 5023 3338 5103 jus
3359 5024 3509 5083 illud
3541 5024 3622 5083 ad
3637 5029 3864 5084 certam
3881 5039 4005 5101 pen·

2519 5118 2757 5179 sionem
2801 5135 3074 5176 annuam
3128 5117 3554 5195 pecuniariam
3584 5138 3600 5189 ς
3635 5117 3723 5177 sic
3750 5113 4004 5193 obligatio

2516 5209 2861 5288 personalis
2890 5209 2967 5269 ad
3001 5209 3153 5270 tales
3182 5228 3427 5287 operae,
3462 5215 3525 5270 et
3552 5209 3908 5269 industriam
3931 5223 4006 5264 se-

2516 5302 2641 5362 mel
2669 5300 2922 5362 vendita
2959 5305 3163 5380 potest
3189 5300 3463 5361 secundo
3483 5306 3803 5361 contractu
3825 5296 4003 5359 reduci

2518 5395 2596 5454 ad
2627 5400 2862 5455 certam
2890 5393 3255 5473 pensionem
3289 5411 3563 5453 annuam
3593 5391 4000 5471 pecuniariam.

2519 5506 2643 5566 qua
2689 5486 3037 5548 redimatur
3065 5485 3363 5564 obligatio
3412 5485 3492 5545 ad
3543 5486 3816 5546 laborem
3856 5480 4003 5543 etin-
