4263 6376
157 3335 166 3363 t

1152 306 1620 367 DISPUTATIO
1667 305 1881 381 XXIV,
1932 306 2206 367 SEC'PIO
2251 308 2409 368 VIII.
3257 312 3370 369 125

210 488 253 545 si
279 486 354 546 sit
376 486 453 545 ob
481 502 774 562 causam,
805 484 1125 546 asserenda
1153 484 1409 546 donatio
1441 484 1504 543 in
1535 484 1730 544 eolla·

209 579 423 640 tionem
450 582 710 657 propter
735 578 1045 640 rationem
1076 577 1446 650 adductam;
1482 576 1630 656 quia
1659 593 1734 636 ea

209 671 445 732 donatio
476 690 601 732 non
634 676 728 732 est
754 671 1006 751 proprie
1037 669 1554 746 remuneratoria,
1590 687 1733 730 cum

209 783 322 823 non
347 764 425 825 sit
464 782 540 823 ex
570 763 782 826 debito
811 811 826 841 ,
878 783 951 826 eo
1008 764 1172 844 quod
1217 761 1734 824 concurrentibus

210 858 334 918 aliis
360 858 497 918 filiis
525 875 708 937 {eque
738 858 944 937 dignis
985 876 1107 918 non
1139 856 1414 919 debebat
1440 856 1628 917 etiam
1660 873 1735 916 ex

209 950 516 1012 honestate
545 955 731 1028 pater
758 950 859 1011 hie
888 954 951 1011 et
978 969 1143 1011 nuno
1172 953 1413 1011 tantam
1441 966 1735 1009 remune-

210 1044 497 1105 rationem
543 1042 694 1104 buio
735 1043 899 1120 filio,
950 1062 1075 1122 qua
1113 1043 1316 1121 posita
1358 1060 1482 1103 non
1525 1044 1738 1121 posset

210 1137 349 1197 alios
374 1136 532 1196 tilios
576 1154 757 1216 aeque
787 1136 1206 1197 benemeritos
1237 1154 1413 1215 aeque
1441 1153 1735 1195 remune-

210 1250 357 1291 rare.
392 1230 456 1291 Si
486 1234 701 1290 autem
732 1248 857 1290 non
888 1230 967 1290 sit
995 1228 1075 1289 ob
1106 1247 1361 1290 causam
1381 1274 1397 1304 ,
1450 1228 1557 1288 sed
1589 1228 1736 1287 sim-

214 1324 358 1401 plex,
408 1322 737 1383 servandae
784 1327 969 1384 erunt
1023 1323 1258 1400 regulae
1296 1321 1516 1400 positae
1570 1321 1737 1382 circa

213 1416 592 1477 donationem
640 1416 991 1495 simplicem
1041 1415 1428 1475 afferendam
1468 1414 1569 1475 vel
1613 1432 1734 1474 non

214 1508 577 1568 afferendam
609 1509 673 1567 in
704 1508 1121 1569 collationem.
1181 1508 1496 1587 Denique,
1547 1506 1596 1568 si
1628 1506 1737 1567 de·

213 1602 396 1663 ductis
444 1601 764 1680 legitimis,
823 1605 1069 1663 tantum
1128 1603 1399 1662 restaret
1451 1600 1618 1679 patri
1672 1599 1735 1658 in

211 1695 333 1754 aliis
360 1695 532 1754 bonis
552 1742 568 1771 ,
620 1702 692 1756 ut
734 1698 947 1774 posset
996 1713 1212 1755 omnes
1242 1693 1402 1754 filios
1432 1711 1610 1772 aeque
1637 1711 1738 1752 re-

213 1805 522 1847 munerare
572 1805 691 1865 pro
720 1787 958 1847 meritis
990 1787 1151 1847 sicut
1180 1786 1381 1862 hunc,
1436 1789 1497 1846 et
1524 1790 1736 1845 tamen

213 1887 374 1959 pater
399 1879 501 1940 uni
529 1879 647 1941 soli
678 1880 871 1941 donet
901 1880 980 1939 ad
1011 1878 1569 1954 remunerandum,
1605 1896 1734 1938 cre-

214 1974 306 2049 do,
340 1974 502 2053 quod
531 1992 659 2034 non
690 1974 768 2035 sit
810 1974 1187 2035 conferenda
1218 1972 1470 2033 donatio
1519 1990 1534 2035 ε
1590 1970 1736 2049 quia

214 2073 345 2128 tunc
371 2072 462 2127 est
487 2067 741 2147 proprie
770 2066 1266 2128 remuneratoria
1286 2111 1302 2142 ,
1354 2083 1498 2125 cum
1528 2082 1603 2124 ex
1632 2063 1736 2124 de-

214 2160 329 2221 bito
357 2160 705 2222 honestatis
758 2161 947 2221 etiam
1004 2160 1105 2220 hie
1148 2163 1212 2220 et
1239 2176 1404 2219 nunc
1434 2162 1609 2218 tanta
1637 2175 1738 2217 re-

214 2254 538 2314 muneratio
570 2252 882 2314 debeatur
908 2252 1055 2313 huic
1085 2255 1146 2312 et
1175 2251 1311 2311 aliis
1342 2249 1530 2311 etiam
1559 2249 1731 2321 filiis;

217 2346 365 2424 quod
409 2349 618 2406 autem
678 2345 816 2405 aliis
854 2364 978 2405 non
1009 2345 1215 2420 detur,
1274 2361 1401 2403 non
1448 2345 1543 2402 est
1588 2341 1737 2420 quia

220 2439 346 2499 huic
371 2439 572 2514 datur,
616 2457 737 2498 nec
767 2437 829 2496 id
854 2437 1038 2513 tollit,
1075 2435 1242 2515 quod
1273 2435 1418 2496 huic
1449 2434 1633 2495 detur
1661 2453 1734 2494 ex

216 2551 345 2592 xero
388 2531 595 2592 debito
646 2529 992 2591 honestatis
1036 2532 1295 2607 propter
1332 2527 1557 2587 merita
1585 2544 1735 2587 con-

219 2625 414 2703 digna3
459 2643 608 2702 ergo
640 2623 761 2684 nisi
791 2622 960 2682 aliud
990 2624 1268 2694 constet,
1300 2619 1739 2700 praesumenda

219 2723 301 2778 est
324 2717 568 2778 donatio
600 2718 804 2791 facta,
851 2716 939 2776 ita
984 2718 1054 2775 ut
1089 2715 1150 2774 in
1180 2713 1578 2775 collationem
1611 2731 1736 2773 non

220 2811 541 2873 deducatur
563 2856 581 2886 ,
634 2810 798 2870 sicut
840 2807 1241 2888 praesumitur
1270 2807 1346 2866 de
1377 2805 1515 2866 aliis
1546 2805 1738 2866 dona-

220 2904 465 2964 tionibus
504 2901 1043 2964 remuneratoriiS.
1104 2900 1283 2974 Quod
1324 2898 1490 2959 idem
1529 2897 1737 2959 dicen-

224 2997 353 3057 dum
391 2997 639 3056 videtur
695 2994 945 3074 quando
1002 3012 1074 3054 eo
1117 2996 1401 3072 tempore
1434 2991 1738 3068 'jnondum

225 3090 403 3169 posita
430 3094 609 3150 erant
635 3089 861 3149 merita
890 3087 1155 3147 aliorum
1183 3085 1475 3146 filiorum.

294 3184 612 3245 Dubitatur
640 3180 917 3243 secundo
938 3229 953 3259 ‚
988 3200 1067 3241 an
1098 3179 1351 3260 quando
1382 3197 1545 3239 unus
1575 3177 1743 3239 solus

229 3283 347 3337 erat
370 3276 473 3338 tali
500 3275 1010 3337 remuneratione
1038 3274 1308 3352 dignuS,
1342 3272 1538 3351 possit
1566 3276 1748 3350 pater

160 3382 177 3418 ιι
231 3370 609 3431 donationem
638 3368 729 3429 illi
771 3367 1334 3429 remuneratoriam
1387 3366 1594 3426 facere
1650 3384 1744 3426 so-

159 3499 175 3527 n
228 3463 341 3522 lum
374 3464 446 3524 de
477 3482 551 3524 ea
578 3466 758 3541 parte
787 3463 1135 3537 bonorum,
1187 3459 1264 3519 de
1296 3478 1420 3538 qua
1462 3458 1593 3537 ipse
1634 3475 1747 3536 po-

159 3606 180 3635 „
167 3562 338 3617 test
385 3556 575 3617 libere
632 3555 1001 3634 disponere,
1063 3572 1143 3612 an
1191 3552 1268 3612 de
1315 3555 1445 3613 toto
1494 3569 1742 3627 acervo,

232 3649 449 3710 etiamsi
494 3669 569 3709 ea
610 3650 694 3709 de
740 3666 931 3709 causa
973 3646 1269 3724 legitimae
1322 3645 1588 3705 aliorum
1636 3643 1746 3703 mi-

233 3743 516 3804 nuantur?
570 3741 787 3804 Molin.
822 3740 1244 3819 disputatione
1275 3738 1464 3825 citata
1501 3738 1564 3797 in
1594 3738 1742 3813 fine,

232 3835 363 3896 dicit
392 3836 505 3897 hoc
534 3834 907 3909 secundum,
939 3832 1070 3893 sive
1099 3831 1206 3892 illa
1234 3830 1489 3892 donatio
1518 3832 1630 3891 fiat
1658 3830 1747 3889 in-

234 3934 315 3987 ter
337 3929 523 4005 vivoS,
556 3928 691 3989 sive
721 3945 834 4005 per
856 3924 1141 3986 ultimam
1156 3924 1565 4000 voluntatem,
1600 3922 1747 4001 quia

234 4028 494 4083 censetur
540 4022 710 4083 facta
754 4019 932 4099 quasi
972 4018 1054 4079 ad
1082 4017 1453 4079 solvendum
1483 4035 1568 4076 aes
1596 4015 1750 4076 alie-

235 4133 385 4191 num,
415 4114 590 4193 cujus
617 4114 844 4175 solutio
874 4131 949 4173 ex
977 4115 1107 4173 toto
1138 4128 1363 4171 acervo
1393 4107 1744 4184 deducitur,

238 4208 456 4268 etiamsi
492 4206 791 4287 legitimae
836 4204 1201 4265 minuantur
1233 4223 1247 4265 ε
1298 4202 1395 4263 hoe
1424 4201 1591 4261 enim
1614 4208 1749 4261 'non

238 4305 364 4362 sunt
388 4301 499 4361 nisi
528 4319 601 4360 ex
620 4318 697 4360 eo
726 4298 895 4379 quod
922 4300 1208 4358 remanet
1235 4295 1451 4357 solutis
1482 4294 1615 4355 aliis
1646 4294 1749 4354 de-

239 4392 384 4454 bitis.

304 4487 441 4549 Mihi
484 4488 690 4567 magis
735 4487 939 4565 placet
967 4483 1277 4546 sententia
1308 4484 1560 4545 Covarr.
1596 4480 1659 4540 in
1690 4498 1744 4541 c.

244 4580 370 4641 Cum
397 4582 452 4641 in
471 4580 707 4662 officials..
742 4578 811 4640 de
834 4588 1059 4640 testam.
1094 4597 1156 4638 n.
1193 4580 1289 4637 II.
1326 4574 1494 4655 quod
1524 4573 1753 4634 debeat

241 4674 359 4733 fieri
384 4694 455 4734 ex
480 4678 659 4754 parte
705 4672 903 4733 libera
951 4669 1250 4750 parentiS.
1312 4667 1491 4729 Ratio
1539 4670 1751 4727 autem

242 4770 352 4841 est,
382 4768 522 4846 quia
549 4766 834 4846 legitima
862 4783 1005 4826 cum
1035 4764 1114 4825 sit
1141 4761 1354 4823 debita
1384 4778 1457 4819 ex
1480 4758 1749 4839 justitia,

240 4860 490 4936 praeferri
538 4861 729 4921 debet
778 4858 914 4919 aliis
960 4856 1189 4918 debitis
1235 4873 1311 4915 ex
1355 4870 1534 4912 mera
1562 4851 1754 4912 hone·

244 4956 413 5029 state,
460 4958 521 5015 et
547 4954 681 5015 sine
710 4953 925 5013 stricta
953 4949 1331 5028 obligatione
1353 4993 1369 5024 ,
1419 4964 1535 5006 nec
1564 4944 1753 5005 credo

244 5043 295 5104 in
321 5046 443 5107 foro
470 5051 725 5108 externo
758 5043 1239 5125 approbandum
1268 5040 1547 5118 legatum
1575 5037 1753 5098 relie-

243 5140 359 5198 tum
396 5144 682 5202 extraneo
734 5137 1121 5199 excessivum
1163 5138 1383 5197 contra
1412 5130 1755 5211 legitimam

248 5229 522 5309 filiorum,
568 5232 717 5293 licet
760 5230 1225 5310 praecessissent
1264 5243 1497 5305 magna
1532 5222 1758 5283 merita

253 5321 303 5381 in
325 5323 636 5402 legatario,
694 5343 897 5403 neque
948 5339 1228 5402 unquam
1275 5318 1405 5380 vidi
1461 5317 1521 5376 in
1580 5314 1758 5393 praxi

254 5433 374 5477 eam
398 5419 751 5480 facultatem
778 5416 1144 5497 parentibus
1173 5410 1453 5476 concedi.
1489 5411 1617 5470 Nee
1646 5407 1759 5467 ob-

258 5513 363 5570 stat
386 5512 543 5590 quod
572 5510 942 5574 donationes
957 5509 1077 5571 illae
1100 5527 1225 5570 non
1242 5506 1576 5567 censentur
1605 5500 1759 5563 inof-

1832 483 2085 560 ficioste,
2140 503 2279 563 quoe
2321 504 2360 545 a
2396 485 2760 564 parentibus
2805 484 2868 545 in
2897 484 3026 545 vita
3060 484 3246 565 justis
3292 486 3369 544 de

1833 577 2036 637 causis
2065 577 2200 637 fieri
2229 578 2452 654 solent,
2488 583 2549 640 et
2576 577 2826 639 videtur
2846 576 3193 657 justissima
3221 596 3369 638 cau-

1832 688 1900 729 sa
1930 688 2063 730 esse
2090 665 2513 732 remuneratio
2543 670 2935 731 meritorum.
2996 671 3370 749 Respondeo

1834 763 2002 823 enim
2030 762 2336 841 imprimis
2366 763 2567 842 magis
2594 763 2855 824 liberam
2887 762 3374 826 administratio-

1834 874 1979 915 nem
2034 855 2268 916 habere
2324 859 2568 937 patrem
2615 856 2678 916 in
2721 856 2851 917 vita
2894 856 2971 916 de
3019 857 3148 917 suis
3195 856 3375 918 bonis

1834 967 2025 1027 quam
2065 949 2126 1008 in
2156 955 2393 1026 morte,
2445 949 2509 1009 in
2558 968 2682 1029 qua
2718 967 2843 1010 non
2891 953 3098 1029 potest
3135 949 3251 1009 nisi
3299 950 3376 1010 de

1833 1045 2009 1104 tanta
2036 1045 2212 1121 parte
2241 1042 2436 1103 libere
2467 1041 2821 1121 disponere.
2890 1042 3128 1103 Deinde
3172 1061 3376 1122 neque

1835 1136 2024 1197 etiam
2055 1135 2119 1194 in
2148 1136 2276 1197 vita
2303 1139 2516 1214 posset
2564 1139 2743 1214 pater
2779 1135 3014 1197 donare
3045 1136 3164 1196 nisi
3196 1136 3378 1216 juxta

1835 1228 2258 1289 conditionem
2286 1228 2382 1288 sui
2409 1232 2606 1289 status
2630 1273 2645 1304 ,
2679 1231 2742 1289 et
2771 1228 2932 1289 sieut
2960 1229 3063 1288 alii
3093 1230 3377 1308 ejusdem

1836 1321 2153 1402 qualitatis
2183 1326 2245 1383 et
2260 1321 2636 1382 conditionis
2657 1320 2892 1382 donare
2905 1322 3128 1383 solent.
3147 1325 3378 1394 Quam-

1835 1414 1928 1475 vis
1954 1417 2163 1476 autem
2191 1432 2476 1492 personae
2498 1413 2781 1492 ejusdem
2802 1413 3117 1494 qualitatis
3138 1417 3381 1477 soleant

1835 1508 2106 1569 minutas
2137 1507 2505 1568 donationes
2532 1507 2759 1584 faeere,
2780 1526 2903 1569 non
2936 1512 3150 1570 tamen
3177 1510 3381 1571 solent

1837 1601 2023 1662 etiam
2054 1620 2129 1660 ex
2158 1599 2397 1661 meritis
2445 1599 2739 1660 abdicare
2770 1619 2806 1661 a
2835 1621 2901 1662 se
2930 1620 3232 1681 magnam
3259 1603 3375 1663 bo-

1836 1712 2060 1754 norum
2090 1698 2370 1772 partem,
2421 1695 2483 1753 et
2527 1693 2761 1752 donare
2810 1695 3122 1756 extraneis
3161 1696 3240 1755 ad
3271 1714 3378 1756 eos

1837 1786 2162 1863 ditandos,
2214 1786 2358 1846 filiis
2399 1785 2650 1846 interim
2695 1786 2775 1846 ad
2803 1789 3157 1849 tenuiorem
3185 1788 3378 1849 fortu-

1837 1898 1984 1940 nam
2009 1878 2308 1941 reductiS.
2368 1878 2534 1939 'Palis
2589 1897 2735 1958 ergo
2794 1880 3048 1942 donatio
3107 1900 3232 1942 non
3286 1885 3381 1943 est

1828 1973 2008 2052 juxta
2034 1971 2458 2033 conditionem
2487 1975 2684 2033 status
2705 2018 2720 2048 ,
2757 1974 2820 2034 et
2844 1992 2958 2053 per
2986 1992 3378 2054 consequens

1837 2065 2179 2127 inofficiosa
2211 2063 2643 2142 aestimabitur,
2679 2065 2922 2126 etiamsi
2951 2067 3062 2128 fiat
3088 2067 3237 2144 filio,
3261 2068 3380 2129 nisi

1835 2159 1915 2220 sit
1942 2159 2019 2220 de
2049 2178 2124 2220 ea
2152 2162 2353 2238 parte,
2377 2157 2440 2217 in
2471 2177 2596 2236 qua
2624 2163 2804 2237 pater
2831 2163 3044 2239 posset
3071 2179 3215 2220 eum
3244 2179 3378 2222 me-

1833 2253 2060 2313 liorare
2091 2256 2155 2313 et
2180 2250 2474 2330 praeferre
2505 2250 2641 2311 aliis
2664 2298 2679 2328 ‚
2716 2257 2777 2314 et
2805 2252 2893 2313 ita
2922 2253 3110 2313 credo
3133 2253 3377 2333 judiea-

1833 2348 2006 2407 turos
2025 2345 2272 2425 judices
2298 2343 2362 2402 in
2391 2343 2525 2404 foro
2555 2347 2833 2421 externo,
2868 2344 2917 2404 si
2948 2364 3128 2406 casus
3158 2365 3378 2408 occur-

1833 2443 2019 2500 reret.

1915 2531 2146 2594 Ultimo
2167 2533 2308 2596 loco
2329 2532 2760 2595 reducendum
2791 2535 2886 2592 est
2914 2531 2977 2592 in
2999 2532 3372 2593 memoriam

1835 2626 1920 2702 id,
1955 2625 2123 2704 quod
2154 2625 2421 2688 diximus
2451 2627 2618 2688 dicta
2637 2625 2797 2704 disp.
2821 2644 2881 2685 v.
2908 2628 3059 2686 sect.
3084 2629 3144 2685 2.
3179 2644 3373 2704 agen-

1835 2724 1928 2780 tes
1961 2719 2038 2779 de
2080 2719 2348 2798 peculio,
2409 2738 2592 2800 posse
2640 2718 2936 2778 nimirum
2983 2718 3182 2778 filium
3232 2722 3374 2798 post

1835 2817 2106 2874 mortem
2167 2813 2363 2891 patris
2410 2814 2659 2892 exigere
2709 2831 2746 2872 a
2801 2811 3238 2872 cohaeredibus
3295 2831 3369 2873 ex

1837 2906 2030 2986 patris
2062 2906 2244 2967 bonis
2295 2907 2535 2968 fructus
2566 2907 2866 2966 decursos
2893 2906 3368 2983 beneficiorum,

1836 2999 1936 3060 vel
1961 2999 2226 3061 aliarum
2240 3018 2453 3061 rerum
2482 3018 2640 3079 quos
2671 3003 2850 3079 pater
2873 2998 3280 3078 percipiebat,
3315 3003 3379 3061 et

1841 3093 1948 3172 qui
1978 3093 2381 3171 pertinebant
2405 3093 2485 3153 ad
2525 3094 2730 3173 ipsum
2783 3092 2982 3153 filium
3016 3112 3029 3153 :
3064 3111 3180 3153 nec
3209 3086 3378 3153 suffiss

1843 3206 1985 3248 cere
2019 3187 2189 3266 quod
2219 3187 2380 3248 filius
2409 3187 2669 3249 vidisset
2713 3186 2953 3266 percipi
2989 3191 3050 3248 et
3097 3187 3381 3249 consumi

1846 3300 1882 3341 a
1910 3284 2108 3358 patre,
2148 3284 2210 3342 et
2253 3281 2584 3354 tacuisset;
2619 3281 2761 3360 quia
2794 3298 2960 3358 saepe
3009 3280 3158 3341 illud
3199 3281 3380 3361 silen-

1845 3374 2001 3435 tium
2054 3378 2148 3435 est
2194 3378 2449 3453 propter
2506 3372 2924 3435 reverentiam
2955 3378 3019 3437 et
3061 3373 3374 3451 timorem,

1846 3472 2032 3547 atque
2075 3468 2232 3527 adeo
2263 3485 2386 3528 non
2424 3467 2630 3546 arguit
2667 3485 3061 3528 consensum.
3111 3470 3379 3529 Possunt

1845 3565 2053 3623 tamen
2084 3560 2445 3621 cohaeredes
2467 3560 2779 3621 deducere
2809 3560 3106 3622 alimenta
3135 3565 3199 3622 et
3226 3560 3379 3620 alias

1847 3672 2173 3733 expensas,
2209 3672 2366 3734 quas
2396 3671 2472 3715 eo
2523 3657 2807 3733 tempore
2836 3657 3016 3733 pater
3043 3652 3190 3715 fecit
3236 3671 3380 3714 cum

1845 3747 1995 3824 filio,
2021 3748 2122 3808 cui
2152 3766 2277 3808 non
2297 3747 2669 3809 censebatur
2698 3766 2773 3808 ea
2800 3747 2952 3808 dare
2981 3766 3056 3808 ex
3084 3746 3378 3827 propriiS,

1847 3841 1956 3901 sed
1988 3859 2062 3901 ex
2089 3841 2272 3901 bonis
2303 3840 2495 3919 ipsius
2523 3839 2657 3916 filii,
2691 3844 2760 3901 ut
2788 3840 3024 3901 dictum
3056 3830 3170 3902 est.

1928 3933 2039 3994 Hic
2068 3934 2385 4012 agendum
2432 3937 2596 3994 esset
2618 3934 2696 3993 de
2727 3933 2878 4009 filio,
2929 3933 3028 3993 vel
3055 3933 3205 4009 filia,
3241 3950 3381 4012 quae

1846 4026 2228 4087 renuntiavit
2257 4026 2480 4087 futurae
2512 4025 2879 4105 haereditati·¹
2906 4028 3257 4105 parentum,
3283 4027 3382 4087 vel

1847 4120 2250 4197 successioni,
2284 4119 2415 4180 sive
2468 4118 2587 4200 ipsi
2632 4120 2795 4198 patri
2842 4123 3095 4199 pactum
3140 4120 3378 4197 fecerit,

1850 4213 1978 4275 sive
2006 4213 2207 4289 alteri,
2242 4213 2343 4273 cui
2363 4212 2468 4293 jus
2497 4231 2679 4273 suum
2713 4212 3099 4274 renuntiavit
3128 4213 3206 4273 de
3238 4232 3382 4274 con-

1848 4327 2035 4369 sensu
2069 4307 2367 4386 parentiS‚
2420 4311 2481 4368 et
2527 4306 2779 4385 quando
2823 4305 3131 4385 ejusmodi
3175 4311 3380 4385 pacta,

1851 4405 1912 4462 et
1964 4400 2457 4462 renuntiationes
2504 4399 2756 4460 valeant
2815 4417 2958 4459 cum
2997 4398 3381 4478 juramentO,

1849 4495 1948 4555 vel
1980 4493 2112 4554 sine
2145 4493 2269 4569 illo,
2303 4498 2366 4553 et
2411 4511 2491 4552 an
2539 4491 2906 4552 renuntians
2935 4490 3129 4570 possit
3155 4490 3386 4570 proeju-

1851 4587 2061 4648 dicare
2092 4586 2222 4647 suis
2241 4585 2455 4647 liberis
2485 4584 2669 4661 natiS,
2713 4584 2812 4644 rel
2841 4584 3194 4645 nascituris.
3231 4584 3384 4657 Quia

1850 4685 2063 4743 tamen
2094 4679 2172 4740 de
2202 4679 2298 4738 his
2330 4698 2452 4740 non
2481 4679 2684 4738 solent
2711 4677 2951 4737 consuli
2973 4676 3247 4754 theologi
3272 4695 3385 4754 pro

1853 4773 2232 4836 conscientia
2253 4818 2268 4848 ,
2324 4772 2435 4833 sed
2487 4770 2727 4831 recurri
2780 4770 2939 4830 solet
2991 4769 3071 4829 ad
3112 4769 3380 4850 judiceS,

1852 4866 2023 4946 apud
2053 4885 2210 4945 quos
2237 4863 2760 4944 frequentissimae
2801 4867 2947 4924 sunt
2977 4862 3055 4922 de
3091 4862 3189 4921 his
3218 4862 3379 4938 lites,

1853 4958 2296 5021 abstinendum
2325 4958 2494 5018 duxi.
2529 4960 2616 5017 De
2646 4957 2743 5017 his
2775 4956 2980 5017 iamen
3014 4954 3214 5015 videri
3242 4973 3387 5033 pos-

1854 5058 1999 5115 sunt
2027 5051 2309 5114 Sanchez
2339 5051 2503 5112 dicto
2532 5050 2639 5112 lib.
2675 5066 2761 5112 1v.
2800 5048 2850 5110 C
2851 5048 3019 5109 onszl
3066 5066 3205 5127 cap.
3241 5065 3284 5108 1.
3319 5047 3383 5111 d.

1854 5152 1952 5211 34.
1986 5152 2050 5209 et
2076 5146 2378 5206 latissime
2407 5146 2640 5223 Vosqu.
2676 5162 2811 5221 cap.
2848 5158 2936 5203 vl.
2968 5140 3037 5201 de
3082 5149 3389 5201 testamen-

1856 5241 2039 5320 tis,§.
2076 5257 2146 5301 11.
2176 5258 2289 5318 per
2315 5241 2538 5300 totum.

3505 2550 3620 2610 225

3436 2673 3609 2720 Functus
3628 2677 3707 2722 be-

3468 2731 3603 2774 neficii
3622 2745 3673 2776 an

3441 2785 3574 2835 possit
3592 2786 3701 2831 filius

3425 2838 3705 2938 efflat..

3506 2946 3649 2999 pati-is.

3530 3964 3649 4023 226

3432 4089 3494 4132 Dc
3512 4089 3730 4133 renuntia-

3478 4142 3648 4187 tiatione
3664 4156 3689 4185 a

3473 4197 3559 4239 lilio
3580 4200 3701 4249 sacta,

3473 4252 3701 4295 remissive.
