4263 6376
822 269 902 331 66

823 445 1114 506 eumdem
1147 462 1379 524 equum
1410 444 1601 504 Paulo
1634 438 2357 502 vendideritettradide·

820 540 922 614 rit,
956 538 1163 598 adhuc
1191 535 1442 597 videtur
1471 554 1545 596 ex
1575 534 1987 614 promissione
2017 533 2352 612 obligatus,

820 631 1042 692 saltem
1097 630 1147 690 si
1201 632 1408 708 potest
1462 645 1837 707 recuperare
1890 627 1990 688 vel
2043 627 2356 686 redimere

820 741 1002 784 suum
1032 740 1263 802 equum
1292 721 1372 782 ab
1420 725 1740 801 emptore,
1783 725 1853 782 ιιι
1879 719 2357 799 promissionem

820 821 1047 877 servet.
1082 818 1237 878 Cum
1285 833 1435 893 ergo
1465 814 1667 875 haeres
1714 813 2024 875 secundus
2061 810 2358 873 succedat

818 909 882 969 in
913 908 1357 988 obligationem
1387 907 1685 984 defuncti,
1711 907 1901 968 debet
1918 906 2124 967 facere
2153 908 2355 967 totum

819 1001 906 1078 id,
939 1001 1106 1081 quod
1137 1000 1467 1062 defunctus
1508 999 1714 1061 facere
1759 1003 2079 1061 teneretur
2102 1047 2117 1074 ,
2149 1001 2219 1058 ut
2245 997 2356 1057 de·

818 1095 1015 1156 functi
1043 1092 1526 1172 promissionem
1554 1093 1867 1168 observet,
1902 1110 2027 1171 qua
2055 1109 2133 1150 ex
2171 1089 2357 1170 justi-

817 1187 905 1247 tia
932 1185 1265 1247 tenebatur
1294 1185 1374 1245 ad
1401 1185 1780 1261 faciendum,
1817 1183 1983 1264 quod
2020 1183 2354 1244 haereditas

816 1279 1059 1340 veniret
1103 1278 1180 1338 ad
1230 1295 1454 1338 manus
1499 1278 1684 1357 primi
1740 1276 2030 1338 haeredis,
2091 1275 2353 1348 Quando

817 1390 967 1451 ergo
1007 1371 1310 1447 dicimuS,
1362 1371 1711 1431 secundum
1753 1370 2072 1430 haeredem
2118 1368 2353 1429 habere

808 1464 914 1544 jus
942 1464 1021 1525 ab
1048 1464 1154 1524 illa
1181 1464 1369 1540 bona,
1404 1481 1527 1524 non
1546 1468 1615 1525 ut
1634 1462 1971 1541 haeredem,
2005 1462 2115 1524 sed
2136 1465 2206 1523 ιιι
2223 1479 2354 1523 cre-

814 1558 1106 1634 ditorem,
1168 1575 1295 1617 non
1349 1556 1757 1636 intelligimus
1812 1557 1981 1636 quod
2027 1557 2107 1618 sit
2148 1555 2353 1616 solum

815 1648 1090 1711 creditor
1116 1669 1192 1710 ex
1221 1650 1472 1726 delicto,
1507 1650 1617 1710 sed
1650 1669 1724 1710 ex
1757 1649 1983 1711 delicto
2015 1654 2077 1711 et
2107 1668 2181 1709 ex
2209 1665 2350 1728 pro-

811 1743 1128 1819 missione,
1164 1742 1406 1804 etiamsi
1438 1742 1735 1803 delictum
1756 1761 1877 1803 non
1896 1741 2342 1804 intercesserit.

814 1837 890 1897 Et
917 1835 1059 1896 ideo
1087 1834 1351 1897 fortasse
1380 1835 1640 1912 Molina,
1676 1839 1738 1896 et
1762 1836 2012 1897 Lessius
2048 1854 2239 1914 supra
2266 1834 2348 1895 ci-

810 1927 924 1990 tati
953 1946 1077 1989 non
1102 1927 1447 1988 fundarunt
1462 1927 1581 1989 hoc
1592 1929 1697 2007 jus
1718 1926 1977 1989 secundi
1994 1928 2267 1988 haeredis
2283 1926 2348 1987 in

813 2021 1039 2081 delicto
1069 2026 1134 2083 et
1159 2020 1390 2100 injuria
1418 2021 1731 2082 testatoris
1755 2068 1770 2097 ,
1802 2021 1913 2083 sed
1947 2021 2010 2081 in
2041 2019 2177 2101 ejus
2206 2038 2348 2099 pro·

811 2114 1128 2190 missione,
1147 2119 1208 2175 et
1222 2114 1575 2176 indistincte
1589 2114 1782 2176 locuti
1809 2119 1955 2177 sunt
1980 2132 2104 2175 non
2131 2114 2347 2175 distin·

810 2211 1075 2286 guentes
1103 2207 1265 2268 inter
1291 2206 1792 2284 revocationem,
1841 2206 2008 2267 mala
2034 2207 2135 2267 vel
2179 2206 2349 2268 bona

814 2301 935 2360 fide
965 2299 1193 2361 factam
1217 2346 1233 2376 ,
1285 2298 1436 2378 quia
1482 2316 1731 2377 semper
1756 2298 2038 2361 manebit
2063 2299 2347 2362 debitum

814 2412 890 2452 cx
918 2392 1357 2471 promissione.

564 2507 640 2567 35
893 2485 1167 2547 Adverte
1196 2485 1366 2561 item,
1402 2483 1654 2564 quando
1684 2482 1950 2544 dicimus
1977 2530 1993 2560 ,
2027 2482 2345 2544 haeredem

497 2629 636 2674 „m
653 2632 748 2686 pfl-
814 2579 1085 2658 primum
1115 2578 1346 2638 debere
1390 2578 1675 2656 accipere
1703 2576 1872 2638 bona
1915 2577 2019 2637 illa
2049 2581 2119 2638 ut
2147 2575 2344 2637 credi-

467 2695 561 2726 mus
584 2686 766 2749 ωῳοαιι
813 2683 1012 2734 torem
1042 2670 1338 2746 defuncti,
1365 2688 1489 2730 non
1519 2670 1659 2732 ideo
1691 2669 1867 2750 sequi
1898 2670 2069 2749 quod
2098 2669 2204 2730 ille
2233 2669 2346 2729 de-

466 2738 765 2844 ἕιῖᾞωζὶ.
812 2764 960 2826 beat
985 2765 1050 2824 in
1080 2762 1214 2842 ejus
1242 2760 1424 2823 bonis
1453 2762 1771 2840 praeferri,
1824 2768 1932 2824 aut
1968 2761 2343 2842 aequiparari

473 2845 758 2943 „fflgfssbo
810 2856 945 2916 aliis
991 2854 1402 2916 creditoribus
1447 2855 1637 2916 etiam
1684 2855 2130 2933 posterioribus
2177 2854 2345 2934 ejus-

808 2949 953 3010 dem
981 2947 1255 3009 defuncti
1289 2966 1302 3009 ε
1337 2965 1486 3007 nam
1514 2965 1739 3008 revera
1778 2947 1844 3007 hi
1869 2966 2088 3009 omnes
2119 2947 2344 3028 praefe-

805 3041 984 3103 rendi
1012 3045 1156 3103 sunt
1180 3041 1290 3104 illi.
1325 3039 1502 3102 Ratio
1529 3045 1740 3102 autem
1770 3045 1882 3116 est,
1905 3041 2073 3120 quod
2101 3041 2342 3121 primus

806 3134 1005 3198 haeres
1033 3134 1235 3197 solum
1264 3131 1451 3195 debet
1478 3132 1713 3195 habere
1746 3132 1805 3193 id
1840 3133 2009 3213 quod
2053 3132 2337 3211 haberet,

804 3229 854 3289 si
881 3229 1055 3307 prius
1082 3230 1530 3290 testamentum
1576 3245 1702 3288 non
1732 3231 1898 3288 esset
1924 3230 2287 3288 revocatum
2321 3242 2337 3290 τ

803 3323 856 3383 si
882 3326 1092 3383 autem
1121 3320 1293 3400 prius
1329 3324 1771 3381 testamentum
1800 3319 2010 3381 adhuc
2039 3319 2341 3381 subsiste-

800 3419 899 3476 ret
919 3461 935 3491 ,
968 3414 1170 3476 haeres
1199 3431 1324 3474 non
1355 3416 1518 3473 esset
1543 3411 1971 3491 praeferendus
2013 3411 2340 3474 creditori·

798 3506 1040 3569 toribus
1068 3506 1345 3567 defuncti
1373 3505 1561 3566 etiam
1588 3505 2060 3584 posterioribus,
2097 3505 2206 3565 sed
2236 3523 2339 3566 so-

798 3600 929 3661 lum
955 3598 1320 3660 succederet
1347 3599 1411 3658 in
1449 3597 1633 3659 bonis
1661 3616 1803 3658 cum
1834 3616 2022 3658 onere
2054 3597 2335 3658 solvendi

800 3691 1011 3754 omnia
1041 3692 1161 3752 alia
1189 3691 1436 3767 debita,
1489 3694 1677 3769 prout
1705 3690 2051 3751 succedunt
2075 3690 2183 3751 alii
2209 3691 2335 3751 hae-

797 3786 1020 3859 redes;
1056 3802 1205 3864 ergo
1243 3783 1466 3845 eodem
1497 3782 1688 3843 modo
1729 3781 1918 3843 debet
1946 3783 2000 3843 ei
2033 3782 2184 3843 dare
2236 3802 2334 3844 se·

796 3878 1040 3939 cundus
1068 3877 1267 3937 haeres
1296 3894 1369 3936 ea
1398 3875 1567 3937 bona
1590 3922 1606 3952 ,
1652 3874 1868 3936 solutis
1896 3875 2133 3937 scilicet
2161 3876 2332 3955 prius

796 3969 1087 4032 omnibus
1115 3968 1361 4045 debitis,
1397 3988 1538 4049 quae
1568 3970 1699 4048 ipse
1729 3968 1968 4029 solvere
1987 3969 2326 4031 debuisset.

795 4062 1090 4137 Quamvis
1137 4061 1305 4122 enim
1337 4061 1567 4123 dentur
1606 4061 1735 4139 illi,
1788 4079 1915 4121 non
1956 4065 2026 4122 ut
2066 4060 2326 4140 haeredi,

793 4155 904 4217 sed
959 4159 1030 4216 ut
1072 4153 1364 4215 creditori
1407 4172 1421 4215 :
1475 4158 1570 4215 est
1615 4158 1826 4215 tamen
1872 4153 2148 4216 creditor
2186 4172 2330 4215 cum

794 4249 1019 4310 eodem
1056 4245 1239 4327 jure,
1272 4250 1335 4306 et
1381 4264 1505 4306 non
1552 4246 1794 4307 meliori
1841 4265 2032 4325 quam
2076 4247 2127 4308 si
2168 4250 2332 4308 esset

793 4342 1015 4402 haereS.
1047 4338 1227 4401 Unde
1257 4336 1490 4400 debent
1531 4338 1758 4399 deduci
1816 4339 2006 4399 etiam
2047 4340 2172 4400 alia
2200 4358 2330 4399 om-

792 4434 894 4494 nia
923 4448 1119 4494 onera
1161 4431 1245 4492 ad
1291 4448 1431 4511 quae
1475 4433 1828 4508 teneretur,
1874 4432 1928 4492 si
1956 4432 2173 4495 fuisset
2203 4448 2330 4493 [ιω-

794 4545 915 4602 res,
947 4527 1018 4585 ιιι
1061 4523 1144 4585 ad
1173 4524 1394 4600 funus,
1429 4524 1529 4585 vel
1555 4524 1637 4584 ad
1668 4525 1965 4585 alimenta
2009 4529 2073 4586 et
2101 4524 2330 4585 similia

795 4623 859 4679 at
902 4634 1044 4696 quae
1089 4615 1375 4676 haeredes
1420 4633 1496 4675 ex
1547 4620 1920 4679 testamento
1977 4618 2179 4684 teneri,
2231 4635 2329 4679 so-

794 4712 945 4772 lent.

549 4833 628 4892 33
878 4801 1184 4876 Quoniam
1209 4818 1361 4861 vero
1390 4799 1661 4860 diximus
1690 4818 1830 4859 cum
1854 4802 2172 4862 communi
2192 4822 2328 4863 sen-

798 4897 1025 4973 tentia,
1079 4912 1204 4954 non
1253 4892 1538 4954 obstante
1578 4893 1939 4971 juramento
1983 4896 2329 4956 revocatio·

453 4956 748 5065 ..3⁸32ss
798 5008 941 5050 nem
973 4993 1037 5050 et
1074 4984 1420 5047 secundum
1447 4989 1889 5047 testamentum
1930 4987 2136 5048 valide
2164 4987 2324 5064 fieri,

451 5069 750 5159 '212320‘35‘
797 5079 1253 5144 advertendum
1302 5080 1395 5139 est
1440 5096 1584 5139 cum
1630 5078 1991 5140 auctoribus
2040 5078 2328 5158 ejusdem

451 5169 750 5277 gff‘fffiffi
796 5172 1139 5248 sententiae,
1165 5170 1592 5251 juramentum
1633 5171 2015 5249 praeteritum
2058 5172 2180 5232 hoc
2206 5171 2331 5232 sal-

793 5272 923 5330 tem
953 5264 1233 5345 operari,
1283 5268 1353 5324 ut
1393 5264 1507 5324 nisi
1557 5264 1618 5324 in
1649 5263 1924 5323 secundo
1953 5267 2326 5325 testamento

794 5361 906 5422 fiat
929 5357 1163 5419 mentio
1192 5356 1379 5435 primi
1400 5355 1758 5417 testamenti
1786 5354 2154 5435 juramento
2184 5375 2328 5417 con-

795 5451 1047 5528 firmati,
1080 5454 1143 5513 et
1168 5448 1362 5528 ipsius
1402 5447 1783 5528 juramenti,
1833 5466 1958 5508 non
2001 5455 2330 5512 censeatur

1948 262 2047 324 DE
2089 259 2448 324 JUSTITIA
2494 260 2593 323 ΕΤ
2632 261 2832 324 JURE

2455 443 2819 501 revocatum
2848 425 3122 519 primum
3144 487 3162 520 ,
3194 442 3304 504 sed
3332 443 3610 524 praeferri
3641 445 3870 510 debeat
3895 467 3986 510 se-

2457 532 2697 605 cundo;
2732 532 2880 612 quia
2916 532 3347 613 juramentum
3394 539 3490 598 est
3532 537 3810 601 clausula
3850 559 3986 619 spe·

2456 624 2822 702 cialissima,
2873 644 3014 705 quae
3042 645 3168 688 non
3214 633 3505 690 censetur
3545 631 3847 711 derogata
3874 652 3988 712 per

2453 718 2813 796 generalem
2840 719 3340 798 derogationem.
3375 723 3468 783 Ita
3498 722 3791 786 doctores
3821 743 3986 786 com·

2454 810 2747 888 muniter,
2781 830 2937 891 quos
2967 814 3254 891 afferunt,
3288 819 3350 877 et
3376 821 3720 896 sequuntur
3748 819 3978 880 Sanch.

2453 904 2517 966 d.
2552 904 2700 966 dub.
2733 921 2886 967 xvn.
2921 925 2982 966 n.
3014 910 3075 967 4.
3108 907 3268 987 disp.
3305 925 3470 971 cun.
3503 911 3560 989 ἓ.
3586 910 3743 972 Idem
3772 920 3894 989 est,
3923 916 3987 974 et

2450 997 2506 1075 ἓ.
2543 997 2636 1058 Ab
2664 997 2773 1058 kae
2801 1009 3011 1075 tamen,
3047 1001 3237 1081 Vasq.
3273 1002 3337 1063 d.
3388 1021 3442 1072 c.
3477 1005 3552 1066 ΙΙ.
3601 1003 3752 1066 dub.
3787 1021 3882 1066 111.
3918 1025 3980 1067 n.

2456 1092 2553 1150 19.
2610 1094 2674 1153 et
2725 1090 2828 1152 alii
2883 1093 3317 1156 communiter.
3369 1096 3548 1168 Quod
3594 1097 3979 1176 intelligitur,

2452 1181 2705 1261 quando
2743 1185 3175 1262 juramentum
3206 1204 3331 1247 non
3375 1187 3492 1249 fuit
3517 1207 3690 1251 mere
3717 1196 3985 1252 asserto-

2451 1274 2614 1334 rium
2638 1322 2654 1352 ,
2686 1276 2797 1336 sed
2825 1277 3302 1356 promissorium
3326 1326 3342 1356 ,
3384 1285 3455 1341 ιιι
3482 1299 3672 1362 supra
3709 1282 3984 1362 explica-

2449 1372 2584 1428 tum
2614 1371 2729 1430 est.
2762 1368 2830 1430 Si
2873 1373 3085 1431 autem
3131 1370 3195 1429 in
3237 1372 3512 1434 secundo
3560 1375 3748 1435 etiam
3794 1379 3983 1437 testa-

2449 1465 2660 1522 mento
2692 1460 3068 1523 adhibeatur
3095 1460 3525 1541 juramentum
3553 1468 3977 1544 assertorium,

2444 1551 2652 1613 adhuc
2678 1553 2972 1614 standum
3000 1558 3094 1614 est
3118 1554 3313 1633 priori
3333 1561 3730 1637 testamento,
3767 1560 3882 1620 nisi
3900 1561 3979 1620 de

2440 1644 2799 1724 juramento
2829 1646 3023 1725 priori
3047 1648 3159 1708 fiat
3185 1652 3445 1726 mentio,
3479 1651 3626 1730 quia
3656 1654 3983 1731 praesumi-

2446 1743 2551 1800 tur
2575 1742 2833 1800 testator
2863 1740 2998 1817 ejus
3034 1740 3379 1818 juramenti
3410 1742 3638 1805 oblitus
3661 1790 3677 1820 ,
3729 1764 3808 1806 ne
3838 1764 3981 1824 per-

2437 1831 2677 1911 jurium
2723 1838 3140 1911 praesumatur
3163 1880 3180 1911 ,
3225 1838 3297 1896 ut
3332 1840 3511 1898 notat
3536 1836 3620 1898 ibi
3649 1836 3819 1898 idem
3846 1839 3980 1900 Mo·

2442 1924 2592 1987 lina.

2523 2017 2855 2079 Dubitatur
2872 2024 3329 2099 consequenter
3356 2023 3633 2084 secundo
3655 2023 3732 2084 de
3760 2041 3971 2104 poena,
4129 2043 4218 2102 37

2443 2129 2633 2191 quam
2663 2110 2778 2171 sibi
2807 2114 3070 2173 testator
3112 2113 3446 2192 imposuit,
3498 2115 3548 2177 si
3585 2116 3758 2194 prius
3786 2122 3976 2180 testa·
4080 2168 4203 2221 Qum
4249 2182 4261 2213 ¹

2441 2208 2723 2265 mentum
2750 2209 3098 2281 revocaret,
3131 2209 3202 2267 ιιι
3228 2205 3279 2267 si
3311 2207 3515 2286 dicat,
3549 2210 3845 2288 promitto
3873 2228 3973 2272 me
4067 2235 4189 2277 arvo
4209 2203 4261 2265 {a

2440 2315 2565 2357 non
2592 2301 3031 2358 revocaturum
3062 2296 3183 2359 hoc
3210 2303 3655 2363 testamentum
3680 2349 3696 2379 ,
3730 2304 3898 2383 quod
3923 2303 3975 2364 si
4023 2287 4261 2374 ΡωἻιῖζῖΪ

2437 2407 2837 2465 revocavere,
2870 2389 3109 2451 solvam
3137 2390 3372 2453 hoeredi
3399 2394 3567 2454 mille
3588 2396 3685 2456 vel
3716 2413 3790 2455 ex
3811 2414 3976 2458 nunc

2438 2482 2597 2543 facio
2629 2481 2685 2542 ei
2713 2475 3114 2544 donationem
3142 2483 3307 2546 inter
3334 2485 3529 2550 vivos
3580 2489 3832 2550 Certum
3857 2494 3971 2566 est,

2440 2593 2579 2636 eam
2601 2592 2854 2653 poenam
2883 2593 3008 2635 non
3038 2575 3315 2655 obligare
3339 2623 3356 2654 ,
3403 2579 3511 2639 sed
3561 2579 3802 2642 irritam
3840 2601 3976 2643 esse

2437 2671 2695 2746 propter
2721 2667 3074 2729 libertatem
3101 2671 3481 2748 testamenti,
3515 2690 3590 2732 ex
3617 2673 3740 2752 leg.
3777 2674 3981 2755 Stupu-

2439 2760 2579 2821 latio
2607 2759 2713 2821 Ιιοι·
2729 2759 2896 2821 modo
2917 2770 3217 2842 concepta,
3255 2764 3316 2823 ff.
3349 2762 3421 2823 de
3460 2764 3763 2827 verborum
3792 2767 3971 2849 obliy.

2436 2859 2508 2916 ut
2534 2853 2760 2915 docent
2786 2872 3024 2931 omnes,
3059 2873 3216 2934 quos
3244 2856 3516 2919 afferunt
3541 2863 3605 2920 et
3623 2866 3977 2940 sequuntur

2439 2946 2670 3008 Sanch.
2705 2945 2768 3008 d.
2802 2963 2942 3023 cap.
2975 2947 3020 3007 1.
3055 2946 3206 3010 dub.
3237 2963 3417 3009 xvm.
3450 2954 3513 3011 et
3541 2952 3775 3014 Melina
3803 2952 3965 3033 disp.

2438 3057 2553 3102 cm.
2585 3041 2640 3120 §-
2676 3038 2928 3099 Dubium
2956 3048 3059 3101 est.
3081 3040 3292 3121 Aliqui
3313 3046 3521 3102 tamen
3553 3042 3673 3105 hoc
3702 3045 3976 3107 limitant
4056 3110 4063 3116 ,

2436 3133 2662 3213 primo,
2720 3137 2790 3194 ut
2838 3132 3039 3194 solum
3092 3133 3426 3213 procedat,
3485 3136 3738 3216 quando
3783 3157 3975 3219 poeta

2435 3225 2727 3305 adjicitur
2754 3226 3138 3287 revocationi
3173 3227 3363 3289 totius
3399 3232 3794 3309 testamenti,
3845 3252 3972 3295 non

2429 3337 2579 3380 vero
2625 3318 2678 3379 si
2720 3317 3051 3397 adjiciatur
3096 3321 3485 3382 revocationi
3523 3323 3709 3384 unius
3751 3324 3966 3404 legati.

2434 3411 2553 3473 Alii
2599 3411 2869 3472 limitant
2923 3412 3196 3472 secundo
3216 3459 3232 3489 ,
3292 3418 3363 3474 ut
3414 3432 3539 3475 non
3578 3417 3881 3496 procedat
3917 3419 3972 3480 si

2433 3522 2621 3584 poena
2636 3502 2966 3583 adjiciatur
2985 3503 3044 3562 in
3065 3504 3342 3565 favorem
3355 3507 3969 3587 eausaepiae.ntram-

2431 3616 2553 3677 que
2582 3600 2793 3657 tamen
2822 3596 3259 3658 limitationem
3289 3597 3495 3678 rejicit
3538 3598 3699 3662 bene
3738 3604 3973 3664 Covar-

2428 3690 2661 3767 ruvias,
2686 3707 2874 3769 quem
2902 3689 3184 3769 sequitur
3212 3691 3442 3753 Sanch.
3478 3692 3566 3754 ibi
3594 3713 3701 3757 nu.
3726 3697 3786 3759 3.
3814 3698 3968 3777 quia

2430 3783 2585 3844 ratio
2616 3783 2771 3861 legis
2801 3781 3021 3842 eadem
3051 3785 3167 3846 est.

2510 3875 2781 3936 Dubium
2810 3880 3021 3935 tamen
3050 3879 3181 3951 est,
3229 3893 3309 3935 an
3338 3876 3391 3937 si
3436 3877 3770 3957 adjiciatur
3788 3883 3964 3962 jura·
4132 3907 4230 3967 33

2427 3974 2707 4030 mentum
2737 3966 3024 4028 solutioni
3056 3984 3281 4045 poenae,
3316 3968 3619 4032 debeatur
3647 3991 3835 4051 poena
3862 3994 3965 4035 ra·
4156 4032 4170 4043 ,

2425 4062 2593 4122 tione
2614 4059 3005 4140 juramenti?
3031 4061 3232 4138 Negat
3268 4062 3679 4125 Covarruvias
3707 4066 3767 4125 in
3794 4066 3958 4130 rubr.
4031 4030 4261 4138 ρὲωζιιῗιίι

2427 4152 2497 4213 de
2524 4152 2895 4227 testamentis,
2929 4170 3065 4230 par.
3098 4167 3168 4211 11.
3195 4171 3257 4213 n.
3293 4156 3388 4213 16.
3423 4172 3565 4214 cum
3598 4156 3733 4218 aliis
3756 4204 3771 4234 ‚
3806 4178 3963 4239 quos
4013 4138 4261 4236 ”1233ss

2427 4249 2627 4319 ass'ert,
2663 4243 2889 4323 quibus
2917 4242 3165 4304 videtur
3191 4243 3403 4305 favere
3434 4247 3664 4313 Sanch.
3688 4249 3796 4312 lib.
3830 4253 3876 4313 1.
3902 4252 3962 4312 in
4109 4257 4261 4301 Μ’*

2428 4336 2704 4417 Decoloq.
2737 4336 2896 4414 disp.
2931 4351 3122 4397 xxxn.
3159 4355 3329 4398 num.
3364 4342 3463 4400 21.
3499 4339 3710 4401 dicens
3735 4389 3750 4418 ‚
3789 4345 3963 4422 jura-

2427 4435 2708 4491 mentum
2753 4445 2957 4505 poenae
2999 4429 3316 4489 solvenda}
3360 4432 3752 4509 sponsalibus
3793 4437 3962 4516 adje-

2428 4527 2544 4585 ctae
2599 4539 2724 4583 non
2781 4521 3081 4599 obligare.
3133 4522 3254 4582 Alii
3309 4526 3523 4584 tamen
3578 4528 3962 4604 probabilius

2428 4614 2782 4676 concedunt
2808 4612 3088 4692 obligare
3117 4661 3132 4690 ,
3166 4619 3231 4676 et
3258 4615 3410 4675 dare
3449 4618 3556 4696 jus
3585 4638 3661 4679 ex
3693 4619 3957 4700 justitia,

2428 4708 2575 4788 quia
2602 4705 3080 4785 promissionem
3108 4709 3439 4770 confirmat
3465 4709 3527 4769 in
3551 4713 3793 4774 ratione
3821 4733 3961 4794 pro-

2426 4798 2772 4870 missionis3
2806 4810 3006 4878 quam
3037 4802 3410 4861 sententiam
3439 4808 3612 4864 tenet
3639 4823 3782 4866 cum
3822 4808 3961 4868 aliis

2425 4893 2658 4955 Molina
2685 4892 2847 4970 disp.
2881 4907 2993 4953 cm.
3027 4892 3084 4970 ἓ.
3117 4891 3259 4977 qu
3299 4913 3414 4954 non
3455 4894 3688 4974 dubito,
3723 4904 3785 4960 et
3811 4918 3956 4978 pro-

2428 4986 2635 5047 babile
2664 4984 2814 5044 satis
2842 5003 2976 5045 esse
3005 4986 3237 5046 fatetur
3258 4987 3539 5047 Sanchez
3568 4992 3850 5068 proxime
3871 4993 3961 5052 ci-

2431 5082 2593 5140 tatus
2623 5097 2728 5137 nu.
2759 5078 2858 5137 20.
2894 5077 2955 5136 in
2984 5077 3108 5137 fine
3131 5123 3147 5154 ‚
3185 5096 3388 5157 neque
3417 5079 3548 5158 ipse
3577 5085 3960 5146 contrarium

2429 5171 2632 5246 docet,
2667 5169 2812 5248 quia
2836 5169 2985 5230 licet
3010 5170 3088 5230 de
3116 5189 3305 5250 poena
3335 5174 3716 5251 sponsalium
3748 5175 3960 5256 jurata

2429 5264 2598 5325 dicat
2625 5281 2746 5322 non
2779 5261 3016 5338 deberi,
3052 5262 3112 5322 id
3143 5268 3355 5324 tamen
3384 5265 3629 5343 probat,
3656 5268 3802 5346 quia
3819 5270 3960 5331 talis

2428 5353 2754 5435 promissio
2785 5353 3151 5431 prohibetur
3193 5360 3450 5434 propter
3477 5356 3713 5419 bonum
3754 5359 3963 5438 publi-

2428 5467 2572 5510 cum
2592 5494 2607 5519 ,
2640 5450 2703 5509 et
2731 5447 2961 5507 damna
3002 5446 3252 5525 publica
3281 5467 3422 5528 quae
3455 5468 3530 5510 ex
3557 5452 3958 5516 matrimonio
