4263 6376
598 1490 703 1548 171

592 2516 706 2574 172

493 2642 684 2685 Faculta-
703 2654 787 2697 ap-

507 2695 702 2752 pellandi,
723 2707 775 2739 au

509 2751 769 2795 concedatur.

844 197 963 256 736

842 376 1099 434 torturae
1127 361 1432 448 saeculari,
1464 373 1642 451 cujus
1688 371 2052 432 exercendae
2094 369 2385 451 peritiam

845 483 968 526 non
1000 465 1234 528 hahent
1251 464 1546 544 religiosi,
1593 464 1828 524 servari
1871 467 2077 543 potest
2124 481 2382 524 consue-

847 558 1018 635 tudo,
1042 559 1148 619 ubi
1181 558 1389 634 fuerit,
1422 557 1635 618 utendi
1655 557 1937 618 ministro
1967 557 2127 618 laico
2156 556 2378 635 perit0,

843 655 911 712 ut
970 669 1113 710 cum
1168 650 1304 710 aliis
1359 651 1632 711 fatentur
1686 651 1866 711 Suar.
1929 649 1990 710 d.
2039 669 2102 709 n.
2164 653 2262 709 44.
2325 651 2387 708 et

843 742 1071 804 Sanch.
1107 742 1167 803 d.
1206 743 1354 803 dub.
1407 760 1475 802 11.
1512 761 1572 803 n.
1615 745 1709 816 15,
1762 742 1871 802 ubi
1921 761 1982 802 n.
2033 745 2127 802 12.
2178 745 2241 802 et
2283 744 2376 803 13.

840 838 1036 911 notat,
1071 838 1214 896 ante
1243 839 1547 897 torturam
1565 853 1697 895 esse
1716 835 1989 895 dandam
2019 834 2106 895 illi
2137 835 2383 913 copiam

839 928 1116 1004 testium,
1179 931 1241 990 et
1282 928 1621 989 terminum
1659 927 2077 1000 defensionis;
2122 945 2246 987 non
2295 929 2382 989 ta-

840 1039 984 1080 men
1015 1020 1245 1080 debere
1277 1025 1419 1082 ante
1476 1024 1785 1082 torturam
1831 1019 2189 1099 degradari,
2236 1038 2385 1082 con-

839 1115 938 1172 tra
970 1111 1194 1173 Rosell.
1230 1113 1404 1174 verb.
1438 1111 1802 1193 deqradetio‚
1837 1116 1900 1173 et
1927 1111 2078 1173 dub.
2111 1130 2197 1173 v1.
2225 1131 2285 1173 n.
2319 1116 2377 1174 9.

840 1208 1035 1282 notat,
1069 1205 1320 1284 quando
1353 1224 1474 1267 non
1506 1205 1869 1284 proceditur
1898 1225 2010 1284 per
2029 1204 2383 1284 inquisitio·

843 1317 1008 1375 nem,
1045 1298 1153 1358 sed
1185 1297 1308 1358 alia
1337 1298 1460 1375 via,
1487 1318 1667 1377 posse
1688 1297 2045 1377 religiosum
2076 1297 2379 1377 torqueri,

841 1392 1030 1451 etiam
1060 1410 1182 1451 non
1214 1391 1608 1470 praecedente
1637 1391 1915 1453 infamia.

923 1484 1146 1557 Quinto
1194 1484 1650 1545 advertendum
1711 1489 1824 1560 est,
1878 1484 1940 1543 in
1985 1488 2208 1545 neutra
2254 1483 2378 1558 via,

745 1628 793 1657 n·
842 1576 971 1636 sive
1001 1575 1421 1655 inquisitionis
1468 1575 1600 1635 sive
1637 1575 2129 1637 denuntiationis
2180 1577 2384 1654 impo-

720 1680 772 1710 η·
843 1668 1115 1728 nendam
1165 1688 1302 1731 esse
1351 1668 1708 1747 religiosam
1765 1686 2018 1747 poenam
2074 1669 2383 1746 integram

841 1761 1221 1823 ordinariam
1250 1761 1544 1837 criminiS,
1570 1765 1638 1822 ut
1667 1761 1850 1822 docet
1877 1780 2019 1822 cum
2051 1761 2186 1821 aliis
2213 1761 2381 1821 idem

841 1854 1069 1916 Sanch.
1106 1854 1214 1929 ihi,
1249 1855 1310 1915 d.
1346 1871 1415 1915 11.
1450 1874 1511 1915 n.
1547 1857 1644 1914 22.
1679 1858 1741 1915 et
1771 1854 1831 1914 d.
1866 1873 1925 1914 ν.
1963 1874 2026 1916 n.
2064 1857 2159 1915 10.
2212 1853 2381 1933 quod

837 1952 1047 2008 tamen
1076 1947 1138 2006 in
1167 1946 1270 2006 via
1297 1946 1711 2025 inquisitionis
1742 1947 1918 2023 fallit,
1955 1947 2207 2026 quando
2237 1966 2380 2007 reus

838 2039 1156 2099 confessus
1212 2044 1307 2100 est
1361 2038 1679 2115 delictum,
1732 2043 1800 2101 ut
1853 2043 2181 2101 notaverat
2234 2039 2373 2100 eod.

835 2131 878 2191 l.
914 2148 999 2192 v1.
1033 2150 1087 2191 c.
1123 2148 1216 2193 111.
1252 2132 1314 2193 d.
1347 2135 1446 2193 40.
1481 2151 1545 2192 n.
1579 2136 1638 2192 2.
1691 2132 1753 2191 in
1800 2132 1904 2193 via
1941 2136 2152 2194 autem
2189 2150 2379 2192 merae

838 2223 1324 2284 denuntiationis
1354 2243 1542 2302 poena
1570 2229 1664 2286 est
1704 2225 2113 2301 moderanda,
2168 2225 2381 2288 docuit

838 2334 914 2376 ex
970 2335 1024 2377 c.
1072 2333 1139 2377 11.
1181 2316 1331 2377 dub.
1389 2333 1501 2377 x11.
1557 2317 1702 2396 quia
1747 2318 1808 2376 in
1855 2321 2075 2379 neutro
2107 2336 2253 2378 casu
2287 2323 2381 2378 est

839 2414 1166 2470 accusator
1194 2408 1294 2468 cui
1323 2408 1605 2469 satisfieri
1629 2409 1876 2471 debeat.

920 2503 1104 2563 Sexto
1123 2501 1578 2563 advertendum
1602 2505 1712 2578 cst,
1746 2502 1891 2563 licet
1912 2503 2266 2582 appellandi
2285 2504 2377 2562 fa-

837 2594 1036 2655 cultas
1067 2593 1144 2654 de
1167 2594 1311 2674 jure
1342 2595 1660 2655 communi
1689 2600 2022 2674 competat,
2071 2596 2376 2674 religiosis

838 2691 1046 2748 tamen
1080 2705 1204 2748 non
1235 2706 1482 2767 semper
1511 2693 1886 2767 competere.
1910 2690 1977 2749 In
2011 2707 2134 2768 quo
2162 2694 2371 2751 tamen

836 2798 1068 2859 magna
1098 2785 1192 2840 est
1218 2780 1666 2842 sententiarum
1693 2781 1963 2842 varietas
1992 2786 2249 2860 propter
2278 2781 2371 2842 di-

835 2891 1014 2933 versa
1038 2872 1183 2954 jura
1212 2872 1557 2949 Pontificia,
1609 2877 1672 2935 et
1717 2872 2067 2952 privilegia,
2113 2892 2252 2953 quae
2297 2874 2374 2934 de

837 2964 957 3025 hoc
987 2966 1347 3043 loquantur.
1384 2965 1735 3044 Aliquando
1769 2966 1936 3025 enim
1963 2966 2213 3028 videtur
2242 2984 2375 3027 om-

835 3058 934 3118 nis
963 3056 1298 3137 appellatio
1326 3057 1632 3135 religiosis
1663 3059 1881 3136 negari
1914 3076 1930 3122 1
1964 3058 2053 3119 sic
2085 3060 2251 3119 enim
2282 3059 2376 3119 di-

833 3151 993 3213 citur
1020 3149 1083 3210 in
1115 3166 1167 3210 c.
1203 3149 1692 3231 reprehensibiles.
1727 3149 1798 3211 de
1824 3150 2103 3233 appellat.
2121 3151 2217 3213 his
2238 3172 2375 3214 ver-

830 3243 928 3305 bis
963 3263 975 3304 :
1018 3266 1048 3300 «
1077 3243 1446 3320 Statuimus,
1481 3246 1557 3305 ne
1607 3244 1869 3324 subjecti
1929 3251 2146 3307 contra
2188 3247 2375 3308 disci-

830 3336 1065 3416 plinam
1095 3337 1584 3397 ecclesiastic-am
1604 3338 1666 3397 in
1696 3357 1914 3399 vocem
1937 3340 2373 3419 appellationis

829 3433 1179 3507 erumpant.
1214 3452 1242 3487 υ
1283 3434 1344 3491 et
1372 3434 1591 3507 postea
1622 3431 1874 3492 additur
1906 3452 1918 3492 :
1983 3455 2011 3489 «
2050 3434 2371 3512 Praecipue

829 3540 977 3582 vero
1009 3522 1128 3582 hoc
1156 3521 1218 3580 in
1249 3522 1553 3600 religiosis
1582 3524 1870 3585 volumus
1918 3525 2258 3604 observari,
2294 3546 2370 3587 ne

826 3614 1122 3694 religiosi,
1157 3632 1299 3675 cum
1330 3634 1442 3693 pro
1462 3615 1670 3695 aliquo
1702 3635 1959 3679 excessu
1989 3619 2220 3681 fuerint
2238 3638 2369 3680 cor-

826 3706 1092 3786 rigendi,
1127 3712 1346 3768 contra
1374 3708 1727 3787 regularem
1756 3710 1994 3787 praelati
2024 3711 2143 3789 sui,
2178 3718 2241 3775 et
2270 3731 2370 3773 ca-

825 3892 1163 3968 humiliter,
1223 3911 1294 3952 ac
1338 3894 1561 3955 devote
1621 3896 1982 3974 suscipiant,
2036 3897 2207 3975 quod
2255 3916 2367 3976 pro

825 3985 1023 4046 salute
1052 4004 1164 4045 sua
1194 3985 1382 4048 fuerit
1428 3985 1664 4046 eisdem
1712 3988 2086 4066 injunctum.
2133 4012 2160 4047 »
2212 3992 2366 4051 Item

823 4077 883 4136 in
915 4096 969 4139 c.
1003 4076 1109 4138 Ad
1129 4086 1410 4154 nostram,
1442 4077 1565 4139 eod.
1621 4080 1711 4140 tit.
1762 4080 2111 4160 injungitur
2151 4082 2363 4144 abbati

824 4170 1095 4247 cuidam,
1128 4173 1197 4231 ut
1224 4170 1371 4232 licet
1398 4171 1725 4249 religiosus
1768 4173 2083 4252 appellare
2128 4193 2368 4252 praesu-

822 4266 973 4339 mat,
1036 4281 1180 4323 eum
1218 4264 1399 4342 juxta
1446 4264 1543 4323 sui
1611 4264 1846 4325 ordinis
1904 4265 2364 4328 institutionem

822 4355 1104 4433 castiget.
1139 4356 1237 4416 Ad
1267 4357 1435 4434 quod
1465 4357 1654 4416 etiam
1685 4358 1834 4419 facit
1861 4348 1915 4419 c.
1950 4357 2135 4421 Licet.
2175 4359 2246 4420 de
2271 4362 2367 4442 of-

819 4448 921 4529 fi'0.
957 4447 1265 4508 ordinarii.
1302 4448 1629 4510 Accedunt
1647 4450 1973 4530 privilegia
2013 4454 2212 4514 multa
2265 4471 2365 4514 su-

819 4560 932 4621 per
961 4544 1080 4602 hoc
1108 4560 1405 4602 concessa
1432 4561 1470 4602 a
1497 4543 1901 4605 Pontificibus
1944 4546 2156 4606 multis
2201 4548 2363 4607 ordi-

819 4635 1004 4694 nibus
1025 4634 1354 4714 religiosiS,
1388 4640 1458 4697 ut
1487 4636 1637 4695 nulli
1672 4655 1888 4697 eorum
1917 4637 2103 4700 liceat
2145 4639 2223 4699 ab
2272 4641 2365 4700 in—

817 4727 1074 4804 stitutiS,
1136 4728 1659 4806 ordinationibuS,
1710 4732 2201 4793 correctionibus
2225 4780 2241 4810 ,
2303 4739 2365 4795 ct

817 4821 1131 4882 mandatis
1181 4821 1436 4899 capituli
1477 4823 1828 4902 generalis,
1882 4830 1990 4885 aut
2049 4827 2361 4905 generalis

691 4906 696 4911 ’
815 4913 1077 4993 praelati,
1110 4919 1219 4975 aut
1247 4914 1513 4975 aliorum
1539 4918 1956 4995 superiorum,
2010 4919 2090 4978 ad
2141 4938 2363 4999 quem-

815 5025 1108 5087 cumque,
1142 5008 1330 5069 etiam
1390 5008 1471 5069 ad
1507 5027 1822 5070 summum
1870 5011 2238 5073 Pontificem
2301 5018 2362 5076 et

814 5102 1031 5162 sedem
1060 5101 1510 5181 Apostolicam,
1546 5102 1663 5162 nisi
1710 5104 1786 5163 de
1825 5104 2080 5182 speciali
2126 5108 2360 5167 summi

817 5194 1133 5256 Pontificis
1164 5194 1418 5256 licentia
1446 5197 1762 5275 appellare
1784 5217 1799 5271 3
1821 5202 1884 5257 et
1905 5200 2358 5276 appellationes

815 5287 1086 5365 desuper
1110 5306 1225 5365 pro
1255 5292 1539 5366 tempore
1581 5289 1986 5368 interpositae,
2043 5297 2104 5354 et
2147 5295 2357 5355 omnia

812 5380 960 5440 inde
1003 5384 1215 5442 secuta
1260 5381 1437 5443 irrita
1482 5382 1919 5445 declarantur:
1961 5384 2046 5447 ita
2088 5388 2359 5449 refertur

1993 192 2094 252 DE
2137 191 2492 255 JUSTITIA
2537 192 2638 252 ET
2679 192 2879 254 man·

2484 369 2548 429 in
2577 366 2911 449 compendio
2930 367 3210 448 privileq.
3254 378 3475 428 nostroe
3505 369 3827 442 sociemus,
3854 371 3996 430 verb.

2483 459 2820 542 appellatio,
2853 462 2908 538 ἓ.
2945 478 3012 522 11.
3058 459 3163 521 ubi
3209 460 3440 522 dicitur
3479 461 3545 521 id
3590 480 3945 522 concessum
3973 484 3996 523 a

2481 555 2647 617 Julio
2678 556 2753 616 II.
2781 553 3106 616 Canonicis
3150 555 3215 614 S.
3279 554 3649 630 SalvatoriS,
3706 555 3813 614 nbi
3860 562 3995 628 nota,

2483 647 2647 708 hanc
2684 647 2872 707 fuisse
2928 646 3162 708 bullam
3220 651 3283 708 et
3336 647 3609 707 habetur
3648 648 3717 706 in
3774 648 4000 708 Bullario

2484 740 2804 801 communi
2835 743 2988 800 tom.
3052 756 3096 799 1.
3143 739 3325 799 Bulla
3365 756 3511 800 xxx.
3560 739 3852 818 ejusdem
3886 740 4003 801 Julii

2481 833 2538 911 ξ.
2574 849 2685 892 xn.
2722 830 2899 911 cujus
2928 831 3246 891 Pontificis
3275 836 3449 893 extat
3470 831 3717 891 ibidem
3747 832 3866 892 alia
3890 832 4005 891 Bul·

2483 924 2565 1000 la,
2600 943 2739 1003 quae
2769 928 2862 984 est
2887 940 2997 985 ΧΠ.
3030 925 3085 1003 ἓ.
3121 940 3302 985 xvm.
3348 943 3476 1003 qua
3518 924 3644 985 hoc
3684 925 3852 984 idem
3889 943 4004 984 coa-

2486 1016 2730 1077 ceditur
2784 1016 3123 1077 Olivetanis
3171 1017 3526 1077 monachis,
3594 1017 3778 1077 Idem
3848 1019 4002 1078 etiam

2486 1109 2793 1170 concessit
2818 1110 3058 1188 Eugen.
3107 1112 3211 1171 IV.
3258 1128 3373 1189 per
3423 1109 3672 1170 bullam
3729 1112 4000 1190 congreg.

2486 1202 2549 1262 S.
2605 1202 2889 1278 Justinae,
2925 1221 3064 1280 quae
3105 1202 3277 1263 bulla
3322 1202 3606 1263 habetur
3646 1203 3713 1262 in
3770 1203 4001 1264 Bullario

2485 1294 2868 1373 regularium
2912 1296 3083 1373 apud
3128 1295 3385 1374 Rodrig.
3441 1299 3505 1356 et
3549 1301 3648 1356 est
3703 1295 3873 1355 bulla
3935 1312 3999 1355 11.

2484 1385 2766 1467 ejusdem
2795 1389 3060 1467 Eugenii
3090 1407 3150 1449 n.
3202 1404 3247 1449 1.
3284 1393 3345 1449 et
3403 1390 3748 1450 confirmat
3779 1391 3999 1468 Gregor.

2485 1482 2643 1542 XIII.
2678 1482 2855 1559 cujus
2883 1481 3055 1542 bulla
3107 1487 3203 1543 est
3234 1498 3362 1542 xvl.
3422 1481 3718 1560 ejusdem
3762 1482 4003 1560 Gregorii

2482 1574 2537 1652 ς.
2575 1591 2660 1635 w.
2695 1573 2759 1633 in
2788 1574 3063 1634 Bullario
3089 1575 3409 1635 communi
3438 1579 3596 1635 tom.
3650 1591 3725 1635 11.
3768 1580 3832 1635 et
3871 1575 4003 1634 idem

2482 1665 2791 1727 concessit
2818 1667 3401 1728 Camaldulensibus
3444 1670 3575 1729 Leo
3625 1670 3707 1729 X.
3750 1687 3864 1748 per
3900 1667 4003 1726 bul-

2480 1759 2629 1836 lam,
2663 1779 2803 1839 quae
2833 1764 2927 1821 est
2952 1776 3022 1821 11.
3058 1761 3332 1840 ejcsdem
3359 1762 3599 1822 Leonis
3624 1761 3689 1839 5.
3723 1778 3780 1821 x.
3836 1763 3895 1820 in
3926 1779 4005 1820 eo-

2482 1851 2626 1912 dem
2652 1852 2925 1913 Bullario
2957 1854 3296 1914 communi.
3336 1853 3619 1915 Additur
3648 1855 3717 1913 in
3748 1853 4004 1914 (1101010-

2480 1961 2554 2005 co
2601 1945 2793 2006 nostri
2859 1946 3216 2024 compendii
3263 1948 3326 2008 d.
3386 1947 3450 2024 §.
3502 1963 3578 2007 11.
3625 1946 4003 2025 privilegium

2480 2054 2847 2099 concessum
2876 2039 3412 2116 cisterciensibus„
3449 2043 3522 2100 ut
3550 2059 3590 2099 a
3623 2040 3930 2114 Gener-ali,
3956 2045 4009 2098 et

2477 2129 2902 2192 visitatoribus
2930 2149 3044 2211 per
3070 2131 3275 2211 ipsum
3302 2133 3659 2212 deputatis,
3699 2132 3783 2192 ab
3821 2150 4003 2193 eornm

2479 2220 3027 2285 reformationibus
3055 2243 3164 2285 seu
3186 2225 3691 2286 correctionibus
3720 2225 4003 2304 appellare

2480 2334 2604 2377 non
2648 2317 2887 2395 possint
2912 2317 3166 2391 subditi,
3229 2320 3420 2379 ctiam
3460 2318 3544 2378 ad
3593 2318 3819 2378 sedem
3875 2321 4004 2396 Apo-

2476 2410 2761 2471 stolicam
2802 2455 2818 2487 ,
2909 2410 3027 2470 nisi
3133 2429 3170 2471 a
3270 2411 3566 2473 Generali
3692 2430 4003 2489 congrega-

2477 2503 2669 2580 tione,
2703 2507 2765 2563 et
2812 2503 2875 2562 in
2970 2521 3116 2565 casu
3186 2505 3516 2584 denegatae
3582 2503 3872 2584 justitiae,
3920 2509 4003 2563 aut

2477 2614 2592 2674 pro
2666 2597 2916 2657 notoria
2973 2597 3201 2676 injuria
3232 2643 3248 2675 ,
3324 2598 3444 2658 sub
3519 2616 3723 2676 poena
3783 2615 4000 2658 excom-

2474 2687 2916 2751 municationis
2999 2690 3133 2750 sedi
3204 2690 3590 2769 Apostolieae
3664 2697 3997 2751 resen-nz-

2478 2782 2657 2853 Quod
2704 2782 2936 2843 citatur
2979 2801 3056 2843 ex
3117 2784 3590 2863 manuscriptiS,
3656 2790 3726 2844 et
3771 2785 4003 2843 refertur

2474 2874 2665 2934 etiam
2695 2875 2863 2954 apud
2894 2877 3075 2938 Suar.
3111 2880 3259 2937 tom.
3298 2893 3385 2937 1v.
3412 2876 3485 2937 de
3512 2876 3828 2957 reliytbne,
3848 2881 3999 2938 tract.

2476 2968 2606 3029 VII.
2641 2969 2682 3028 l.
2718 2983 2786 3029 11.
2821 2985 2876 3029 c.
2909 2985 2995 3029 xl.
3029 2989 3090 3031 n.
3123 2974 3181 3030 2.
3217 2970 3325 3030 ubi
3368 2971 3498 3031 late
3533 2970 3617 3030 de
3654 2969 3782 3030 hoc
3819 2967 3999 3048 appel·

2473 3059 2725 3121 lationis
2764 3062 3071 3141 religiosae
3120 3065 3352 3141 puncto
3400 3063 3723 3142 disputat,
3774 3070 3835 3124 et
3862 3061 3998 3142 apud

2476 3153 2701 3215 Sanch.
2740 3154 2781 3216 l.
2816 3171 2902 3217 vl.
2937 3156 2996 3215 in
3025 3154 3285 3238 dec-eloy.
3321 3175 3375 3218 c.
3414 3173 3557 3218 vm.
3609 3176 3680 3218 n.
3730 3159 3862 3218 IOE.
3910 3157 3998 3216 ubi

2474 3247 2663 3307 etiam
2697 3267 2771 3308 ex
2796 3250 3077 3328 professo
3107 3250 3184 3310 de
3235 3250 3355 3311 hoc
3402 3250 3715 3329 disputat-
3777 3250 3890 3311 Sed
3923 3256 4002 3309 ta-

2472 3358 2617 3400 men
2649 3341 3104 3403 advertendum
3123 3348 3237 3419 est,
3264 3344 3345 3403 de
3364 3343 3485 3404 hoc
3518 3343 3999 3405 cisterciensium

2472 3433 2800 3513 privilegio
2832 3453 2959 3495 non
2989 3441 3306 3513 constare,
3342 3437 3517 3516 quod
3550 3438 3749 3498 fuerit
3785 3456 3887 3517 per
3916 3437 3999 3496 lit-

2469 3530 2636 3587 teras
2666 3544 3054 3604 concessum,
3089 3529 3215 3588 imo
3246 3528 3309 3588 in
3338 3529 3621 3608 quodam
3668 3530 3829 3591 libro
3870 3530 3999 3590 anti-

2471 3636 2594 3698 quo
2624 3619 3050 3698 manuscripto
3081 3620 3397 3682 invenitur
3427 3639 3811 3683 concessum
3836 3624 3996 3682 fnisse

2469 3729 2583 3788 per
2609 3711 2768 3772 vivae
2795 3711 2966 3773 vocis
2988 3713 3334 3774 oraculum.
3355 3715 3647 3794 Denique
3668 3718 3887 3776 Paulus
3904 3717 3994 3777 111.

2468 3803 2531 3862 in
2562 3803 2733 3864 bulla
2764 3822 2926 3866 anno
2961 3808 3134 3867 1549.
3181 3807 3423 3882 statuit,
3459 3825 3541 3867 ne
3586 3826 3870 3887 persona!
3903 3826 3997 3867 no-

2467 3898 2610 3957 strae
2643 3898 2957 3957 societatis
2985 3898 3227 3977 possint
3262 3920 3291 3955 «
3321 3918 3358 3960 a
3400 3902 3801 3962 correctione
3836 3920 3995 3979 regn·

2466 3986 2540 4048 1oe
2571 3988 2887 4050 societatis
2932 3992 3276 4051 secundum
3320 3992 3767 4055 ordinationes
3812 3996 3987 4067 Iactae,

2466 4084 2536 4142 ut
2563 4081 2744 4160 vigor
2772 4082 3115 4163 disciplinae
3160 4085 3383 4146 melius
3428 4092 3860 4162 conservetur,
3903 4105 3992 4164 ap-

2463 4174 2718 4253 pellare,
2752 4193 2860 4235 seu
2894 4177 3033 4238 talis
3075 4178 3409 4257 appellatio
3455 4198 3574 4258 per
3603 4181 3805 4241 ullum
3842 4179 3989 4259 judi—

2465 4285 2602 4327 cem
2633 4269 2896 4345 admitti,
2932 4274 3051 4332 etc.
3084 4294 3112 4328 υ

2543 4363 2633 4421 Ex
2677 4362 2801 4421 alia
2846 4365 3035 4424 etiam
3082 4369 3259 4443 parte
3318 4365 3734 4428 inveniuntur
3778 4369 3983 4449 aliqua.
4102 4388 4109 4437 ε

2468 4474 2606 4534 quae
2637 4460 2998 4535 supponunt
3044 4476 3167 4519 non
3217 4475 3471 4519 omnem
3523 4461 3983 4538 appellationem
4042 4511 4063 4550 f

2463 4548 2770 4627 religiosis
2828 4550 3225 4612 interdictam
3294 4571 3453 4614 esse.
3528 4556 3692 4613 Nam
3747 4556 3979 4632 Gregor.
4092 4572 4123 4601 υ

2464 4643 2620 4703 XIII.
2669 4642 2734 4703 in
2780 4644 3054 4722 quodam
3102 4649 3277 4706 motu
3325 4647 3582 4725 proprio
3615 4646 3980 4726 incipiente:

2466 4734 2750 4809 Quoniam
2794 4744 2992 4797 nostro
3013 4738 3342 4819 pastorali,
3402 4757 3570 4799 anno
3605 4743 3780 4801 1575.
3816 4758 3979 4820 quem

2461 4830 2643 4891 affort
2670 4830 2905 4891 Sorbus
2922 4830 2985 4890 in
3011 4830 3829 4914 C'ompendioprim'leqiorum
3857 4852 3985 4893 nea·

2460 4922 2776 4984 dic-anctum
2806 4925 2981 4985 verb.
3015 4925 3339 5005 appellare,
3394 4927 3461 4986 in
3499 4934 3718 4990 annot.
3754 4930 3909 4989 circa
3932 4929 3977 5007 g.

2459 5033 2502 5078 1.
2536 5017 2857 5096 prohibuit
2902 5018 3197 5079 fratribus
3226 5019 3582 5083 Minoribus
3611 5024 3729 5083 sub
3756 5040 3980 5083 excern-

2456 5110 2878 5171 municatione
2912 5112 3193 5173 Pontifici
3224 5120 3584 5191 reservata,
3617 5124 3680 5177 et
3710 5117 3841 5177 aliis
3867 5134 3979 5195 ρει*-

2457 5204 2552 5263 nis
2581 5204 2896 5284 appellare
2943 5206 3025 5266 ad
3054 5207 3390 5269 saecularia
3418 5210 3793 5283 nibunalim
3852 5229 3974 5271 con-

2457 5298 2643 5358 cessit
2687 5299 2897 5358 tamen
2945 5299 3442 5378 appellationem
3494 5305 3580 5365 ad
3622 5306 3971 5368 Generalem.

2456 5391 3008 5455 vclProtectorem
3057 5393 3152 5455 vel
3203 5397 3613 5461 Pontificem.
3672 5401 3789 5464 rbi
3824 5398 3973 5459 enam
