4263 6376
56 1581 131 1744 {ti

56 1758 176 1903 {3}

57 2226 113 2284 ὃ

56 2348 183 2498 22³

56 4799 137 4859 149

1195 276 1662 337 DISPUTATIO
1708 275 1923 373 XXlII,
1972 274 2245 335 SECTIO
2290 274 2364 333 X.

210 459 396 537 posset
422 458 675 535 petere,
719 459 782 515 et
812 453 1096 533 accipere
1127 453 1206 514 ab
1237 451 1474 513 eisdem
1504 451 1724 512 tutori-

207 552 635 629 buS,quantum
650 547 766 625 ipsi
784 545 1186 607 sufficeretad
1205 545 1502 606 alimenta
1515 543 1719 619 unius,

209 642 296 702 vel
322 641 569 702 alterius
601 640 746 699 anni
790 640 926 701 loco
959 639 1375 716 eleemosynae
1407 656 1532 716 qua
1560 636 1726 696 indi·

209 734 400 813 gebat.
431 732 563 793 Dixi
595 738 809 793 autem
840 750 980 793 eam
1014 731 1422 792 donationem
1454 735 1516 790 et
1543 729 1723 791 retri-

209 827 508 888 butionem
559 843 684 885 non
732 824 1036 885 excedere
1079 828 1456 903 potestatem
1503 821 1727 883 tutoris

209 922 427 980 attenta
450 918 781 997 aequitate,
816 920 879 978 et
907 917 1306 995 proportione
1335 932 1538 976 causae
1568 932 1729 993 prae-

212 1012 492 1087 cedentiS,
529 1011 646 1071 nisi
679 1011 836 1071 ferte
865 1010 1193 1070 facultates
1226 1009 1602 1087 pupillorum
1632 1025 1730 1067 es-

212 1108 336 1164 sent
359 1103 514 1164 adeo
545 1107 772 1163 tenues
796 1149 812 1178 ,
864 1109 931 1164 ut
959 1120 1097 1161 eam
1128 1102 1572 1163 liberalitatem
1603 1118 1726 1159 non

211 1197 649 1276 permitterent.
685 1198 866 1272 Nam,
899 1199 968 1256 ut
996 1213 1186 1274 supra
1217 1194 1376 1271 dixi,
1409 1193 1727 1273 proportio

213 1290 337 1349 haec
362 1293 421 1350 et
447 1288 775 1368 aequalitas
820 1306 942 1347 nnn
988 1288 1178 1349 debet
1223 1285 1602 1347 considerari
1631 1303 1730 1345 so-

213 1384 329 1443 lum
358 1400 429 1441 ex
456 1381 807 1460 quantitate
837 1380 964 1441 dati
1011 1385 1075 1441 et
1103 1379 1329 1439 redditi
1354 1426 1369 1455 ,
1403 1378 1511 1438 sed
1542 1378 1730 1438 etiam

216 1494 282 1535 ex
308 1473 665 1535 condittone
697 1478 759 1533 et
788 1479 952 1535 statu
979 1471 1402 1533 retribuentis

286 1569 595 1643 Parentes,
622 1567 675 1625 si
696 1565 1036 1627 inofficiose
1060 1564 1449 1633 donaverint,
1475 1563 1593 1624 hoc
1616 1567 1729 1640 est,

216 1662 273 1721 in
291 1659 722 1740 praejudicium
742 1658 1038 1737 legitima}
1055 1658 1348 1733 filiorum,
1384 1675 1600 1717 eorum
1631 1656 1735 1716 do-

217 1754 481 1815 nationes
527 1752 812 1812 revocari
860 1754 1118 1829 possunt
1159 1768 1198 1809 a
1226 1750 1367 1809 filiis
1418 1767 1432 1813 :
1492 1768 1614 1811 non
1645 1754 1734 1810 ta-

217 1864 346 1906 men
376 1850 467 1905 est
493 1845 771 1905 invalida
801 1844 1076 1916 donati0‚
1110 1842 1220 1902 sed
1252 1842 1476 1903 irritari
1506 1844 1728 1921 potest,

218 1943 279 1999 ut
302 1955 437 1999 cum
457 1939 752 1998 Panorm.
788 1940 849 1997 et
871 1936 1167 1997 Silvestre
1199 1934 1490 1995 observat
1519 1934 1736 1995 Rebel-

216 2031 302 2090 lus
326 2028 392 2090 de
416 2028 772 2110 oblt'9.just.
814 2049 876 2109 p.
913 2030 989 2089 11.
1040 2027 1148 2088 lib.
1183 2043 1322 2088 xm.
1379 2032 1598 2106 quaest.
1635 2030 1732 2091 11.

219 2142 314 2184 nu.
345 2125 400 2184 3.

288 2216 558 2294 Denique
576 2215 866 2292 princeps
889 2231 1179 2293 supremu
1190 2232 1237 2289 S,
1270 2211 1470 2292 qualis
1491 2215 1585 2272 est
1604 2230 1734 2285 rex,

221 2309 436 2369 donare
466 2307 725 2388 quidem
757 2309 963 2384 potest
983 2305 1164 2386 juxta
1193 2305 1616 2365 conditionem
1644 2303 1740 2363 sui

221 2407 434 2471 status;
493 2400 729 2478 poterit
767 2399 958 2459 etiam
1006 2402 1068 2458 et
1115 2398 1302 2458 debet
1340 2413 1739 2456 remunerare

221 2493 424 2555 merita
439 2491 860 2565 subditorum,
888 2490 1234 2569 praesertim
1256 2489 1305 2550 si
1329 2489 1390 2549 in
1410 2505 1739 2550 commune

220 2586 438 2647 bonum
476 2584 741 2659 cedant,
802 2586 870 2644 ut
910 2581 1222 2661 colligitur
1267 2600 1341 2641 ex
1389 2601 1445 2641 c.
1489 2578 1738 2655 Abbate,

221 2677 285 2740 de
306 2676 606 2752 sententia,
659 2684 717 2736 et
742 2694 807 2735 re
818 2673 1014 2755 judic.
1063 2674 1170 2736 lib.
1211 2691 1296 2735 v1.
1359 2692 1485 2735 non
1531 2678 1742 2733 tamen

220 2774 408 2848 potest
434 2769 690 2848 profuse
732 2768 967 2828 donare
1019 2766 1086 2826 in
1128 2784 1319 2844 grave
1368 2771 1430 2828 et
1471 2764 1743 2826 notabile

221 2862 644 2941 praejudicium
675 2864 872 2922 status
901 2864 964 2920 et
989 2859 1189 2937 regni,
1225 2863 1411 2938 atque
1441 2858 1581 2917 ideo
1611 2874 1747 2916 suc-

223 2972 481 3016 cessores
509 2956 810 3032 poterunt
839 2951 1145 3031 ejusmodi
1176 2951 1546 3011 donationes
1571 2966 1747 3009 revo-

223 3064 374 3121 care,
427 3052 496 3108 ut
523 3045 842 3124 colligitur
869 3064 944 3104 ex
974 3062 1028 3105 c.
1061 3042 1381 3119 Intellecta,
1414 3042 1484 3103 de
1506 3041 1748 3123 jureju-

224 3139 414 3216 rand0‚
447 3144 510 3201 et
536 3158 687 3201 cum
716 3138 851 3200 aliis
881 3137 1109 3217 probat
1125 3137 1357 3199 Melina
1383 3140 1554 3198 tomo
1585 3136 1632 3199 1.
1663 3139 1741 3196 tr.

225 3248 287 3293 11.
319 3233 472 3311 disp.
506 3235 606 3294 25.
644 3231 793 3310 quia
821 3229 989 3291 bona
1019 3248 1267 3291 coronae
1298 3234 1443 3291 sunt
1471 3247 1584 3289 suo
1616 3246 1751 3288 mo-

227 3325 298 3385 do
323 3324 663 3398 vinculata,
717 3327 780 3383 et
805 3322 940 3400 regi
986 3340 1285 3384 concessa
1331 3321 1411 3380 ad
1442 3320 1749 3381 defensio-

228 3435 358 3477 nem
386 3422 445 3478 et
472 3415 1083 3479 administrationem
1131 3413 1491 3493 reipublicae
1512 3461 1526 3490 ,
1581 3418 1643 3475 et
1668 3413 1749 3473 ad

229 3528 404 3571 onera
429 3511 524 3571 sui
576 3508 858 3569 muneris
901 3507 1286 3582 sustinenda,
1338 3525 1461 3566 non
1505 3524 1655 3566 vero
1685 3507 1755 3566 ut

230 3602 284 3660 in
334 3601 694 3679 reipublicae
751 3600 1196 3661 detrimentum
1268 3599 1747 3677 profundantur.

228 3694 411 3772 Magis
440 3699 655 3755 autem
687 3692 918 3754 debent
947 3691 1257 3771 ejusmodi
1289 3691 1658 3753 donationes
1686 3691 1753 3749 li·

229 3786 441 3862 mitari,
489 3785 746 3865 quando
778 3803 886 3845 rex
916 3784 1140 3845 debitis
1168 3789 1465 3863 gravatus
1494 3801 1618 3843 non
1649 3801 1756 3861 po-

232 3884 341 3940 test
368 3877 437 3939 iis
457 3878 645 3959 plane
667 3877 1026 3938 satisfacere
1061 3897 1074 3937 :
1109 3896 1232 3938 non
1255 3882 1465 3937 tamen
1487 3875 1580 3937 itav
1600 3875 1753 3935 dure

231 3987 362 4030 cum
391 3990 464 4032 eo
492 3972 598 4050 agi
627 3975 779 4031 tunc
809 3970 1031 4046 debet,
1081 3974 1148 4030 ut
1178 3969 1330 4028 nihil
1364 3970 1615 4030 omnino
1646 3967 1758 4027 do-

234 4080 370 4122 nare
396 4064 614 4142 possit.
650 4064 809 4122 Nam
825 4060 985 4122 sicut
1013 4062 1135 4121 alia
1158 4078 1298 4142 quae
1321 4060 1402 4121 ad
1432 4060 1759 4121 decentem

234 4160 414 4216 status
457 4157 979 4218 sustentationem
1028 4154 1380 4215 necessaria
1431 4160 1596 4228 sunt,
1657 4172 1761 4212 ex-

233 4248 490 4326 pendere
521 4253 753 4326 potest,
787 4266 911 4309 non
943 4247 1228 4308 obstante
1260 4265 1381 4307 aere
1414 4247 1614 4306 alieno
1638 4263 1760 4324 quo

234 4346 544 4417 gravatum
577 4342 664 4403 ita
688 4340 924 4401 donare
949 4340 1159 4419 aliqua
1180 4338 1427 4416 poterit,
1455 4338 1603 4399 licet
1620 4356 1762 4399 cum

237 4433 651 4495 moderatione
683 4433 927 4493 debita:
962 4432 1081 4493 hoc
1112 4432 1277 4491 enim
1309 4432 1492 4493 etiam
1527 4434 1767 4509 spectat

239 4524 312 4583 ad
337 4544 681 4604 congruam
704 4525 869 4604 regis
892 4525 1428 4598 sustentationem,
1465 4542 1611 4583 cum
1643 4541 1764 4582 non

241 4619 424 4695 possit
450 4620 627 4697 regia
676 4617 950 4696 dignitas
982 4618 1114 4677 sine
1158 4617 1546 4678 liberalitatis
1593 4635 1771 4676 exer-

243 4711 376 4771 citio
406 4712 710 4772 decenter
738 4711 1052 4771 sustineri.

321 4805 528 4866 Restat
561 4823 731 4865 nunc
757 4804 994 4880 videre,
1041 4807 1344 4882 quantum
1374 4803 1512 4883 quis
1538 4803 1771 4864 donare

75 4925 207 4969 aasz„
248 4896 433 4973 possit
487 4914 503 4960 t
566 4898 735 4958 circa
766 4896 933 4976 quod
979 4895 1305 4956 sciendum
1354 4900 1447 4957 est
1475 4895 1766 4968 breviter,

56 4983 198 5022 mim

56 5031 170 5084 ὗσε-ι.

251 4989 387 5048 olim
416 4990 492 5049 de
515 4993 662 5068 jure
693 4988 1007 5049 communi
1039 5007 1162 5048 non
1194 4989 1468 5067 potuisse
1489 4988 1775 5049 donatio-

254 5100 384 5140 nem
414 5083 690 5142 validam
721 5082 856 5141 fieri
878 5081 1039 5141 ultra
1067 5080 1364 5142 tricentos
1385 5081 1614 5142 solidos
1643 5099 1775 5141 sine

252 5173 660 5236 insinuatione
675 5173 871 5254 judici
895 5174 1080 5250 sacta,
1108 5173 1226 5234 hoc
1247 5178 1358 5243 est,
1396 5172 1563 5253 quod
1577 5171 1777 5253 judici

253 5267 754 5328 manifestaretur
781 5266 861 5326 ad
898 5266 1249 5326 cavendum
1279 5266 1647 5344 periculum,
1700 5284 1778 5325 ne

256 5358 415 5419 fraus
441 5366 552 5421 aut
578 5364 784 5421 metus
811 5359 910 5419 vel
940 5358 1089 5437 quid
1110 5358 1310 5418 simile
1339 5357 1774 5434 intercederet,

259 5455 322 5512 ut
345 5457 587 5514 constat
613 5471 687 5513 ex
716 5451 760 5513 l.
795 5450 1124 5526 Sancimus,
1158 5450 1221 5509 in
1250 5450 1413 5528 prin.
1446 5451 1512 5510 C.
1547 5448 1616 5510 de
1641 5448 1777 5515 don.

3272 272 3349 330 35

1824 450 1886 512 Si
1917 469 2064 511 vero
2114 451 2283 513 illam
2312 469 2623 512 summam
2665 449 3013 525 excederet,
3065 466 3191 510 non
3220 450 3355 509 erat

1821 543 2029 604 valida
2060 544 2311 606 donatio
2344 543 2559 623 quoad·
2599 560 2942 603 excessum.
3001 543 3225 602 Postea
3253 559 3355 600 ex·

1823 640 2000 699 tensa
2027 638 2145 699 fuit
2188 656 2436 699 summa
2480 637 2584 696 illa
2632 654 2827 715 usque
2875 634 2954 694 ad
3003 633 3355 713 quingenos

1823 729 2054 790 solidos
2083 730 2146 790 in
2174 730 2295 810 leg.
2331 733 2568 809 penult.
2605 731 2670 791 G.
2713 727 2837 789 eod.
2872 728 2963 789 tit.
3026 729 3113 787 De
3146 727 3353 786 valore

1825 828 2035 885 autem
2065 823 2428 895 solidorum,
2462 829 2524 885 et
2545 826 2847 903 quantum
2869 819 3359 898 correspondeat

1824 917 2106 995 pecuniae
2137 921 2386 991 nostrae,
2419 916 2551 994 agit
2576 917 2699 976 late
2720 915 2953 976 Melina
2982 932 3050 975 11.
3078 918 3163 975 te.
3190 912 3350 991 disp.

1824 1013 1961 1072 278.
1996 1028 2035 1070 a
2063 1030 2169 1071 nu.
2202 1014 2260 1070 2.
2309 1011 2385 1070 Et
2414 1009 2669 1088 quidem
2697 1008 2945 1070 videtur
2974 1006 3141 1086 quod
3171 1005 3353 1086 quin·

1826 1103 1967 1182 geni
2015 1102 2198 1163 solidi
2252 1102 2504 1163 valeant
2547 1101 2608 1161 in
2656 1105 2871 1161 nostra
2916 1099 3182 1180 pecunia
3210 1102 3349 1159 712.

1830 1195 2092 1274 Regales
2140 1195 2449 1272 Hispanos
2495 1212 2606 1254 seu
2633 1192 2832 1255 Julios
2879 1195 3211 1267 RomanOS,
3265 1194 3359 1251 at-

1830 1307 1949 1368 que
1978 1288 2118 1348 ideo
2150 1288 2273 1347 sint
2301 1289 2439 1347 7¹3.
2503 1287 2689 1348 Scuta
2710 1332 2725 1363 ,
2778 1305 2919 1364 quae
2948 1290 3251 1346 vocantur
3279 1282 3357 1342 de

1829 1387 2101 1456 moneta,
2156 1398 2422 1459 quorum
2464 1379 2709 1456 singula
2739 1379 2975 1439 faciunt
3002 1378 3219 1439 decem
3248 1378 3360 1438 Ju-

1828 1475 1944 1534 lios
1975 1476 2310 1547 RomanOS,
2360 1491 2470 1532 seu
2502 1472 2766 1550 Regales
2796 1472 3125 1550 Hispanos,
3178 1474 3241 1531 et
3267 1469 3361 1529 in·-

1832 1585 2018 1644 super
2046 1565 2204 1625 duos
2231 1565 2450 1626 Julios.
2511 1563 2607 1625 Ad
2637 1562 2799 1623 banc
2846 1568 3056 1624 autem
3085 1563 3362 1623 insinua-

1831 1658 2064 1718 tionem
2108 1657 2259 1717 satis
2305 1661 2400 1718 est
2443 1674 2808 1734 comparere
2852 1656 3222 1717 donatorem
3252 1673 3364 1734 per

1833 1770 1917 1823 se,
1950 1750 2049 1810 vel
2080 1768 2193 1828 per
2221 1754 2713 1828 procuratorem,
2749 1749 2874 1808 imo
2892 1767 3004 1827 per
3031 1749 3234 1827 ipsum
3257 1748 3364 1808 do-

1833 1841 2147 1903 natarium
2176 1860 2317 1902 cum
2347 1842 2642 1903 mandato
2675 1841 2995 1903 donatoris
3025 1859 3237 1902 coram
3261 1839 3365 1919 ju-

1835 1935 1994 2010 dice,
2056 1938 2118 1994 et
2160 1933 2643 1994 insinuationem
2690 1933 2892 2012 redigi
2939 1952 2976 1994 a
3015 1933 3258 1994 notario
3300 1932 3365 1992 in

1836 2029 2010 2103 actiS,
2060 2027 2208 2087 licet
2227 2025 2422 2105 judex
2451 2045 2575 2087 non
2606 2025 2823 2087 sedeat
2851 2026 2914 2086 in
2944 2025 3262 2101 tribunali,
3297 2029 3368 2086 ut

1836 2139 1978 2182 cum
2005 2122 2038 2181 J
2046 2119 2170 2179 ulio
2201 2119 2403 2195 Claro,
2459 2124 2522 2181 et
2550 2120 2685 2180 aliis
2733 2123 2908 2180 notat
2934 2119 3107 2179 idem
3135 2119 3369 2180 Melina

1836 2232 2008 2274 num.
2043 2214 2102 2273 3.
2141 2210 2287 2292 quia
2317 2230 2441 2271 non
2472 2215 2566 2272 est
2594 2216 2766 2272 actus
2797 2212 3223 2287 contentiosae,
3257 2209 3367 2271 sed

1837 2305 2205 2367 voluntariae
2227 2302 2701 2382 jurisdictionis,
2746 2309 2816 2365 ut
2844 2305 3135 2366 observat
3165 2323 3271 2364 nu.
3302 2307 3363 2364 4.

1839 2398 1995 2471 Quia
2020 2415 2167 2457 vero
2197 2396 2337 2456 finis
2368 2396 2519 2474 legis
2542 2414 2664 2455 non
2687 2396 3073 2458 obtineretur
3101 2397 3233 2457 sine
3252 2396 3371 2456 bac

1841 2489 2277 2564 insinuatione,
2325 2506 2446 2547 non
2500 2493 2704 2567 potest
2746 2489 3015 2551 donator
3042 2489 3189 2549 huic
3217 2488 3365 2567 legi,

1845 2603 1919 2644 ex
1949 2581 2320 2642 necessitate
2374 2582 2757 2658 renuntiare,
2814 2586 2883 2642 ut
2927 2600 3070 2642 cum
3100 2581 3371 2642 Antonio

1844 2679 2087 2738 Gomes.
2126 2680 2189 2735 et
2235 2673 2371 2733 aliis
2400 2674 2585 2734 docet
2613 2673 2779 2733 idem
2809 2674 3040 2735 Melina
3080 2693 3185 2735 nu.
3218 2678 3277 2734 7.
3314 2676 3375 2733 et

1842 2771 2098 2848 propter
2145 2766 2430 2826 eamdem
2477 2766 2786 2828 rationem
2831 2786 2958 2828 non
3005 2767 3124 2827 erit
3166 2766 3377 2827 valida

1843 2860 2096 2922 donatio
2129 2906 2145 2937 ,
2225 2859 2275 2919 si
2329 2859 2515 2919 simul
2563 2859 2768 2919 eidem
2825 2860 3020 2921 dones
3064 2860 3161 2921 bis
3204 2859 3374 2919 mille

1842 2953 2073 3015 solidos
2143 2952 2409 3013 dicendo
2436 2999 2451 3029 ,
2526 2956 2586 3014 te
2656 2953 2862 3013 facere
2934 2959 3203 3033 quatuor
3270 2952 3376 3013 do·

1847 3047 2149 3122 nationes,
2211 3045 2486 3124 singulas
2541 3064 2664 3105 non
2721 3046 3091 3107 excedentes
3147 3045 3377 3107 solidos

1846 3139 2199 3219 quingenos
2227 3142 2296 3199 ut
2324 3155 2467 3198 cum
2496 3138 2911 3201 Bartolomaeo
2944 3143 3006 3201 et
3031 3137 3167 3200 aliis
3197 3138 3393 3200 docet

1847 3253 1952 3293 nu.
1990 3236 2087 3293 Η.
3273 3279 3276 3284 .

1927 3324 2262 3385 Dubitatur
2314 3323 2537 3402 prim0‚
2594 3328 2807 3385 utrum
2859 3323 3143 3385 remissio
3186 3323 3381 3386 debiti
3532 3357 3648 3416 150

1849 3416 2206 3478 excedentis
2227 3417 2397 3476 illam
2419 3434 2728 3477 summam
2755 3417 3170 3479 insinuatione
3193 3417 3381 3477 etiam
3549 3481 3560 3491 ,

1848 3508 2172 3587 indigeat?
2200 3509 2582 3585 Communis,
2617 3513 2679 3569 et
2699 3528 2844 3569 vera
2870 3509 3179 3570 sententia
3212 3509 3381 3569 affir-
3463 3478 3705 3577 „3322ssss

1849 3606 2000 3678 mat,
2062 3601 2312 3681 quando
2360 3602 2637 3662 debitum
2689 3607 2783 3663 est
2821 3601 3126 3680 liquidum
3158 3605 3220 3662 et
3246 3620 3381 3661 cer-
3508 3587 3650 3631 “⁶¹¹³st

1847 3698 1982 3755 tum
2018 3714 2032 3754 :
2065 3694 2213 3771 quia
2243 3693 2344 3752 illa
2376 3699 2468 3754 est
2497 3694 2751 3754 donatio
2784 3712 2858 3753 ex
2889 3694 2929 3754 1.
2960 3693 3030 3754 ln
3055 3692 3292 3769 cedebas,
3322 3694 3384 3752 in

1852 3786 2049 3867 princ.
2085 3788 2149 3844 ff.
2184 3784 2253 3845 de
2280 3784 2412 3845 don.
2448 3786 2489 3847 l.
2524 3785 2601 3846 Si
2620 3784 2849 3862 mulier,
2884 3788 2947 3846 ff.
2974 3785 3042 3846 de
3069 3785 3391 3846 conditione

1855 3896 2030 3939 causa
2057 3876 2180 3937 dat.
2233 3877 2521 3938 videatur
2547 3880 2720 3940 Less,
2773 3897 2827 3938 c.
2864 3894 3045 3939 xvm.
3101 3879 3251 3939 dub.
3290 3882 3385 3940 13.

1860 3991 1920 4032 n.
1955 3974 2053 4032 98.
2088 3975 2151 4031 et
2178 3970 2410 4031 Melina
2438 3990 2544 4031 nu.
2582 3974 2679 4032 17.
2732 3977 2796 4033 et
2822 3971 3251 4050 sequentibuS,
3286 3970 3394 4050 qui

1861 4064 2016 4125 alios
2044 4063 2255 4123 refert.
2291 4062 2469 4124 Unde
2500 4063 2666 4123 idem
2696 4064 3029 4125 dicendum
3060 4069 3173 4141 est,
3208 4064 3261 4124 si
3287 4064 3396 4123 ali-

1863 4156 2013 4236 quid
2047 4156 2373 4216 venditum
2403 4157 2519 4217 fuit
2546 4158 2708 4218 ultra
2730 4158 3060 4217 dimidium
3083 4155 3235 4237 justi
3256 4175 3397 4236 pre-

1862 4250 1954 4324 tii,
2008 4250 2104 4309 vel
2137 4248 2323 4310 etiam
2356 4249 2549 4327 infra,
2599 4255 2661 4312 et
2689 4256 2933 4328 emptor
2977 4256 3086 4312 aut
3113 4250 3400 4311 venditor

1865 4342 2255 4403 condonaret
2299 4360 2658 4418 excessum,
2710 4344 2809 4403 vel
2857 4343 3172 4405 defectum
3217 4343 3401 4423 pretii

1868 4433 2275 4494 excedentem
2308 4435 2657 4513 quingenos
2685 4436 2940 4498 solidos,

1946 4526 2279 4588 Dubitatur
2309 4527 2606 4600 secundo,
2661 4547 2740 4587 an
2770 4528 2821 4587 si
2852 4530 3061 4608 plures
3090 4548 3190 4589 res
3219 4528 3402 4590 simul
3552 4566 3662 4627 ¹51

1869 4619 2075 4680 eidem
2107 4618 2441 4694 donentur,
2478 4639 2747 4698 quarum
2777 4621 3037 4700 singulae
3069 4640 3191 4682 non
3221 4641 3400 4682 exce·
3571 4690 3581 4700 ⁸

1871 4712 2023 4771 dant
2052 4711 2221 4770 illam
2253 4729 2587 4787 summam,
2641 4714 2993 4774 necessaria
3018 4714 3097 4775 sit
3124 4714 3406 4777 insinua·
3473 4687 3730 4801 pffldginssh

1869 4804 1982 4878 tie,
2016 4803 2068 4862 si
2099 4821 2318 4862 ornnes
2345 4803 2529 4863 simul
2559 4806 2905 4867 excedant?
2934 4808 3311 4876 Communis,
3348 4810 3410 4868 et
3498 4796 3716 4893 dssssffir·

1872 4913 2022 4955 vera
2051 4895 2358 4955 sententia
2406 4897 2697 4972 affirmat,
2752 4897 2898 4977 quia
2946 4899 3089 4960 licet
3132 4900 3252 4960 illae
3282 4898 3410 4959 for-

1875 4991 2038 5049 tasse
2072 5006 2196 5046 non
2227 4987 2349 5048 sint
2378 5007 2502 5048 una
2533 4989 2812 5066 donatio,
2870 4991 2979 5050 sed
3011 4991 3248 5070 possint
3276 5011 3411 5052 esse

1877 5080 2084 5158 plures
2116 5080 2180 5139 in
2210 5079 2418 5158 aliquo
2450 5099 2619 5157 casu,
2664 5101 2738 5142 ex
2764 5083 2807 5143 l.
2841 5082 3012 5143 Scire
3036 5083 3317 5160 debemus,
3350 5086 3415 5145 in

1879 5172 2076 5250 princ.
2112 5174 2176 5232 ff.
2211 5171 2281 5232 de
2310 5173 2614 5234 verborum
2642 5174 2820 5255 oblz'y.
2874 5175 2955 5235 ad
2985 5177 3416 5238 necessitatem

1879 5269 2093 5326 tamen
2120 5265 2556 5326 insinuationis
2603 5272 2973 5345 reputantur
3018 5287 3129 5346 pro
3160 5287 3283 5329 una
3313 5269 3420 5330 do-

1879 5358 2154 5434 natione,
2188 5362 2256 5419 ut
2284 5359 2598 5438 colligitur
2625 5377 2696 5418 ex
2729 5359 2791 5418 d.
2821 5359 2863 5419 l.
2899 5358 3230 5438 Sancimus,
3261 5362 3315 5440 ξ.
3351 5361 3429 5423 Si

1880 5450 2009 5532 quis
2038 5459 2252 5527 autem,
2301 5451 2367 5511 in
2394 5469 2518 5531 quo
2549 5451 2779 5514 dicitur
2806 5452 3051 5514 validas
3088 5472 3223 5516 esse
3253 5453 3420 5535 ejus-
