4263 6376
1182 345 1655 406 DISPUTATIO
1700 345 1915 420 XXIV,
1970 345 2245 405 SECTIO
2288 346 2364 405 11.

213 520 272 580 in
298 518 579 579 fraudem
609 519 761 598 legis
791 521 991 597 fieret,
1026 525 1095 583 ut
1112 521 1379 600 pecunia
1408 522 1489 581 ad
1505 521 1736 582 filium-

216 611 448 672 familas
477 617 696 689 postea
725 613 1005 690 veniret,
1042 618 1102 675 et
1132 620 1424 676 mutuans
1453 614 1738 675 conscius

213 704 440 765 fraudis
467 704 707 766 fuisset.
743 706 1024 785 Septimo
1046 753 1063 779 ,
1115 707 1163 766 si
1190 707 1367 786 jussu
1417 708 1610 786 patris
1637 707 1737 768 vel

212 799 336 877 ipso
365 798 599 858 sciente
646 802 708 858 et
738 818 858 858 non
892 799 1361 860 contradicente
1386 846 1400 875 ,
1448 803 1737 860 mutuum

212 890 461 968 accepit,
495 890 596 950 vel
625 890 676 949 si
708 896 887 969 pater
913 892 1132 954 solitus
1162 896 1296 953 erat
1323 892 1568 953 solvere
1597 911 1737 953 mu-

211 987 373 1043 tuum
398 983 530 1058 filii,
556 984 655 1043 vel
679 989 897 1063 postea
917 988 1308 1046 contractum
1337 986 1731 1064 approbavit,

211 1074 300 1135 vel
328 1080 570 1152 partem
598 1076 819 1152 solvit,
853 1078 950 1137 vel
982 1077 1144 1137 silius
1172 1075 1299 1154 iam
1329 1078 1425 1137 sui
1451 1076 1612 1156 juris
1641 1078 1732 1137 fa-

210 1171 335 1227 ctus
359 1167 757 1245 approbavit,
790 1169 887 1228 vel
906 1169 1300 1231 confirmavit
1318 1173 1730 1247 contractum,

209 1259 299 1320 vel
324 1260 561 1320 solvere
591 1261 804 1339 coepit.
838 1263 1103 1337 Octavo,
1155 1263 1207 1322 si
1235 1280 1379 1323 cum
1410 1262 1471 1322 in
1501 1263 1731 1339 studio,

206 1352 297 1412 vel
321 1352 470 1412 alias
497 1351 689 1429 louge
719 1359 882 1414 esset
910 1372 946 1413 a
977 1358 1150 1431 patre
1172 1401 1188 1430 ,
1239 1358 1528 1415 mutuum
1557 1373 1737 1415 acce-

206 1445 291 1525 pit
314 1444 394 1505 ad
422 1463 497 1504 ea
527 1463 672 1523 quae
703 1451 879 1525 pater
935 1465 1079 1507 cum
1109 1465 1182 1507 eo
1213 1451 1349 1507 erat
1375 1447 1735 1525 insumptu-

206 1557 323 1612 ruS,
355 1537 524 1617 quod
560 1540 901 1599 Panormit.
930 1540 1214 1600 extendit
1239 1539 1318 1599 ad
1349 1540 1735 1618 Religiosum

206 1630 449 1691 missum
476 1649 515 1689 a
534 1632 921 1692 monasterio
944 1631 1025 1691 ad
1044 1631 1268 1708 studia,
1299 1636 1409 1694 aut
1438 1632 1517 1692 ad
1536 1632 1728 1709 aliud,

206 1723 304 1802 qui
345 1726 635 1783 mutuum
689 1724 928 1802 accepit
972 1724 1053 1784 ad
1103 1729 1527 1804 competentes
1567 1743 1733 1785 sum-

202 1822 354 1894 ptuS,
386 1834 544 1894 quos
578 1817 1036 1878 monasterium
1067 1818 1256 1879 etiam
1285 1817 1528 1878 solvere
1563 1822 1734 1880 tene-

204 1912 312 1969 tur.
347 1911 520 1969 Nono
541 1955 559 1984 ,
614 1910 669 1969 si
701 1915 986 1971 mutuum
1018 1928 1392 1971 conversum
1422 1911 1732 1988 reperitur

202 2001 256 2061 in
283 2001 473 2081 patris
504 2002 864 2079 utilitatem,
898 2004 1176 2078 Decimo,
1211 2003 1263 2064 si
1290 2003 1455 2063 filius
1486 2022 1523 2062 a
1553 2009 1730 2081 patre

202 2095 562 2173 praepositus
590 2094 800 2156 fuerat
826 2096 1012 2157 alicui
1044 2097 1489 2174 negotiationi,
1552 2096 1730 2176 cujus

201 2205 378 2247 causa
404 2191 705 2248 mutuum
733 2190 975 2267 accepit
995 2236 1010 2265 ,
1065 2189 1234 2269 quod
1282 2193 1462 2268 pater
1487 2188 1727 2250 solvere

201 2285 433 2340 tenetur
459 2299 475 2356 ;
511 2280 566 2339 si
595 2280 764 2341 alius
793 2299 943 2341 vero
972 2299 1117 2341 eum
1147 2281 1509 2360 praeposuit,
1544 2281 1596 2341 is
1622 2283 1729 2360 qui

200 2372 526 2450 praeposuit
568 2371 817 2433 solvere
858 2372 1011 2432 illud
1043 2373 1265 2449 debet,
1315 2391 1473 2452 quos
1512 2392 1728 2434 omnes

201 2483 366 2525 casus
392 2465 646 2544 probat,
683 2469 746 2526 et
764 2465 1034 2543 explicat
1050 2466 1283 2527 Molina
1305 2466 1727 2544 disputatione

201 2574 343 2619 ccci.

271 2652 563 2730 PupilluS,
599 2657 667 2713 et
694 2651 900 2712 minor
929 2651 1182 2731 quando
1213 2670 1289 2711 ex
1318 2656 1536 2713 mutuo
1564 2699 1580 2729 ,
1627 2653 1726 2712 vel

201 2745 308 2804 alio
333 2749 667 2806 contractu
701 2745 835 2805 sine
854 2790 870 2820 ,
924 2745 1022 2805 vel
1052 2763 1196 2804 cum
1230 2745 1600 2806 auctoritate
1627 2750 1728 2806 tu-

199 2838 337 2897 toris
365 2838 462 2898 vel
491 2837 807 2898 curatoris
845 2836 1218 2915 obligentur,
1254 2842 1316 2898 et
1343 2837 1592 2916 quando
1615 2857 1729 2917 per

199 2930 648 2991 restitutionem
683 2931 746 2989 in
775 2930 1091 3007 integrum
1120 2948 1186 2990 se
1218 2928 1555 2989 defendere
1586 2948 1727 3008 pos-

200 3023 346 3098 sint,
378 3023 654 3083 diximus
686 3022 852 3083 dicto
881 3022 1019 3084 loco
1045 3069 1057 3098 ,
1123 3028 1381 3102 agentes
1411 3022 1488 3083 de
1518 3023 1593 3084 iis
1622 3024 1729 3103 qui

200 3116 553 3178 contrahere
586 3119 871 3195 possunt.

269 3213 342 3286 ls,
372 3210 479 3290 qui
508 3216 805 3271 mutuum
833 3208 1034 3268 fassus
1055 3213 1170 3286 est,
1205 3209 1395 3269 etiam
1416 3210 1727 3288 scriptura

199 3302 451 3381 publica,
503 3302 849 3363 defendere
895 3320 961 3361 se
991 3302 1329 3381 aliquando
1377 3306 1583 3380 potest
1626 3321 1726 3363 cx-

119 3416 132 3445 ¹
201 3397 466 3475 ceptione
494 3415 623 3457 non
676 3400 1018 3456 numeratae
1063 3394 1368 3474 pecuniae,
1417 3396 1473 3473 ἓ.
1511 3396 1719 3472 unic0,

198 3490 379 3550 Iastit.
432 3489 503 3550 de
548 3488 886 3549 litterarum
914 3487 1155 3567 obliqat,
1202 3488 1325 3565 leg.
1384 3487 1560 3548 δίει·
1588 3508 1727 3547 cau-

199 3582 355 3660 tione,
403 3583 525 3660 leg.
580 3581 980 3658 Asseveratio,
1030 3581 1153 3659 leg.
1204 3581 1276 3641 In
1304 3580 1719 3658 contractibus,

198 3676 335 3740 Cod.
362 3675 432 3736 de
457 3696 572 3736 non
601 3682 911 3734 numerata
936 3673 1203 3753 pecunia.
1263 3673 1525 3747 Quando
1557 3674 1723 3733 onim

195 3788 294 3847 spe
321 3769 730 3830 numerandae
759 3767 876 3827 sibi
904 3767 1184 3845 pecuniae
1230 3766 1575 3845 promissae,
1636 3768 1725 3825 in-

196 3868 547 3938 strumento,
600 3861 706 3921 vel
734 3879 946 3921 coram
976 3860 1237 3920 testibus
1281 3860 1602 3920 consessus
1631 3865 1725 3921 est

199 3974 255 4013 se
282 3960 511 4017 tantam
540 3954 885 4035 pecuniam
934 3953 1164 4013 debere
1211 3958 1428 4013 mutuo
1480 3952 1715 4027 datam,

200 4052 387 4125 potest
410 4048 487 4108 de
501 4048 653 4127 jure
683 4045 1000 4107 communi
1023 4045 1182 4106 intra
1205 4044 1526 4105 biennium
1556 4064 1589 4104 a
1621 4046 1720 4105 die

202 4139 324 4201 talis
376 4139 790 4202 confessionis
844 4157 1160 4218 opponere
1180 4184 1196 4213 ,
1257 4138 1542 4217 quamvis
1598 4157 1722 4198 non

200 4233 397 4295 suisset
425 4238 796 4304 numerata;
830 4236 892 4293 et
919 4238 1067 4292 tunc
1095 4230 1390 4291 creditori
1423 4231 1725 4292 incumbit

200 4326 445 4404 probare
477 4328 878 4386 numeratam
905 4325 1118 4400 fuisse,
1154 4323 1432 4403 alioquin
1456 4325 1725 4385 absolvi-

199 4424 339 4478 tura
366 4420 574 4481 debito
613 4438 627 4479 :
663 4417 716 4476 si
744 4420 951 4477 autem
982 4421 1124 4495 post
1151 4422 1398 4495 tempus
1428 4417 1582 4476 illud
1614 4435 1724 4495 op-

202 4518 394 4589 ponat,
443 4512 563 4591 ipsi
594 4510 905 4571 incumbit
934 4510 1201 4587 probare
1231 4528 1356 4569 non
1387 4509 1578 4569 fuisse
1610 4528 1726 4569 nu-

202 4610 506 4680 meratam,
543 4622 689 4683 quae
721 4602 1002 4681 exceptio
1033 4602 1241 4662 locum
1272 4601 1464 4662 babet
1493 4603 1554 4662 in
1588 4621 1724 4661 mu-

203 4700 296 4756 tuo
324 4697 775 4777 cujuscumque
806 4694 1059 4755 alterius
1087 4694 1207 4767 rei;
1261 4713 1383 4754 non
1424 4699 1634 4759 tamen
1662 4694 1722 4753 in

200 4790 323 4851 aliis
342 4789 790 4863 contractibuS,
814 4792 1234 4867 praeterquam
1255 4787 1317 4847 iu
1338 4788 1725 4848 contessione

203 4882 348 4944 dotis
374 4888 678 4963 acceptae.
714 4882 778 4943 Si
799 4885 1008 4942 tamen
1035 4900 1143 4959 spe
1164 4880 1540 4957 traditioniS,
1576 4900 1726 4941 con-

204 4976 430 5038 fiteatur
457 4996 524 5037 se
550 4975 836 5035 debitum
867 4992 904 5032 a
934 4974 1214 5034 debitore
1245 4974 1579 5052 recepisse,
1616 4992 1728 5051 po-

204 5074 308 5130 test
333 5071 491 5130 intra
519 5068 782 5146 triginta
830 5066 963 5127 (lies
993 5084 1311 5146 opponere
1355 5085 1478 5127 non
1513 5085 1728 5126 nume-

204 5168 412 5239 ratum,
464 5163 564 5222 vel
610 5180 736 5221 non
768 5160 1067 5221 traditum
1098 5158 1374 5219 debitum
1396 5205 1412 5235 ,
1466 5164 1528 5220 et
1558 5158 1729 5219 debi-

207 5255 311 5315 tori
329 5255 633 5316 incumbit
650 5253 1053 5315 traditionem
1074 5251 1340 5331 probare
1369 5272 1381 5312 :
1417 5256 1556 5329 post
1577 5251 1727 5311 illud

207 5366 339 5409 vero
368 5354 616 5427 tempus
663 5346 995 5425 probandi,
1047 5364 1203 5406 onus
1246 5344 1550 5405 incumbit
1592 5364 1726 5406 crc-

208 5440 398 5514 ditori,
425 5442 550 5520 leg.
586 5440 659 5502 In
691 5438 1104 5515 contractibus,
1154 5441 1211 5518 ἓ.
1249 5437 1447 5518 Super
1475 5438 1721 5513 caeteras,

208 5534 345 5597 Cod.
377 5533 445 5595 de
470 5553 588 5595 non
631 5542 936 5594 numerata
977 5531 1243 5616 pecunia.
1305 5534 1393 5593 De
1442 5550 1565 5613 quo
1594 5532 1725 5594 Mo-

3260 344 3374 403 167

1837 521 1965 581 lina
1993 522 2117 582 late
2167 522 2327 600 disp.
2363 537 2544 582 cccli.
2605 520 2654 580 si
2703 524 2911 582 tamen
2957 517 3376 579 mutuatarius

1838 614 2156 675 renuntiet
2176 614 2525 694 exceptioni
2555 632 2680 675 non
2702 616 3045 673 numeratae
3066 610 3370 689 pecuniae,

1839 707 2090 786 quando
2121 709 2457 768 confitetur
2483 726 2548 768 se
2579 707 2912 786 recepisse,
2957 723 3030 765 ea
3061 704 3375 764 renunt-ia-

1837 801 1923 862 tio
1948 801 2113 862 valet
2142 805 2204 861 et
2233 805 2550 878 operatur,
2598 799 2763 879 quod
2795 803 3015 879 postea
3045 816 3203 858 onus
3228 815 3375 875 pro-

1834 893 2030 954 bandi
2084 893 2407 953 incumbat
2449 892 2851 954 mutuatariO.
2913 890 3176 966 Quando
3224 908 3370 950 vero

1837 986 2116 1046 notarius
2147 985 2208 1044 in
2238 987 2373 1063 ipso
2396 986 2809 1046 instrumento
2833 983 3240 1045 confessionis
3268 983 3373 1042 de·

1834 1078 1948 1138 biti
1976 1079 2169 1137 fidem
2199 1078 2347 1140 facit
2375 1078 2453 1138 de
2484 1078 2751 1157 pecunia
2781 1081 3130 1152 numerata,
3166 1075 3225 1135 in
3258 1093 3372 1135 sua

1837 1175 1898 1231 et
1925 1172 2177 1232 testium
2209 1172 2560 1248 praesentia,
2613 1170 2894 1248 exceptio
2926 1187 3045 1229 non
3080 1186 3372 1227 numera-

1835 1268 1914 1324 tae
1946 1282 2067 1324 non
2110 1264 2347 1342 obligat
2403 1263 2778 1324 creditorem
2827 1262 2902 1322 ad
2948 1260 3364 1340 probandum,

1836 1355 1971 1416 hoec
2002 1355 2151 1415 item
2200 1356 2481 1434 exceptio
2511 1356 2735 1417 transit
2780 1355 2860 1414 ad
2890 1354 3204 1414 hoeredem
3235 1371 3370 1413 mu-

1835 1448 2106 1525 tuatarii,
2168 1453 2231 1509 et
2274 1454 2490 1510 contra
2534 1447 2851 1508 haeredem
2896 1446 3259 1522 mutuantiS,
3317 1444 3366 1505 si

1834 1541 1997 1602 intra
2028 1542 2308 1602 debitum
2337 1547 2584 1619 tempus
2633 1544 3009 1620 opponatur,
3063 1542 3125 1600 et
3152 1556 3369 1616 opera-

1833 1638 1935 1695 tur
1963 1634 2256 1694 eumdem
2286 1635 2611 1705 effectum3
2664 1636 2865 1694 cessat
2912 1650 3059 1692 vero
3105 1630 3238 1691 haec
3267 1649 3367 1690 ex-

1833 1727 2059 1804 cepti0,
2120 1726 2170 1785 si
2202 1726 2450 1788 debitor
2478 1725 2672 1786 debiti
2701 1729 2946 1805 partem
2975 1724 3215 1785 solvere
3244 1742 3367 1785 coe·

1831 1821 1942 1899 pit,
1992 1824 2131 1900 post
2173 1818 2629 1880 confessionem
2660 1819 2914 1894 saetam,
2947 1823 3058 1879 aut
3086 1817 3366 1878 debitum

1831 1912 2216 1992 recognovit.
2251 1914 2465 1991 Neque
2497 1912 2686 1972 etiam
2716 1911 3016 1991 competit
3049 1931 3062 1971 :
3112 1910 3363 1989 quando

1831 2011 1974 2067 ante
2004 2005 2459 2066 confessionem
2481 2005 2615 2082 jam
2637 2004 2883 2066 debitor
2902 2003 3210 2082 obligatus
3233 2006 3367 2063 erat

1830 2118 1902 2159 ex
1933 2099 2051 2158 alio
2083 2099 2284 2174 titulo,
2316 2117 2376 2158 v.
2402 2117 2464 2175 g.
2490 2097 2847 2174 traditione,
2882 2096 3212 2171 locatione,
3239 2099 3358 2157 etc.

1829 2196 1892 2252 et
1919 2196 2100 2270 pacto
2133 2191 2307 2266 inite,
2367 2190 2686 2251 confessus
2734 2194 2826 2251 est
2850 2209 2916 2250 se
2966 2189 3259 2269 deinceps
3289 2207 3364 2248 ex

1827 2289 2044 2346 mutuo
2074 2284 2226 2345 illud
2258 2284 2509 2344 debere.
2543 2286 2698 2367 ,Nec
2729 2283 2979 2363 quando
3027 2281 3272 2342 debitor
3297 2281 3361 2343 in

1828 2382 2200 2439 testamento
2230 2378 2560 2438 confitetur
2600 2395 2667 2437 se
2708 2382 2995 2438 mutuum
3027 2375 3357 2453 recepisse,

1829 2470 2109 2531 haeredes
2143 2475 2399 2548 possunt
2428 2470 2859 2548 exceptionem
2889 2470 3050 2530 hanc
3082 2487 3224 2530 cum
3253 2467 3363 2529 tali

1828 2564 2154 2642 privilegio
2185 2582 2523 2643 opponere.
2590 2565 2638 2622 N
2648 2582 2727 2622 on
2757 2568 2965 2624 tamen
2998 2566 3200 2623 ccssat
3228 2560 3362 2621 haec

1828 2658 2110 2735 exceptio
2141 2677 2215 2716 ex
2245 2675 2318 2716 eo
2350 2657 2516 2735 quod
2546 2655 2842 2734 obligatio
2873 2653 3153 2715 solvendi
3176 2653 3364 2714 fuerit

1818 2751 2052 2830 jurata,
2086 2750 2185 2809 vel
2215 2749 2494 2828 quolibet
2522 2749 2932 2811 instrumento
2965 2746 3360 2828 quarentigio

1825 2845 2022 2920 facta,
2075 2843 2244 2921 quod
2276 2846 2419 2903 ante
2449 2842 2820 2903 sententiam
2868 2843 3049 2902 affert
3077 2845 3361 2920 paratam

1828 2936 2295 3008 executionem;
2357 2935 2501 3014 quia
2551 2935 2845 3014 quaelibet
2899 2933 3194 3012 obligatio
3243 2933 3361 2994 sol-

1829 3029 2035 3105 vendi,
2097 3033 2161 3089 et
2197 3029 2626 3107 juramentum
2672 3026 2755 3086 illi
2806 3026 3111 3101 additum,
3171 3025 3363 3088 babet

1829 3122 2195 3202 implicitam
2224 3120 2665 3196 conditionem,
2701 3120 2747 3181 si
2781 3119 3045 3200 pecunia
3074 3137 3360 3179 numera·

1826 3219 2015 3292 bitur,
2049 3219 2118 3276 ut
2146 3219 2390 3276 constat
2419 3234 2492 3275 ex
2522 3215 2562 3275 l.
2599 3216 2708 3276 ult.
2737 3217 2803 3276 C.
2829 3213 2899 3274 de
2926 3233 3038 3274 non
3058 3221 3362 3273 numerata

1814 3309 2087 3391 pecunia.
2123 3308 2187 3370 Si
2218 3327 2364 3368 vero
2397 3308 2642 3368 debitor
2662 3307 2901 3387 juravit
2928 3326 2994 3368 se
3024 3306 3359 3386 pecuniam

1827 3403 2156 3480 recepisse,
2189 3402 2335 3460 licet
2363 3406 2579 3480 postea
2608 3405 2884 3481 opponat
2905 3400 3353 3479 exceptionem,

1827 3515 1983 3556 onus
2013 3494 2319 3573 probandi
2353 3513 2474 3555 non
2507 3494 2821 3573 rejicietur
2848 3494 2909 3554 in
2940 3498 3352 3570 mutuantem,

1824 3590 1934 3648 sed
1964 3589 2026 3647 in
2057 3588 2284 3666 ipsum,
2322 3586 2632 3648 videatur
2661 3587 2737 3648 de
2792 3587 2888 3647 his
2916 3586 3100 3648 latius
3128 3586 3359 3647 Molina

1823 3681 1959 3742 loco
1990 3680 2203 3742 citato.

2298 4093 2718 4176 sEcT10
2789 4090 2872 4177 ΙΙ.

1825 4410 1909 4466 Dc
1940 4422 2159 4478 usura,
2219 4401 2377 4486 qnid
2399 4400 2499 4476 sit,
2563 4410 2619 4464 et
2650 4418 2775 4484 quo
2821 4399 2970 4479 jure
3020 4398 3100 4464 sit
3136 4396 3361 4482 prolu-

2515 4505 2672 4571 bita.

1905 4785 1992 4842 De
2024 4781 2273 4841 nomine
2306 4785 2368 4841 et
2396 4778 2779 4857 etymologia
2823 4795 3029 4839 usura)
3078 4777 3202 4838 late
3230 4777 3363 4838 Mo-

1825 4875 1952 4936 lina
1994 4874 2154 4953 disp.
2188 4876 2327 4934 303.
2380 4878 2441 4934 et
2466 4875 2745 4933 Joannes
2794 4870 2872 4930 dc
2905 4870 3085 4932 Salas
3132 4868 3202 4930 de
3229 4888 3364 4928 con-

1827 4967 2127 5041 tractibus,
2182 4971 2358 5027 tract.
2395 4965 2464 5025 de
2512 4965 2702 5025 usuris
2752 4964 2901 5024 dub.
2939 4981 2981 5025 1.
3034 4962 3221 5023 variis
3252 4980 3362 5020 au-

1826 5067 1954 5123 tem
2001 5059 2466 5140 acceptionibus
2519 5058 2783 5132 omissis,
2844 5076 3008 5116 nunc
3061 5054 3362 5133 accipitur

1827 5174 1939 5235 pro
1971 5153 2144 5213 lucro
2193 5172 2265 5213 ex
2308 5156 2526 5212 mutuo
2559 5150 2920 5210 immediate
2954 5147 3360 5228 proveniente

1828 5254 2127 5327 tanquam
2158 5246 2369 5306 debito
2423 5265 2436 5305 :
2497 5247 2563 5304 ut
2589 5243 2641 5303 si
2672 5243 2750 5303 ob
2781 5245 2914 5303 100.
2967 5246 3183 5302 mutuo
3215 5240 3361 5300 data

1828 5342 2159 5420 exigantur
2190 5342 2324 5400 110.
2374 5338 2481 5398 ubi
2514 5340 2646 5398 100.
2683 5336 2830 5396 data
2856 5339 3170 5395 vocantur
3196 5353 3355 5408 soi-3,

1831 5439 1923 5508 10,
1959 5438 2169 5495 autem
2197 5432 2593 5511 appellantur
2622 5450 2820 5505 usura,
2866 5447 2975 5488 seu
3000 5428 3226 5504 foenus,
3261 5427 3359 5487 vul

1828 5530 2072 5589 lucrum
2101 5527 2264 5588 ultra
2293 5529 2544 5587 sortem.
2607 5525 2834 5602 Quare,
2883 5522 2933 5583 si
2963 5522 3206 5584 lucrum
3238 5540 3361 5584 non

3464 4907 3580 5002 grint
3601 4960 3610 4969 ‘

3547 4783 3585 4841 6

3546 4917 3628 4947 um

3584 4966 3658 5003 ..⁰0
