4263 6376
1164 293 1636 355 DISPUTATIO
1679 293 1896 369 XXIX,
1945 294 2219 355 SECTIO
2264 295 2364 356 VI.

169 471 241 531 ll.
269 468 460 529 decis,
493 485 628 530 x111.
662 487 833 529 num.
867 472 966 531 66.
1003 472 1066 530 et
1091 469 1274 531 Joan.
1307 469 1605 530 Valerum
1633 489 1693 529 m

169 560 355 641 differ.
410 561 707 642 utriusque
749 562 888 635 sori,
927 562 1102 624 verb.
1155 582 1332 624 usura
1356 609 1372 639 ,
1433 561 1542 622 dif.
1591 579 1687 623 111.

170 673 336 715 num.
369 660 432 716 9.

244 747 388 822 Sed,
450 766 603 826 pace
653 747 875 809 horum
924 748 1275 822 doctorum,
1338 749 1693 807 contractus

170 840 264 899 hic
297 857 420 900 non
450 841 700 901 videtur
726 840 877 900 mihi
906 841 1135 917 licituS,
1170 858 1375 919 neque
1407 839 1483 899 ad
1517 839 1692 899 illum

169 932 462 1012 applicari
507 937 713 1012 potest
766 933 1051 994 doctrina
1094 950 1286 1010 supra
1330 931 1561 993 tradita
1614 930 1692 990 dc

169 1026 464 1087 locatione
495 1026 858 1085 animalium
889 1044 1031 1086 cum
1062 1030 1247 1103 pacto
1279 1024 1587 1084 reddendi
1609 1042 1693 1085 ae-

168 1137 281 1198 que
308 1136 460 1178 sana
489 1122 552 1178 et
579 1118 862 1197 ejusdem
894 1119 1114 1179 aetatis.
1154 1121 1313 1179 Nam
1342 1116 1487 1178 licet
1515 1135 1686 1190 vasa,

168 1213 382 1272 domus
412 1217 474 1272 et
520 1211 743 1271 similia
788 1211 982 1271 locari
1027 1210 1345 1289 potuerint
1386 1209 1693 1270 aestimata

167 1322 300 1364 cum
328 1308 511 1382 pacto
542 1303 848 1364 reddendi
896 1303 960 1363 in
989 1303 1210 1363 eadem
1254 1303 1687 1377 aestimatione,

165 1399 213 1457 si
239 1398 475 1458 ratione
505 1396 692 1474 hujus
721 1397 889 1477 pacti
918 1397 1240 1457 minuatur
1259 1395 1498 1474 pensi0,
1551 1412 1691 1474 quae

166 1496 367 1550 tamen
396 1489 729 1549 diminutio
748 1490 871 1550 non
894 1489 1143 1550 videtur
1170 1490 1356 1560 facta,
1391 1506 1534 1548 cum
1565 1486 1695 1546 exi—

167 1586 387 1659 gantur
413 1600 527 1660 pro
556 1582 855 1661 pensione
884 1582 1105 1642 decem
1152 1600 1227 1641 ex
1258 1580 1517 1658 singulis
1546 1597 1693 1639 cen-

169 1682 289 1735 tum
320 1674 644 1736 aestimatis
664 1674 943 1753 quolibet
971 1693 1159 1750 anno,
1194 1692 1333 1753 quae
1354 1677 1447 1732 est
1462 1690 1693 1750 magna

169 1766 394 1845 pensio,
430 1767 632 1846 qualis
663 1785 985 1846 nunquam
1004 1767 1067 1827 in
1086 1766 1396 1828 locatione
1425 1763 1694 1843 simplici

169 1859 380 1919 domus
408 1859 589 1920 reddi
621 1859 777 1920 solet
809 1880 821 1919 :
875 1858 1333 1919 medicamenta
1361 1861 1571 1917 tamen
1601 1856 1693 1916 lo-

168 1952 286 2012 cari
311 1952 484 2012 nullo
515 1952 704 2013 modo
751 1956 1112 2032 potuerunt,
1164 1951 1224 2011 in
1271 1950 1498 2029 quibus
1545 1968 1693 2009 usus

171 2064 282 2106 non
311 2045 719 2123 distinguitur
746 2045 824 2105 ab
855 2064 1071 2105 eorum
1101 2043 1573 2122 consumptione
1602 2045 1694 2103 to-

169 2138 299 2198 tali:
334 2157 533 2217 quare
552 2157 675 2199 non
696 2143 942 2216 poterat
957 2138 1302 2199 conductor
1331 2137 1404 2197 iis
1433 2137 1521 2198 uti
1552 2155 1694 2215 per-

167 2236 485 2292 severante
508 2231 783 2291 dominio
804 2231 969 2310 apud
993 2231 1352 2306 locatorem,
1387 2248 1529 2290 cum
1559 2230 1692 2308 ipso

168 2323 358 2402 primo
391 2343 507 2383 usu
557 2329 1075 2384 consumerentur
1132 2344 1145 2384 :
1207 2323 1374 2383 circa
1418 2321 1695 2381 medica-

172 2421 370 2477 menta
399 2434 556 2493 ergo
601 2433 723 2477 non
750 2416 954 2494 potuit
998 2415 1134 2475 fieri
1175 2415 1290 2475 nisi
1339 2418 1694 2475 contractus

167 2508 658 2589 permutationiS,
711 2503 837 2587 qu‘a
864 2508 1000 2569 haec
1047 2508 1509 2567 medicamenta
1557 2525 1694 2584 per-

170 2606 480 2664 mutentur
511 2620 653 2662 cum
684 2601 822 2661 aliis
875 2619 1052 2679 aeque
1081 2600 1262 2661 bonis
1292 2598 1631 2659 reddendis
1658 2616 1698 2658 a

171 2694 545 2756 conductore
588 2698 730 2773 post
783 2693 1158 2753 decennium
1221 2712 1233 2753 :
1294 2691 1434 2753 talis
1483 2696 1695 2751 autem

174 2788 545 2865 permutatio
576 2805 718 2847 cum
747 2786 920 2847 lucro
967 2785 1256 2846 usuraria
1285 2788 1398 2860 est,
1451 2788 1519 2844 ut
1546 2801 1696 2843 con-

173 2886 305 2957 stat,
355 2899 508 2941 cum
550 2883 777 2957 praeter
822 2878 1087 2957 capitale
1136 2877 1423 2955 exigatur
1451 2875 1695 2935 lucrum

173 2973 463 3052 temporis
494 2972 851 3033 intermedii
903 2991 916 3031 t
977 2971 1138 3031 sicut
1164 2970 1213 3030 si
1247 2970 1487 3030 diceres
1514 2973 1576 3029 te
1604 2968 1698 3028 lo-

172 3085 305 3127 care
327 3068 518 3127 Petro
549 3065 844 3125 horreum
874 3064 1128 3143 plenum
1149 3063 1354 3124 tritico
1385 3080 1496 3141 per
1514 3061 1699 3122 trien·

176 3159 356 3236 nium,
392 3177 543 3219 cum
572 3161 756 3239 pacto
787 3162 854 3220 ut
882 3156 1274 3218 tantumdem
1304 3154 1489 3217 tritici
1522 3171 1700 3233 aeque

173 3253 310 3313 boni
338 3259 559 3331 postea
587 3252 831 3327 reddat,
868 3255 929 3311 et
957 3250 1203 3310 interim
1232 3250 1433 3310 solvat
1459 3247 1702 3327 pensio-

175 3364 306 3405 nem
339 3364 455 3425 pro
492 3345 737 3417 horreo,
790 3348 853 3405 et
881 3361 991 3422 pro
1019 3342 1221 3403 tritico
1251 3342 1453 3402 locato
1508 3361 1521 3401 :
1569 3339 1702 3399 haec

176 3444 331 3497 certe
359 3436 578 3515 quoad
604 3436 876 3496 triticum
916 3454 1105 3495 usura
1143 3439 1326 3510 esset,
1378 3452 1521 3494 cum
1550 3432 1703 3494 triti-

176 3548 309 3589 cum
338 3548 466 3589 non
499 3529 581 3588 sit
624 3527 908 3604 locabile,
961 3546 1076 3588 nec
1119 3528 1182 3587 in
1233 3546 1305 3587 eo
1347 3526 1484 3586 dari
1513 3526 1708 3604 possit

178 3620 539 3683 conductori
569 3639 719 3681 usus
769 3620 927 3680 liber
955 3627 1017 3682 et
1069 3618 1521 3698 independens»,
1582 3634 1706 3677 non

178 3733 465 3775 concesso
500 3712 799 3774 dominio,
858 3713 1028 3773 Idem
1072 3731 1220 3791 ergo
1251 3712 1587 3771 dicendum
1616 3712 1712 3770 est

179 3809 250 3868 de
276 3807 779 3883 medicamentiS,
832 3824 971 3885 quae
1003 3823 1125 3866 non
1173 3806 1379 3865 minus
1420 3824 1535 3865 usu
1566 3821 1708 3864 con-

179 3905 510 3962 sumuntur
538 3918 727 3980 quam
772 3899 1069 3974 triticum,
1117 3898 1402 3976 pecunia,
1454 3901 1516 3958 et
1544 3894 1711 3957 simi-

177 3994 274 4053 lia.
310 3996 534 4053 Posset
561 3996 773 4053 tamen
797 3995 1153 4053 contractus
1184 3990 1286 4050 ille
1310 3990 1516 4069 justus
1548 4007 1706 4064 esse,

181 4086 226 4145 si
253 4106 364 4166 pro
395 4105 519 4146 usu
548 4085 771 4146 domus
818 4089 881 4145 et
909 4084 1176 4144 aliarum
1221 4101 1433 4143 rerum
1463 4099 1712 4160 perma-

181 4179 454 4241 nentium
478 4179 646 4256 juste
675 4181 885 4256 posset
914 4177 1073 4254 exigi
1097 4181 1229 4237 tota
1249 4175 1354 4235 illa
1378 4173 1616 4254 pensio,
1652 4178 1713 4235 et

184 4289 330 4331 onus
376 4269 686 4330 reddendi
745 4288 817 4329 ea
867 4287 1046 4348 aeque
1095 4268 1336 4346 integra
1385 4270 1447 4327 et
1493 4267 1707 4327 bona:

184 4368 323 4425 tunc
369 4364 544 4424 enim
587 4381 699 4440 pro
747 4381 864 4422 usu
910 4361 1514 4421 medicamentorum
1560 4359 1715 4418 nihil

183 4457 594 4535 acciperetur,
645 4454 756 4514 sed
802 4454 984 4515 fieret
1028 4453 1295 4532 simplex
1339 4451 1712 4532 permutatio

185 4565 393 4609 eorum
423 4566 543 4628 pro
569 4547 705 4607 aliis
733 4546 1093 4608 reddendiS.

509 5479 668 5540 Tou.
707 5476 836 5538 vn.

3206 297 3323 354 465

2245 818 2665 901 SEGTlo
2747 819 2862 901 Vl.

2031 1125 2121 1187 De
2149 1126 2526 1209 emphyteusi,
2559 1128 2755 1208 feudo,
2790 1138 2843 1190 et
2873 1130 3079 1192 libello,

1871 1391 2316 1470 Emphyteusis
2345 1393 2527 1453 valde
2557 1394 2762 1455 affinis
2792 1398 2887 1456 est
2915 1395 3230 1472 locationi,
3266 1399 3328 1457 et

1794 1483 2047 1561 quidem
2076 1488 2386 1563 quatenus
2416 1486 2494 1546 ab
2525 1506 2599 1547 ea
2629 1488 2856 1565 differt,
2905 1488 3105 1567 magis
3137 1488 3328 1566 perti-

1792 1581 1899 1636 net
1925 1577 2007 1636 ad
2038 1578 2606 1640 considerationem
2629 1579 2995 1660 juristarum
3028 1600 3218 1661 quam
3245 1581 3325 1640 ad

1791 1667 2184 1747 theologum,
2237 1674 2391 1748 tum,
2428 1672 2573 1750 quia
2606 1692 2831 1751 parum
2861 1675 3017 1735 solet
3046 1693 3120 1735 ea
3150 1674 3329 1734 diffe-

1791 1762 1992 1822 rentia
2021 1762 2337 1825 deservire
2366 1765 2447 1826 ad
2496 1784 2678 1827 casus
2726 1767 3125 1829 conscientiae
3157 1767 3326 1827 deci-

1793 1853 2069 1928 dendos;
2122 1859 2253 1915 tum
2285 1857 2492 1930 etiam,
2545 1859 2692 1937 quia
2721 1863 2850 1921 tota
2879 1878 2953 1920 ea
2979 1859 3329 1920 differentia

1793 1966 1868 2007 ex
1896 1948 2140 2025 legibus
2169 1949 2503 2027 dependet,
2535 1952 2778 2029 ‘quihus
2808 1953 2997 2014 variae
3025 1952 3326 2014 conditio-

1794 2059 1903 2100 nes
1933 2044 1995 2101 et
2023 2046 2207 2119 pacta
2252 2042 2551 2121 implicita
2600 2044 2660 2103 in
2710 2046 3103 2124 emphyteusi
3132 2047 3329 2106 intro-

1795 2134 1982 2195 ducta
2012 2139 2176 2195 sunt.
2213 2136 2481 2195 Brevem
2497 2139 2707 2197 tamen
2736 2138 3010 2217 aliquam
3043 2139 3328 2200 notitiam
3362 2124 3371 2135 ⁶

1794 2225 1980 2305 hujus
2011 2230 2368 2288 contractus
2399 2228 2548 2289 dare
2579 2231 2911 2307 oportebit,
2946 2236 3007 2291 et
3036 2250 3149 2310 pro
3181 2231 3326 2291 reli-

1794 2319 1932 2398 quis
1963 2323 2249 2379 auctores
2279 2320 2578 2398 indicare,
2611 2323 2692 2382 ad
2723 2343 2877 2402 quos
2898 2325 2950 2384 si
2971 2343 3150 2385 casus
3172 2325 3330 2384 diffi-

1793 2412 1968 2471 cilior
1997 2417 2306 2489 occurrat,
2342 2416 2792 2476 recurrendum
2824 2418 2962 2478 erit.

1872 2506 1982 2565 Est
2010 2523 2158 2582 ergo
2191 2505 2618 2584 emphyteusis
2649 2514 3026 2588 contractuS,
3075 2528 3198 2590 quo
3231 2528 3329 2570 res

1795 2597 2006 2676 aliqua
2033 2598 2368 2658 immobilis
2393 2598 2473 2659 ad
2502 2600 2759 2678 longum
2789 2605 3035 2683 tempus
3065 2603 3330 2663 fruenda

1796 2689 1977 2749 alicui
2004 2690 2271 2751 traditur
2318 2690 2433 2751 suh
2478 2693 2688 2771 aliqua
2731 2696 3027 2772 pensione
3075 2694 3328 2755 domino

1796 2783 2195 2862 proprietatis
2224 2783 2567 2845 reddenda.
2630 2785 2848 2848 Differt
2876 2807 2915 2848 a
2939 2787 3323 2866 venditione,

1797 2876 1944 2954 quia
1973 2894 2096 2935 non
2126 2877 2500 2937 transfertur
2527 2877 2585 2937 in
2623 2880 3098 2958 emphyteutam
3128 2880 3334 2941 domi-

1798 2969 1971 3028 nium
2001 2968 2332 3045 directum,
2366 2970 2475 3029 sed
2505 2970 2708 3031 solum
2737 2973 2906 3035 utile.
2941 2978 2993 3036 A
3024 2976 3332 3039 locatione

1800 3079 1949 3122 vero
1980 3061 2208 3137 differt,
2255 3062 2479 3139 prim0,
2532 3065 2676 3142 quia
2705 3085 2804 3127 res
2853 3069 3042 3129 etiam
3086 3071 3336 3131 mobilis

1801 3153 1993 3215 locari
2022 3159 2247 3233 potest,
2285 3173 2408 3215 non
2437 3175 2585 3218 vero
2604 3157 2741 3220 dari
2762 3158 2823 3220 in
2847 3162 3331 3242 emphyteusim.

3379 2650 3674 2759 Barim?

3433 2758 3636 2853 quomodo

3463 2813 3591 2853 inerat
3611 2824 3636 2853 a

3421 2864 3642 2909 locatione.

1806 3248 2116 3324 SecundO,
2152 3248 2299 3326 quia
2327 3253 2574 3327 oportet
2600 3252 2766 3330 quod
2800 3253 2983 3315 detur
3011 3275 3109 3316 res
3131 3257 3337 3317 fruen-
3377 3283 3386 3289 ·

1804 3340 1886 3400 da
1916 3341 1996 3399 ad
2023 3341 2283 3419 longum
2328 3346 2610 3421 tempuS,
2664 3345 2959 3407 nimirum
3007 3350 3227 3410 saltem
3258 3351 3338 3411 ad

1805 3433 2201 3494 decennium.
2236 3436 2467 3510 Tertio,
2503 3436 2648 3514 quia
2677 3457 2791 3515 per
2817 3440 3193 3502 locationem
3215 3462 3339 3504 non

1806 3527 2576 3589 transfertur‘dominium
2622 3530 2795 3607 utile,
2850 3552 2962 3593 nec
2998 3535 3102 3613 jus
3146 3536 3208 3595 in
3245 3551 3336 3613 re,

1807 3620 1917 3680 sed
1940 3619 2044 3699 jus
2074 3620 2156 3679 ad
2184 3638 2316 3680 rem
2340 3638 2478 3699 quae
2502 3640 2626 3682 non
2656 3629 2869 3686 manet
2896 3626 3171 3706 obligata
3201 3646 3344 3688 con-

1808 3711 2073 3787 ductori,
2108 3712 2216 3772 sed
2250 3713 2450 3773 solum
2478 3733 2766 3792 persona.
2813 3718 2991 3779 Unde
3021 3720 3215 3799 aliqui
3244 3720 3340 3780 di-

1809 3810 2053 3881 xerunt,
2086 3805 2139 3865 si
2167 3824 2264 3864 res
2295 3806 2517 3866 eadem
2547 3807 2794 3870 duobus
2813 3812 3163 3872 successive
3182 3813 3343 3873 loce-

1809 3903 1931 3973 tur,
1953 3898 2413 3977 praeferendum
2432 3918 2564 3960 esse
2582 3901 2854 3978 primum
2870 3904 3339 3981 conductorem,

1812 3991 2053 4051 etiamsi
2080 4009 2182 4051 res
2228 3992 2503 4051 secundo
2550 3994 2914 4055 conductori
2962 3997 3193 4058 tradita
3239 3998 3341 4074 sit,

1813 4103 1969 4163 quos
1999 4084 2188 4145 refert
2215 4088 2380 4146 Azor
2407 4086 2508 4145 ΙΙΙ.
2553 4091 2727 4165 parte
2756 4087 2864 4149 lib.
2901 4106 3037 4151 vni.
3073 4108 3167 4152 ca.
3202 4108 3341 4153 vm.

1812 4177 1881 4238 de
1907 4177 2188 4238 locatione
2215 4198 2275 4258 q.
2309 4181 2369 4239 5.
2420 4179 2551 4258 ipse
2581 4184 2791 4241 tamen
2835 4199 2977 4241 cum
3009 4183 3142 4244 aliis
3171 4189 3350 4264 putat

1814 4270 2277 4349 praeferendum
2307 4272 2676 4348 secundum,
2712 4274 2880 4353 quod
2913 4276 3099 4337 etiam
3133 4277 3350 4338 obser-

1817 4368 2028 4425 vatum
2057 4364 2208 4425 dicit
2236 4383 2273 4424 a
2300 4371 2437 4425 rota
2466 4365 2656 4426 deciS.
2683 4370 2737 4428 1.
2769 4368 2831 4427 in
2861 4370 3344 4448 antiquioribuS‚

1774 4460 1878 4517 ·et
1905 4457 2095 4516 decis,
2129 4460 2266 4518 879.
2320 4457 2383 4516 in
2416 4459 2687 4538 antiquis
2738 4481 2750 4522 :
2804 4461 2923 4521 hoc
2969 4467 3180 4523 tamen
3226 4481 3349 4524 non

1815 4549 1960 4608 indo
1988 4550 2319 4628 provenire
2344 4550 2550 4627 debet,
2587 4553 2753 4631 quod
2785 4555 3096 4615 secundus
3118 4556 3352 4615 condu-

1817 4646 1949 4703 ctor
1975 4643 2262 4721 acquirat
2288 4642 2635 4703 dominium
2658 4647 2806 4707 utile
2828 4653 2936 4709 aut
2956 4647 3060 4727 jus
3091 4648 3351 4709 dominii

1818 4735 1878 4793 in
1910 4754 1999 4809 re,
2052 4734 2163 4794 sed
2203 4734 2404 4795 solum
2453 4743 2708 4814 propter
2752 4742 3210 4818 possessionem
3252 4742 3353 4803 vel

1819 4826 2242 4888 detentionem
2273 4846 2411 4907 quae
2444 4828 2553 4889 dat
2607 4830 2858 4910 aliquod
2887 4833 2991 4911 jus
3022 4853 3097 4894 ne
3127 4834 3356 4912 spolie-

1822 4923 1939 4981 tur.
2003 4920 2427 4998 Emphyteuta
2483 4940 2631 4982 vero
2690 4926 2954 5004 acquirit
3008 4927 3355 4987 dominium

1821 5013 1969 5072 utile
2000 5016 2062 5072 et
2082 5012 2186 5090 jus
2217 5013 2278 5071 in
2309 5031 2399 5086 re,
2451 5014 2616 5074 unde
2649 5016 2990 5094 aliquando
3021 5018 3082 5077 in
3114 5018 3357 5096 legibus

1820 5102 2084 5163 dominus
2112 5104 2413 5183 appellari
2444 5107 2621 5167 solet.
2683 5101 3173 5186 Quarto‘differt,
3209 5110 3359 5189 quia

1822 5195 1883 5255 in
1915 5196 2312 5275 emphyteusi
2357 5198 2563 5259 minor
2592 5200 2807 5277 pensio
2857 5202 3020 5280 exigi
3052 5203 3230 5279 solet,
3282 5221 3355 5263 eo

1821 5289 1990 5367 quod
2021 5289 2449 5367 emphyteusis
2477 5290 2832 5353 introducta
2858 5293 2939 5355 sit
2965 5295 3132 5355 circa
3158 5300 3357 5356 terras

1822 5386 1885 5443 et
1912 5400 2010 5442 res
2057 5383 2318 5460 steriles,
2369 5386 2438 5443 ut
2479 5384 2901 5463 emphyteutae
2951 5405 3101 5448 cura
3132 5393 3194 5451 et
3221 5389 3358 5451 cul-

3002 5483 3081 5541 30
