4263 6376
606 1346 721 1405 163

547 1474 612 1515 An
634 1473 764 1537 possa

847 327 928 385 40

1439 886 1495 964 ἓ.
1527 886 1781 949 UnicuS.

1105 1161 1194 1222 De
1215 1161 1522 1224 donatione
1545 1163 1798 1224 omnium
1828 1163 2124 1226 bonorum.

935 1432 1150 1491 Restat
1192 1449 1357 1491 nunc
1395 1430 1601 1492 dicere
1631 1431 1709 1492 de
1740 1431 2076 1493 donatione
2107 1432 2387 1492 omnium

529 1538 729 1576 revoc-¹¹·
751 1526 785 1567 εἰ
855 1522 1166 1583 bonorum
1188 1570 1203 1599 ,
1253 1541 1392 1602 quae
1433 1529 1526 1585 est
1554 1525 1743 1584 etiam
1772 1524 2015 1603 legibus
2044 1525 2381 1603 prohibita.

546 1582 778 1633 juramento

553 1633 750 1675 firmetur.

853 1617 934 1676 Et
961 1616 1244 1694 quidem,
1279 1616 1329 1676 si
1360 1617 1439 1677 sit
1466 1618 1745 1676 omnium
1773 1618 2085 1677 bonorum
2114 1635 2389 1695 praesen-

853 1708 1009 1769 tium
1030 1753 1045 1783 ‚
1106 1712 1168 1768 et
1213 1708 1567 1769 futurorum
1614 1708 1931 1788 prohibita
1977 1716 2072 1771 est
2126 1709 2205 1768 de
2246 1708 2389 1788 jurc

854 1801 1191 1875 communi,
1226 1801 1347 1879 leg.
1383 1800 1706 1882 Stipulmio
1735 1800 1841 1861 1100
1879 1800 2048 1861 modo
2087 1810 2384 1881 concepta,

853 1895 918 1954 ff.
948 1892 1018 1954 de
1046 1893 1347 1954 verborum
1377 1892 1618 1974 obliqat.
1650 1894 1774 1972 103.
1810 1892 1919 1953 Ex
1945 1912 2029 1954 ee.
2065 1896 2133 1955 C.
2167 1892 2236 1953 de
2264 1894 2387 1953 inu-

854 1987 944 2047 til.
976 1986 1445 2068 stipulationibus
1465 2034 1480 2063 ,
1515 1992 1578 2047 et
1606 1987 1741 2046 aliis
1766 2035 1782 2063 ,
1834 2005 1973 2065 quae
2003 1987 2286 2064 congerit
2315 1988 2382 2047 P.

853 2079 1084 2141 Molina
1127 2079 1285 2159 disp.
1320 2082 1458 2141 280.
1493 2097 1666 2139 num.
1703 2083 1758 2139 1.
1806 2080 1857 2139 si
1907 2084 2117 2140 autem
2148 2080 2389 2140 511001-

854 2172 1028 2232 nium
1057 2172 1366 2232 bonorum
1389 2172 1811 2251 praesentium,
1846 2174 2015 2233 valet
2033 2172 2288 2251 quidem
2310 2172 2386 2232 de

846 2266 990 2344 jure
1021 2266 1372 2340 communi,
1407 2284 1532 2325 non
1575 2265 1653 2324 de
1676 2264 1817 2345 jure
1849 2266 2122 2344 Hispano
2156 2284 2231 2325 ex
2259 2265 2382 2344 leg.

854 2374 1016 2418 Lxlx.
1057 2356 1261 2428 Tauri,
1296 2362 1358 2418 et
1387 2356 1542 2417 aliis.

936 2453 1022 2510 De
1053 2450 1172 2510 1100
1202 2449 1538 2511 donatione
1569 2449 1847 2510 omnium
1873 2449 2183 2510 bonorum
2213 2450 2389 2511 dubi-

853 2546 1023 2606 tatur
1052 2542 1293 2621 primo,
1343 2561 1422 2602 00
1473 2543 1525 2602 si
1564 2544 1926 2621 juramento
1959 2544 2385 2620 confirmetur,

853 2635 1049 2717 possit
1093 2635 1301 2696 adhuc
1331 2635 1662 2695 revocari?
1703 2637 1947 2713 Negant
1975 2635 2391 2698 communiter

853 2747 1111 2789 manere
1139 2728 1612 2789 irrevocabilem
1643 2727 1930 2787 doctores
1945 2725 2209 2805 juristae,
2245 2728 2392 2806 quia

855 2827 1073 2882 contra
1092 2821 1289 2881 bonos
1310 2838 1514 2880 mores
1536 2826 1629 2881 est
1657 2819 1796 2880 talis
1817 2818 2094 2895 donatio,
2121 2819 2390 2899 ideoque

847 2913 1205 2993 juramento
1259 2912 1615 2973 confirmari
1678 2930 1801 2972 non
1872 2917 2115 2990 potest,
2190 2914 2393 2973 aufert

855 3007 1086 3086 quippe
1133 3025 1171 3066 a
1225 3006 1522 3067 donante.
1551 3008 1923 3084 potestatem
1968 3023 2216 3065 omnem
2269 3010 2393 3066 tes-

853 3099 1052 3161 tandi.
1088 3098 1392 3159 Eamdem
1423 3098 1794 3159 sententiam
1841 3116 2191 3176 supponere
2221 3098 2393 3158 vide-

853 3199 958 3256 tur
975 3192 1265 3254 Rebellus
1286 3193 1451 3253 (11010
1468 3193 1574 3252 lib.
1599 3193 1813 3253 xvnl.
1836 3197 2056 3272 quaest.
2078 3209 2216 3252 v111.
2242 3212 2302 3252 0.
2332 3195 2387 3253 1.

855 3287 1007 3347 dum
1046 3286 1167 3361 ait,
1222 3286 1563 3346 donantem
1611 3286 1799 3346 011001
1844 3303 1986 3345 cum
2031 3287 2392 3364 juramento

856 3380 1069 3442 omnia
1094 3380 1262 3440 bona
1291 3397 1414 3440 non
1446 3397 1706 3457 peccare
1735 3378 2110 3454 mortaliter,
2154 3379 2263 3440 sed
2295 3397 2395 3438 so-

853 3474 985 3534 lum
1018 3473 1363 3548 venialiter,
1399 3491 1513 3533 nec
1534 3472 1932 3532 donatarium
1950 3490 2210 3549 peccare
2232 3490 2394 3532 mor-

855 3567 1063 3628 taliter
1109 3565 1437 3627 retinendo
1480 3584 1611 3625 rem
1644 3565 1982 3639 donatam,
2035 3565 2153 3623 nisi
2200 3564 2393 3624 invito

857 3660 1185 3735 donatore,
1220 3658 1318 3718 vel
1345 3659 1478 3736 ejus
1500 3657 1750 3717 haerede
1774 3657 2106 3718 retineret:
2142 3657 2249 3716 ubi
2262 3655 2396 3735 jam

855 3751 1172 3832 supponit,
1198 3752 1440 3811 etiamsi
1455 3750 1668 3828 jurata
1688 3749 1902 3809 fuisset
1917 3750 2192 3826 donatia,
2213 3769 2394 3828 posse

855 3864 895 3906 a
922 3845 1224 3906 donatore
1251 3843 1533 3904 revocari
1560 3889 1574 3918 ‚
1628 3843 1903 3921 alioquin
1951 3860 2074 3902 non
2107 3845 2397 3919 peccaret

853 3937 1199 3998 mortaliter
1226 3941 1443 4015 postea
1474 3935 1839 3996 donatarius
1869 3934 2198 3995 retinendo
2230 3935 2396 3996 bona

858 4031 1046 4092 ctiam
1072 4031 1377 4091 donatore
1404 4029 1624 4104 invite,
1658 4028 1707 4087 si
1740 4027 1994 4089 donatio
2026 4046 2153 4090 non
2185 4033 2396 4106 posset

859 4119 1130 4201 amplius
1161 4141 1197 4181 a
1227 4121 1530 4182 donatore
1562 4121 1868 4180 revocari.

939 4215 1331 4278 Contrariam
1361 4219 1571 4274 tamen
1611 4213 1987 4273 sententiam
2015 4213 2141 4274 late
2171 4215 2398 4293 probat

863 4313 928 4371 P.
962 4308 1194 4369 Molina
1222 4307 1371 4367 dict.
1399 4306 1558 4384 disp.
1584 4309 1722 4368 280.
1761 4309 1930 4366 num.
1957 4310 2014 4367 3.
2043 4311 2105 4368 et
2133 4326 2396 4386 sequen-

857 4403 1045 4478 tibus,
1081 4419 1267 4480 quem
1303 4399 1586 4478 sequitur
1614 4399 1862 4459 Lessius
1895 4419 2068 4459 num.
2103 4404 2202 4462 96.
2241 4402 2392 4462 etin

859 4496 1067 4574 rigore
1097 4493 1346 4554 videtur
1373 4492 1615 4567 verior,
1665 4511 1776 4569 pro
1809 4510 1930 4570 qua
1964 4496 2108 4553 sunt
2138 4495 2391 4554 Covarr.

858 4587 1106 4663 DeciuS,
1141 4585 1499 4660 FortuniuS,
1535 4585 1751 4659 etalii,
1789 4602 1943 4664 quos
1964 4586 2248 4664 sequitur
2266 4587 2397 4647 Mo-

859 4681 1007 4741 lina.
1071 4679 1248 4740 Ratio
1295 4677 1619 4758 potissima
1666 4682 1792 4752 est,
1855 4677 2000 4756 quia
2057 4678 2204 4737 licet
2265 4677 2396 4757 ipse

860 4777 1036 4835 00105
1065 4770 1339 4832 (1000οᾶ1
1370 4771 1571 4832 100105
1601 4771 1701 4846 511,
1735 4770 1865 4830 sive
1887 4769 2033 4848 quia
2047 4769 2191 4850 jure
2222 4775 2397 4831 natu-

855 4865 970 4927 1011
1001 4863 1372 4943 prohibetur
1399 4864 1621 4925 saltem
1642 4863 1970 4922 venialiter
1989 4863 2397 4942 prodigalitas

858 4959 985 5034 illa,
1019 4960 1082 5018 et
1111 4956 1356 5016 auferre
1385 4955 1502 5015 sibi
1533 4960 1906 5034 potestatem
1938 4955 2230 5031 testandi,
2265 4956 2395 5015 sive

861 5052 1008 5132 quia
1034 5048 1406 5128 prohibetur
1433 5048 1654 5109 saltem
1684 5047 1928 5126 legibus
1958 5047 2250 5107 humanis
2269 5094 2284 5124 ‚
2333 5048 2396 5108 id

861 5150 1070 5205 tamen
1102 5141 1272 5221 quod
1294 5141 1652 5221 juramento
1685 5139 2101 5218 promittitur,
2149 5159 2273 5201 non
2305 5145 2399 5202 est

864 5235 1119 5297 donatio
1148 5235 1306 5313 ipsa,
1341 5234 1452 5293 sed
1483 5234 1684 5294 solum
1716 5252 1839 5294 non
1871 5251 2169 5293 revocare
2200 5233 2397 5294 dona-

867 5330 1098 5389 tionem
1125 5348 1139 5399 ;
1193 5327 1312 5388 1100
1357 5331 1568 5387 001010
1617 5326 1785 5386 00110
1821 5327 1964 5404 jure
2012 5326 2392 5403 prohibitum

866 5426 996 5497 est,
1031 5420 1142 5480 sed
1169 5419 1442 5495 licitum,
1493 5436 1635 5480 0010
1684 5419 1946 5497 quilibet
1992 5419 2186 5496 possit
2233 5421 2395 5480 nolle

863 5514 1100 5591 testari,
1136 5512 1298 5572 nolle
1319 5530 1615 5572 revocare
1639 5511 2063 5589 donationem,
2090 5517 2209 5573 etc.
2236 5512 2394 5586 Quo-

2007 330 2108 389 DE
2151 331 2503 392 JUSTlTIA
2552 332 2651 392 ΕΤ
2694 332 2893 392 JURE

2483 508 2598 569 ties
2630 512 2837 568 autem
2867 509 2928 568 id
2961 511 3129 588 quod
3160 511 3541 588 promittitur
3563 557 3580 587 ,
3633 515 3841 589 potest
3876 510 4010 569 abs—

2483 618 2605 679 que
2632 606 2889 679 peccato
2921 600 3187 679 impleri,
3215 602 3646 681 juramentum
3676 603 3755 661 ad
3778 602 3841 661 id
3865 600 4011 661 obli-

2482 698 2591 770 gat
2636 698 2698 753 et
2741 693 2978 753 servari
3007 694 3231 765 debet;
3293 696 3544 774 quando
3592 713 3743 753 vero
3792 694 4037 765 dicitur,

2477 784 2908 864 juramentum
2946 790 3164 847 contra
3206 787 3406 848 honos
3445 806 3653 848 mores
3696 806 3823 847 non
3862 785 4015 846 obli-

2483 895 2673 953 gare,
2732 878 3101 957 intelligitur
3146 879 3224 939 de
3263 878 3665 957 juramentO,
3725 879 3896 958 quod
3943 897 4014 938 ex

2485 973 2660 1047 parte
2690 969 2914 1049 objecti
2946 976 3040 1032 est
3069 977 3287 1031 contra
3305 971 3504 1033 bonos
3520 991 3752 1047 morea,
3789 990 4016 1049 nempe

2486 1080 2560 1121 ex
2590 1066 2765 1139 parte
2814 1063 2900 1122 rui
2933 1064 3287 1141 promissae,
3350 1084 3473 1125 non
3531 1066 3608 1124 de
3657 1065 4017 1144 juramento

2487 1155 2653 1233 quod
2694 1155 2772 1215 de
2814 1175 2879 1215 se
2917 1156 3262 1217 formaliter
3301 1157 3380 1219 sit
3406 1163 3624 1219 contra
3653 1158 3855 1220 bonos
3882 1177 4015 1218 mo-

2487 1265 2607 1323 105,
2644 1252 2706 1308 01
2733 1248 3119 1326 prohibitum
3155 1270 3168 1309 :
3221 1254 3426 1327 potest
3471 1251 3637 1311 enim
3685 1252 3827 1330 quis
3876 1269 4020 1329 pec-

2485 1358 2629 1399 eare
2650 1340 2925 1418 jurando
2947 1388 2962 1416 ,
3009 1347 3071 1404 et
3099 1347 3310 1402 tamen
3332 1345 3695 1421 juramento
3725 1344 4016 1422 obligari,

2488 1434 2632 1510 quia
2664 1452 2761 1493 res
2781 1434 3088 1511 promissa
3118 1454 3242 1495 non
3276 1441 3369 1496 est
3388 1436 3724 1514 prohibita,
3759 1438 3870 1497 sed
3893 1437 4025 1497 sola

2487 1526 2846 1602 promissiO,
2901 1528 2997 1586 vel
3019 1528 3474 1606 juramentum.
3522 1532 3610 1589 De
3663 1529 3785 1589 hoc
3813 1535 4022 1590 tamen

2487 1618 2609 1677 late
2650 1618 2918 1678 diximus
2949 1619 3109 1698 disp.
3162 1621 3540 1699 praecedenti
3593 1629 3743 1682 sect.
3792 1640 3928 1683 vm.
3967 1626 4028 1682 et

2486 1711 2685 1770 videri
2716 1715 2918 1788 potest
2946 1712 3136 1772 etiam
3166 1712 3332 1771 idem
3350 1713 3582 1774 Melina
3604 1730 3645 1773 1.
3676 1719 3829 1774 tom.
3858 1714 4020 1793 disp.

2490 1806 2624 1863 151.
2658 1803 2766 1862 ubi
2810 1803 2933 1863 late
2981 1803 3100 1864 hoc
3130 1803 3335 1881 ipsum
3365 1809 3593 1866 tractat
3639 1806 3807 1865 circa
3842 1806 4027 1885 jura-

2486 1900 2768 1956 mentum
2799 1915 2924 1956 non
2955 1897 3290 1956 revocandi
3323 1901 3792 1959 testamentum.
3837 1899 4018 1961 Unde

2490 1988 2692 2047 obiter
2743 1987 2982 2063 infern,
3045 1988 3290 2048 etiamsi
3337 2007 3463 2049 000
3511 1989 4027 2068 praecedatjura-

2487 2084 2770 2139 mentum
2795 2125 2811 2154 ,
2863 2097 3118 2140 manere
3149 2086 3359 2141 tamen
3392 2080 3790 2141 donatarium
3820 2088 4027 2143 tutum

2488 2171 2550 2230 in
2609 2170 2957 2232 retentione
2981 2217 2996 2248 ,
3047 2171 3198 2231 dum
3229 2190 3266 2231 a
3294 2171 3598 2233 donatore
3624 2175 3723 2234 vel
3771 2174 4026 2235 haerede

2489 2283 2611 2325 non
2641 2268 2995 2340 revocatur,
3030 2269 3218 2342 prout
3245 2266 3553 2327 concessit
3580 2266 3771 2327 etiam
3803 2268 4027 2328 Rebel-

2485 2358 2583 2416 lus
2611 2374 2799 2434 supra
2830 2357 3162 2418 adductuS.

2570 2449 2903 2510 Dubitatur
2921 2450 3219 2525 secunde,
3248 2454 3457 2511 utrum
3478 2451 3639 2511 51001
3656 2452 3913 2513 (1000110
3932 2472 4027 2514 50·

2490 2560 2599 2621 pra
2621 2541 2997 2621 quingentos
3026 2541 3257 2603 solidos
3285 2543 3566 2603 revocari
3590 2544 3792 2603 solum
3820 2551 4029 2623 potest

2491 2634 2699 2713 quoad
2721 2652 3065 2709 excessum,
3101 2638 3163 2694 et
3181 2638 3394 2695 manet
3414 2637 3596 2695 firma
3611 2637 3820 2715 quoad
3846 2639 4027 2716 quin·
4096 2665 4163 2699 Aac

2490 2731 2711 2805 gentos
2732 2725 2963 2786 solidos
2987 2727 3176 2787 etiam
3199 2728 3436 2807 absque
3458 2727 3911 2801 insinuatione;
3945 2730 4029 2792 ita

2492 2820 2743 2880 donatio
2789 2819 3067 2879 omnium
3116 2820 3426 2881 bonorum
3473 2821 3616 2882 licet
3664 2841 3787 2883 non
3821 2824 4031 2884 valeat

2493 2913 2702 2991 quoad
2734 2912 2944 2972 omnia
2974 2912 3161 2988 bona,
3196 2913 3406 2974 valida
3434 2917 3645 2974 tamen
3691 2916 3774 2976 sit
3816 2916 4028 2995 quoad

2491 3008 2733 3084 partem
2777 3023 2899 3065 000
2965 3005 3393 3083 prohibitam?
3454 3007 3656 3068 Julius
3704 3008 3925 3069 Clarus
3969 3010 4027 3087 ἓ.

2493 3099 2772 3174 (1000110,
2805 3099 3150 3177 quaestione
3179 3116 3276 3159 ex.
3313 3118 3484 3160 num.
3519 3104 3576 3160 2.
3612 3100 3783 3177 (11011,
3819 3102 4033 3180 dispu-

2491 3191 2683 3252 tando
2714 3191 3007 3253 sustineri
3046 3210 3226 3269 posse
3258 3193 3427 3271 quod
3458 3193 3537 3254 sit
3567 3194 3774 3255 valida
3818 3196 4029 3274 quoad

2492 3288 2736 3362 partem
2773 3305 2785 3345 :
2838 3284 2971 3362 ipse
3018 3287 3260 3360 tamen,
3312 3289 3374 3344 et
3411 3289 3640 3347 Anton.
3677 3289 3930 3348 Gomes.
3967 3294 4034 3348 et

2494 3377 2619 3452 alii,
2654 3394 2812 3455 quos
2840 3377 3032 3437 refert
3076 3382 3138 3437 et
3183 3378 3466 3454 sequitur
3508 3378 3740 3439 Molina
3783 3399 3938 3440 num
3965 3386 4026 3443 6.

2494 3475 2556 3530 01
2579 3467 2921 3529 Turrianus
2951 3468 3111 3547 disp.
3146 3470 3415 3530 LXXIII.
3451 3470 3601 3531 dub.
3632 3488 3715 3531 v1.
3754 3491 3936 3534 num.
3967 3478 4025 3534 9..

2494 3562 2740 3636 dicunt,
2789 3560 2995 3639 quoad
3028 3562 3264 3621 nullam
3298 3567 3540 3639 partem
3569 3565 3779 3624 valere
3816 3585 3831 3623 ε
3880 3567 4031 3645 quia

2495 3654 2555 3714 in
2587 3653 2927 3714 donatione
2979 3654 3111 3713 sine
3159 3653 3577 3716 insinuatione
3624 3659 4031 3737 praescriptus

2496 3751 2588 3807 est
2607 3750 2810 3807 certus
2834 3747 3135 3806 terminus
3152 3747 3636 3825 quingentorum
3656 3750 4027 3826 solidorum,

2494 3841 2576 3900 ad
2606 3857 2793 3919 quem
2833 3839 3166 3899 insinuatio
3213 3859 3335 3900 non
3367 3842 3738 3919 requiritur,
3787 3849 3850 3904 et
3880 3846 4031 3906 utile

2496 3953 2607 4011 per
2653 3933 2870 3994 inutile
2899 3951 3039 3992 non
3084 3933 3340 3993 vitiatur
3373 3953 3386 3993 ε
3441 3939 3505 3994 01
3534 3953 3682 3996 vero
3732 3937 3793 3995 10
3825 3938 4033 3998 dona-

2495 4027 2662 4088 tione
2694 4026 2974 4087 omnium
3020 4025 3331 4086 bonorum
3374 4045 3497 4086 non
3542 4034 3637 4090 est
3674 4030 4033 4108 assignatus

2496 4120 2659 4179 111105
2687 4119 3027 4195 terminuS,
3061 4137 3257 4197 quare
3288 4119 3337 4178 si
3369 4120 3607 4181 valeret
3637 4123 3850 4199 quoad
3881 4143 4034 4201 par-

2495 4219 2643 4287 tem,
2673 4212 2913 4272 valeret
2940 4212 3147 4291 quoad
3170 4217 3368 4273 totum
3400 4219 3658 4291 excepto
3690 4234 3814 4275 uno
3835 4217 4028 4289 sulio,

2497 4305 2616 4365 hoc
2643 4305 2811 4364 enim
2836 4305 3171 4381 sufficeret,
3209 4323 3285 4364 ne
3317 4309 3480 4365 esset
3508 4306 3793 4366 omnium
3824 4308 4031 4369 bono-

2496 4416 2633 4457 rum
2656 4443 2670 4472 ‚
2730 4402 2918 4476 atque
2964 4397 3104 4457 ideo
3160 4396 3496 4476 prohibitio
3549 4403 3709 4459 esset
3768 4400 4028 4477 inutilis,

2496 4508 2638 4550 cum
2693 4490 2915 4551 eadem
2960 4490 3466 4551 inconvenientia
3510 4498 3928 4569 sequerentur
3958 4515 4033 4555 ex

2496 4584 2709 4642 valore
2748 4583 2890 4644 talis
2922 4583 3276 4644 donationis
3322 4583 3531 4661 quoad
3563 4586 3773 4644 omnia
3803 4592 4034 4663 praeter

2496 4695 2692 4736 unum
2721 4676 2979 4738 Julium.

2578 4772 2723 4830 Haec
2751 4776 2963 4829 tamen
2992 4767 3151 4828 ratio
3198 4785 3321 4828 non
3348 4768 3597 4828 videtur
3626 4770 3777 4830 satis
3806 4788 4031 4832 conse-

2497 4865 2766 4940 quenter
2792 4861 2970 4920 reddi
3014 4860 3094 4919 ab
3145 4858 3219 4918 iis
3250 4861 3641 4933 doctoribus;
3695 4862 3810 4939 ipsi
3862 4865 4032 4924 enim

2498 4953 2817 5031 assignare
2849 4953 3082 5013 debent
3107 4952 3468 5026 terminum,
3507 4957 3569 5014 et
3595 4953 3673 5014 de
3694 4955 3861 5016 facto
3884 4957 4034 5017 assi-

2495 5051 2693 5125 gnant
2738 5047 2799 5106 in
2850 5045 3186 5105 donatione
3235 5046 3607 5122 universali,
3670 5052 3732 5109 et
3786 5047 4028 5125 dicunt,

2498 5139 2665 5218 quod
2702 5138 2753 5198 si
2793 5138 3017 5217 aliquis
3065 5138 3257 5197 donet
3301 5157 3593 5216 expresse
3624 5140 3835 5199 omnia
3864 5141 4034 5202 bona

2497 5237 2725 5311 praeter
2753 5231 2970 5291 decern
2999 5230 3200 5291 Julios
3220 5277 3235 5306 ‚
3287 5230 3540 5291 donatio
3571 5251 3697 5292 non
3728 5233 3902 5294 valet
3932 5254 3947 5292 :
3982 5234 4032 5294 si

2500 5326 2691 5386 donet
2719 5323 2928 5383 omnia
2958 5323 3124 5383 bona
3151 5328 3380 5401 praeter
3407 5327 3651 5400 partem
3675 5370 3690 5399 ,
3739 5344 3882 5403 quae
3927 5346 4035 5386 ex-

2497 5418 2681 5478 cedat
2707 5418 3075 5496 vigesimam
3106 5417 3385 5475 omnium
3414 5417 3723 5477 bonorum
3754 5419 4032 5479 validam

2497 5529 2629 5572 esse
2651 5556 2667 5587 ,
2702 5511 2850 5590 quia
2880 5508 3071 5570 debet
3111 5508 3228 5568 sibi
3261 5509 3503 5569 donans
3532 5527 3856 5570 reservare
3887 5530 4035 5590 par-
