4263 6376
592 723 665 782 19

543 845 648 898 Quid
683 846 735 889 do
746 900 758 912 ⁶

490 912 728 961 successore
745 912 787 943 in

530 959 750 1037 :najaram-

626 2959 705 3018 20

562 3084 674 3127 Uxor
699 3094 750 3123 ιιι

509 3137 657 3180 debeat
695 3142 805 3177 stare

509 3191 701 3234 locationi
745 3188 804 3232 rci

508 3245 673 3292 dotalis.
690 3243 805 3285 solu·

510 3304 555 3341 to
590 3298 806 3340 matrimo-

618 3352 703 3395 nin.

829 329 947 389 444

832 504 1275 568 abstinendum
1322 526 1362 569 a
1407 508 1667 587 delictis,
1700 510 1927 591 quibus
1973 510 2366 572 confiscatio-

833 598 930 659 nis
959 617 1146 676 poena
1174 619 1416 661 annexa
1444 602 1544 664 sit.

916 692 1186 754 Insertur
1229 695 1528 771 secundo,
1577 714 2001 758 successorem
2048 696 2112 757 in
2166 695 2367 775 majo-

838 789 1003 859 ratu,
1036 784 1136 844 vel
1195 786 1845 850 fideicommissarium
1895 807 2015 850 non
2056 789 2252 850 teneri
2285 788 2366 848 ad

838 878 1132 938 standum
1161 878 1457 940 locationi
1487 899 1521 940 a
1553 881 2014 959 praedecessore
2034 882 2237 958 factae,
2259 885 2367 943 aut

835 987 950 1049 per
979 987 1123 1030 eum
1143 971 1250 1050 qui
1269 973 1594 1034 restituere
1615 974 1888 1035 debebat
1908 975 2361 1050 haereditatem,

838 1062 987 1141 quia
1013 1068 1237 1124 neuter
1280 1069 1528 1143 poterat
1556 1065 1885 1144 disponere
1931 1068 2010 1127 de
2056 1068 2131 1128 iis
2159 1067 2363 1142 boniS,

836 1154 953 1215 nisi
1012 1174 1123 1233 pro
1183 1160 1463 1236 tempore
1519 1177 1641 1237 quo
1700 1177 1773 1218 ea
1817 1160 2200 1239 possidebat,
2252 1178 2368 1220 nec

835 1248 1249 1327 praejudicare
1280 1251 1624 1311 successori
1654 1255 1762 1312 aut
1787 1253 2367 1314 fideicommissario

837 1340 944 1419 qui
976 1344 1146 1401 certe
1177 1359 1301 1402 non
1331 1343 1613 1405 succedit
1642 1344 1704 1403 in
1735 1363 1952 1406 eorum
1984 1345 2280 1406 oneribus
2309 1348 2370 1405 et

839 1432 1348 1511 obligationibus,
1382 1454 1521 1496 cum
1573 1455 1696 1498 non
1725 1441 1855 1499 tam
1886 1438 1965 1498 sit
1994 1457 2214 1498 eorum
2245 1439 2369 1499 hae-

838 1543 962 1601 res,
1022 1543 1211 1604 quam
1267 1528 1401 1605 ejus
1444 1529 1551 1607 qui
1606 1529 1983 1609 majoratum
2035 1530 2137 1591 vel
2192 1530 2370 1591 fidei-

840 1619 1244 1679 commissum
1293 1620 1557 1682 instituit
1596 1642 1610 1684 :
1663 1642 1856 1702 quare
1918 1625 2192 1684 resoluto
2228 1623 2370 1701 jure

841 1710 1070 1787 dantiS,
1121 1731 1347 1790 nempe
1389 1713 1674 1790 locantis,
1722 1716 2053 1777 resolvitur
2073 1717 2179 1795 jus
2207 1716 2372 1776 acci-

840 1802 1086 1882 pientiS,
1140 1809 1202 1866 et
1247 1806 1557 1885 colligitur
1586 1828 1658 1868 ex
1686 1808 1728 1869 l.
1763 1809 1993 1890 Siquis
2019 1807 2271 1885 domum,
2307 1810 2367 1885 ς.

839 1896 959 1956 Hic
986 1895 1282 1978 subjunqi,
1337 1901 1399 1960 ff.
1455 1899 1648 1974 locati,
1685 1906 1747 1962 et
1788 1902 2196 1963 consentiunt
2223 1902 2373 1962 doc-

841 1992 1010 2050 tores
1040 2009 1197 2069 quos
1228 1992 1532 2071 congerit,
1584 1998 1646 2054 et
1675 1995 1957 2073 sequitur
1984 1994 2218 2055 Molina
2247 1994 2374 2054 dis-

842 2082 1166 2160 putatione
1192 2082 1350 2163 1491.
1403 2086 1581 2147 Unde
1621 2105 1822 2166 neque
1870 2089 2060 2149 etiam
2105 2087 2374 2148 conduc-

842 2180 942 2237 tor
970 2180 1219 2237 tenetur
1245 2182 1408 2238 stare
1440 2180 1807 2256 contractui,
1855 2181 1907 2241 si
1927 2180 2112 2253 nolit;
2148 2172 2375 2258 poterit

843 2272 1078 2345 tamen,
1133 2269 1182 2328 si
1245 2270 1475 2332 invitus
1518 2273 1860 2351 expellatur
1897 2292 1936 2334 a
1988 2291 2369 2347 successore,

845 2378 1035 2439 agere
1067 2362 1368 2422 adversus
1400 2364 1681 2425 haeredes
1725 2367 2020 2427 locatoris
2066 2384 2179 2444 pro
2223 2365 2376 2427 inte·

845 2472 1038 2531 resse,
1100 2454 1149 2515 si
1199 2473 1343 2516 eum
1390 2457 1577 2519 tacite
1620 2457 1719 2518 vel
1765 2477 2054 2536 expresse
2103 2457 2370 2537 decepit,

847 2546 1184 2608 ostendens
1204 2548 1372 2609 bona
1398 2549 1505 2611 illa
1533 2569 1665 2610 esse
1684 2550 1903 2627 libera,
1936 2570 2117 2612 secus
2146 2550 2195 2611 si
2226 2550 2380 2611 scie·

846 2639 958 2700 bat
1002 2640 1101 2699 vel
1146 2641 1305 2702 scire
1353 2648 1599 2721 poterat
1639 2663 1774 2704 esse
1816 2649 2097 2723 gravata,
2145 2650 2208 2706 et
2253 2663 2378 2705 non

847 2731 1174 2811 subjacere
1206 2737 1460 2796 omnino
1490 2736 1881 2816 dispositioni
1926 2738 2210 2814 locantis,
2262 2736 2378 2796 nisi

849 2844 962 2904 pro
996 2826 1102 2887 tali
1130 2828 1229 2887 vel
1258 2828 1367 2888 tali
1396 2834 1696 2908 tempore.

930 2918 1132 3000 Majus
1162 2919 1423 2981 dubium
1451 2929 1545 2984 est
1589 2923 1667 2984 de
1724 2942 1938 2998 uxore,
1973 2943 2051 2983 an
2093 2928 2383 2986 teneatur

852 3017 1017 3074 stare
1050 3013 1252 3075 soluto
1284 3014 1706 3093 matrimonio,
1738 3016 2028 3078 locationi
2050 3018 2138 3077 rei
2158 3018 2383 3078 dotalis

854 3108 1034 3168 factae
1056 3125 1095 3166 a
1122 3107 1344 3168 marito
1371 3126 1384 3168 :
1419 3107 1497 3168 de
1541 3127 1664 3187 qua
1714 3110 1944 3170 Melina
1973 3109 2205 3188 disput.
2237 3112 2379 3173 492.

855 3219 1028 3262 num.
1063 3204 1123 3262 3.
1158 3219 1301 3261 cum
1358 3203 1760 3278 Covarruvia‚
1794 3204 2066 3265 Antonio
2126 3207 2379 3280 Gomez,

856 3298 921 3355 et
947 3293 1084 3354 aliis
1113 3293 1264 3356 dicit
1312 3313 1437 3354 non
1464 3294 1693 3356 debere
1724 3299 1911 3371 stare,
1945 3302 2134 3375 atque
2163 3296 2303 3358 ideo
2334 3296 2384 3357 si

857 3388 1127 3467 expellet
1172 3387 1641 3464 conductorem,
1683 3388 1881 3449 teneri
1934 3389 2231 3451 maritum
2287 3389 2386 3450 vel

857 3481 993 3561 ejus
1023 3480 1305 3541 haeredes
1346 3481 1711 3542 conductori
1767 3482 1846 3541 ad
1904 3483 2221 3544 interesse.
2256 3485 2387 3543 Hoc

858 3580 1069 3636 tamen
1100 3592 1224 3634 non
1274 3573 1518 3633 videtur
1561 3580 2019 3653 consequenter
2048 3575 2205 3647 dici;
2241 3576 2389 3654 quia

859 3667 1020 3728 sicut
1050 3666 1330 3728 haeredes
1357 3666 1650 3727 locatoris
1680 3685 1804 3728 non
1835 3673 2126 3729 tenentur
2156 3667 2236 3726 ad
2293 3668 2390 3728 in-

858 3766 1093 3823 teresse
1149 3759 1568 3834 conductoriS,
1605 3759 1856 3838 quando
1917 3759 2018 3819 hic
2061 3760 2392 3838 expellitur

859 3874 899 3916 a
927 3871 1284 3915 successore
1326 3852 1389 3913 in
1437 3853 1770 3931 majoratu,
1819 3852 1917 3912 vel
1945 3853 2390 3914 fideicommis-

862 3967 952 4020 so,
1014 3947 1063 4007 si
1120 3945 1464 4009 conductor
1492 3945 1651 4006 scire
1682 3946 1887 4023 potuit
1936 3964 2071 4005 rem
2118 3947 2390 4007 locatam

861 4059 987 4103 non
1016 4058 1152 4101 esse
1180 4039 1466 4114 liberam,
1500 4038 1667 4098 idem
1710 4038 2047 4099 dicendum
2102 4042 2267 4099 esset
2311 4039 2392 4098 de

864 4133 1220 4194 haeredibus
1247 4131 1481 4207 mariti,
1532 4131 1785 4211 quando
1831 4131 2179 4193 conductor
2233 4131 2393 4191 scire

863 4226 1066 4307 potuit
1102 4244 1236 4286 rem
1264 4225 1534 4287 locatam
1576 4243 1711 4285 esse
1766 4224 2060 4300 dotalem,
2096 4229 2158 4285 et
2211 4225 2394 4284 resti-

864 4319 1167 4383 tuendam
1196 4318 1371 4379 uxori
1420 4317 1621 4379 soluto
1679 4317 2098 4378 matrimonio.
2155 4317 2393 4377 Deinde

864 4412 1143 4493 graviter
1168 4411 1375 4473 obstat
1402 4411 1631 4471 Paulus
1658 4410 2114 4490 jureconsultus
2145 4410 2206 4469 in
2235 4410 2276 4470 l.
2324 4409 2396 4470 St

865 4507 993 4588 filio
1020 4504 1279 4586 familias
1305 4520 1460 4565 xvn.
1498 4505 1554 4582 ἓ.
1606 4502 1685 4564 Si
1707 4503 1801 4563 vir
1828 4503 1886 4562 in
1915 4502 2391 4584 quinquennium,

867 4599 1149 4687 ff.·soluto
1177 4596 1567 4672 matrimonio,
1612 4597 1716 4657 ubi
1747 4596 1940 4657 habet
1982 4596 2117 4656 haec
2163 4595 2392 4659 verba:

878 4717 907 4750 α
938 4692 1003 4755 Si
1031 4692 1213 4752 viria
1243 4689 1742 4770 quinquennium
1770 4688 2071 4750 locaverit
2106 4688 2393 4764 fundum,

871 4791 935 4848 et
961 4788 1104 4865 post
1139 4784 1413 4863 primum
1442 4782 1600 4844 forte
1655 4801 1890 4842 annum
1939 4782 2277 4842 divortium
2306 4781 2400 4840 in-

869 4877 1257 4942 tervenerit:
1318 4875 1588 4938 Sabinus
1641 4875 1750 4951 ait,
1786 4892 1907 4935 non
1953 4875 2105 4935 alias
2135 4874 2400 4934 fundum

872 4971 1114 5033 mulieri
1132 4969 1311 5031 reddi
1335 4973 1645 5048 oportere,
1672 4987 1862 5048 quam
1884 4968 1934 5028 si
1965 4968 2223 5044 caverit,
2250 4967 2401 5046 quid

872 5071 1104 5147 praeter
1131 5064 1318 5125 unius
1348 5062 1494 5123 anni
1523 5062 1898 5123 locationem
1950 5061 2118 5140 (alibi
2149 5061 2398 5139 legitur,

875 5162 925 5222 si
967 5159 1118 5239 quid
1180 5160 1439 5236 propter
1467 5155 1651 5217 unius
1705 5155 1854 5215 anni
1909 5154 2305 5229 locationem,
2335 5157 2408 5214 ut

886 5251 1127 5316 notavit
1180 5250 1265 5311 ibi
1292 5251 1545 5329 glossa;
1600 5248 1831 5311 Molina
1885 5266 2058 5323 vero,
2092 5247 2301 5308 nescio
2330 5266 2406 5307 ex

881 5365 1004 5426 quo
1034 5346 1170 5406 loco
1194 5345 1368 5423 legit,
1402 5343 1452 5403 si
1484 5342 1634 5422 quid
1664 5346 1804 5421 post
1837 5341 2019 5401 unius
2047 5340 2195 5401 anni
2240 5341 2410 5401 loca-

878 5439 1139 5518 tionem)
1167 5437 1432 5500 maritus
1465 5437 1799 5498 damnatus
1829 5436 1927 5512 sit,
1960 5435 2024 5496 id
2054 5453 2121 5495 se
2151 5438 2410 5514 proesta-

879 5540 1087 5597 turam
1101 5549 1257 5594 esse.
1294 5531 1417 5593 Sed
1450 5534 1511 5592 et
1539 5529 1782 5591 mulieri
1814 5528 2190 5605 cavendum,
2225 5527 2408 5609 quid-

1947 335 2050 396 DE
2091 334 2448 397 JUSTITIA
2491 334 2591 396 ΕΤ
2634 336 2834 397 JURE

2468 510 2621 590 quid
2637 516 2864 589 praeter
2889 513 3162 591 primum
3188 531 3427 574 annum
3458 531 3533 572 ex
3560 511 3861 571 locatione
3882 513 3957 573 vir

2468 610 2842 666 consecutus
2866 606 3074 682 fuerit,
3108 625 3173 665 se
3203 606 3261 665 ei
3280 606 3741 667 restituturum.
3772 626 3799 659 n
3835 604 3958 676 Quae

2467 696 2662 755 verba
2714 696 2799 757 ita
2881 697 3170 776 intelligit
3225 698 3477 774 Molina,
3528 700 3599 757 ut
3654 714 3863 756 sensus
3899 697 3962 757 sit

2469 806 2753 864 uxorem,
2789 794 2851 849 et
2888 789 3022 868 ejus
3077 790 3360 850 haeredes
3386 790 3588 851 teneri
3620 806 3862 847 servare
3890 789 3960 846 in·

2467 880 2759 942 demnem
2814 882 3131 959 maritum,
3180 888 3370 962 atque
3417 882 3561 942 ideo
3590 881 3688 939 vel
3717 898 3834 939 non
3885 899 3964 939 ex-

2467 974 2699 1051 pellere
2727 974 3195 1051 conductorem,
3254 975 3347 1035 vel
3402 976 3649 1035 solvere
3701 973 3963 1032 intem

2466 1065 2603 1127 loco
2634 1067 2863 1143 mariti,
2906 1067 3010 1146 qui
3041 1068 3194 1128 illud
3224 1068 3466 1129 solvere
3496 1066 3756 1127 deberet
3781 1065 3965 1142 expul-

2468 1178 2536 1220 so
2552 1159 2954 1220 conductore.
2991 1161 3170 1232 Quod
3209 1166 3421 1222 tamen
3453 1159 3707 1219 difficile
3736 1176 3864 1217 esse
3890 1159 3962 1217 fa«

2467 1255 2632 1313 tetur
2659 1251 2827 1311 idem
2855 1252 3084 1313 Molina
3111 1272 3126 1312 ε
3161 1254 3306 1331 quia
3323 1253 3374 1312 si
3390 1251 3741 1312 conductor
3762 1250 3967 1310 sciehat

2466 1343 2636 1404 bona
2665 1362 2798 1404 esse
2830 1343 3085 1421 dotalia,
3119 1344 3200 1405 ad
3224 1345 3376 1404 nihil
3405 1345 3495 1404 illi
3524 1348 3776 1404 tenetur
3815 1342 3965 1401 man'·

2468 1441 2602 1509 tus;
2637 1436 2685 1497 si
2734 1454 2883 1497 vero
2930 1436 2994 1497 id
3025 1437 3348 1500 nesciebat
3371 1457 3446 1497 ex
3476 1435 3701 1496 fraude
3758 1435 3957 1505 mariti,

2469 1548 2594 1590 non
2622 1534 2887 1607 apparet
2912 1548 3025 1590 cur
3053 1549 3210 1591 uxor
3247 1531 3346 1591 vel
3388 1530 3526 1609 ejus
3583 1528 3858 1588 haeredes
3898 1533 3966 1587 te·

2471 1626 2738 1683 neantur
2764 1640 3016 1682 servare
3064 1623 3362 1684 maritum
3420 1622 3807 1694 indemnem,
3837 1619 3967 1681 sieut

2468 1734 2583 1776 nec
2613 1732 2937 1775 successor
2962 1716 3024 1776 in
3053 1715 3537 1777 fideicommisso
3570 1715 3762 1774 debet
3786 1731 3967 1772 serva-

2468 1827 2536 1868 re
2573 1808 2933 1868 indemnem
2990 1809 3546 1887 praedecessorem,
3608 1807 3855 1887 quando
3902 1804 3965 1865 ob

2466 1899 2845 1961 locationem
2875 1902 3106 1962 factam
3136 1920 3260 1962 non
3286 1902 3598 1981 explicato
3629 1898 3964 1977 gravamine

2468 1997 2717 2054 tenetur
2746 1994 3115 2055 conductori
3145 1994 3225 2054 ad
3254 1995 3581 2056 interesse.

2549 2088 2681 2164 Ego
2709 2086 3017 2165 imprimis
3046 2087 3351 2159 existimo,
3384 2104 3638 2146 sensum
3668 2083 3966 2162 legisillius

2471 2177 2785 2238 diversum
2845 2198 3001 2252 esse,
3061 2198 3264 2260 neque
3307 2180 3392 2239 ibi
3438 2178 3544 2256 agi
3593 2178 3672 2237 de
3708 2178 3967 2237 interesse

2473 2272 2642 2350 quod
2670 2272 2933 2333 maritus
2977 2273 3209 2333 debeat
3236 2271 3477 2332 solvere
3506 2269 3867 2331 conductori
3892 2287 3970 2326 ex·

2472 2366 2672 2443 pulso,
2709 2371 2771 2425 et
2798 2383 2836 2424 a
2865 2384 2987 2444 quo
3021 2383 3176 2425 uxor
3195 2383 3340 2425 eum
3370 2363 3601 2424 debeat
3627 2362 3881 2422 reddere
3896 2360 3970 2417 in-

2474 2457 2787 2533 demnem,
2822 2457 2930 2517 sed
2961 2458 3039 2518 de
3069 2458 3203 2517 aliis
3223 2458 3422 2536 pactis
3442 2461 3507 2517 et
3522 2454 3970 2532 obligationibus

2472 2568 2626 2629 quas
2655 2549 2914 2612 maritus
2929 2550 2993 2610 in
3010 2554 3332 2611 contractu
3351 2548 3682 2609 locationis
3700 2548 3853 2607 forte
3867 2562 3971 2604 sus·

2475 2643 2660 2719 cepit,
2694 2660 2731 2701 a
2759 2643 2985 2722 quibus
3018 2661 3171 2703 uxor
3199 2642 3387 2702 debet
3413 2634 3686 2700 reddere
3717 2638 3971 2698 maritum

2475 2733 2856 2811 indemnem,
2891 2738 2959 2795 ut
2985 2738 3230 2795 constat
3255 2753 3330 2794 ex
3357 2733 3399 2794 l.
3437 2732 3590 2794 Cum
3621 2731 3845 2790 mulier.
3876 2746 3972 2788 m.

2477 2826 2669 2888 eodem
2700 2828 2791 2891 tit.
2823 2826 2927 2887 ubi
2960 2827 3128 2886 idem
3161 2827 3385 2887 Paulus
3414 2826 3507 2886 sic
3533 2824 3788 2884 scribit:
3812 2826 3974 2884 «Cum

2480 2920 2702 2980 mulier
2729 2920 2808 2979 de
2839 2920 3000 2982 dotis
3028 2919 3397 2999 repetitione
3425 2920 3574 2997 post
3591 2917 3856 2977 solutum
3873 2930 3976 2971 ma·

2477 3013 2839 3076 trimonium
2870 3013 3019 3090 agit,
3054 3013 3243 3074 debet
3270 3030 3495 3072 cavere
3523 3010 3772 3080 marito,
3802 3007 3894 3086 qni
3916 3025 3976 3065 a·-

2482 3107 2654 3167 dium
2686 3106 2935 3166 nomine
2966 3105 3175 3165 damni
3200 3104 3406 3164 infecti
3429 3104 3618 3177 cavit,
3639 3103 3689 3161 si
3710 3101 3851 3161 velit
3866 3116 3975 3158 eam

2483 3201 2783 3279 recipere,
2819 3203 2887 3260 ut
2914 3199 3260 3277 periculum
3291 3197 3519 3258 marito
3557 3199 3923 3255 amoveatur.
3947 3215 3967 3246 n

2483 3294 2663 3356 Unde
2693 3296 2975 3368 constat,
3028 3292 3079 3351 si
3118 3290 3379 3351 maritus
3425 3290 3618 3350 domo
3665 3285 3848 3348 dotali
3880 3282 3975 3341 mi·

2485 3389 2672 3446 nante
2699 3386 2946 3445 ruinam
2970 3430 2985 3460 ,
3017 3383 3223 3443 vicino
3269 3382 3438 3443 cavit
3484 3381 3564 3441 de
3597 3382 3822 3441 damno
3848 3376 3977 3435 infe-

2486 3485 2607 3554 ct0,
2642 3483 2857 3556 postea
2890 3476 3090 3537 soluto
3140 3475 3544 3537 matrimonio
3573 3521 3589 3551 ‚
3624 3489 3867 3534 uxorem
3893 3469 3979 3527 de·

2481 3573 2632 3631 bere
2660 3569 2955 3631 maritum
2985 3568 3344 3628 indemnem
3374 3586 3634 3628 servare
3656 3567 3734 3626 ab
3753 3565 3849 3625 illa
3867 3582 3979 3623 can·

2484 3665 2674 3727 tione.
2710 3663 3009 3724 Similiter
3034 3680 3183 3740 ergo
3213 3662 3276 3720 in
3308 3680 3455 3721 casu
3487 3661 3643 3722 dicti
3671 3662 3725 3740 ἓ.
3759 3676 3801 3719 1.
3830 3656 3980 3716 Sic-ir

2485 3758 2546 3817 in
2574 3754 3026 3836 quinquennium
3048 3800 3063 3830 ,
3119 3773 3244 3814 non
3302 3754 3512 3832 agitur
3565 3754 3649 3813 de
3702 3748 3977 3812 reddendo

2486 3849 2710 3909 marito
2742 3847 3020 3907 indemni
3074 3847 3153 3906 ab
3209 3846 3510 3907 interesse
3566 3846 3654 3906 ob
3698 3843 3978 3923 expulsum

2488 3941 2957 4016 conductorem,
2990 3939 3099 3998 sed
3130 3940 3207 3999 de
3235 3939 3374 3999 aliis
3399 3939 3603 4017 pactis
3624 3944 3685 3999 et
3705 3934 3980 4014 obligatio-

2490 4035 2672 4095 nibus
2703 4052 2739 4093 a
2766 4033 2993 4094 marito
3022 4032 3085 4091 in
3112 4031 3422 4093 locatione
3451 4031 3568 4091 sibi
3601 4028 3905 4109 impositis,
3931 4044 3975 4083 v.

2490 4147 2552 4207 g.
2586 4126 2636 4187 si
2677 4125 3051 4205 promiserat
3104 4124 3340 4185 colonis
3392 4123 3675 4185 triticum
3719 4122 3791 4181 ad
3836 4117 3982 4180 semi·

2492 4219 2772 4281 nandum
2800 4217 3200 4279 commodare
3226 4263 3241 4293 ,
3274 4217 3374 4277 vel
3406 4216 3709 4277 animalia
3733 4214 3807 4275 ad
3833 4230 3982 4273 aran·

2493 4315 2666 4388 dum,
2697 4313 2796 4371 vel
2827 4311 2923 4371 bis
2951 4310 3174 4370 similia
3198 4329 3212 4381 ;
3256 4327 3415 4389 quas
3442 4309 3848 4388 obligationes
3869 4304 3982 4364 licet

2493 4404 2755 4467 maritus
2785 4408 3074 4464 teneatur
3101 4403 3406 4463 sustinere
3454 4420 3568 4481 pro
3609 4402 3801 4480 primo
3829 4413 3978 4466 anno,

2498 4517 2619 4578 quo
2677 4498 2913 4558 fructus
2978 4495 3306 4556 locationis
3360 4494 3440 4554 ad
3509 4494 3717 4573 ipsum
3780 4495 3985 4570 specta-

2497 4594 2683 4663 runt;
2717 4608 2830 4669 pro
2860 4589 2996 4649 aliis
3025 4594 3232 4650 tamen
3264 4588 3444 4648 annis
3470 4588 3707 4648 debent
3731 4585 3802 4645 ab
3831 4598 3983 4642 uxore

2499 4686 2734 4746 damna
2759 4683 2888 4754 illa,
2922 4687 2984 4743 et
3011 4697 3202 4743 onera
3230 4680 3479 4754 sentiri,
3522 4680 3605 4740 ad
3632 4695 3810 4759 quam
3838 4674 3984 4735 dein·

2500 4795 2648 4857 ceps
2698 4775 3024 4837 locationis
3079 4774 3573 4834 emolumentum
3636 4773 3892 4852 spectat,
3939 4771 3987 4824 et

2502 4871 2643 4931 ideo
2675 4885 2898 4929 cavere
2927 4866 3112 4927 debet
3139 4865 3365 4925 marito
3395 4883 3509 4944 pro
3552 4863 3689 4944 ejus
3727 4857 3985 4923 indemni·

2502 4968 2652 5026 tate.

2586 5059 2893 5119 Caeterum
2921 5052 3129 5113 adhuc
3157 5055 3370 5112 manet
3396 5050 3748 5125 difficultas,
3777 5049 3906 5127 quia
3927 5044 3986 5102 li-

2507 5155 2607 5213 cet
2634 5149 2719 5210 ibi
2749 5166 2873 5209 non
2902 5145 2982 5206 sit
3021 5162 3225 5205 sermo
3264 5142 3344 5203 de
3391 5143 3694 5204 interesse
3736 5135 3985 5200 solvendo

2508 5240 2875 5306 conductori
2904 5238 3186 5316 expulso,
3216 5236 3327 5296 sed
3358 5236 3436 5296 de
3465 5235 3606 5296 aliis
3632 5233 3862 5295 damnis
3884 5247 3988 5290 ma·

2508 5338 2627 5400 rito
2658 5354 2733 5395 ex
2761 5331 3070 5395 locatione
3095 5329 3569 5390 imminentibus
3591 5376 3607 5405 ,
3659 5348 3774 5389 nou
3816 5331 3984 5387 tamen

2509 5430 2792 5510 apparet,
2823 5443 2935 5485 cur
2981 5442 3137 5485 uxor
3182 5423 3412 5483 debeat
3455 5440 3569 5500 pro
3614 5421 3686 5481 iis
3710 5413 3986 5488 cavere,si

2510 5543 2633 5586 non
2664 5523 2910 5585 tenetur
2965 5523 3129 5579 stare
3186 5516 3574 5592 contractui,
3627 5531 3759 5575 cum
3787 5526 3987 5570 succes-

4057 2096 4096 2151 21

4018 2217 4038 2258 Μ

4024 2220 4129 2311 {t

4012 2334 4129 2419 ta

4076 5059 4112 5086 ‚u

4075 5095 4112 5115 od
