4263 6376
645 1607 760 1666 112

596 1731 718 1785 Quid,
751 1732 787 1776 si

572 1787 762 1829 succedat
781 1787 824 1829 in

569 1851 615 1881 ro
643 1840 812 1884 feudali.

645 2347 759 2407 113

586 2472 650 2513 Αη
671 2473 799 2526 possit

563 2525 656 2577 lege
675 2526 828 2580 imponi

543 2579 844 2633 obligatiorem-

560 2632 614 2675 lis
636 2635 825 2676 omnibus

579 2686 732 2739 fundis,
753 2694 797 2729 ut

544 2740 705 2783 etiamsi
722 2741 843 2785 deve-

598 2794 712 2836 uiant
739 2795 788 2837 ad

581 2848 815 2902 ecclesiam,

611 2901 788 2946 solvant.

900 307 1018 364 644

900 480 1185 560 quamvis
1213 480 1402 560 aliqui
1433 498 1649 541 eorum
1675 480 2025 559 explicent,
2075 498 2259 560 posse
2300 479 2433 559 qui-

898 574 1042 633 dem
1071 572 1341 653 ajudice
1387 574 1669 634 saeculari
1714 574 1850 633 fieri
1891 575 2322 635 executionem
2370 572 2432 632 in

899 685 966 727 re
996 667 1133 743 illa,
1180 686 1307 726 non
1336 669 1546 727 tamen
1592 666 1728 727 fleri
1753 666 1987 745 aliquid
2022 667 2187 727 circa
2217 685 2435 746 perso-

899 778 1043 819 nam
1103 758 1329 819 clerici.
1389 759 1734 819 Dicendum
1785 763 1992 820 tamen
2042 764 2168 836 est,
2229 778 2431 838 neque

898 851 1085 913 ctiam
1139 856 1287 912 tunc
1343 870 1524 929 posse
1576 852 2065 914 ecclesiasticum
2112 853 2433 913 conveniri

897 962 1109 1005 coram
1131 943 1345 1023 judice
1373 945 1654 1005 saeculari
1681 993 1694 1021 ,
1730 965 1766 1005 a
1799 947 1976 1024 cujus
1995 945 2431 1025 jurisdictione

896 1042 990 1098 est
1035 1036 1289 1098 omnino
1337 1043 1662 1118 exemptus
1710 1058 1833 1099 non
1884 1040 2086 1099 solum
2134 1039 2197 1098 in
2244 1057 2434 1099 causa

876 1130 1236 1206 criminali,
1287 1131 1398 1191 sed
1429 1132 1616 1192 etiam
1647 1132 1710 1191 in
1739 1132 1938 1208 civili,
1990 1137 2058 1192 ut
2086 1136 2330 1193 constat
2358 1151 2433 1192 ex

893 1223 1081 1285 Auth.
1117 1222 1462 1301 Statuz‘mus,
1498 1227 1562 1286 C.
1596 1224 1667 1285 de
1692 1225 1899 1305 Epis&
1933 1235 1988 1286 et
2022 1224 2071 1287 C
2072 1226 2178 1287 ler.
2225 1230 2431 1305 Atque

891 1317 977 1378 ita
1006 1316 1069 1376 in
1095 1316 1214 1377 hoc
1261 1335 1409 1377 casu
1465 1321 1682 1379 tenent
1730 1318 2071 1380 Panormit.
2121 1320 2426 1396 Maranta‚

894 1409 1190 1485 SocinuS,
1237 1415 1300 1471 et
1327 1410 1429 1470 alii
1460 1429 1616 1490 quos
1646 1412 1838 1473 refert
1866 1417 1928 1473 et
1955 1412 2237 1491 sequitur
2263 1412 2431 1471 idem

894 1502 1126 1564 Sanch.
1163 1502 1341 1563 ibin.
1380 1506 1478 1567 Η.

972 1597 1178 1657 Infero
1206 1596 1428 1673 tertio,
1481 1596 1809 1658 ecclesiam
1838 1596 1936 1656 vel
1966 1597 2261 1658 clericum
2291 1617 2433 1658 suc·

893 1688 1219 1749 cedentem
1248 1688 1308 1748 in
1339 1688 1566 1766 feudo,
1620 1690 1716 1749 vel
1765 1708 1830 1748 re
1876 1690 2144 1766 feudali,
2202 1690 2430 1751 debere

893 1781 1044 1841 dare
1073 1781 1136 1841 id
1167 1781 1334 1861 quod
1363 1781 1425 1841 in
1457 1783 1952 1860 recognitionem
1996 1782 2146 1843 dare
2193 1784 2432 1845 solebat

890 1875 1164 1936 vasallus
1190 1874 1443 1935 domino
1473 1875 1642 1935 feudi
1670 1922 1685 1952 ,
1739 1876 1884 1955 quia
1927 1895 2084 1937 onus
2121 1876 2275 1936 illud
2306 1895 2431 1937 non

892 1971 986 2028 est
1012 1968 1363 2047 personale,
1398 1968 1507 2028 sed
1539 1968 1736 2044 reale,
1771 1973 1841 2030 ιιι
1869 1987 2010 2029 cum
2042 1970 2426 2047 InnocentiO,

891 2060 1204 2122 Hostiensi
1226 2106 1241 2136 ,
1274 2061 1503 2121 Jasone
1528 2108 1543 2137 ,
1578 2062 1841 2123 Valasco
1867 2108 1882 2137 ,
1944 2066 2006 2122 et
2056 2062 2191 2122 aliis
2247 2062 2434 2124 docet

890 2153 1058 2215 idem
1091 2152 1373 2215 Sanchez
1431 2154 1595 2216 dicto
1651 2154 1758 2215 lib.
1793 2156 1866 2215 11.
1930 2156 2116 2234 capit.
2153 2172 2240 2217 ιν.
2275 2155 2423 2217 dub.

891 2262 1050 2308 Lvu.
1083 2266 1144 2307 n.
1181 2252 1240 2307 4.

974 2339 1095 2402 Sed
1127 2339 1246 2401 hac
1281 2340 1606 2401 occasione
1656 2340 1979 2402 dubitatur
2025 2346 2246 2403 octavo
2272 2389 2287 2418 ,
2349 2361 2426 2403 an

890 2433 971 2493 sit
1026 2432 1435 2511 approbanda
1489 2433 1753 2508 cautela,
1814 2451 2003 2511 quam
2057 2435 2433 2496 invenerunt

890 2525 1082 2605 aliqui
1103 2525 1367 2603 juristae,
1389 2530 1472 2586 ¹ut
1499 2526 1761 2586 ecclesia
1789 2544 1864 2585 ex
1892 2526 2143 2605 praediis
2172 2528 2234 2586 in
2263 2527 2429 2588 futu-

891 2637 1031 2678 rum
1060 2618 1365 2679 habendis
1395 2618 1597 2678 solvat
1623 2618 1926 2679 tributum
1955 2640 1967 2679 :
2002 2620 2287 2680 faciendo
2319 2621 2432 2681 sci-

889 2712 1036 2772 licet
1063 2711 1274 2772 omnia
1301 2710 1538 2790 pra-dia
1568 2710 1895 2771 tributaria
1924 2730 1998 2771 ex
2014 2714 2281 2774 civitatis
2309 2719 2429 2775 sta-

892 2807 1025 2865 tuto
1046 2851 1061 2880 ,
1112 2808 1182 2864 ut
1227 2804 1315 2864 sic
1363 2803 1572 2864 omnia
1602 2804 1841 2883 praedia
1870 2809 2194 2866 transeant
2217 2806 2299 2866 ad
2329 2825 2432 2867 ec-

893 2896 1145 2958 clesiam
1188 2915 1332 2956 cum
1379 2915 1567 2957 onere
1616 2897 1810 2958 reali?
1866 2898 2044 2971 Quod
2102 2899 2430 2959 consilium

889 2990 1108 3050 laudat
1136 2989 1443 3064 Bartolus,
1475 2989 1762 3065 Otalora,
1797 2990 2237 3065 AncharranO,
2273 2994 2430 3052 Aze-

887 3082 1071 3159 ved0,
1104 3087 1167 3143 et
1195 3081 1295 3142 alii
1327 3100 1486 3161 quos
1515 3082 1706 3143 refert
1736 3083 1965 3144 Sanch.
2000 3084 2062 3144 d.
2098 3084 2249 3145 dub.
2276 3101 2422 3148 Lvn.

891 3193 995 3237 nu.
1029 3179 1089 3238 5.
1139 3175 1317 3249 Quod
1348 3179 1559 3236 tamen
1590 3174 1722 3254 ipse
1753 3196 1896 3237 cum
1927 3176 2062 3237 aliis
2093 3177 2305 3238 multis
2334 3197 2427 3238 re-

888 3270 1113 3350 probat
1142 3288 1312 3330 num.
1346 3273 1406 3330 6.
1457 3269 1606 3348 quia
1633 3270 1866 3331 tributa
1908 3270 1986 3330 ab
2017 3272 2139 3331 alio
2172 3289 2361 3350 quam
2390 3289 2430 3332 a

887 3362 1168 3443 principe
1198 3362 1490 3441 imposita
1518 3368 1664 3424 sunt
1703 3363 2233 3441 extraordinaria,
2286 3382 2426 3444 quae

889 3456 1148 3516 clericos
1196 3473 1319 3515 non
1365 3459 1736 3535 sequuntur.
1784 3456 2042 3516 Fatetur
2068 3460 2282 3517 tamen
2312 3476 2419 3518 nu.

886 3553 946 3610 7.
995 3548 1162 3628 quod
1203 3548 1250 3608 si
1283 3548 1388 3608 illa
1415 3566 1606 3609 onera
1635 3548 1828 3608 realia
1859 3548 2089 3610 fuerint
2115 3549 2428 3628 generali-

888 3646 986 3704 ter
1011 3641 1248 3701 indicta
1274 3661 1312 3700 a
1340 3659 1634 3719 supremo
1666 3641 1970 3719 principe,
2006 3646 2068 3702 et
2096 3641 2228 3701 sine
2260 3643 2424 3702 frau-

889 3734 966 3795 de
996 3737 1059 3796 et
1088 3734 1229 3795 odio
1261 3733 1665 3794 ecclesiarum
1687 3780 1702 3809 ,
1737 3733 1945 3794 valida
1972 3739 2218 3812 essent,
2253 3739 2315 3796 et
2344 3734 2424 3795 ad

887 3827 1145 3889 clericos
1199 3825 1571 3901 transirent,
1633 3845 1772 3905 quae
1829 3826 2018 3886 etiam
2071 3827 2425 3889 concedunt

886 3920 1096 4000 plures
1126 3918 1229 3979 alii
1273 3937 1429 3998 quos
1475 3918 1562 3978 ibi
1608 3920 1807 3980 affert.
1869 3921 2002 3980 Hoc
2029 3923 2238 3980 tamen
2271 3920 2422 3980 mihi

887 4032 1011 4073 non
1040 4013 1278 4091 placet,
1332 4010 1452 4071 nisi
1480 4010 1718 4089 praedia
1763 4010 1990 4091 quibus
2016 4012 2320 4074 tributum
2351 4013 2426 4073 il-

883 4105 992 4166 lud
1021 4104 1382 4184 imponitur,
1419 4107 1626 4164 essent
1652 4122 1870 4164 revera
1899 4103 2092 4183 ipsius
2121 4105 2423 4184 principis

887 4197 1096 4279 quoad
1141 4197 1635 4277 proprietatem:
1688 4202 1837 4259 tunc
1879 4197 2047 4257 enim
2094 4199 2424 4278 unusquis-

885 4310 1006 4374 que
1059 4294 1264 4371 potest
1327 4289 1415 4350 rei
1479 4307 1607 4350 suae
1672 4307 1988 4369 apponere
2040 4310 2199 4352 onus
2254 4293 2421 4352 reale

885 4385 1053 4466 quod
1083 4382 1369 4459 voluerit,
1403 4387 1464 4444 et
1491 4382 1696 4443 facere
1727 4386 1797 4444 ut
1823 4387 2099 4445 transeat
2126 4385 2208 4445 ad
2239 4404 2422 4465 quos-

884 4497 1152 4558 cumque
1184 4495 1328 4538 cum
1356 4475 1461 4536 illo
1494 4493 1684 4536 onere
1709 4523 1724 4552 ,
1778 4476 1944 4555 quod
1995 4481 2144 4538 tunc
2175 4497 2295 4537 non
2329 4480 2423 4539 est

884 4572 1132 4652 proprie
1164 4570 1489 4646 tributum,
1527 4568 1603 4628 de
1635 4587 1757 4649 quo
1787 4570 2123 4649 loquimur,
2143 4570 2250 4630 sed
2281 4588 2422 4631 cen-

884 4684 993 4727 cus
1020 4662 1355 4725 solvendus
1372 4662 1435 4722 in
1465 4662 1956 4741 recognitionem
1983 4662 2239 4722 dominii
2262 4682 2425 4743 prce-

882 4759 1077 4820 sentis
1122 4758 1220 4817 vel
1276 4755 1596 4835 praeteriti.
1659 4755 1919 4829 Quando
1977 4774 2126 4817 vero
2185 4756 2424 4834 proedia

881 4855 1026 4913 sunt
1054 4849 1468 4924 subditorum,
1502 4867 1660 4909 onus
1689 4848 1840 4909 illud
1872 4848 2040 4927 quod
2071 4866 2422 4927 apponere-

884 4950 1005 5021 tur,
1041 4947 1202 5005 esset
1231 4960 1376 5002 vere
1405 4941 1710 5002 tributum
1732 4990 1747 5017 ,
1797 4941 1965 5020 quod
1997 4960 2119 5001 non
2152 4941 2421 5020 exigitur

880 5037 1108 5098 intuitu
1137 5033 1390 5114 praedii,
1443 5033 1608 5112 quod
1645 5039 1739 5095 est
1784 5032 1978 5113 ipsius
2008 5034 2274 5109 subditi,
2310 5035 2419 5095 scd

882 5129 1030 5210 quia
1052 5127 1337 5189 subditus
1367 5132 1496 5202 est,
1540 5130 1602 5187 et
1632 5130 1890 5204 propter
1913 5121 2294 5204 'potestatem
2317 5126 2421 5206 ju-

882 5221 1261 5283 risdictionis
1290 5219 1592 5300 principis
1621 5218 1683 5277 in
1728 5219 1930 5296 ipsum
1966 5240 1979 5280 :
2032 5239 2227 5299 quare
2275 5220 2423 5280 defi-

879 5317 1080 5377 ciente
1108 5314 1210 5374 illo
1242 5312 1422 5375 titulo
1471 5316 1534 5372 et
1573 5315 1916 5389 potestate,
1977 5316 2164 5390 prout
2210 5312 2421 5375 deficit

878 5413 1166 5489 respectu
1198 5421 1481 5485 personae
1512 5403 1948 5466 ecclesiasticae
1972 5451 1988 5480 ,
2042 5423 2166 5467 non
2216 5409 2422 5484 potest

878 5521 1035 5565 onus
1062 5500 1215 5562 illud
1242 5515 1668 5580 perseverare.

2050 304 2152 364 DE
2195 301 2551 365 JUSTl'rlA
2596 302 2697 361 ΕΤ
2740 302 2940 363 JURE

2611 477 2943 539 Dubitatur
2972 496 3160 554 nonu,
3194 478 3273 538 de
3304 479 3618 558 equitibus
3647 480 3883 541 ordinis
3909 480 4067 540 mili·
4175 491 4210 549 Η

2530 571 2761 654 tarium
2787 618 2801 648 ,
2836 590 2917 631 an
2948 571 3325 650 participent
3353 572 3516 633 hanc
3545 575 4001 652 exemptionem
4032 594 4065 632 a
4108 615 4150 657 De

2529 662 2827 741 gabellis;
2890 664 3205 743 loquimur
3277 669 3488 725 autem
3542 666 3798 726 seclusis
3854 684 4068 727 eorum
4144 631 4210 766 effi

2530 756 2906 835 specialibus
2936 757 3299 835 privilegiiS,
3335 757 3383 816 si
3412 776 3551 836 quae
3583 758 3837 834 habent,
3865 778 3942 818 ne
3961 779 4071 838 ga—
4125 738 4163 765 Μ’

2530 848 2728 909 bellas
2757 850 3040 925 solvant,
3096 852 3204 909 sed
3237 850 3439 910 solum
3484 850 3561 910 de
3583 851 3726 930 jure
3756 852 4075 914 communi

2530 948 2788 1021 propter
2832 943 3289 1022 exemptionem
3340 962 3749 1021 personarum
3781 944 4076 1005 ecclesia-

2530 1034 2850 1094 sticarum.
2886 1036 3097 1116 Aliqui
3127 1036 3365 1112 dicunt,
3401 1055 3535 1097 esse
3565 1038 3820 1099 omnino
3852 1038 4075 1097 immu-

2531 1145 2661 1202 neS,
2698 1128 2841 1207 quia
2871 1136 3018 1190 sunt
3047 1148 3190 1189 vere
3220 1129 3535 1207 religiosi,
3568 1133 3630 1191 et
3656 1148 3943 1209 personae
3972 1147 4076 1190 ec-

2531 1220 2915 1282 clesiasticoe.
2952 1224 3043 1284 lta
3071 1224 3404 1299 Carranza,
3440 1228 3503 1283 et
3522 1223 3735 1283 Flores
3763 1224 3843 1283 de
3863 1225 4070 1298 Mena,

2532 1332 2688 1392 quos
2717 1314 2900 1375 affert
2929 1318 2991 1376 et
3018 1316 3303 1394 sequitur
3329 1316 3529 1375 Diana
3557 1317 3603 1376 1.
3632 1319 3784 1377 tom.
3808 1316 3958 1377 dict.
3993 1320 4068 1376 tr,

2532 1422 2601 1466 11.
2637 1405 2707 1466 de
2734 1407 3022 1468 t'mmunz‘t.
3058 1428 3182 1470 reS.
3216 1412 3315 1469 49.
3351 1414 3414 1469 et
3440 1413 3593 1470 tom.
3630 1410 3674 1469 1.
3710 1413 3873 1471 tract
3926 1425 3969 1470 1.
4004 1408 4075 1469 de

2531 1498 2819 1560 immum‘t.
2856 1519 2976 1560 rea.
3012 1504 3112 1561 51.
3146 1502 3210 1561 id
3242 1501 3523 1563 extendit
3549 1502 3630 1561 ad
3658 1521 3765 1563 eos
3795 1502 3903 1582 qui
3931 1520 4071 1581 por-

2530 1596 2667 1654 tant
2695 1593 2970 1653 mediam
3019 1612 3272 1655 crucem
3322 1594 3530 1654 albam
3562 1595 3626 1656 S.
3658 1597 3921 1657 Joannis
3945 1642 3960 1671 ‚
4014 1600 4071 1655 et

2531 1703 2650 1745 res,
2686 1690 2785 1746 45.
2821 1687 2880 1746 in
2912 1687 3037 1747 fine
3060 1734 3076 1763 ,
3128 1687 3193 1747 id
3224 1687 3504 1748 extendit
3531 1705 3674 1748 cum
3700 1689 3978 1749 Barbosa
4007 1687 4072 1748 de

2519 1785 2775 1857 potestat
2805 1779 3055 1860 episcop.
3090 1784 3252 1858 part.
3286 1796 3353 1841 ιι.
3404 1780 3589 1860 alleg.
3626 1784 3723 1842 ¹3.
3759 1800 3934 1842 num.
3972 1786 4063 1843 15.

2531 1870 2614 1930 ad
2645 1889 2903 1932 uxorem
2932 1872 3188 1932 viduam
3236 1873 3519 1953 equitum
3551 1875 3617 1935 S.
3647 1875 3869 1935 Jacobi
3896 1922 3916 1949 ,
3976 1876 4066 1935 vel

2529 1964 2883 2025 Alcantarae
2907 2011 2922 2040 ,
2987 1964 3188 2026 donec
3216 1965 3399 2026 alteri
3430 1966 3647 2027 nubat.
3709 1967 3831 2027 Alii
3860 1974 4065 2028 tamen

2530 2056 2782 2132 dicunt,
2840 2076 2965 2117 non
3016 2076 3153 2118 esse
3183 2058 3495 2119 immunes
3527 2078 3561 2118 a
3591 2059 3855 2138 gabellis
3879 2107 3896 2135 ,
3960 2062 4064 2121 nisi

2530 2149 2737 2228 quoad
2767 2149 2933 2210 bona
2964 2169 3219 2210 suarum
3241 2153 3782 2214 commendatum.
3832 2154 3929 2213 Ita
3955 2155 4067 2215 Bo-

2527 2241 2761 2303 badilla
2791 2242 2851 2302 in
2870 2244 3044 2324 polit.
3079 2248 3165 2305 tu.
3201 2246 3247 2305 1.
3291 2244 3397 2305 lib.
3434 2262 3503 2307 11.
3555 2264 3693 2326 cap.
3728 2264 3915 2308 xvln.
3962 2268 4059 2309 nu.

2528 2339 2665 2396 264.
2720 2340 2781 2397 et
2821 2334 2990 2396 idem
3034 2336 3266 2399 debent
3295 2338 3502 2398 dicere
3528 2386 3542 2414 ,
3596 2344 3912 2420 quotquot
3938 2360 4066 2401 sen-

2527 2428 2690 2490 tiunt
2717 2447 2822 2490 eos
2851 2448 2973 2489 non
2998 2448 3132 2490 esse
3153 2449 3299 2490 vere
3328 2431 3674 2510 religiOSOS,
3700 2452 3863 2513 quos
3893 2435 4064 2496 affert

2530 2520 2758 2583 Sanch.
2795 2522 2903 2586 lib.
2936 2524 3038 2583 lv.
3075 2523 3133 2582 in
3160 2522 3435 2604 Decaloq.
3480 2543 3619 2603 cap.
3654 2542 3786 2588 xvt.
3827 2546 3936 2587 nu.
3970 2530 4059 2589 Η.

2529 2621 2592 2675 et
2617 2615 2886 2694 denique
2918 2617 3394 2694 praescindendo
3431 2617 3509 2677 ab
3542 2617 3660 2679 hac
3693 2619 4059 2699 quaestione‚

2529 2708 2695 2767 idem
2727 2708 2876 2769 dicit
2900 2709 3105 2788 quoad
3125 2710 3403 2788 gabellas
3433 2711 3602 2771 idem
3632 2712 3870 2773 Sancb.
3906 2713 4064 2774 dicto

2526 2801 2634 2862 lib.
2669 2803 2743 2861 11.
2783 2800 2999 2863 Consil.
3049 2821 3188 2881 cap.
3225 2819 3309 2864 lv.
3358 2803 3508 2864 dub.
3538 2807 3636 2866 58.
3686 2804 3793 2865 ubi
3844 2807 4065 2867 fatetur

2528 2893 2787 2954 clericos
2817 2894 3040 2955 horum
3073 2895 3387 2971 ordinum,
3413 2897 3519 2976 qui
3550 2896 3610 2956 in
3642 2899 4065 2958 communivi-

2530 2991 2701 3061 vunt,
2735 3005 2871 3046 esse
2902 2987 3247 3059 immunes;
3298 2989 3540 3068 equites
3571 3008 3721 3050 vero
3771 3008 3883 3051 seu
3911 2991 4066 3050 mfli-

2527 3084 2620 3140 tcs
2673 3080 2914 3140 solvere
2969 3080 3249 3157 gabellas
3300 3081 3379 3140 de
3422 3081 3557 3142 aliis
3603 3082 3789 3143 bonis
3846 3089 4067 3161 praeter

2527 3172 2765 3234 fructus
2795 3191 2924 3234 sua}
2954 3172 3365 3250 commendae,
3400 3179 3588 3255 prout
3616 3177 4062 3256 praecipiturin

2525 3266 2663 3344 lege
2692 3266 2967 3346 Hispana
2989 3314 3004 3345 ,
3056 3285 3196 3346 quae
3227 3270 3321 3329 est
3349 3269 3447 3329 lex
3475 3271 3581 3331 IX.
3614 3271 3709 3332 tit.
3739 3287 3923 3332 xvm.
3956 3270 4065 3331 lib.

2524 3361 2583 3419 9.
2634 3377 2812 3419 novae
2856 3359 3320 3439 recopilationis
3343 3408 3359 3438 ,
3419 3361 3528 3422 ubi
3586 3362 3817 3424 dicitur
3869 3365 3950 3424 de
3996 3365 4068 3424 iis

2526 3453 2713 3512 etiam
2743 3452 3047 3514 fructibus
3098 3454 3468 3514 solvendum
3498 3474 3632 3516 esse
3654 3503 3669 3532 ,
3730 3457 3833 3517 ubi
3884 3458 4067 3519 fuerit

2524 3544 2664 3607 talis
2694 3545 3103 3608 consuetude.
3137 3547 3371 3608 Molina
3401 3566 3550 3609 vero
3582 3548 3745 3628 disp.
3780 3552 3927 3611 663.
3958 3570 4061 3610 nu.

2523 3641 2583 3697 6.
2619 3637 2804 3716 dicit,
2855 3637 2921 3697 in
2960 3638 3281 3700 Lusitania
3323 3640 3635 3720 ejusmodi
3672 3642 3958 3720 equiteS,
4017 3642 4068 3703 si

2524 3730 2963 3790 commendam
2992 3731 3291 3809 habeant,
3325 3751 3459 3794 esse
3488 3733 3835 3810 immunes,
3888 3753 4069 3796 secus

2522 3824 2574 3884 si
2605 3824 2842 3884 nudum
2870 3823 3156 3886 habitum
3186 3826 3317 3886 sine
3358 3827 3733 3887 commenda
3763 3828 4062 3889 babeant.

2523 3917 2654 3994 Ego
2686 3916 2939 3996 quidem
2962 3919 3349 3997 sequendam
3368 3923 3540 3997 put0,
3564 3920 3771 3999 quoad
3803 3920 3925 3983 hos
3953 3922 4072 3981 mi-

2521 4008 2685 4086 lites,
2719 4011 3240 4071 consuetudinem
3289 4011 3594 4092 cujusque
3641 4014 3858 4092 regni,
3922 4015 4071 4094 quia

2523 4107 2791 4182 utraque
2840 4108 2932 4164 est
2976 4103 3367 4163 rationabilis
3392 4150 3407 4180 ,
3464 4123 3608 4164 cum
3649 4124 3761 4185 pro
3790 4111 4071 4186 utraque

2522 4201 2699 4275 parte
2728 4197 2852 4259 sint
2878 4196 3152 4258 rationes
3200 4215 3320 4257 non
3353 4198 3524 4258 leves
3552 4197 3635 4258 ad
3664 4198 3726 4258 id
3756 4199 4071 4260 inducen-

2522 4290 2694 4350 dum.
2732 4289 2888 4350 Illud
2919 4294 3129 4350 tamen
3160 4289 3238 4350 de
3267 4308 3460 4351 uxore
3492 4289 3682 4351 vidua
3704 4338 3720 4369 ,
3755 4293 3931 4372 quod
3963 4293 4075 4354 ad·

2522 4383 2712 4444 debat
2740 4383 3038 4458 Barbosa,
3073 4383 3337 4443 nimium
3367 4382 3637 4445 videtur.

2601 4475 2935 4536 Dubitatur
2960 4474 3226 4553 decimo,
3261 4493 3402 4555 quae
3430 4494 3636 4554 poenae
3665 4477 4079 4538 incurrantur

2522 4568 2601 4628 ab
2631 4568 3094 4646 imponentibus
3115 4616 3129 4643 ,
3164 4568 3261 4628 vel
3293 4568 3688 4647 exigentibus
3714 4570 4010 4648 gabellas
4039 4589 4076 4629 a

2519 4662 2803 4742 personis
2833 4661 3309 4722 ecclesiasticis?
3356 4663 3540 4741 Resp.
3577 4662 3880 4740 breviter,
3946 4666 4081 4742 pri-

2520 4773 2623 4815 mo
2654 4755 2715 4813 in
2748 4773 2802 4814 c.
2836 4752 2969 4813 Non
2998 4754 3187 4813 minus
3210 4801 3225 4830 ,
3285 4757 3348 4815 et
3376 4771 3431 4815 c.
3465 4753 3799 4830 Adversus,
3863 4755 3946 4815 de
3970 4757 4080 4816 im·
4120 4785 4135 4809 ι

2521 4866 2680 4907 mun.
2714 4845 2939 4907 an-les,
2975 4847 3174 4906 fertur
3202 4847 3768 4909 excommunicatio
3795 4847 3953 4925 ipso
3987 4850 4083 4909 fa-

2521 4945 2618 5001 cto
2641 4940 3017 5000 incurrentia
3032 4940 3093 5001 in
3115 4939 3403 5000 consules
3422 4940 3766 5017 civitatum,
3791 4946 3863 5001 et·
3885 4961 4083 5022 quos-

2521 5051 2789 5112 cumque
2820 5032 2973 5093 alios
3003 5036 3374 5111 potestatem
3396 5032 3725 5110 habentes,
3756 5038 3818 5094 et
3842 5053 4081 5096 eorum

2518 5128 2814 5202 fautor-ea,
2850 5126 2956 5206 qui
2986 5124 3279 5186 eeclesias
3309 5125 3407 5186 vel
3438 5144 3738 5205 personas
3766 5129 4085 5189 ecclesia·

2521 5220 2728 5294 sticaS,
2762 5218 2859 5279 vel
2890 5238 3103 5279 earum
3124 5219 3313 5294 bona,
3334 5229 3443 5280 aut
3463 5238 3808 5299 pauperum
3849 5222 4083 5284 usibus

2520 5311 2820 5391 deputata
2848 5314 3117 5390 gravant
3143 5310 3331 5371 talliis
3353 5357 3369 5383 ,
3431 5312 3735 5388 collectiS,
3765 5319 3897 5375 aut.
3927 5335 4083 5375 exa-

2521 5404 2852 5481 ctionibuS,
2887 5404 2938 5464 si
2969 5403 3268 5464 admoniti
3300 5422 3424 5465 non
3456 5404 3833 5481 destiterint,
3877 5426 3919 5468 a
3952 5426 4082 5488 qua

2522 5496 3167 5558 excommunicatione
3198 5496 3436 5558 absolvi
3468 5516 3593 5558 non
3622 5498 3900 5577 possint,
3963 5502 4082 5561 do-

4138 4605 4202 4810 Ἠὼς
