4263 6376
529 485 740 530 Sententia

557 551 714 588 negans

525 593 752 648 prefertur.

585 4572 662 4631 79

513 4698 580 4740 An
611 4696 758 4741 debeat

541 4751 734 4806 praexniul

538 4805 736 4848 correctio

544 4858 737 4902 salerna.

829 289 946 348 702
1987 283 2090 344 DE
2130 281 2481 346 JUSTI'HA
2528 282 2629 344 ET
2673 282 2873 346 maa·

833 481 978 525 nem
997 509 1013 540 ,
1058 461 1147 524 ita
1172 462 1473 542 supponit
1498 479 1612 541 pro
1643 464 1966 540 comperto
1996 463 2227 522 Suarez
2256 458 2365 519 ubi

830 574 1021 635 supra
1049 574 1187 634 cap.
1221 571 1335 617 xli.
1370 573 1541 616 num.
1576 557 1676 616 35.
1724 558 1788 615 et
1825 571 1970 614 cum
2011 553 2149 614 aliis
2175 551 2367 612 tradit

831 648 1148 711 Filliucius
1176 653 1328 710 tom.
1363 650 1436 710 11.
1473 652 1655 710 tract.
1689 664 1783 709 xl..
1820 665 1993 709 num.
2016 649 2154 708 187.
2188 649 2250 705 et
2275 645 2365 704 la-

831 743 953 803 tius
982 744 1050 802 P.
1083 740 1314 802 Melina
1362 746 1513 802 tom.
1547 743 1621 802 V.
1656 740 1817 819 disp.
1851 755 2044 801 xxxn.
2094 757 2268 799 num.
2302 741 2361 797 6.

830 835 938 896 ubi
965 835 1193 895 acriter
1222 834 1285 893 in
1315 834 1696 895 contrariam
1724 832 2100 894 sententiam
2133 829 2368 891 invehi-

829 931 951 990 tur.
987 926 1165 988 Ratio
1196 930 1409 988 autem
1438 929 1554 1003 est,
1603 926 1752 1006 quia
1781 925 1943 987 sicut
1968 928 2227 1004 propter
2251 923 2367 984 bo-

830 1039 981 1082 num
1010 1038 1343 1081 commune
1393 1019 1820 1100 unusquisque
1875 1018 2067 1079 habet
2104 1016 2366 1078 faculta-

832 1118 955 1176 tem
985 1112 1324 1175 accusandi
1343 1111 1731 1192 judicialiter
1775 1129 1915 1191 quoe
1956 1110 2225 1188 probare
2254 1125 2367 1186 po·

830 1209 991 1279 test;
1036 1205 1126 1267 sic
1169 1205 1363 1268 habet
1389 1205 1753 1267 facultatem
1782 1201 2194 1265 denuntiandi
2226 1200 2368 1261 abs·

831 1319 952 1380 que
980 1296 1221 1360 malitia
1249 1297 1654 1360 detractionis
1678 1317 1693 1371 ;
1730 1296 2175 1376 praeponderat
2199 1294 2363 1353 enim

828 1395 1067 1456 bonum
1095 1410 1452 1467 commune,
1477 1395 1698 1453 contra
1728 1390 1896 1470 quod
1926 1393 2121 1465 esset,
2167 1388 2219 1449 si
2247 1387 2368 1447 soi-

828 1489 972 1548 rent
997 1485 1284 1547 scelerati
1312 1483 1601 1545 homines
1629 1501 1695 1544 ee
1726 1501 1909 1563 posse
1938 1484 2195 1562 impune
2224 1498 2364 1560 pec-

831 1598 977 1641 care
1010 1579 1248 1657 absque
1293 1580 1467 1637 metu
1510 1594 1714 1656 poenae
1739 1621 1755 1653 ,
1817 1574 2119 1654 quamdiu
2147 1590 2364 1634 eorum

833 1671 1059 1734 delicta
1089 1688 1213 1731 non
1243 1673 1453 1731 essent
1480 1668 1824 1747 divulgata.
1857 1670 1986 1728 Nec
2014 1666 2241 1742 obstat,
2267 1666 2365 1744 ju·

832 1765 1037 1826 dicem
1064 1782 1190 1825 non
1220 1781 1404 1842 posse
1433 1762 1750 1842 inquirere
1781 1762 1859 1822 de
1889 1760 2171 1836 comitia,
2206 1777 2367 1838 prae-

831 1858 1048 1920 sertim
1075 1856 1329 1936 quando
1353 1874 1474 1916 non
1497 1855 1701 1916 solum
1722 1858 1961 1930 auctor,
1994 1853 2104 1914 sed
2128 1852 2364 1913 crimen

833 1956 927 2013 est
954 1950 1142 2011 etiam
1172 1948 1485 2009 occultum
1511 1967 1524 2008 :
1561 1966 1727 2024 nam,
1759 1951 1829 2009 ut
1856 1946 2127 2007 diximus
2147 1945 2366 2007 sectio-

831 2063 910 2105 ne
941 2041 1360 2123 praecedenti,
1421 2039 1727 2120 majorem
1773 2039 2009 2101 habent
2048 2039 2366 2101 licentiam

832 2136 1066 2198 subditi
1094 2135 1176 2197 ad
1206 2133 1737 2211 denuntiandum,
1785 2151 1974 2214 quam
2009 2132 2255 2212 judices
2284 2132 2364 2192 ad

828 2228 1301 2309 inquirendum.
1334 2226 1437 2288 Sic
1457 2226 1648 2303 enim,
1682 2227 1790 2305 qui
1811 2225 2366 2305 accepitinjuriam

830 2324 912 2385 ab
944 2322 1065 2398 alio
1094 2324 1302 2401 potest
1327 2319 1462 2381 sine
1490 2319 1682 2380 dubio
1712 2338 1857 2380 eum
1885 2337 2205 2395 accusare,
2240 2335 2364 2379 non

832 2420 1043 2479 tamen
1073 2417 1280 2494 potest
1295 2412 1671 2492 regulariter
1692 2412 1955 2491 obligari
1982 2432 2017 2473 a
2045 2412 2256 2493 judice
2285 2411 2366 2471 ad

831 2507 1282 2571 accusandum.
1319 2504 1649 2567 Rationem
1676 2509 1888 2567 autem
1916 2523 1953 2566 a
1980 2505 2175 2585 priori
2203 2504 2366 2565 illius

832 2600 1209 2664 discriminis
1235 2598 1691 2660 insinuavimus
1731 2617 1952 2678 supra;
1995 2599 2144 2679 quia
2179 2596 2364 2658 nimi-

831 2714 972 2757 rum
1009 2695 1076 2754 in
1095 2692 1312 2774 judice
1355 2695 1522 2754 esset
1548 2691 1898 2771 perniciosa
1941 2692 2050 2753 ilia
2074 2691 2361 2764 licentia;

833 2790 1073 2851 nullum
1102 2786 1269 2848 enim
1297 2790 1464 2848 esset
1492 2785 1790 2847 delictum
1819 2786 2134 2847 occultum
2167 2805 2181 2846 :
2214 2803 2361 2865 pos·

830 2888 928 2945 set
951 2883 1182 2962 quippe
1220 2879 1419 2959 judex
1464 2883 1779 2958 praecepto
1825 2897 1939 2940 suo
1987 2879 2269 2958 obligare
2296 2882 2367 2939 ut

832 2975 1045 3038 omnia
1074 2973 1304 3034 delicta
1332 2972 1580 3033 occulta
1605 2972 2193 3034 manitestarentur:
2227 2970 2364 3033 haec

832 3073 1044 3132 autem
1071 3084 1305 3146 magna
1332 3068 1498 3127 esset
1515 3064 1903 3144 perturbatio
1924 3064 1988 3125 in
2015 3064 2359 3143 republica,

831 3163 884 3226 si
913 3160 1124 3226 omnia
1149 3163 1409 3240 peccata
1451 3158 1642 3222 etiam
1670 3158 1914 3221 occulta
1941 3158 2313 3238 punirentur
2344 3178 2358 3221 ε

835 3257 974 3339 quis
1027 3254 1195 3315 enim
1225 3257 1321 3315 est
1345 3253 1646 3313 innocens
1693 3252 1884 3313 etiam
1934 3252 2014 3312 ab
2063 3252 2365 3315 occultis?

831 3351 953 3414 hoc
981 3351 1196 3409 autem
1236 3346 1680 3408 inconveniens
1722 3363 1847 3406 non
1876 3344 2158 3424 sequitur
2185 3365 2261 3406 ex
2289 3365 2362 3407 eo

832 3443 1002 3525 quod
1034 3440 1297 3521 quilibet
1321 3439 1519 3518 possit
1536 3438 1909 3500 denuntiare
1942 3456 2082 3519 quae
2102 3444 2365 3518 possunt

831 3535 1107 3618 probari,
1139 3534 1286 3594 licet
1304 3532 1428 3594 sint
1446 3532 1569 3593 adh
1579 3550 1654 3594 uc
1674 3531 1939 3609 occulta,
1971 3532 2118 3611 quia
2148 3551 2223 3593 ex
2241 3532 2363 3593 hoc

831 3649 957 3692 non
986 3631 1057 3691 fit
1086 3627 1253 3708 quod
1282 3626 1494 3688 omnia
1522 3626 1940 3705 publicentur,
1972 3625 2084 3686 sed
2112 3625 2356 3705 aliqua:

830 3724 1060 3804 saepius
1090 3721 1256 3783 enim
1285 3720 1389 3801 qui
1420 3720 1646 3797 sciunt,
1680 3738 1805 3782 non
1828 3718 2230 3794 denuntiant;
2263 3719 2361 3780 vel

831 3818 979 3898 quia
1006 3818 1151 3877 sunt
1188 3814 1396 3890 amici,
1457 3813 1554 3874 vel
1610 3813 1760 3892 quia
1812 3831 1940 3875 non
1983 3813 2255 3892 pertinet
2281 3811 2361 3872 ad

829 3910 999 3990 ipsos
1029 3927 1105 3970 ex
1133 3906 1363 3982 offici0,
1396 3905 1496 3966 vel
1524 3905 1661 3966 aliis
1689 3905 1768 3966 de
1798 3905 2038 3979 causis;
2073 3906 2243 3985 quod
2268 3910 2365 3966 ta·

829 4020 975 4064 men
1005 4000 1266 4081 possint,
1320 4002 1416 4062 est
1443 3999 1624 4060 valde
1665 3999 1815 4060 utile
1844 3999 1925 4060 ad
1953 3998 2360 4078 injiciendum

829 4100 1070 4157 metum
1108 4085 1261 4173 ipsis
1289 4091 1798 4172 delinquentibus
1840 4095 1903 4153 et
1945 4090 2362 4152 coercendam

830 4205 1052 4250 eorum
1075 4185 1556 4265 impudentiam.
1610 4185 1832 4247 Merito
1882 4202 2034 4264 ergo
2075 4183 2363 4246 concedi·

833 4286 932 4343 tur
983 4280 1120 4341 haec
1176 4275 1428 4342 licentia
1481 4276 1926 4353 denuntiandi,
1983 4276 2133 4339 licet
2167 4295 2360 4355 nege·

830 4377 932 4436 tur
984 4372 1065 4434 ad
1119 4371 1562 4453 inquirendum
1611 4370 1965 4451 specialiter
2017 4374 2164 4433 ante
2204 4369 2364 4431 insa·

830 4484 1046 4527 miam.

913 4557 1246 4620 Dubitatur
1271 4557 1455 4618 tertio
1474 4602 1491 4634 ,
1538 4575 1616 4617 an
1648 4556 2050 4619 denuntiator
2075 4559 2365 4619 teneatur

832 4651 1213 4732 praemittere
1269 4652 1724 4713 correctionem
1783 4650 2128 4711 fraternam
2183 4656 2361 4712 ante-

834 4765 1024 4827 quam
1081 4743 1407 4806 denuntiet
1424 4743 1717 4823 juridice.
1776 4745 1841 4806 S.
1875 4744 2099 4805 Thom.
2164 4742 2225 4802 in
2255 4745 2359 4804 IV.

833 4838 896 4903 d.
928 4855 1055 4903 xut.
1107 4856 1213 4917 qu.
1247 4854 1315 4899 11.
1364 4840 1482 4898 art.
1517 4841 1575 4898 3.
1612 4836 2066 4916 quaestiuncula
2094 4852 2138 4897 1.
2187 4834 2269 4896 ad
2296 4840 2358 4897 4.

832 4934 1025 4995 refert
1049 4931 1206 4993 duas
1235 4929 1598 4992 sententiaS.
1924 5001 1927 5004 ,

912 5025 1143 5101 Prima,
1177 5022 1347 5102 quod
1375 5022 1429 5084 si
1455 5026 1783 5102 peccatum
1824 5025 1920 5085 est
1961 5026 2274 5084 secretum
2303 5024 2366 5085 et

833 5138 960 5183 non
989 5123 1082 5181 est
1109 5117 1461 5194 notorium,
1514 5116 1705 5178 debet
1745 5114 2097 5179 necessario
2128 5134 2366 5195 praece·

833 5213 984 5275 dere
1010 5211 1298 5287 monitio,
1331 5211 1480 5271 licet
1506 5210 1632 5271 sint
1660 5213 1885 5286 testes,
1933 5208 1982 5268 si
2028 5212 2242 5270 tamen
2273 5210 2368 5270 est

832 5326 973 5386 spes
1003 5303 1479 5366 emendationiS.

913 5398 1206 5465 Secunda
1235 5415 1383 5459 vero
1414 5395 1585 5476 quod
1632 5398 1839 5474 potest
1881 5395 2092 5457 statim
2121 5395 2366 5456 denun-

831 5495 1011 5572 tiare,
1043 5492 1141 5555 vel
1172 5508 1492 5553 accusare.
1547 5491 1623 5551 Et
1663 5489 1810 5551 licet
1853 5492 2145 5551 neutram
2175 5489 2365 5568 expli-

2465 458 2586 521 cite
2616 457 3022 535 determinet,
3054 456 3305 520 videtur
3329 474 3589 518 manere
3616 457 3680 517 in
3710 473 3788 516 ea
3814 469 4007 533 quam

2463 553 2640 631 ponit
2669 552 2946 613 secundo
2980 552 3140 613 loco.
3188 551 3464 612 Primam
3509 556 3721 612 tamen
3754 551 4008 609 senten-

2463 645 2617 706 tiam
2645 650 2902 708 tuentur
2953 645 3187 725 plume,
3234 645 3533 707 silvester
3560 644 3739 704 verb.
3772 659 4008 702 accusa-

2462 738 2566 814 tio,
2599 740 2654 817 ἓ.
2689 741 2747 800 3.
2784 738 3118 799 Durandus
3158 737 3221 798 in
3250 739 3355 800 lV.
3390 738 3452 798 d.
3487 753 3613 798 xlx.
3649 739 3882 815 quaest.
3918 749 4001 794 iv.

2464 833 2650 894 Sotus
2682 830 3004 911 dejusticia
3050 849 3161 910 qu.
3196 833 3270 892 V.
3307 834 3429 893 art.
3464 847 3526 892 v.
3559 833 3624 892 et
3650 831 3886 909 quaest.
3921 843 4003 888 vi-

2461 929 2579 986 art.
2616 941 2685 985 11.
2748 929 2818 986 et
2871 925 2976 986 alii
3033 943 3109 985 ex
3154 924 3640 1004 antiquioribus.
3677 920 4009 983 Recentio·

2461 1036 2563 1080 res
2593 1022 2805 1079 autem
2851 1036 2993 1078 eam
3035 1018 3266 1079 docent
3294 1034 3437 1078 cum
3465 1015 3867 1091 limitatione,
3916 1013 4012 1073 di-

2464 1115 2712 1187 centes,
2758 1129 2883 1172 non
2930 1111 3159 1173 debere
3200 1109 3498 1189 praemitti
3545 1107 4010 1171 correctionem

2464 1223 2540 1265 ex
2569 1203 2781 1265 debito
2803 1203 3088 1283 justitiae,
3123 1203 3238 1264 sed
3256 1207 3470 1264 tamen
3491 1201 3724 1263 debere
3753 1219 3834 1261 ex
3855 1199 4012 1260 obli-

2462 1296 2714 1376 gatione
2755 1295 3101 1358 charitatiS.
3161 1298 3255 1357 Ita
3308 1296 3557 1357 Lessius
3610 1295 3674 1356 in
3705 1292 4016 1374 praesenti

2462 1408 2600 1469 cap.
2632 1405 2779 1451 xxx.
2812 1389 2962 1451 dub.
2987 1392 3046 1450 2.
3081 1389 3400 1450 Filliueius
3426 1388 3538 1448 ubi
3561 1406 3755 1467 supra
3780 1403 3842 1447 c.
3868 1386 4007 1446 Vll.

2462 1502 2568 1563 qu.
2602 1500 2672 1545 11.
2725 1487 2788 1544 et
2839 1481 3130 1542 eamdem
3169 1482 3547 1544 sententiam
3572 1480 3831 1541 videtur
3858 1497 4015 1557 sup-

2462 1594 2695 1655 ponere
2724 1577 2959 1637 Suarez
2987 1574 3154 1636 dicto
3201 1592 3341 1654 cap.
3378 1590 3487 1637 κη.
3530 1591 3703 1635 num.
3736 1578 3801 1634 4.
3853 1571 4012 1633 Mihi

2463 1669 2718 1730 omnino
2762 1669 2969 1747 placet
2996 1667 3276 1729 secunda
3302 1665 3615 1729 sententia
3632 1711 3648 1743 ‚
3710 1667 3767 1728 si
3793 1682 4013 1726 sermo

2461 1762 2544 1824 sit
2570 1762 2648 1823 de
2678 1761 3149 1823 denuntiatione
3172 1759 3480 1840 judiciali,
3512 1778 3654 1839 quae
3672 1759 4015 1821 ordinatur

2462 1855 2545 1916 ad
2574 1855 2811 1916 bonum
2840 1872 3198 1932 commune,
3231 1858 3294 1916 et
3323 1872 3448 1915 non
3464 1852 3546 1913 ad
3564 1853 3768 1914 solam
3789 1868 4013 1914 emen-

2463 1948 2783 2009 dationem
2813 1947 3121 2027 proximi,
3173 1965 3363 2026 quam
3401 1947 3594 2009 etiam
3623 1945 3865 2008 docent
3890 1948 4014 2006 Ta-

2462 2040 2715 2118 bienna‚
2763 2040 3066 2102 Paludan.
3102 2043 3440 2118 Navarrus,
3491 2043 3556 2101 et
3582 2039 3795 2116 Sotus,
3851 2057 4014 2119 quos

2462 2136 2674 2211 refert,
2710 2139 2773 2196 et
2800 2134 3084 2214 sequitur
3109 2135 3294 2196 Azor.
3326 2138 3479 2195 tom.
3502 2134 3606 2195 111.
3640 2133 3828 2194 imm.
3854 2151 4008 2195 mor.

2462 2228 2572 2290 lib.
2605 2245 2745 2290 xm.
2780 2246 2919 2307 cap.
2953 2243 3080 2289 xx1.
3116 2226 3267 2288 dub.
3299 2232 3361 2289 7.
3413 2229 3477 2288 et
3519 2231 3580 2289 9.
3616 2226 3922 2288 Valentia
3947 2227 4013 2286 in

2462 2321 2760 2401 praesenti
2788 2320 2949 2400 disp.
2984 2323 3058 2383 V.
3098 2340 3203 2401 qu.
3237 2337 3349 2382 ΧΠ.
3380 2325 3597 2401 punct.
3634 2337 3677 2381 1.
3715 2339 3922 2400 quase.
3947 2323 4006 2381 3.

2462 2415 2645 2479 Unde
2689 2414 2907 2492 miror,
2952 2416 3022 2476 P.
3073 2413 3382 2476 'rhomam
3418 2412 3705 2476 Sanchez
3751 2413 3869 2475 lib.
3904 2415 4005 2475 VI.

2464 2508 2685 2571 Con-sil.
2717 2526 2856 2588 cap.
2891 2524 2980 2574 v1.
3029 2507 3180 2572 dub.
3213 2524 3274 2570 v.
3316 2525 3422 2568 nu.
3456 2511 3553 2568 13.
3588 2507 3807 2568 dicere
3837 2506 4011 2586 quod

2463 2620 2683 2664 omnes
2710 2601 3000 2663 doctores
3026 2603 3286 2662 teneant
3329 2599 3559 2661 debere
3587 2600 4010 2661 monitionem

2465 2695 2824 2774 praee-edere
2870 2696 3019 2756 ante
3073 2693 3613 2756 denuntiationem
3655 2709 3672 2757 ε
3733 2691 3789 2753 si
3837 2693 4009 2753 enim

2462 2787 2528 2849 id
2552 2787 2861 2865 intelligat
2878 2787 2956 2847 de
2978 2785 3447 2848 denuntiatione
3459 2785 3770 2865 judiciali,
3808 2803 4007 2866 quan-

2462 2880 2542 2941 do
2572 2880 2872 2942 delictum
2900 2878 3152 2959 probari
3183 2882 3410 2958 potest,
3444 2897 3569 2940 non
3595 2883 3694 2940 est
3721 2895 3954 2939 verum
3987 2898 4000 2939 ε

2461 2974 2511 3035 si
2541 2977 2752 3037 autem
2792 2989 2917 3033 non
2945 2971 3145 3053 possit
3183 2972 3267 3033 ad
3302 2971 3742 3050 probationem
3771 2971 4002 3049 veniri,

2460 3070 2611 3130 tunc
2638 3084 2860 3128 verum
2889 3070 3007 3142 est,
3039 3064 3193 3144 quia
3214 3066 3450 3129 frustra
3474 3069 3913 3128 assumeretur
3938 3065 4008 3126 il-

2458 3160 2570 3223 lud
2623 3159 2907 3222 medium
2943 3158 3025 3220 ad
3068 3158 3263 3221 finem
3290 3159 3398 3239 qui
3428 3158 3703 3223 obtineri
3733 3176 3870 3222 non
3896 3176 4004 3239 pc-

2459 3258 2602 3318 test.

2542 3347 2805 3409 Ratione
2834 3349 3043 3407 autem
3063 3345 3387 3425 probatur,
3419 3346 3569 3426 quia
3584 3346 3883 3408 diversus
3910 3350 4009 3409 est

2460 3441 2643 3503 valde
2691 3439 2833 3500 finis
2860 3439 3264 3501 correctionis
3308 3440 3600 3501 fraternae
3643 3442 3711 3502 et
3737 3458 4006 3502 accusa-

2460 3534 2667 3611 tionis,
2697 3552 2807 3594 seu
2827 3532 3317 3595 denuntiationis
3330 3531 3667 3613 judicialis.
3703 3535 3872 3595 Nam
3891 3550 4010 3612 per

2458 3626 2914 3689 correctionem
2940 3626 3145 3687 solum
3172 3625 3549 3703 intenditur,
3582 3626 3757 3706 quod
3790 3626 4011 3705 proxi·

2457 3739 2600 3781 mus
2655 3718 3063 3791 emendetur;
3122 3736 3236 3798 per
3271 3712 3823 3780 denuntiationem
3852 3738 4010 3781 vero

2460 3817 2524 3875 et
2551 3812 3016 3874 accusationem
3048 3810 3219 3891 quod
3248 3811 3562 3891 puniatur,
3607 3811 3712 3873 vel
3754 3813 4013 3873 satista-

2459 3906 2583 3967 ciat
2607 3904 3009 3985 reipublicae;
3044 3922 3217 3984 ergn,
3250 3922 3364 3983 per
3387 3923 3454 3964 se
3480 3905 3806 3984 loquendo
3828 3951 3845 3981 ,
3880 3924 4013 3967 non

2461 3998 2698 4059 habent
2741 3997 2878 4059 haec
2916 3998 3042 4058 duo
3072 3997 3657 4059 subordinationem
3690 3998 3865 4061 inter
3886 4018 3960 4060 se
3990 4017 4012 4058 z

2462 4092 2629 4154 unde
2681 4090 2926 4153 etiamsi
2979 4108 3095 4170 per
3149 4090 3608 4152 correctionem
3650 4091 4015 4153 fraternam

2462 4185 2783 4265 proximus
2828 4183 3018 4245 fuerit
3063 4183 3456 4260 emendatus,
3509 4183 3727 4245 adhuc
3773 4184 4021 4264 poterit

2463 4276 2747 4340 accusari
2774 4277 2873 4339 vel
2902 4277 3259 4338 denuntiari
3287 4277 3367 4337 ad
3399 4275 3519 4338 hoc
3550 4281 3621 4338 ut
3648 4278 4015 4355 puniatur:

2461 4390 2608 4432 nam
2628 4370 2826 4451 judex
2855 4370 3066 4432 adhuc
3093 4369 3261 4431 licite
3290 4369 3464 4430 illum
3492 4370 3724 4449 punire
3756 4376 4019 4450 potest-3

2462 4483 2612 4545 ergo
2658 4469 2726 4526 tu
2768 4464 2960 4525 etiam
2987 4463 3222 4543 poteris
3248 4461 3419 4524 licite
3450 4480 3803 4542 procurare
3832 4465 4025 4544 quod

2462 4557 2760 4639 puniatur
2792 4578 2805 4620 z
2839 4557 3006 4618 idem
3027 4554 3197 4617 enim
3226 4560 3320 4618 est
3337 4556 3577 4617 bonum
3598 4556 3775 4636 quod
3804 4558 4026 4619 interi·-

2464 4652 2555 4713 dit
2574 4651 2773 4731 judex
2800 4650 3142 4729 puniendo,
3193 4653 3258 4711 et
3284 4650 3454 4728 quod
3482 4653 3551 4712 tu
3578 4650 3869 4712 intendis
3902 4651 4028 4711 de·

2465 4742 2848 4815 nuntiando;
2898 4741 3136 4803 scilicet
3173 4742 3346 4821 quod
3373 4741 3723 4820 puniantur
3750 4742 4025 4819 delicta,

2465 4840 2534 4898 ut
2562 4836 2783 4899 timore
2829 4834 3119 4914 supplicii
3166 4834 3453 4896 homines
3498 4841 3937 4897 coerceantur
3966 4840 4035 4899 et

2463 4931 2727 4992 timeant
2772 4946 2849 4989 ea
2885 4932 3269 5008 perpetrare.
3329 4928 3680 4989 Discrimen
3710 4934 3811 4992 est
3838 4929 4035 5010 quod

2456 5021 2653 5103 judex
2680 5024 2932 5084 tenetur
2971 5021 3229 5100 punire;
3275 5020 3566 5083 subditus
3613 5025 3839 5083 autem
3894 5042 4036 5085 nou

2466 5133 2714 5195 semper
2742 5118 2993 5176 tenetur
3020 5113 3394 5175 denuntiare
3415 5159 3431 5191 ,
3480 5113 3628 5194 quia
3659 5132 3791 5175 non
3820 5115 4040 5176 debet

2468 5227 2544 5272 ex
2574 5208 2777 5271 officio
2821 5226 3158 5286 procurare
3187 5207 3341 5268 illud
3370 5207 3630 5268 bonum.
3693 5210 4037 5271 Caeterum

2469 5307 2731 5382 uterque
2784 5300 3055 5365 intendit
3101 5301 3273 5363 idem
3298 5302 3571 5372 bonum;
3630 5318 3845 5380 quare
3876 5320 4038 5364 cum

2464 5395 2618 5457 illud
2645 5396 2725 5457 sit
2753 5396 2876 5457 tale
2902 5396 3142 5456 bonum
3169 5441 3185 5471 ,
3235 5394 3338 5456 cui
3366 5395 3659 5473 postponi
3690 5397 3914 5474 possit
3938 5397 4039 5457 fa-

2465 5508 2571 5550 ma
2596 5489 2895 5569 proximi;
2952 5489 3113 5550 bene
3160 5488 3392 5566 poterit
3435 5486 3731 5549 subditus
3768 5488 4038 5551 denun-
