4263 6376
574 1702 686 1761 163

467 2463 763 2645 Qunidssffindo
813 2543 991 2604 alteri
1046 2548 1264 2623 postea
1302 2547 1551 2623 tradita,
1586 2547 1689 2609 hic
1717 2551 2033 2613 secundus
2078 2555 2351 2633 acquirit

470 2645 762 2742 ⁵2..⁰1¹2'¹2‘.¹·.‘.'d113¹⁵
812 2637 946 2715 ejus
975 2637 1343 2709 dominium,
1372 2638 1613 2718 primus
1660 2646 1870 2703 autem
1916 2645 2119 2705 solum
2160 2646 2352 2711 hahet

829 331 944 390 316

1279 857 1696 943 sEcho
1760 859 1876 949 x1.

824 1160 940 1221 Cui
979 1160 1252 1222 debeatur
1289 1181 1381 1222 res
1409 1182 1540 1243 quoe
1566 1164 1765 1228 eadem
1801 1164 2018 1228 duobus
2076 1171 2354 1251 emptori-

1138 1267 1239 1328 bus
1267 1286 1341 1329 ex
1370 1263 1676 1331 intervallo
1697 1271 1927 1333 vendita
1951 1274 2090 1355 suit.

899 1524 1018 1582 Res
1048 1522 1183 1583 haec
1232 1523 1430 1584 facilis
1461 1529 1574 1601 est,
1616 1529 1679 1587 et
1706 1527 1770 1587 in
1799 1532 1925 1606 q'ua
1952 1547 2076 1590 non
2107 1533 2202 1591 est
2229 1530 2357 1592 dis-

818 1613 1046 1674 sidium
1068 1615 1230 1677 int-er
1257 1618 1382 1679 DD.
1419 1619 1809 1682 Conveniunt
1835 1621 2024 1683 etiam
2054 1641 2291 1685 omnes.

898 1707 1128 1785 PrimO,
1161 1709 1209 1768 si
1239 1727 1339 1770 res
1369 1710 1613 1772 duobus
1665 1714 2012 1775 successive
2058 1715 2177 1777 fuit
2204 1736 2356 1778 ven-

527 1828 645 1879 Qffl,
678 1832 713 1872 ,ἱ
819 1799 970 1876 dita,
1004 1819 1120 1862 nec
1149 1802 1282 1880 ejus
1329 1803 1676 1866 dominium
1722 1807 2118 1885 acquisitum,
2160 1810 2355 1888 priori

501 1885 749 1982 :22:213‘35.

816 1893 1191 1955 tradendum
1235 1913 1393 1972 esse,
1443 1897 1485 1958 l.
1517 1897 1591 1957 In
1636 1898 1844 1979 operis,
1876 1900 1943 1962 fi.
1978 1900 2174 1978 locati,
2208 1903 2355 1982 quia

816 1987 923 2065 qui
952 1986 1122 2064 prior
1149 1990 1244 2049 est
1268 1991 1550 2067 tempore
1579 1992 1786 2070 potior
1814 1997 1908 2054 est
1929 1993 2071 2073 jure
2089 2040 2106 2072 ,
2139 1999 2203 2057 et
2250 2015 2354 2057 re-

813 2079 982 2158 gula,
1020 2080 1135 2154 Qui
1153 2081 1346 2161 prior,
1390 2082 1468 2142 de
1496 2101 1620 2163 req.
1647 2084 1781 2163 jur.
1827 2085 1935 2147 lib.
1971 2102 2058 2148 vl.
2106 2092 2168 2150 et
2206 2089 2353 2169 quia

815 2172 1092 2233 secunda
1111 2173 1440 2250 promissio
1481 2175 1759 2238 invalida
1779 2181 1892 2254 est,
1914 2196 2057 2240 cum
2085 2180 2167 2241 sit
2185 2181 2263 2242 de
2281 2200 2351 2242 re

813 2263 1047 2340 illicita,
1097 2283 1213 2327 nec
1263 2267 1459 2344 possit
1483 2269 1771 2331 venditor
1798 2289 1933 2332 rem
1959 2271 2131 2333 illam
2173 2274 2351 2337 alteri

812 2358 1175 2436 promittere
1202 2358 1335 2419 sine
1363 2360 1591 2439 injuria
1618 2363 1864 2440 prioris,

896 2451 1207 2529 Secund0,
1242 2454 1494 2531 quando
1540 2474 1641 2515 res
1670 2456 1777 2516 uni
1831 2456 1949 2520 fuit
1980 2460 2255 2539 vendita,
2290 2467 2353 2527 et

803 2749 907 2811 Jus
936 2734 999 2792 et
1025 2732 1336 2792 actionem
1365 2735 1760 2811 personalem
1808 2737 2107 2800 adversus
2133 2742 2352 2801 vendi-

807 2827 1008 2884 torem
1036 2824 1116 2884 ad
1159 2824 1459 2886 interesse
1505 2830 1567 2888 et
1613 2827 1864 2906 damna,
1898 2830 1942 2891 l.
1975 2831 2225 2910 Quoties,
2277 2837 2344 2898 C.

807 2916 877 2976 de
902 2917 995 2976 rei
1016 2916 1179 2977 vend.
1216 2922 1278 2978 et
1323 2918 1480 2994 aliis,
1515 2938 1655 2998 quoe
1684 2922 1867 2983 affert
1909 2924 2144 2987 Molina
2184 2927 2345 3006 disp.

805 3012 944 3071 369.
978 3011 1034 3088 ἓ.
1072 3008 1310 3084 Quando
1338 3011 1555 3073 multis.
1591 3013 1768 3074 Ratio
1797 3019 2006 3077 autem
2053 3022 2167 3097 est,
2201 3021 2350 3101 quia

805 3102 1166 3164 venditione
1224 3104 1356 3165 sola
1404 3122 1527 3165 non
1570 3107 1944 3171 transfertur
1999 3110 2347 3175 dominium

807 3214 932 3256 non
961 3202 1173 3258 secuta
1219 3198 1589 3274 traditione;
1641 3219 1834 3280 quare
1882 3203 2039 3265 nihil
2084 3206 2349 3286 impedit

807 3290 1140 3368 quominus
1182 3291 1493 3354 secundus
1537 3298 1783 3373 emptor
1803 3295 1908 3376 jus
1933 3298 2014 3378 {in
2041 3318 2110 3360 re
2141 3305 2205 3363 et
2233 3302 2346 3364 do-

807 3383 1071 3443 minium
1100 3385 1404 3463 acquirat.

884 3476 1115 3553 TertiO,
1146 3476 1292 3538 licet
1317 3496 1417 3538 res
1438 3477 1517 3540 sit
1543 3480 1771 3542 tradita
1785 3484 2060 3546 secundo
2077 3490 2345 3566 emptori

806 3569 855 3629 si
886 3573 1097 3629 tamen
1125 3571 1393 3648 pretium
1422 3572 1694 3634 solutum
1716 3593 1842 3635 non
1870 3576 2006 3654 fuit,
2027 3596 2143 3640 nec
2170 3580 2343 3640 habi-

804 3667 937 3724 tum
967 3680 1079 3741 pro
1111 3663 1333 3740 soluto,
1366 3665 1795 3742 praeferendus
1823 3669 1942 3730 erit
1966 3671 2139 3749 prior
2168 3691 2341 3752 emp-

623 3792 699 3832 qu·
731 3792 753 3821 ε
802 3762 921 3833 tor,
957 3775 1100 3817 cum
1131 3775 1203 3818 eo
1237 3775 1381 3819 casu
1414 3758 1760 3820 dominium
1789 3761 1879 3821 rei
1913 3763 2184 3826 venditae
2214 3769 2344 3827 tra-

804 3850 1034 3910 ditione
1088 3869 1213 3911 non
1259 3852 1690 3932 transferatur,
1733 3858 1804 3915 ut
1844 3855 2158 3935 colligitur
2177 3877 2252 3918 ex
2278 3861 2334 3939 ἓ.

822 3942 1091 4019 Venditoe,
1125 3945 1322 4006 Instit.
1356 3957 1425 4006 ae
1460 3965 1657 4006 rerum
1698 3946 1866 4009 divtis.
1919 3954 1982 4011 et
2010 3950 2052 4011 l.
2082 3950 2333 4025 Quoties.

799 4036 951 4099 Cod.
981 4035 1052 4097 de
1078 4037 1169 4098 rei
1193 4035 1359 4099 vend.
1398 4039 1476 4098 de
1519 4057 1643 4119 quo
1696 4040 1968 4104 diximus
2017 4062 2212 4123 supra
2243 4064 2338 4106 se-

799 4129 1004 4190 ctione
1035 4145 1078 4189 1.

879 4223 1133 4299 Quarto,
1166 4222 1521 4285 traditionis
1550 4226 1803 4286 nomine
1834 4226 1896 4286 in
1924 4230 2223 4307 praesenti
2250 4230 2340 4291 in-

794 4314 991 4394 telligi
1017 4334 1254 4392 veram,
1287 4316 1385 4376 vel
1412 4317 1645 4394 fictam,
1681 4337 1819 4398 quae
1843 4339 1916 4380 ex
1940 4320 2100 4399 juris
2130 4323 2339 4402 dispo-

794 4408 1018 4470 sitione
1048 4408 1276 4470 sufficit
1320 4409 1401 4469 ad
1434 4411 1936 4473 transferendum
1967 4414 2334 4479 dominium.

798 4502 1058 4577 Quando
1105 4521 1254 4563 vero
1296 4502 1438 4564 talis
1484 4504 1734 4565 traditio
1781 4506 1927 4568 ficta
1966 4507 2344 4572 interveniat

795 4596 1112 4656 sufficiens
1173 4595 1256 4657 ad
1334 4596 1792 4676 ¹acquirendam
1855 4601 2336 4682 possessionem,

796 4691 1026 4751 tractat
1048 4687 1282 4750 Molina
1308 4692 1478 4750 tomo
1509 4706 1552 4750 1.
1588 4690 1749 4769 disp.
1785 4695 1883 4755 13.

879 4780 1127 4858 Quinte,
1187 4780 1306 4842 hoc
1350 4781 1518 4842 idem
1546 4784 1888 4861 procedere
1923 4784 1986 4845 in
2014 4785 2170 4848 'aliis
2199 4805 2343 4849 con-

698 4933 726 4946 „
795 4874 1120 4951 tractibuS,
1155 4893 1216 4936 v.
1248 4892 1313 4952 g.
1347 4873 1410 4934 in
1435 4875 1767 4953 locatione,
1801 4896 1948 4937 nam
1978 4879 2205 4940 eadem
2236 4879 2343 4941 do-

714 4946 748 5031 ¹f
797 4987 900 5030 mo
923 4967 1029 5029 uni
1058 4967 1284 5043 locata,
1323 4971 1384 5028 et
1416 4967 1595 5028 alteri
1623 4974 1842 5047 postea
1869 4971 2095 5048 locata,
2133 4976 2195 5033 et
2221 4976 2345 5033 tra-

798 5063 951 5139 dita,
984 5060 1297 5122 secundus
1326 5061 1673 5122 conductor
1699 5063 2046 5140 praefertur,
2095 5068 2165 5125 ut
2194 5083 2342 5126 con-

798 5159 923 5217 stat
951 5173 1027 5214 ex
1056 5154 1118 5215 d.
1151 5154 1194 5215 l.
1253 5153 1325 5213 In
1372 5153 1585 5236 operis,
1643 5157 1707 5218 ff.
1745 5155 1955 5231 locati3
2008 5158 2158 5237 quia
2200 5157 2347 5220 licet

800 5248 1146 5309 conductor
1172 5266 1296 5308 non
1325 5250 1611 5327 acquirat
1640 5249 2009 5327 dominium,
2035 5251 2228 5313 habet
2253 5256 2349 5313 ta-

800 5359 945 5401 men
973 5341 1067 5400 rei
1095 5340 1571 5402 detentionema
1590 5360 1715 5421 qua
1744 5341 1965 5423 expelli
1983 5362 2110 5405 non
2129 5344 2341 5407 debet.

801 5436 880 5495 Et
904 5433 1074 5494 idem
1102 5433 1404 5513 procedit,
1437 5433 1583 5497 licet
1610 5435 1782 5515 prior
1801 5439 2162 5500 contractus
2173 5436 2353 5517 jura-

802 5530 1016 5589 mento
1039 5527 1443 5593 confirmatus
1464 5527 1705 5608 fuisset,
1727 5530 2165 5610 juramentum
2184 5532 2353 5594 enim

1984 336 2085 396 DE
2128 337 2486 399 JUSTITIA
2530 338 2631 400 ET
2673 340 2873 404 JURE

2449 536 2572 578 non
2600 519 2708 582 dat
2729 519 2833 599 jus
2863 520 2922 582 in
2954 541 3044 600 re,
3088 523 3198 584 sed
3232 525 3543 586 actionem
3571 529 3973 607 personalem,

2450 611 2652 691 magis
2677 614 3044 693 solemnem,
3077 618 3176 677 eui
3207 618 3338 677 sine
3368 621 3694 699 sacrilegio
3737 628 3978 683 contra-

2451 706 2652 765 veniri
2681 726 2803 769 non
2853 710 3071 786 possit.
3129 711 3478 774 videantur
3505 715 3751 775 Lessius
3783 715 3973 777 dubit.

2439 815 2615 861 xxlx.
2653 819 2825 863 num.
2860 806 2996 865 139.
3032 809 3094 867 et
3121 804 3395 884 aliiquos
3409 806 3595 869 affert
3620 812 3684 870 et
3707 808 3980 888 sequitur

2454 892 2630 953 Salas
2659 909 2822 956 va1.
2856 914 3029 957 num.
3049 899 3109 958 3.

2532 986 2742 1063 Sexte,
2775 988 2826 1049 si
2855 991 3118 1069 uterque
3131 994 3375 1070 emptor
3415 994 3685 1081 affirmet
3709 1013 3850 1056 rem
3877 997 3978 1057 sihi
4081 984 4104 1038 ¹⁴

2451 1078 2746 1140 traditam
2764 1079 2976 1160 fuisse,
3024 1101 3139 1144 nec
3160 1089 3446 1147 constare
3467 1087 3661 1165 possit
3678 1089 3799 1149 utri
3820 1090 3980 1169 prius
4013 1103 4091 1154 οιΑ

2449 1153 2680 1234 tradita
2723 1172 2931 1251 fuerit,
2985 1175 3408 1256 adjudicanda
3434 1184 3529 1241 est
3580 1182 3773 1259 priori
3821 1201 3976 1261 emp-
4026 1168 4104 1264 ἶ

2448 1264 2591 1341 tori,
2626 1265 2773 1344 quia
2799 1267 3043 1329 seclusa
3082 1269 3443 1347 traditione,
3487 1271 3593 1352 jus
3634 1273 3804 1335 illius
3834 1294 3978 1353 prae·
4061 1272 4104 1307 '³'

2451 1357 2713 1418 stantius
2743 1363 2856 1436 est,
2917 1360 3031 1420 nisi
3071 1365 3476 1442 praesumptio
3515 1366 3596 1426 sit
3636 1385 3753 1445 pro
3783 1374 3980 1446 poste-

2449 1449 2634 1528 riori,
2685 1451 2832 1531 quia
2874 1452 3007 1533 ipse
3050 1455 3323 1533 pretium
3370 1460 3745 1534 numeravit,
3801 1462 3978 1539 priori

2452 1546 2661 1604 autem
2690 1546 2962 1622 pretium
2991 1564 3104 1624 pro
3152 1549 3354 1610 soluto
3384 1549 3673 1612 habitum
3728 1553 3870 1630 fuit,
3921 1560 3979 1616 ut

2452 1653 2594 1697 cum
2623 1638 2844 1700 Covar.
2893 1639 3151 1703 tradunt
3184 1641 3328 1703 Mol.
3362 1644 3606 1705 Less,et
3633 1645 3814 1706 Salas
3839 1646 3976 1706 locis

2450 1728 2555 1791 cit.

2530 1822 2830 1902 SeptimO,
2864 1825 3000 1887 haec
3029 1845 3152 1887 non
3184 1828 3535 1905 procedunt
3561 1830 3765 1908 primo
3797 1832 3971 1911 iniis,
4079 1822 4104 1877 ¹¹

2448 1914 2674 1993 quibus
2703 1935 2778 1977 ex
2800 1916 2960 1997 juris
2988 1921 3313 2000 privilegio
3344 1921 3691 1983 dominium
3723 1926 3976 1987 sinetra-
4047 1947 4104 2003 Q—

2450 2006 2686 2070 ditione
2727 2012 3093 2091 acquiritur,
3131 2018 3201 2075 ut
3228 2015 3480 2094 quando
3509 2016 3748 2096 aliquid
3777 2020 3973 2079 vendi·
4007 2000 4104 2093 §g

2446 2104 2549 2162 tur
2594 2103 2694 2164 vel
2746 2103 3017 2167 donatur
3070 2106 3352 2168 ecclesiae
3379 2108 3480 2168 vel
3508 2109 3660 2170 locis
3692 2112 3834 2189 piiS,
3882 2120 3974 2175 aut
4020 2106 4104 2198 *ff

2448 2193 2825 2275 civitatibuS,
2851 2198 3034 2276 juxta
3061 2200 3103 2263 l.
3138 2200 3250 2262 ult.
3286 2202 3353 2264 C.
3388 2200 3458 2262 de
3485 2205 3874 2266 sacrosanctis
3895 2225 3975 2267 ec-
4015 2172 4105 2265 ἕπε’]

2447 2286 2653 2350 clesz’is.

2525 2382 2799 2446 Adverte
2826 2387 3038 2447 tamen
3078 2387 3303 2466 primo,
3339 2389 3592 2450 nomine
3621 2391 3897 2453 ecclesiae
3919 2393 3973 2452 in

2445 2476 2736 2552 praesenti
2767 2496 2892 2539 non
2909 2481 3125 2540 venire
3163 2482 3618 2544 ecclesiasticas
3662 2503 3969 2563 personaS,

2446 2568 2498 2627 si
2526 2567 2613 2628 eis
2642 2568 2706 2629 in
2734 2572 3098 2649 particulari
3137 2574 3377 2654 aliquid
3405 2577 3720 2640 vendatur
3746 2579 3847 2639 vel
3874 2579 3973 2640 do·

2446 2666 2649 2738 netur,
2683 2663 2793 2724 sed
2821 2666 3151 2727 ecclesiam
3180 2667 3401 2745 ipsam.

2525 2754 2794 2818 Adverte
2814 2759 3113 2836 secundo,
3137 2760 3257 2821 hoc
3268 2779 3391 2821 non
3404 2764 3769 2840 procedere,
3794 2784 3973 2845 qnan-

2445 2847 2525 2909 do
2554 2848 2758 2909 solum
2801 2853 3121 2929 praecessit
3165 2853 3498 2932 promissio
3544 2857 3861 2917 vendendi
3887 2858 3970 2918 vel

2444 2940 2718 3001 donandi
2747 2943 3056 3019 ecclesiae;
3091 2964 3203 3026 per
3223 2945 3386 3008 hanc
3411 2949 3581 3009 enim
3602 2950 3733 3010 sine
3752 2952 3967 3012 actuali

2441 3033 2802 3095 venditione
2831 3036 2930 3097 vel
2961 3037 3299 3100 donatione
3329 3058 3455 3102 non
3498 3043 3846 3122 acquiritur
3871 3045 3972 3106 do·

2440 3125 2707 3187 minium
2735 3128 3038 3193 ecclesiae.

2519 3221 2793 3283 Adverte
2819 3224 3026 3300 terti0,
3076 3243 3282 3305 neque
3312 3227 3505 3288 etiam
3532 3228 3651 3290 hoc
3681 3231 3972 3309 procede-

2439 3331 2530 3390 re,
2565 3313 2816 3392 quando
2866 3315 3130 3376 ecclesia
3157 3318 3374 3381 vendit
3419 3321 3521 3381 vel
3569 3322 3763 3383 donat
3791 3324 3964 3384 aliis:

2438 3409 2587 3468 tunc
2635 3406 2802 3466 enim
2839 3413 3085 3487 emptor
3129 3411 3229 3470 vel
3275 3412 3639 3475 donatarius
3680 3434 3803 3476 non
3830 3436 3971 3495 gau-

2437 3499 2586 3560 dent
2614 3517 2687 3560 eo
2717 3500 3067 3580 privilegiO,
3099 3507 3167 3563 ut
3195 3522 3338 3565 cum
3379 3505 3518 3567 aliis
3549 3512 3728 3570 notat
3753 3510 3968 3571 Molina

2437 3593 2492 3672 ἓ.
2533 3591 2827 3667 Quintum.

2519 3687 2733 3764 Neque
2764 3685 2954 3747 etiam
2989 3689 3277 3766 procedit
3320 3692 3630 3770 praedicta
3675 3694 3965 3771 doctrina,

2437 3778 2690 3857 quando
2719 3778 2908 3858 priori
2959 3781 3225 3861 emptori
3280 3783 3344 3843 in
3394 3786 3793 3848 securitatem
3838 3807 3969 3848 con-

2435 3875 2694 3948 tractus,
2726 3872 2872 3934 licet
2892 3891 2994 3934 res
3025 3892 3151 3935 non
3182 3874 3371 3938 fuerit
3400 3879 3611 3957 quoad
3641 3879 3968 3940 dominium

2433 3965 2686 4040 tradita,
2718 3964 2836 4026 fuit
2862 3964 3289 4044 hypothecata
3324 3989 3338 4029 ε
3378 3988 3493 4048 per
3521 3970 3642 4032 hoc
3669 3972 3830 4032 enim
3843 3973 3966 4051 jam

2435 4057 2769 4136 acquisivit
2805 4057 2912 4137 jus
2965 4058 3223 4138 aliquod
3266 4061 3330 4121 in
3376 4080 3467 4138 re,
3517 4065 3759 4125 ratione
3803 4065 3967 4144 cujus

2435 4151 2769 4229 praefertur
2798 4152 3075 4213 secundo
3133 4154 3424 4233 emptori,
3469 4158 3533 4218 et
3559 4156 3866 4236 colligitur
3900 4176 3967 4217 ex

2434 4240 2477 4303 l.
2512 4241 2590 4303 Si
2614 4242 2893 4323 creditor,
2924 4246 2981 4326 §-
3015 4246 3211 4323 finali,
3244 4248 3310 4310 ff.
3357 4247 3428 4310 de
3473 4247 3843 4312 ἀπεῖναι-ἤσθιε
3878 4252 3969 4332 pi-

2433 4355 2702 4416 qnorum.

2519 4430 2819 4492 Restabat
2863 4430 3222 4511 dicendum,
3274 4451 3356 4494 an
3395 4434 3534 4497 haec
3579 4436 3844 4498 habeant
3883 4437 3964 4497 lo-
4081 4422 4104 4478 ¹

2440 4540 2606 4600 cum,
2641 4523 2892 4603 quando
2923 4525 3236 4586 secundus
3283 4533 3531 4608 emptor
3556 4530 3805 4605 sciebat,
3837 4548 3961 4589 rem
4046 4545 4104 4595 Q-

2441 4615 2620 4677 alteri
2649 4616 2820 4694 prius
2848 4616 3167 4694 venditam
3194 4619 3407 4698 fuisse,
3438 4625 3501 4683 et
3528 4641 3715 4703 quam
3740 4623 3962 4702 obliga·
4001 4610 4105 4708 ,ῗῖ

2440 4708 2677 4770 tionem
2723 4708 2956 4773 habeat
2997 4712 3312 4773 secundus
3341 4718 3590 4793 emptor
3614 4714 3962 4777 restituendi
4030 4717 4104 4800 a}

2441 4801 2642 4880 primo
2687 4802 2972 4882 emptori.
3026 4806 3115 4864 De
3144 4804 3265 4866 hoc
3311 4811 3523 4868 tamen
3563 4808 3823 4868 diximus
3847 4809 3963 4869 late

2443 4895 2602 4974 disp.
2632 4911 2734 4959 xx.
2767 4895 2845 4955 de
2867 4896 3085 4957 ordine
3113 4899 3525 4961 restitutionis
3553 4905 3702 4964 sect.
3731 4918 3823 4962 111.
3863 4900 3965 4960 nbi

2441 4988 2506 5049 in
2535 4988 2898 5049 universum
2929 4989 3166 5052 dictum
3189 4991 3374 5054 estde
3393 4993 3765 5072 obligatione
3783 4993 3959 5067 illius,

2445 5081 2550 5161 qui
2581 5081 2850 5143 scienter
2903 5083 3235 5160 contrahit,
3280 5089 3342 5147 et
3381 5086 3610 5165 accipit
3647 5086 3724 5147 ab
3763 5104 3831 5146 eo
3863 5084 3961 5163 qui

2447 5173 2677 5235 alienat
2702 5175 2765 5234 in
2813 5173 3100 5235 fraudem
3129 5175 3407 5254 priorum
3438 5179 3828 5254 creditorum,
3879 5178 3966 5236 vi·

2446 5265 2705 5345 derique
2725 5271 2986 5345 possunt
3003 5268 3257 5346 Molina,
3291 5271 3542 5333 Lessius
3557 5276 3622 5335 et
3636 5272 3799 5335 Salas
3818 5270 3965 5332 locis

2449 5358 2551 5422 cit.
2588 5359 2697 5439 qui
2725 5358 2878 5421 alios
2906 5361 3195 5425 afferunt.
