4263 6376
725 250 816 311 ,18

739 428 809 486 ut
826 424 953 486 dixi
981 442 1107 484 non
1135 423 1361 503 placet,
1394 441 1537 483 cum
1557 424 1734 482 tanta.
1760 422 1983 482 saltem
2010 420 2264 481 univer-

735 517 980 578 salitate
1009 515 1349 595 proposita,
1385 514 1532 595 quia
1561 515 1612 574 si
1651 519 1721 576 ut
1748 518 1948 591 sonat,
2004 513 2270 591 accipia-

734 614 858 687 tur,
881 614 1090 688 posset
1110 608 1421 687 quoslibet
1457 608 1756 686 profanos
1795 610 2108 686 sumptus,
2158 606 2289 685 qui,

735 701 985 764 aliunde
1017 720 1090 761 ex
1119 698 1361 779 objecto
1393 719 1518 760 non
1564 705 1771 761 essent
1807 699 2024 774 illiciti,
2079 717 2268 758 excu-

734 813 874 856 sare
904 793 1165 873 aculpa,
1199 793 1444 855 etiamsi
1475 791 1631 853 fiant
1676 811 1751 852 ex
1808 792 2118 854 reditibus
2165 808 2264 850 ec·

733 886 1114 952 clesiasticIS.
1149 886 1351 959 Quare
1400 884 1461 962 si
1483 885 1776 962 praelatus
1831 904 1907 945 ex
1951 885 2134 944 bonis
2166 900 2267 943 ec-

734 979 1092 1040 clesiasticis
1120 978 1451 1056 superfluis
1479 977 1771 1039 fundaret
1797 977 2019 1039 saltem
2048 977 2111 1036 in
2136 976 2267 1036 vita

734 1090 845 1132 sua
875 1072 1435 1151 primogenituram
1464 1088 1606 1131 cum
1636 1071 1873 1149 ingenti
1911 1070 2118 1130 reditu
2151 1085 2265 1146 pro

732 1182 846 1225 sua
873 1164 1131 1241 familia,
1181 1164 1283 1224 vel
1326 1163 1557 1242 palatia
1623 1163 1959 1243 magnifica
2026 1161 2266 1222 eisdem

731 1256 1215 1337 consanguineis
1246 1260 1583 1332 extrueret,
1619 1255 1901 1317 excusari
1957 1258 2172 1333 posset
2228 1272 2265 1313 a

732 1350 937 1429 culpa,
989 1368 1063 1411 eo
1117 1348 1287 1429 quod
1355 1348 1435 1408 ad
1500 1348 1901 1428 splendorem
1970 1346 2264 1407 Ecclesia}

733 1447 994 1523 spectet,
1022 1442 1192 1521 quod
1209 1441 1344 1520 ejus
1373 1441 1684 1521 principes
1714 1441 2001 1501 liberales
2032 1445 2093 1501 et
2136 1458 2266 1499 mn·

733 1535 946 1616 gnifici
976 1554 1111 1595 esse
1136 1536 1380 1613 possint
1409 1554 1558 1614 erga
1587 1553 1755 1610 suOS,
1788 1535 1948 1596 sicut
1994 1551 2175 1611 reges
2205 1535 2267 1593 ct

733 1628 1049 1707 principes
1096 1627 1430 1688 saeculares
1488 1646 1621 1688 esse
1679 1627 1897 1703 solent,
1962 1631 2150 1705 atque
2179 1626 2267 1686 ita

734 1727 994 1800 possent
1021 1738 1236 1780 omncs
1267 1719 1575 1798 ejusmodi
1599 1725 1905 1797 sumptuS,
1939 1720 2034 1778 vel
2068 1719 2266 1778 dona-

733 1814 936 1874 tiones
966 1813 1046 1872 ad
1078 1813 1187 1873 Dei
1236 1813 1473 1873 cultum
1527 1818 1590 1875 et
1642 1813 1932 1873 Ecclesiae
1979 1812 2266 1891 splendo-

734 1924 868 1966 rcm
893 1905 1106 1966 ultimo
1136 1905 1356 1965 referri
1383 1905 1587 1985 :quod
1633 1910 1795 1966 esset
1825 1904 2077 1966 omnino
2136 1904 2264 1964 elu-

735 1998 882 2058 dere
906 1997 1351 2076 obligationem
1383 2016 1571 2077 quam
1627 1998 1894 2058 concilia
1950 2002 2012 2057 et
2048 1999 2265 2057 Patres

734 2089 797 2148 in
828 2088 1068 2150 clericis
1097 2094 1500 2168 exaggerant,
1545 2108 1667 2150 non
1725 2089 2118 2168 expendendi
2166 2108 2266 2149 res

736 2182 872 2258 Dei,
908 2186 969 2243 et
994 2182 1161 2242 bona
1191 2181 1610 2242 ecclesiastica
1641 2181 1757 2242 nisi
1787 2182 1849 2245 in
1911 2200 2057 2242 usus
2102 2181 2260 2261 pios,

737 2276 863 2334 Nec
893 2274 1179 2353 exempla
1207 2274 1394 2335 allata
1427 2279 1571 2336 sunt
1618 2275 1698 2337 ad
1726 2293 1883 2349 rem,
1918 2293 2064 2334 nam
2117 2293 2268 2336 con-

736 2366 973 2426 vivium
1000 2367 1241 2427 lautum
1289 2365 1672 2446 pauperibus
1726 2366 2095 2444 exhibitum,
2150 2367 2268 2427 im-

735 2458 1008 2520 mediate
1038 2464 1100 2521 et
1136 2459 1416 2538 proxime
1479 2459 1679 2520 induit
1742 2460 2052 2521 rationem
2097 2478 2266 2521 verae

735 2551 1332 2629 eleemosnyae,cum
1366 2551 1429 2611 id
1456 2556 1658 2613 totum
1688 2552 1856 2631 quod
1884 2553 2097 2631 egenis
2154 2553 2267 2613 da-

734 2648 856 2720 tur,
891 2644 1034 2705 licet
1063 2662 1187 2704 non
1217 2646 1297 2706 sit
1342 2644 1429 2705 eis
1458 2644 1881 2706 necessarium
1936 2664 2048 2725 pro
2096 2647 2264 2708 victu

735 2737 899 2797 illius
954 2737 1099 2813 diei,
1158 2738 1239 2798 sit
1291 2743 1503 2799 tamen
1570 2738 1991 2798 necessarium
2022 2739 2101 2798 ad
2133 2740 2266 2800 dies

737 2830 1207 2908 subsequentes
1242 2830 1420 2901 Quod
1447 2830 1667 2910 siquid
1688 2831 1767 2891 ad
1808 2836 2182 2911 apparatum
2205 2838 2267 2894 et

737 2927 1028 2984 ornatum
1056 2940 1289 2983 mensae
1319 2926 1382 2984 et
1408 2923 1661 2985 triclinii
1694 2924 2048 3001 insumitur,
2096 2926 2264 3005 quod

736 3014 796 3075 in
831 3034 1013 3075 usum
1066 3034 1416 3096 pauperum
1472 3034 1597 3077 non
1663 3017 1868 3095 cedat,
1930 3017 1993 3077 id
2064 3023 2265 3079 totum

737 3108 1018 3187 proxime
1076 3109 1266 3169 etiam
1328 3109 1657 3171 ordinatur
1710 3110 1789 3170 ad
1852 3110 2151 3193 pietatem
2206 3117 2268 3173 et

737 3201 974 3263 cultum
1019 3202 1276 3279 Christi,
1312 3221 1497 3282 quem
1550 3203 1613 3263 in
1671 3204 1822 3283 ipsis
1884 3207 2266 3284 pauperibus

736 3294 1156 3372 agnoscimus,
1178 3300 1241 3357 et
1269 3295 1536 3375 hospitio
1551 3296 1844 3375 religioso
1875 3298 2259 3376 excipimus:

736 3386 802 3447 id
831 3392 1041 3448 autem
1060 3388 1224 3467 quod
1239 3389 1457 3450 amicis
1487 3393 1548 3451 et
1575 3390 2055 3469 consanguineis
2072 3393 2264 3453 dona·

737 3482 860 3556 tur,
893 3479 953 3539 in
1014 3485 1259 3541 tantum
1309 3482 1593 3542 excusari
1649 3483 1899 3560 poterit,
1956 3490 2266 3564 quatenus

737 3590 863 3633 non
893 3574 1136 3634 excedit
1153 3592 1513 3634 mensuram
1544 3574 1898 3636 donationis
1928 3582 1992 3638 et
2034 3577 2267 3640 libera-

735 3664 926 3727 litatis
953 3666 1441 3745 proportionatae
1471 3667 1552 3727 ad
1609 3671 1842 3728 statum
1872 3672 1934 3728 et
1961 3670 2265 3733 conditio-

738 3776 883 3819 nem
911 3758 1203 3819 donantis
1237 3779 1249 3820 :
1312 3759 1419 3838 qui
1457 3764 1665 3820 tamen
1699 3760 2083 3822 considerari
2138 3783 2264 3824 non

738 3850 924 3912 debet
953 3857 1025 3913 ut
1048 3851 1339 3912 dominus
1393 3852 1718 3914 absolutus
1763 3853 2078 3916 bonorum
2134 3856 2264 3917 illo-

739 3963 902 4020 rum,
936 3945 1045 4005 sed
1081 3949 1147 4005 ut
1173 3963 1541 4007 oeconomus
1568 3946 1935 4025 honoratus,
1963 3949 2072 4027 qui
2097 3949 2266 4011 bona

737 4036 851 4097 Dei
878 4056 1005 4097 non
1037 4037 1155 4098 nisi
1185 4037 1286 4116 pie
1319 4038 1673 4117 expendere
1702 4039 1911 4115 debet,
1963 4040 2144 4120 juxta
2191 4063 2266 4105 ea

737 4147 878 4208 quae
906 4129 1091 4191 latius
1120 4130 1389 4191 diximus
1417 4149 1608 4209 supra
1637 4132 1797 4209 disp.
1838 4134 1941 4193 1v.
2002 4140 2153 4196 sect.
2188 4152 2258 4197 11.

738 4222 819 4283 ad
850 4240 1036 4302 quem
1065 4222 1294 4299 locum,
1343 4222 1480 4284 haec
1507 4224 1698 4284 etiam
1753 4243 1896 4304 quse
1950 4225 2052 4286 hic
2098 4228 2265 4289 circa

735 4315 986 4378 ultimas
1015 4315 1368 4378 voluntates
1398 4316 1568 4377 dicta
1601 4321 1767 4393 sunt,
1831 4319 2147 4396 pertinere
2177 4321 2264 4381 vi-

734 4408 979 4471 dentur.
1021 4409 1322 4471 Restabat
1380 4409 1611 4485 dicere,
1672 4428 1814 4489 quae
1867 4410 1948 4473 sit
1994 4415 2264 4476 materia

732 4502 963 4582 gravis,
996 4507 1067 4564 ut
1096 4503 1427 4582 promissio
1456 4503 1731 4582 gratuita
1758 4504 2036 4585 obligare
2066 4500 2287 4585 possit'

732 4595 847 4656 sub
875 4595 1147 4657 mortali.
1185 4597 1274 4657 De
1331 4596 1450 4658 hoc
1493 4601 1705 4658 tamen
1762 4597 2042 4660 dicemus
2096 4600 2259 4664 infra

730 4690 863 4749 sect
889 4687 1048 4749 VIII.
1093 4687 1244 4749 dub.
1278 4706 1373 4751 111.
1408 4689 1576 4751 circa
1603 4691 1936 4752 materiam
1991 4693 2260 4770 promis-

730 4779 922 4841 sionis
950 4779 1265 4842 humanae.

1936 244 2039 304 DE
2079 243 2431 306 JUS‘rl‘rlA
2476 244 2577 305 m*
2617 245 2816 307 JURE

2828 740 3239 826 SEGTlo
3331 745 3472 832 vll.

2409 1038 2701 1115 Quomodo
2729 1062 2969 1123 cessare,
3001 1046 3097 1107 vel
3121 1046 3368 1114 It‘ntitart'
3394 1053 3580 1133 possit
3602 1056 3866 1136 promis-

2877 1151 3052 1213 sionis
3080 1152 3379 1236 obligatio.

2447 1421 2697 1480 Certum
2743 1420 2808 1481 in
2835 1422 3053 1502 primis
3082 1431 3196 1503 est,
3231 1445 3412 1505 posse
3468 1431 3905 1508 promissIonis

2367 1511 2812 1589 obligationem
2841 1533 3085 1577 cessare
3152 1536 3228 1578 ex
3283 1537 3591 1584 consensu
3645 1532 3907 1587 contra-

2366 1603 2668 1682 hentium,
2703 1607 2852 1686 quia
2877 1628 2992 1687 per
3017 1629 3173 1690 quas
3203 1631 3425 1674 causas
3450 1617 3746 1694 nascitur,
3782 1637 3907 1698 per

2367 1696 2620 1757 easdem
2656 1699 2906 1761 dissolvi
2964 1708 3190 1780 potest.
3249 1708 3500 1768 Certum
3555 1710 3742 1771 etiam
3773 1718 3896 1790 est,

2364 1808 2478 1869 per
2503 1791 2983 1868 promissionem
3019 1799 3361 1860 secundam
3404 1804 3711 1881 aequalem
3768 1824 3901 1867 non

2367 1901 2610 1943 cessare
2638 1885 3083 1965 obligationem
3111 1892 3329 1970 primae
3361 1896 3786 1972 promissionis
3814 1900 3903 1960 de

2367 1976 2589 2036 eadem
2616 1996 2683 2038 re
2715 1979 2932 2042 faotae:
2972 1983 3119 2060 quia
3149 2003 3271 2045 non
3304 1972 3509 2065 potuit
3561 1992 3899 2070 promissio

2364 2068 2641 2129 secunda
2672 2069 2950 2150 obligare
2992 2074 3057 2134 in
3089 2076 3521 2155 praejudicium
3570 2082 3731 2161 juris
3757 2084 3902 2165 jam

2366 2160 2559 2241 priori
2578 2165 2979 2242 promissario
3020 2169 3329 2247 acquisiti,
3364 2172 3673 2253 obligaret
3726 2178 3902 2239 enim

2369 2253 2448 2313 ad
2478 2254 2713 2334 aliquid
2754 2260 2971 2337 turpe:
3025 2259 3144 2321 hoc
3202 2268 3412 2338 autem
3463 2268 3904 2333 universaliter

2362 2365 2583 2407 verum
2617 2352 2730 2425 est,
2766 2367 2891 2409 non
2909 2369 3091 2429 posse
3122 2372 3195 2413 ex
3251 2357 3668 2434 promissione
3716 2366 3896 2425 nasci

2368 2439 2813 2518 obligationem
2844 2442 2925 2502 ad
2952 2450 3134 2524 turpe
3162 2448 3401 2527 aliquid
3431 2452 3529 2511 vel
3583 2453 3894 2533 illicitum,

2367 2550 2510 2592 cum
2540 2532 2601 2591 in
2628 2535 2912 2595 terminis
2940 2536 3089 2615 ipsis
3118 2546 3427 2620 repugnet
3455 2544 3753 2624 obligatio
3805 2548 3889 2609 ad

2365 2625 2601 2705 aliquid
2640 2628 2807 2706 quod
2843 2628 2977 2690 sine
3024 2639 3282 2709 peccato
3338 2635 3585 2716 impleri
3634 2658 3756 2701 non
3785 2660 3897 2720 po-

2365 2722 2506 2779 test.
3770 2742 3775 2745 '

2444 2812 2652 2874 Primo
2681 2814 2892 2894 itaque
2912 2817 3254 2897 dubitatur,
3272 2840 3352 2882 an
3383 2823 3434 2883 si
3463 2825 3647 2887 Petro
3662 2846 3899 2908 equum

2369 2908 2549 2966 tuum
2580 2908 2941 2987 promisisti,
3002 2916 3063 2972 et
3090 2918 3310 2991 postea
3341 2917 3633 2979 eumdem
3662 2939 3899 3001 equum
3934 2992 3939 2995 ,

2366 2999 2557 3059 Paulo
2582 3000 2890 3077 promittis
2922 3003 3135 3065 addito
3187 3005 3574 3088 jurament0,
3609 3032 3898 3094 praepon-

2366 3090 2545 3152 deret
2572 3093 3220 3173 posteriorpromissio
3270 3105 3529 3180 propter
3572 3106 3899 3185 jusjuran-

2366 3183 2555 3244 dum?
2596 3185 2802 3247 Prima
2832 3190 3140 3251 sententia
3196 3192 3488 3272 affirmat,
3548 3200 3896 3275 praevalere

2365 3279 2774 3357 posteriorem
2792 3283 3268 3360 promissionem
3283 3287 3643 3364 juramento
3672 3296 3895 3354 confir-

2364 3376 2620 3449 matam,
2654 3392 2843 3453 quam
2873 3380 3089 3437 tenent
3117 3377 3536 3458 Innocentius,
3582 3387 3797 3464 Imola‚
3834 3394 3899 3450 et

2365 3464 2596 3536 Abbas‚
2634 3484 2791 3547 quos
2814 3468 3004 3531 refert
3030 3470 3260 3532 Sanch.
3295 3470 3403 3533 lib.
3438 3475 3487 3535 1.
3526 3475 3596 3536 de
3628 3480 3889 3543 matrim.

2365 3557 2523 3637 disp.
2573 3576 2627 3619 L.
2662 3579 2767 3621 nu.
2805 3563 2859 3621 1.
2880 3561 3169 3623 Secunda
3194 3567 3507 3627 sententia
3537 3569 3709 3648 dicit,
3737 3593 3897 3653 prae-

2362 3651 2572 3712 valere
2602 3652 2810 3713 adhuc
2836 3654 3113 3732 priorem
3158 3658 3673 3741 promissionem,
3703 3684 3895 3744 quam

2364 3749 2582 3807 tenent
2608 3745 2883 3825 theologi
2938 3750 3379 3828 communiter,
3438 3772 3594 3832 quos
3641 3757 3766 3819 late
3793 3780 3897 3821 re-

2365 3836 2485 3898 fert
2513 3843 2575 3899 et
2628 3839 2910 3917 sequitur
2939 3840 3107 3901 idem
3141 3842 3378 3904 Sanoh.
3418 3865 3520 3906 nu.
3558 3851 3618 3910 2.
3652 3855 3715 3913 et
3742 3854 3897 3915 Tur·

2364 3929 2523 3992 rian.
2580 3931 2644 3991 in
2700 3933 2988 4010 praesenti
3021 3933 3181 4012 disp.
3217 3937 3396 3997 LXX.
3445 3938 3595 4002 dub.
3642 3958 3686 4004 1.
3747 3947 3895 4025 quia

2357 4023 2785 4103 juramentum
2841 4026 3181 4088 adveniens
3235 4028 3352 4090 fuit
3414 4031 3492 4092 de
3548 4053 3617 4095 rc
3676 4037 3895 4119 iniqua

2365 4121 2621 4197 propter
2647 4118 2921 4196 priorem
2962 4121 3444 4198 promissionem
3474 4144 3551 4186 ex
3607 4147 3733 4208 qua
3755 4132 3894 4212 jam

2367 4210 2588 4270 eadem
2643 4229 2743 4271 res
2791 4211 3160 4275 debebatur.
3223 4216 3302 4276 Et
3348 4218 3604 4295 quidem
3641 4223 3691 4282 si
3722 4226 3896 4302 prior

2365 4302 2689 4381 promissio
2720 4323 2796 4364 ex
2823 4303 3067 4384 justitia
3118 4307 3456 4387 obligabat,
3491 4331 3594 4374 res
3639 4316 3895 4380 videtur

2365 4399 2569 4468 certa3
2605 4396 2750 4475 quia
2789 4398 3100 4476 posterior
3151 4401 3479 4478 promissio
3536 4407 3893 4474 voluntaria

2364 4492 2427 4549 et
2452 4489 2725 4567 gratuita
2741 4508 2861 4551 non
2892 4496 3098 4570 potest
3124 4495 3534 4573 praejudicare
3556 4501 3685 4578 juri
3717 4508 3891 4566 ante-

2361 4581 2533 4656 riori,
2568 4582 2736 4662 quod
2776 4602 2851 4643 ex
2902 4584 3097 4662 priori
3151 4589 3564 4663 promissione
3620 4597 3890 4675 acquisi-

2360 4677 2493 4735 tum
2516 4674 2646 4754 jam
2696 4675 2899 4738 fuerat
2937 4679 3363 4757 promissario,
3398 4701 3513 4744 nec
3562 4683 3892 4764 juramen-

2312 4835 2318 4841 ,
2357 4773 2492 4830 tum
2524 4768 2855 4831 confirmat
2879 4771 3360 4850 promissionem
3395 4775 3474 4836 de
3520 4796 3589 4839 re
3647 4779 3885 4861 iniqua,

2360 4879 2504 4922 oum
2552 4860 2687 4940 ejus
2732 4863 2999 4925 materIa
3044 4864 3271 4927 debeat
3324 4885 3575 4947 semper
3629 4891 3767 4934 esse
3821 4876 3889 4936 id

2359 4954 2529 5033 quod
2557 4954 3063 5018 aliundelioitum
3090 4962 3152 5018 et
3178 4957 3511 5021 honestum
3531 4970 3644 5026 est.
3680 4966 3890 5039 Quan-

2357 5047 2438 5108 do
2492 5064 2640 5106 vero
2672 5047 2845 5126 prior
2898 5049 3228 5128 promissio
3289 5071 3415 5113 non
3444 5053 3768 5135 obligabat
3810 5078 3889 5123 ex

2349 5137 2613 5219 justitia,
2661 5141 2769 5200 sed
2799 5142 3001 5203 solum
3032 5161 3107 5203 ex
3133 5143 3457 5223 fidelitate,
3492 5167 3565 5209 ac
3596 5168 3709 5228 per
3734 5170 3887 5214 con-

2353 5251 2622 5312 sequens
2637 5233 2840 5295 solum
2868 5235 3086 5298 leviter
3121 5237 3304 5316 juxta
3332 5257 3523 5319 supra
3553 5241 3720 5305 dicta
3748 5263 3887 5309 ma-

2352 5325 2448 5406 gis
2478 5326 2753 5388 dubitari
2783 5332 3011 5406 posset,
3066 5330 3213 5410 quia
3241 5333 3497 5409 gravius
3538 5334 3888 5415 juramenti

2351 5418 2675 5481 vinculum
2717 5420 2967 5483 videtur
2994 5425 3479 5501 praeponderare
3538 5428 3765 5493 minori
3821 5438 3888 5497 et

3988 1586 4100 1801 {333
4076 1463 4100 1518 ...

3981 1804 4100 1843 exiii

3982 1867 4100 1917 1²¹⁰?

4004 1921 4075 1950 eui
4096 1928 4100 1943 ι

4073 1965 4100 2004 fl.

4167 1464 4183 1520 με

4167 1982 4182 2005 ”
4167 1603 4233 1951 ΜΞΞΡῨΕ
