4263 6376
623 509 743 561 Quid.
773 508 807 549 si

568 562 757 626 vepditor
792 562 867 605 tuit

622 629 664 659 in
684 629 811 659 mora.

680 2829 796 2888 218

653 2954 825 3016 Aliqua·

597 3013 865 3062 exceptionis.

689 4582 804 4640 219

590 4709 708 4761 Quid.
727 4709 887 4762 quando

590 4762 779 4805 venditur
820 4776 886 4804 res

591 4816 888 4860 indetennina-

714 4875 752 4910 ia
759 4900 770 4911 .

912 323 1032 383 332
2030 319 2134 378 DE
2174 316 2531 379 JUSTITIA
2577 315 2677 375 ΕΤ
2718 313 2918 375 JURE

915 498 1283 573 emptorem,
1318 494 1447 555 exl.
1475 494 1653 571 Illud,
1682 496 1744 555 ff.
1780 494 1848 555 de
1861 494 2048 577 peric.
2083 503 2138 555 et
2166 491 2446 555 commod.

915 588 1006 647 rei
1032 586 1198 648 vend.
1235 589 1427 649 Secus
1455 588 1506 647 si
1537 588 1758 647 eodem
1789 588 1978 648 modo
2009 588 2175 667 apud
2213 590 2450 664 empto-

915 698 1049 741 rem
1079 680 1354 757 peritura
1382 680 1617 755 fuisset,
1652 687 1713 741 ct
1740 681 1856 741 hoc
1887 681 2075 743 etiam
2105 681 2168 739 in
2186 681 2319 740 foro
2348 697 2447 738 ex-

915 775 1114 849 tern0,
1151 776 1219 833 ut
1248 773 1471 850 probat
1498 773 1658 833 bene
1701 774 1846 834 Mol.
1882 773 2040 853 disp.
2076 776 2214 834 366.
2252 791 2311 832 n.
2349 774 2443 832 13.

915 870 1131 925 contra
1161 865 1526 926 Silvestrum
1559 868 1942 926 contrarium
1973 866 2307 940 dicentem,
2363 864 2448 924 lo·

914 976 1059 1019 cum
1090 958 1322 1018 habere
1353 959 1413 1018 in
1451 959 1585 1018 foro
1619 964 1875 1019 externo
1900 1005 1918 1031 ,
1971 977 2045 1018 ex
2074 959 2117 1019 1.
2157 957 2304 1019 Cum
2333 976 2446 1033 reS,

912 1052 968 1130 ς.
1006 1051 1115 1111 ult.
1152 1053 1212 1113 ff.
1247 1049 1317 1111 de
1344 1051 1519 1130 ἱεραί.
1555 1070 1598 1112 1.
1655 1052 1778 1112 Sed
1808 1052 1871 1111 in
1917 1070 1990 1111 ea
2019 1051 2158 1129 lege
2190 1055 2448 1111 contra-

916 1144 1078 1203 rium
1108 1143 1314 1222 potius
1339 1144 1672 1220 indicatur,
1708 1145 1859 1205 dicit
1888 1145 2086 1220 enim,
2141 1143 2190 1203 si
2222 1143 2451 1202 fundus

913 1236 1179 1313 legatus,
1202 1242 1539 1315 antequam
1559 1237 1861 1315 legatario
1884 1237 2187 1310 tradatur,
2210 1240 2447 1314 pereat,

916 1329 1371 1390 interveniente
1401 1330 1667 1389 haeredis
1703 1348 1903 1405 mora,
1942 1329 2176 1389 haerecli
2207 1328 2447 1406 perire3

918 1431 977 1484 et
1009 1422 1291 1482 redditur
1320 1422 1500 1496 ratio,
1521 1422 1660 1500 quia
1681 1426 1927 1500 poterat
1945 1420 2281 1499 legatarius
2304 1440 2455 1479 veu-

918 1514 1068 1573 dere
1097 1519 1435 1593 antequam
1467 1514 1730 1593 periret,
1779 1514 1830 1572 si
1861 1514 1970 1574 tibi
2002 1514 2267 1573 traditus
2308 1513 2453 1571 suis-

918 1611 1034 1679 set,
1069 1606 1234 1666 unde
1266 1625 1305 1666 a
1336 1606 1646 1667 contrario
1678 1626 1863 1665 sensu
1894 1606 2178 1680 insertur,
2213 1605 2380 1684 quod
2404 1604 2452 1662 si

917 1699 1085 1778 apud
1100 1699 1465 1777 legatarium
1483 1699 1906 1758 eodemmodo
1926 1698 2127 1777 perire
2140 1698 2458 1757 debuisset

920 1793 1157 1870 absque
1189 1791 1323 1869 ejus
1354 1791 1651 1867 utilitate,
1685 1791 1765 1851 ad
1797 1791 1948 1850 nihil
1977 1794 2299 1850 teneretur
2327 1789 2456 1849 lue-

920 1904 1021 1945 res
1051 1903 1335 1945 morosus
1392 1904 1405 1944 :
1469 1893 1529 1943 et
1558 1884 1728 1943 favet
1756 1884 1892 1960 lex,
1942 1884 2087 1943 Item
2113 1882 2454 1943 sz'verbera-

920 1979 1151 2056 tum,.§.
1189 1978 1298 2038 ult.
1338 1979 1396 2037 t'l'.
1434 1976 1503 2037 de
1530 1977 1620 2037 rei
1644 1975 1809 2036 vend.
1846 1976 1893 2035 si
1926 1982 2139 2037 tamen
2171 1976 2459 2036 venditor

920 2076 1062 2150 post
1088 2089 1330 2130 moram
1360 2089 1537 2130 suam
1582 2088 1715 2130 rem
1745 2069 2010 2147 emptori
2043 2070 2264 2129 offerat
2285 2115 2299 2144 ‚
2351 2067 2458 2148 qui

921 2183 1061 2225 eam
1091 2182 1214 2222 non
1244 2163 1738 2241 accepit‚postea
1766 2162 1817 2221 si
1849 2162 2030 2239 perit,
2059 2161 2323 2241 emptori
2353 2180 2458 2240 pe-

921 2256 1087 2331 ribit,
1140 2276 1214 2316 ex
1241 2257 1281 2316 l.
1316 2254 1513 2332 Illud,
1574 2257 1637 2315 ff.
1671 2254 1740 2315 de
1762 2255 1946 2335 pet-ie.
1979 2263 2033 2314 el
2061 2254 2340 2315 commod.
2374 2254 2466 2313 rei

921 2348 1087 2410 vend.
1123 2350 1161 2411 1.
1197 2349 1404 2429 siper
1430 2358 1762 2430 emptorem,
1791 2350 1852 2408 ff.
1888 2347 1956 2408 de
1984 2357 2098 2409 act.
2133 2357 2308 2428 empt.
2344 2350 2459 2409 Ex-

921 2441 1150 2521 cipitur
1177 2443 1364 2502 etiam
1395 2460 1597 2517 casus,
1632 2440 1881 2519 quando
1914 2459 2014 2500 res
2042 2440 2321 2517 vendita,
2354 2460 2460 2500 an-

920 2539 1175 2615 tequam
1203 2535 1488 2597 tradatur
1519 2534 1806 2612 emptori,
1841 2536 2218 2593 confiscatur
2248 2534 2326 2594 ob
2357 2534 2460 2593 de-

920 2628 1137 2688 lictum
1168 2628 1529 2703 venditoriS‚
1553 2646 1677 2706 quo
1708 2645 1858 2686 casu
1887 2626 2160 2705 pretium
2189 2627 2461 2687 solutum

925 2721 1193 2799 emptori
1220 2721 1525 2796 redditur,
1559 2721 1602 2781 l.
1637 2719 1713 2779 Si
1734 2718 1991 2799 fundus,
2033 2720 2097 2780 ff.
2135 2719 2330 2780 locati.
2367 2719 2462 2780 Si-

926 2814 1194 2890 militer,
1247 2815 1298 2875 si
1326 2814 1616 2875 venditor
1662 2813 1998 2873 affirmavit
2042 2831 2177 2871 rem
2208 2813 2456 2887 durare,

928 2913 991 2969 et
1018 2908 1374 2968 conservari
1404 2926 1584 2985 posse
1609 2953 1624 2982 ,
1675 2906 1773 2965 vel
1822 2923 1944 2965 non
1975 2905 2304 2967 admonuit
2333 2923 2463 2964 em-

927 3006 1207 3080 ptorem,
1269 3000 1471 3061 sciens
1518 3018 1641 3059 non
1672 2999 2036 3058 duraturam
2070 3044 2085 3074 ,
2149 3016 2273 3058 non
2304 2997 2465 3075 perit

930 3093 1219 3172 emptori,
1254 3094 1295 3153 l.
1331 3092 1407 3155 Si
1434 3093 1571 3153 v.‘na
1594 3138 1609 3167 ,
1670 3093 1731 3152 sf.
1764 3089 1834 3150 de
1855 3091 2039 3171 perio.
2092 3099 2148 3150 et
2176 3089 2457 3150 commod.

927 3185 1018 3247 rei
1040 3184 1204 3247 vend.
1257 3186 1536 3265 Denique
1582 3185 1634 3246 si
1664 3188 1909 3264 emptor
1937 3188 2220 3264 tempore
2251 3183 2462 3244 debito

929 3298 1053 3340 non
1085 3280 1311 3358 accipit
1357 3298 1489 3339 rem
1536 3285 1809 3357 emptam
1835 3324 1849 3353 ,
1904 3277 2116 3338 vinum
2144 3323 2159 3353 ,
2212 3296 2272 3337 v.
2306 3296 2367 3354 g.
2403 3282 2466 3337 et

928 3373 1213 3434 venditor
1242 3373 1479 3452 indiget
1509 3390 1694 3447 vase,
1746 3377 1855 3432 aut
1881 3371 2017 3431 loco
2047 3371 2151 3430 illo
2184 3370 2263 3430 ad
2294 3369 2458 3429 aliud

927 3466 1142 3526 vinum
1171 3467 1624 3544 reponendum,
1659 3465 1847 3524 debet
1874 3467 2220 3542 emptorem
2253 3463 2464 3522 admo-

928 3578 1077 3621 nere
1107 3578 1319 3619 coram
1352 3559 1633 3634 testibuS,
1670 3562 1735 3619 ut
1764 3558 1978 3617 vinum
2009 3557 2271 3631 deferat,
2305 3556 2464 3616 alio-

929 3653 1077 3734 quin
1109 3672 1174 3713 se
1203 3653 1351 3713 illud
1387 3651 1810 3730 projecturum
1843 3670 1855 3709 ;
1892 3654 1950 3709 ct
1982 3653 2200 3728 postea
2230 3653 2466 3727 empto-

929 3766 995 3807 re
1023 3765 1267 3807 moram
1296 3745 1585 3820 faciente,
1617 3743 1847 3824 poterit
1874 3743 1969 3803 vel
1991 3742 2144 3802 illud
2165 3742 2461 3818 vendere,

928 3845 991 3901 et
1017 3839 1286 3919 pretium
1319 3838 1586 3916 emptori
1617 3837 1766 3896 dare
1787 3881 1802 3911 ,
1837 3836 1935 3895 vel
1963 3834 2316 3895 conducere
2347 3834 2466 3893 alia

928 3952 1079 3992 vasa
1109 3952 1219 4011 pro
1251 3951 1362 3993 suo
1395 3931 1539 3991 vino
1572 3928 1860 4009 expensis
1888 3928 2210 4006 emptoriS,
2244 3928 2368 3986 imo
2400 3926 2468 3986 li-

930 4031 1031 4088 cet
1059 4026 1271 4086 vinum
1302 4026 1365 4084 in
1395 4025 1560 4084 viam
1592 4022 1908 4102 publicam
1957 4019 2288 4100 projiciat,
2341 4038 2465 4080 non

929 4122 1149 4198 peccat
1176 4123 1394 4178 contra
1415 4116 1754 4195 justitiam3
1789 4115 1894 4173 1.1.
1921 4132 2085 4172 vers.
2111 4112 2295 4188 Licet,
2318 4113 2359 4172 1.
2396 4129 2463 4173 11.

929 4213 972 4273 l.
1006 4211 1075 4274 si
1098 4211 1227 4291 quis
1257 4211 1418 4282 vina,
1451 4211 1506 4287 ἓ.
1544 4209 1653 4268 ult.
1690 4209 1752 4268 ff.
1789 4206 1858 4266 de
1880 4205 2065 4285 pet-ie.
2101 4216 2156 4265 et
2185 4203 2464 4265 commod.

931 4304 1022 4366 rei
1054 4303 1220 4365 vend.
1253 4302 1540 4383 peccabit
1581 4306 1791 4361 tamen
1824 4302 2040 4359 contra
2071 4297 2465 4373 charitatem,

935 4397 983 4458 si
1014 4397 1317 4457 damnum
1360 4394 1511 4455 illud
1562 4391 1860 4470 emptoris
1890 4391 2086 4452 vitare
2134 4391 2337 4469 potuit
2365 4391 2468 4450 ab·

934 4510 1088 4571 sque
1117 4509 1229 4550 suo
1260 4488 1439 4568 gravi
1470 4485 1890 4546 incommodo.

1017 4583 1277 4659 Quando
1314 4600 1465 4642 vero
1507 4599 1606 4640 res
1647 4579 2129 4641 indeterminata
2157 4579 2467 4653 venditur,

935 4678 1282 4759 periculum
1329 4681 1528 4737 totum
1558 4673 1900 4734 venditoris
1945 4678 2075 4748 est,
2137 4677 2474 4751 antequam

936 4772 1204 4853 emptori
1233 4770 1522 4831 tradatur
1552 4789 1564 4828 ε
1600 4771 1669 4827 ut
1696 4766 1748 4826 si
1778 4766 2090 4826 vendatur
2117 4764 2353 4824 (lolium
2383 4763 2473 4822 vi-

935 4869 1020 4944 ni,
1058 4867 1154 4928 vel
1185 4881 1480 4924 mensura
1508 4859 1801 4921 frumenti
1832 4906 1846 4935 ‚
1894 4859 2134 4918 nullum
2183 4857 2479 4917 determi-

937 4965 1080 5023 nate
1111 4955 1522 5036 designandO.
1573 4954 1639 5015 Si
1687 4958 1895 5013 tamen
1938 4952 2189 5012 interim
2220 4950 2346 5010 vini
2376 4950 2475 5009 vel

936 5052 1232 5116 frumenti
1263 5051 1438 5110 valor
1466 5051 1710 5109 crescat
1736 5047 1832 5106 vel
1857 5047 2199 5119 minuatur,
2235 5043 2355 5104 hoc
2386 5048 2476 5103 to-

937 5154 1071 5209 tum
1100 5144 1503 5206 commodum
1532 5141 1626 5201 vel
1660 5140 2007 5218 periculum
2030 5136 2328 5215 emptoris
2359 5141 2470 5197 est.

940 5241 1006 5302 Si
1036 5258 1181 5300 vero
1212 5236 1550 5298 vendidisti
1581 5234 1801 5294 decem
1851 5250 2082 5310 pecora
2112 5230 2474 5291 indetermi-

941 5338 1085 5394 nate
1116 5352 1190 5392 ex
1218 5335 1324 5391 tuo
1355 5349 1547 5408 grege
1579 5328 1788 5388 danda
1808 5375 1823 5403 ‚
1857 5326 1955 5387 vel
1986 5325 2206 5384 decem
2236 5323 2480 5384 modios

943 5446 1019 5488 ex
1048 5431 1155 5486 tuo
1183 5425 1387 5486 tritico
1412 5470 1427 5499 ,
1460 5421 1871 5501 pereuntibus
1901 5419 2192 5480 omnibus
2224 5418 2343 5477 tuis
2373 5435 2481 5496 pe-

944 5519 1216 5594 coribus,
1241 5519 1344 5578 vel
1375 5520 1504 5578 toto
1535 5521 1641 5576 tuo
1675 5514 1899 5590 tritico,
1924 5511 2222 5590 obligatio
2254 5513 2477 5587 cessat,

2550 492 2662 552 sed
2708 492 2977 571 pretium
3024 496 3356 571 acceptum
3403 490 3660 550 reddere
3688 491 3860 552 debes
3907 514 3920 552 :
3962 505 4003 556 et

2548 585 2717 645 idem
2748 590 2860 663 est,
2896 586 2946 645 si
2978 586 3215 647 vendas
3242 589 3444 646 totum
3475 590 3648 645 tuum
3675 585 3869 645 vinum
3894 607 4005 665 qua-

2545 682 2689 738 tuor
2704 679 3017 757 argenteis
3031 698 3144 757 pro
3166 696 3543 757 unaquaque
3564 678 3865 756 amphora,
3884 683 4002 757 qued

2549 771 2777 832 dicitur
2798 772 3071 832 vendere
3102 772 3181 832 ad
3204 791 3533 832 mensuram
3557 818 3571 845 ,
3623 775 3688 830 ut
3727 778 3936 832 constat
3954 794 4003 832 ex

2546 865 2587 925 l.
2629 864 2796 939 Quod
2817 884 2969 945 soepe
2990 912 3005 941 ,
3063 868 3118 944 ἓ.
3153 865 3224 925 In
3254 865 3325 924 iis
3345 911 3361 939 ,
3395 869 3457 924 et
3485 882 3647 923 vers.
3702 862 3815 923 Sed
3835 865 3942 923 etsi
3957 884 4007 924 es:

2547 956 2794 1018 dolorve.
2851 960 2910 1018 ff.
2963 957 3032 1018 de
3076 957 3341 1018 contr-alt.
3376 966 3551 1037 empt.
3605 956 3846 1028 Quando
3889 959 4003 1016 enim

2547 1070 2648 1111 res
2676 1051 2967 1112 venditur
3012 1051 3093 1111 ad
3114 1071 3360 1132 corpus,
3413 1069 3537 1110 non
3572 1048 3874 1109 referendo
3911 1069 4008 1128 pre·

2548 1144 2702 1204 tium
2729 1144 2809 1204 ad
2839 1163 3197 1204 mensuram
3219 1191 3233 1220 ,
3268 1148 3366 1204 vel
3398 1142 3872 1204 numerationem
3895 1144 4006 1203 funi·

2547 1254 2706 1312 ram,
2741 1255 2841 1297 res
2869 1241 2997 1297 tota
3030 1237 3311 1298 absolute
3341 1236 3673 1296 venditur:
3703 1236 3918 1314 quando
3939 1255 4009 1294 ve-

2548 1347 2618 1389 ro
2648 1329 2917 1408 pretium
2947 1330 3215 1389 retertur
3234 1330 3314 1389 ad
3341 1346 3721 1403 mensuram,
3739 1328 3828 1386 vel
3849 1348 4009 1387 nume·

2549 1422 2856 1483 rationem
2889 1424 3159 1483 futuram
3181 1469 3196 1498 ,
3247 1442 3346 1482 res
3385 1427 3679 1482 censetur
3704 1420 3920 1480 vendita
3940 1440 4008 1480 so·

2549 1514 2681 1574 lum
2711 1514 2827 1575 sub
2858 1515 3212 1576 conditione
3238 1562 3252 1590 ,
3308 1516 3360 1575 si
3391 1519 3751 1573 numeretur
3775 1513 3860 1572 vel
3882 1532 3985 1571 men

2552 1612 2819 1683 suretur,
2854 1612 2924 1668 ut
2952 1608 3182 1668 ibidem
3215 1608 3402 1668 docet
3425 1609 3459 1668 J
3472 1606 3880 1667 ureconsultus
3907 1626 3917 1664 :
3942 1624 4008 1662 res

2552 1706 2762 1761 autem
2793 1702 2909 1761 sub
2956 1702 3311 1762 conditione
3340 1700 3638 1774 vendita,
3688 1699 3730 1757 si
3771 1698 4008 1776 pendente

2553 1794 2909 1854 conditione
2969 1800 3183 1872 pereat
3204 1841 3219 1871 ‚
3281 1794 3597 1853 venditori
3651 1793 3799 1870 perit
3827 1837 3840 1863 ‚
3903 1790 4003 1867 quia

2552 1886 2834 1946 nondum
2880 1893 2973 1949 cst
3017 1888 3292 1948 vendita.
3346 1888 3411 1947 Si
3457 1891 3672 1945 tamen
3720 1884 4007 1944 constitutus

2554 1978 2670 2039 fuit
2712 1979 3015 2040 terminus
3047 2026 3062 2056 ,
3129 1980 3194 2039 in
3251 1997 3376 2058 quo
3421 1997 3520 2038 res
3565 1975 3916 2037 numeranda
3945 1976 4008 2032 ret

2554 2072 2980 2133 mensuranda
3034 2078 3232 2149 esset,
3293 2078 3355 2132 et
3410 2075 3661 2149 emptor
3730 2068 4007 2128 admonitus

2556 2165 2617 2224 in
2648 2183 2826 2225 mora
2852 2166 2952 2240 sit,
2986 2166 3262 2245 periculo
3294 2166 3594 2242 deinceps
3624 2161 3892 2241 emptoris
3911 2161 4005 2223 erit

2557 2276 2750 2337 quare
2783 2264 3082 2335 pereunte
3126 2264 3257 2319 toto
3286 2276 3480 2335 grege
3506 2304 3522 2333 ,
3573 2256 3674 2316 vel
3700 2273 3925 2325 acerve,
3960 2271 4008 2309 ex

2558 2368 2681 2429 quo
2712 2370 2811 2410 res
2837 2351 3048 2410 danda
3077 2352 3383 2429 promissa
3415 2354 3530 2424 est,
3552 2352 3788 2427 emptor
3811 2347 4007 2425 pretium

2559 2443 2824 2518 amittet,
2861 2443 2900 2503 l.
2938 2444 3016 2503 Si
3039 2445 3167 2524 quis
3197 2443 3353 2518 vina,
3392 2444 3450 2522 ἓ.
3486 2442 3601 2503 ult.
3636 2444 3699 2502 ff.
3731 2438 4009 2520 depen'mt

2557 2535 2835 2597 commod.
2861 2537 2952 2597 rei
2977 2536 3142 2601 vend.
3167 2538 3207 2597 l.
3243 2554 3313 2598 11.
3347 2539 3413 2598 G.
3448 2556 3513 2596 eo
3542 2537 3635 2596 tit.

2639 2631 2902 2692 Obstare
2931 2632 3181 2691 videtur
3209 2631 3305 2690 his
3335 2630 3432 2690 lex
3456 2676 3471 2706 ,
3508 2629 3587 2690 Si
3611 2630 3671 2687 in
3696 2624 4006 2707 emptione}

2559 2723 2638 2784 Si
2660 2723 2893 2804 emptio,
2927 2726 2990 2785 ff.
3025 2723 3094 2784 de
3121 2723 3384 2784 contrait.
3410 2731 3589 2803 empt.
3620 2721 3726 2782 ubi
3754 2721 3956 2789 dicitur,
3977 2718 4010 2774 si

2560 2817 2761 2877 emisti
2796 2817 3102 2893 Stichum,
3136 2817 3232 2877 vcl
3266 2816 3666 2894 Pamphilum
3695 2829 3911 2874 servum
3931 2810 4008 2869 sub

2558 2909 2997 2989 disiunctione,
3026 2915 3324 2988 pereunte
3342 2908 3578 2983 Sticho,
3601 2905 3943 2985 Pamphilum
3961 2902 4011 2960 ti-

2560 3003 2622 3063 bi
2656 3003 2892 3079 deberi,
2927 3010 3188 3083 utroque
3220 3007 3433 3064 autem
3458 3005 3792 3080 percunte,
3837 2995 4010 3076 perieu-

2558 3097 2690 3156 lum
2739 3100 2915 3157 tuum
2959 3115 3117 3156 esse.
3181 3095 3445 3156 Videtur
3493 3099 3703 3155 autem
3746 3092 3888 3152 idem
3922 3104 4009 3147 esst

2559 3190 2808 3270 quando
2825 3191 2979 3250 emis
2995 3191 3211 3250 decem
3230 3207 3461 3267 pecora
3474 3207 3510 3247 a
3526 3191 3706 3248 Petro
3725 3206 3792 3246 ex
3810 3202 3902 3244 suo
3915 3199 4010 3260 gre-

2561 3303 2662 3362 ge,
2691 3284 2832 3361 quia
2853 3284 2973 3343 emi
2997 3283 3291 3343 ridentur
3313 3280 3673 3360 disjunctim
3696 3279 3818 3338 haec
3837 3278 4007 3336 decem.

2562 3377 2660 3438 vel
2706 3376 2811 3436 illa
2841 3376 3089 3446 dcccm;
3138 3393 3332 3452 quare
3375 3373 3778 3452 pereuntibus
3802 3369 4010 3430 omnibus

2562 3469 2803 3545 decem,
2829 3469 2963 3528 haec
2984 3468 3097 3529 tibi
3122 3467 3432 3527 debentur
3456 3486 3469 3526 ε
3491 3485 3642 3544 ergo
3673 3467 3723 3525 si
3750 3465 3866 3523 haec
3883 3461 4008 3519 etiam

2564 3563 2780 3623 ultimo
2813 3565 3074 3639 pereant
3099 3607 3114 3637 ,
3174 3559 3521 3638 periculum
3553 3564 3731 3620 tuum
3757 3557 3887 3628 erit,
3931 3570 4009 3610 non

2564 3654 2929 3715 venditoris
2984 3653 3367 3733 Responderi
3416 3657 3628 3712 tamen
3658 3653 3844 3731 potest
3865 3645 4012 3706 discri-

2562 3768 2708 3809 men
2740 3767 2872 3808 esse
2896 3795 2911 3824 ,
2965 3747 3134 3827 quod
3181 3746 3434 3826 quando
3470 3745 3818 3825 disjunctim
3855 3739 4013 3799 emitur

2564 3862 2781 3905 servus
2830 3843 2988 3902 alter
3029 3859 3102 3900 ex
3155 3839 3434 3914 duobuS,
3510 3839 3784 3898 absolute
3826 3833 4010 3893 emitur:

2566 3954 2759 4014 quare
2789 3935 3043 3995 ultimus
3071 3937 3385 4010 superstes
3424 3932 3707 3992 absolute
3737 3929 3853 4009 jam
3876 3931 3923 3985 ct
3942 3923 4014 3980 ἂν·

2565 4030 2896 4091 terminate
2925 4032 3173 4105 emptus
3215 4029 3329 4086 est.
3383 4026 3648 4096 Quando
3680 4042 3813 4082 vero
3855 4018 4014 4078 emitur

2565 4142 2667 4183 res
2714 4123 2790 4181 ad
2837 4137 3194 4181 mensuram
3241 4119 3337 4178 vel
3378 4117 3888 4186 numerationem,
3933 4127 4014 4167 noa

2568 4216 2795 4276 emitur
2823 4213 3140 4288 absolute,
3176 4212 3287 4272 sed
3317 4212 3433 4271 sub
3462 4210 3837 4281 conditione,
3876 4203 3914 4263 si
3938 4220 4013 4260 nu·

2567 4312 2843 4369 meretur
2871 4306 2968 4367 vel
3000 4309 3397 4365 mensuretur
3430 4324 3443 4364 :
3493 4323 3687 4383 quare
3715 4306 3842 4360 ante
3866 4311 4015 4356 nunne-

2568 4402 2876 4463 rationcm
2906 4399 3005 4459 vel
3048 4398 3585 4458 mensurationem
3639 4389 3906 4455 venditori
3939 4385 4015 4444 soli

2569 4495 2732 4575 perit
2759 4498 2821 4554 et
2849 4511 2970 4552 non
3004 4491 3269 4570 emptori
3297 4537 3310 4566 ,
3353 4494 3618 4568 propter
3643 4488 3909 4548 rationem
3930 4487 4015 4540 tra·

2570 4589 2788 4649 ditam.
2822 4585 2980 4662 Alia,
3015 4602 3154 4663 quse
3177 4584 3258 4642 ad
3279 4583 3391 4643 hos
3419 4583 3700 4642 diversos
3717 4578 4015 4639 modosren-

2572 4679 2760 4742 dendi
2790 4679 2869 4738 ad
2900 4695 3146 4757 corpuS,
3185 4677 3283 4736 vel
3312 4676 3394 4736 ad
3423 4692 3794 4746 mensuram,
3822 4667 4015 4749 pertine

2571 4794 2638 4834 re
2669 4776 2957 4852 poterant
2979 4817 2994 4846 ,
3043 4770 3242 4829 videri
3273 4773 3568 4847 poterunt
3613 4766 3770 4845 apud
3799 4761 4014 4825 molinam

2573 4868 2634 4927 d.
2671 4867 2830 4944 disp.
2866 4868 3003 4925 366.
3039 4867 3101 4923 et
3126 4866 3263 4924 367.
3299 4862 3403 4921 ubi
3435 4861 3512 4920 dc
3544 4862 3618 4920 iis
3648 4859 3869 4938 copiose
3892 4853 4013 4929 agit:

2573 4966 2637 5021 et
2662 4959 2799 5018 iioec
2828 4957 2904 5016 de
2927 4959 3248 5016 contractu
3271 4955 3625 5032 emptioniS,
3650 4958 3709 5013 ct
3731 4941 4014 5011 venditioni<

2575 5054 2742 5114 dic-ta
2772 5050 3104 5112 sufficiant.

4039 2560 4109 2929 Ξ
