4263 6376
851 211 990 292 238'
2010 232 2113 291 Da
2155 232 2508 293 Jusrrrm
2552 231 2652 293 m*
2695 234 2893 296 suaa

2478 427 2592 468 nus
2620 408 2956 488 adjutrices
2985 410 3066 470 ad
3095 410 3400 490 ejusmodi
3434 430 3615 491 opus,
3655 418 3719 474 et
3744 414 3986 495 denique

2475 501 2536 560 in
2567 502 2930 563 Tridentino
2974 523 3126 565 sess.
3163 521 3315 565 xxn.
3361 524 3503 584 cap.
3534 523 3677 567 vm.
3712 508 3791 566 de
3819 510 3987 569 refor-

2473 594 2784 670 matione,
2846 595 3008 656 inter
3048 597 3167 656 alia
3212 616 3404 674 opera
3448 599 3553 677 pia
3603 606 3989 661 numerantur

2473 692 2717 747 montes
2771 688 3038 765 pictatiS.
3114 690 3317 759 Quare
3374 692 3763 751 contrariam
3815 700 3989 753 tutam

2466 779 2601 856 jam
2632 797 2755 838 non
2788 798 2921 840 esse
2951 781 3180 841 fatetur
3219 799 3364 841 cum
3412 783 3549 842 aliis
3582 784 3893 844 Filliucius
3919 789 3984 845 tr.

2473 871 2745 931 XXXIV.
2779 875 2940 949 part.
2974 888 3042 930 11.
3077 891 3131 932 c.
3156 888 3242 933 lx.
3277 892 3381 934 nu.
3419 877 3554 935 168.
3592 875 3991 937 Additzamen

2471 964 2595 1023 Leo
2626 965 2816 1040 Papa,
2848 965 3046 1042 magis
3076 966 3391 1026 laudabile
3439 972 3504 1027 ct
3546 968 3829 1045 optabile
3854 969 3986 1044 sore,

2473 1056 2526 1115 si
2555 1054 2860 1133 ejusmodi
2892 1057 3210 1119 montibus
3259 1063 3547 1137 sumptus
3579 1079 3697 1137 pro
3729 1062 3992 1139 expensis

2473 1166 2509 1207 a
2538 1148 2869 1208 fundatore
2897 1195 2913 1224 ,
2960 1150 3059 1209 vcl
3101 1150 3352 1211 aliunde
3384 1152 3824 1229 assignentur,
3866 1173 3935 1212 ne
3958 1173 3993 1214 a

2471 1241 2848 1301 mutuatario
2880 1241 3117 1320 aliquid
3152 1243 3472 1321 exigatur,
3521 1248 3715 1323 prout
3745 1245 3822 1303 de
3847 1246 3991 1305 facto

2472 1333 2700 1394 alicubi
2730 1334 3114 1396 observatur.

2551 1426 2810 1487 Ratione
2838 1428 3025 1489 etiam
3057 1429 3357 1506 probatur
3375 1428 3619 1508 justitia
3648 1430 3815 1490 illius
3834 1449 3995 1492 mon-

2469 1519 2569 1595 tis,
2603 1519 2749 1599 quia
2781 1519 2950 1581 datio
2979 1519 3262 1599 pignoris
3291 1526 3354 1581 et
3379 1521 3661 1582 venditio
3693 1522 3857 1582 illius
3881 1523 3993 1582 ela-

2468 1630 2581 1690 pso
2636 1611 2900 1672 termino
2931 1631 3043 1690 pro
3070 1613 3271 1691 pretio
3294 1613 3466 1692 justo
3488 1660 3504 1689 ,
3539 1614 3713 1692 quod
3745 1616 3993 1675 inveniri

2467 1704 2714 1781 poterit,
2750 1723 2871 1765 non
2902 1708 2997 1766 est
3020 1706 3328 1781 usuraria,
3352 1711 3420 1767 ut
3439 1712 3691 1767 constat
3720 1726 3794 1766 ex
3822 1726 3994 1785 supra

1321 751 1747 834 SECTIO
1815 754 1893 838 X.

902 1054 1114 1117 Istrum
1142 1074 1302 1115 mons
1322 1055 1586 1137 pietatis,
1620 1064 1674 1115 et
1700 1054 1810 1115 alii
1832 1065 2050 1115 montes
2079 1074 2315 1115 usuram

1437 1163 1783 1224 contineant.

915 1428 1094 1488 Mons
1114 1426 1362 1506 pietatis
1393 1426 1539 1487 olim
1566 1426 1631 1486 in
1655 1445 1774 1486 usu
1800 1426 1936 1502 fuit,
1972 1431 2036 1487 et
2055 1429 2149 1487 est
2165 1427 2369 1487 maxi-

491 1574 608 1618 uon·
651 1574 786 1616 iet-us
837 1520 1021 1580 mein
1050 1520 1245 1596 ltalia,
1282 1520 1358 1579 de
1390 1537 1513 1598 quo
1541 1537 1775 1597 magna
1802 1520 2227 1581 controversia
2256 1520 2373 1582 fuit

541 1588 729 1684 qaia.
836 1632 914 1674 an
946 1614 1293 1676 contineret
1322 1631 1595 1673 usuram.
1655 1615 1763 1673 Est
1792 1616 1999 1673 autem
2027 1629 2209 1672 mons
2238 1612 2371 1691 pie-

591 1450 702 1508 {87

831 1708 976 1769 tatis
1006 1707 1269 1786 pecunia
1298 1706 1396 1785 pie
1418 1706 1728 1767 destinata
1756 1725 1794 1766 a
1823 1706 2245 1782 testatoribuS,
2268 1705 2368 1766 vel

831 1800 911 1860 ab
942 1800 1075 1860 aliis
1107 1800 1185 1859 ad
1218 1799 1384 1859 hunc
1412 1800 1626 1874 finem,
1663 1800 1822 1860 utin
1850 1804 2143 1877 promptu
2178 1799 2258 1860 sit
2284 1799 2365 1858 ad

826 1893 1242 1953 mutuandum
1297 1891 1754 1968 indigentibuS,
1807 1896 1869 1952 et
1909 1892 2364 1952 occurrendum

827 1985 1029 2045 usuris
1059 2003 1213 2063 quas
1246 1984 1543 2044 usurariis
1572 1984 1958 2061 cogebantur
1994 1985 2260 2045 solvere.
2295 1987 2363 2045 In

825 2095 951 2156 quo
978 2082 1190 2138 monte
1239 2081 1363 2137 tres
1394 2077 1786 2154 potissimum
1816 2077 1985 2154 leges
2016 2081 2179 2136 sunt.
2232 2076 2366 2135 Pri-

822 2188 961 2245 ma,
1015 2173 1082 2229 ut
1111 2173 1398 2230 mutuum
1441 2188 1638 2247 usque
1678 2168 1758 2228 ad
1790 2174 2024 2229 certam
2056 2169 2365 2247 quantita-

821 2266 950 2322 tem
981 2263 1186 2337 detur,
1215 2278 1337 2320 non
1368 2260 1665 2321 divitibus
1696 2262 1804 2320 sed
1833 2262 2234 2340 pauperibus,
2259 2264 2365 2323 Se-

822 2354 1049 2430 cunda,
1083 2358 1154 2413 ut
1181 2353 1542 2413 mutuatarii
1569 2353 1793 2430 pignus
1824 2353 1975 2412 dent
2002 2353 2363 2413 custodien-

820 2446 971 2505 dum
1001 2464 1033 2505 a
1066 2445 1347 2506 ministro
1370 2445 1599 2505 montis
1630 2451 1692 2506 et
1720 2446 2141 2521 vendendum,
2174 2447 2225 2506 si
2256 2446 2361 2505 de-

815 2540 945 2601 bito
979 2543 1263 2618 tempore
1292 2543 1582 2598 mutuum
1614 2557 1738 2599 non
1769 2539 2150 2614 restituetur,
2187 2543 2256 2599 ut
2283 2557 2359 2598 ex

814 2633 1015 2713 prelio
1045 2635 1453 2710 recuperetur
1478 2630 1783 2707 debitum,
1809 2636 1871 2691 et
1899 2630 2219 2691 residuum
2251 2632 2358 2692 do-

813 2727 982 2786 mino
1013 2725 1215 2785 detur.
1250 2724 1482 2800 Tertia,
1505 2724 1650 2802 quia
1667 2742 1780 2803 pro
1804 2724 2084 2784 custodia
2116 2728 2179 2784 et
2209 2741 2359 2784 con-

2466 1797 2669 1857 dictis,
2716 1797 2895 1869 Quod
2924 1801 3137 1858 autem
3171 1798 3459 1876 exigatur
3495 1798 3739 1877 aliquid
3768 1819 3882 1878 pro
3906 1818 3993 1859 ex·

2465 1888 2673 1968 pensis
2704 1890 3052 1950 necessario
3074 1890 3375 1950 faciendis
3396 1891 3457 1949 in
3478 1891 3751 1968 gratiam
3768 1897 3994 1952 mutua-

2466 1982 2789 2058 tariorum,
2809 1981 3046 2043 licitum
3065 1988 3159 2043 est
3181 1988 3252 2045 ut
3280 2002 3470 2062 supra
3491 1984 3789 2060 vidimus,
3816 2003 3994 2063 quan·

2465 2074 2545 2135 do
2575 2078 2774 2135 totum
2802 2075 2866 2135 id
2897 2093 3019 2135 non
3052 2076 3378 2136 ordinatur
3406 2076 3485 2135 ad
3507 2076 3750 2155 aliquid
3774 2096 3849 2136 ex
3870 2096 3996 2136 mu-

2462 2171 2568 2227 tuo
2600 2166 2972 2227 lucrandum
2993 2214 3008 2243 ,
3042 2168 3152 2227 sed
3182 2168 3265 2228 ad
3311 2168 3715 2228 reddendum
3760 2169 3993 2229 indem-

2463 2278 2606 2319 ncm
2633 2263 3057 2337 mutuantem,
3092 2262 3201 2338 qui
3229 2279 3534 2338 expensas
3567 2261 3705 2322 illas
3734 2262 3906 2322 subit
3938 2267 3997 2324 ut

2460 2356 2747 2413 mutuare
2779 2353 2973 2431 possit
3007 2373 3020 2413 :
3056 2372 3249 2431 quare
3280 2354 3699 2414 mutuatarius
3728 2373 3838 2414 eas
3866 2359 3992 2415 tan·

2462 2464 2650 2523 quam
2681 2446 2776 2504 sui
2806 2463 2995 2505 causa
3022 2446 3219 2505 factas
3248 2451 3311 2507 et
3337 2446 3664 2506 faciendas
3693 2454 3866 2509 ratas
3894 2448 3998 2507 ha-

2459 2537 2602 2612 bet,
2655 2538 2806 2597 dum
2835 2543 3120 2598 mutuum
3159 2556 3301 2598 cum
3331 2539 3433 2599 illo
3466 2558 3660 2599 onere
3692 2546 3991 2619 acceptat,

2457 2630 2535 2689 de
2560 2649 2683 2708 quo
2713 2629 2948 2690 dictum
2979 2635 3073 2691 est
3099 2649 3289 2708 supra
3316 2635 3566 2692 secun.
3594 2633 3706 2691 ubi
3735 2634 3996 2694 vidimus

2456 2722 2610 2782 nihil
2640 2723 2873 2782 referre
2903 2721 3070 2800 quod
3100 2741 3388 2801 expensae
3408 2724 3531 2784 illae
3560 2725 3745 2785 factae
3769 2727 3993 2786 suerint

812 2818 1163 2879 servatione
1194 2818 1529 2895 pignorum
1554 2862 1569 2891 ,
1612 2817 1884 2875 maxime
1932 2816 1985 2875 si
2031 2816 2356 2893 diligentia
2454 2834 2529 2875 ex
2559 2814 2901 2875 intentione
2948 2816 3275 2897 mutuandi
3304 2834 3595 2895 personae
3626 2824 3821 2879 certae
3845 2865 3862 2891 ,
3909 2817 3995 2878 vel

811 2911 1162 2971 necessaria
1192 2915 1284 2970 est
1310 2908 1390 2968 ad
1413 2927 1488 2968 ea
1515 2908 1981 2984 conservanda,
2016 2912 2077 2968 et
2107 2927 2220 2987 pro
2248 2927 2350 2969 ra·
2453 2906 2728 2982 incertae,
2762 2924 2904 2966 cum
2933 2910 3143 2967 tamen
3180 2909 3395 2986 petitio
3429 2910 3638 2970 mutui
3666 2911 3753 2970 ab
3783 2911 3997 2991 aliqui·

813 3003 1082 3065 tionibus
1111 3000 1456 3061 scribendis
1485 3005 1547 3060 et
1573 3000 1934 3076 reddendis,
1971 3018 2081 3078 pro
2113 3001 2353 3060 condu-
2450 2999 2566 3060 hus
2588 2999 2875 3059 facienda
2903 3001 3038 3078 jam
3066 2999 3253 3061 fuerit
3279 3002 3546 3080 praevisa
3567 3048 3582 3077 ,
3636 3008 3835 3081 atque
3862 3004 3993 3063 ideo

810 3095 1013 3156 ctione
1037 3094 1282 3169 domus,
1309 3111 1422 3170 pro
1454 3092 1768 3152 alimentis
1799 3097 1860 3153 et
1887 3092 2213 3170 stipendiis
2234 3093 2352 3151 mi·
2450 3097 2740 3152 mutuum
2810 3109 2999 3153 causa
3068 3092 3186 3153 fuit
3238 3092 3486 3153 illarum
3544 3114 3989 3173 expensarum.

809 3187 1180 3262 nistrorum‚
1228 3191 1290 3248 et
1320 3186 1455 3246 aliis
1484 3185 1793 3264 ejusmodi
1823 3205 2109 3264 expensae
2151 3186 2350 3248 conti·
2446 3185 2588 3246 Alia
2604 3184 2878 3246 rationes
2899 3188 2960 3246 et
2976 3186 3481 3248 confirmationes
3498 3188 3707 3249 videri
3740 3195 3995 3269 possunt

808 3298 947 3342 nuae
978 3281 1156 3356 fiunt,
1178 3297 1317 3359 quae
1347 3278 1399 3338 si
1421 3298 1494 3338 ex
1526 3280 1659 3357 ipsa
1687 3279 1918 3338 montis
1947 3280 2214 3357 pecunia
2243 3279 2347 3340 de·
2448 3279 2615 3357 apud
2654 3278 2829 3340 Salas
2858 3279 2993 3340 loco
3024 3279 3234 3339 citata.
3268 3280 3459 3340 Nobis
3489 3282 3785 3342 sufficere
3816 3283 3995 3343 debet

807 3374 1187 3434 ducerentur
1206 3419 1220 3447 ,
1266 3380 1447 3431 mons
1476 3371 1913 3432 exhauriretur
1940 3371 2113 3430 brevi
2151 3391 2166 3443 ;
2227 3371 2350 3430 exi·
2447 3371 2783 3432 auctoritas
2814 3372 3129 3432 Pontificis
3157 3372 3406 3447 summi,
3441 3379 3506 3434 et
3532 3376 3805 3436 Conciiii
3835 3376 3991 3436 hunc

804 3467 972 3545 gitur
1000 3485 1036 3525 a
1066 3463 1323 3542 singulis
1349 3463 1746 3524 mutuatariis
1788 3464 2022 3541 aliquid
2052 3464 2346 3542 exiguum
2444 3469 2722 3525 montem
2771 3482 2912 3525 cum
2971 3464 3197 3525 talibus
3243 3464 3718 3527 conditionibus
3766 3485 3994 3546 appro-

804 3560 968 3620 ultra
1012 3563 1264 3633 sortem,
1317 3575 1376 3618 v.
1428 3575 1489 3634 g.
1539 3575 1757 3631 unum,
1793 3557 1890 3616 vel
1925 3556 2049 3616 duo
2082 3557 2145 3615 in
2176 3575 2343 3617 anno
2445 3556 2671 3618 bantiS.

800 3670 914 3731 pro
944 3655 1196 3712 centum
1221 3650 1300 3709 de
1330 3649 1447 3708 hac
1475 3649 1695 3709 ultima
1722 3649 1861 3727 Iege
1892 3648 2008 3709 fuit
2036 3653 2167 3710 tota
2189 3667 2344 3709 con-
2522 3648 2881 3710 Adversarii
2917 3653 3225 3710 conantur
3252 3649 3625 3727 praedictam
3657 3653 3989 3714 auctorita·
4102 3657 4143 3712 {a

799 3744 1131 3818 troversia,
1185 3760 1262 3801 an
1306 3740 1652 3801 contineret
1697 3759 1952 3801 usuram
1978 3786 1994 3817 ,
2055 3759 2200 3801 cum
2227 3760 2339 3821 pro
2439 3747 2569 3804 tem
2598 3742 2787 3802 variis
2822 3742 3026 3803 modis
3057 3742 3332 3803 eludere.
4058 3782 4143 3832 (ὦ,

801 3842 1018 3898 mutuo
1050 3834 1284 3914 aliquid
1315 3834 1689 3911 exigeretur.
2520 3836 2728 3897 Primo
2758 3835 3009 3911 dicunt,
3062 3853 3186 3896 non
3214 3836 3423 3895 omnia
3451 3841 3595 3897 acta
3620 3836 3759 3916 ejus
3786 3840 3991 3900 conci·
4074 3839 4143 3876 ‘⁵²³³

558 3956 673 4017 {38
882 3930 1250 3991 Usurarium
1291 3927 1411 3986 hoc
1454 3944 1589 3986 esse
1633 3926 1926 3987 dixerunt
1953 3924 2148 4004 Cajet.
2182 3929 2336 3988 tom,
4047 3890 4143 3929 aaa

475 4084 610 4128 Prima
628 4096 732 4126 sen-

483 4139 611 4182 tentia
644 4138 726 4179 do-

481 4204 594 4242 cens,
631 4203 724 4234 esse

479 4245 724 4297 usurarium,

468 4351 670 4397 sententia
687 4352 728 4395 id

2436 3928 2503 3989 lii
2532 3947 2667 3988 esse
2688 3928 2753 3988 in
2781 3947 2897 3988 usu
2924 3933 3197 4005 recepta.
3233 3930 3364 3989 Hoc
3391 3933 3601 3989 tamen
3628 3950 3750 3991 non
3784 3939 3889 3994 est
3913 3932 3988 3991 ad
4059 3953 4143 3997 ,aa

801 4023 877 4083 ΙΙ.
912 4020 1211 4099 opusculo
1242 4037 1327 4079 v1.
1393 4019 1581 4080 Sotus
1611 4020 1712 4079 vl.
1767 4017 2117 4097 dejustz‘eia,
2152 4037 2256 4097 qu.
2292 4036 2334 4079 1.
2437 4039 2593 4097 rem,
2616 4040 2759 4081 cum
2788 4021 2896 4080 illa
2924 4039 3047 4081 non
3076 4020 3156 4081 sit
3182 4021 3305 4096 lex,
3328 4022 3440 4081 sed
3471 4021 3825 4084 declaratio
3848 4026 3989 4086 doc-

2438 4114 2676 4175 trinalis
2705 4114 3024 4192 pertinens
3070 4113 3153 4173 ad
3198 4132 3407 4174 mores
3435 4115 3627 4175 totius
3657 4117 3983 4193 Ecclesiae,

2439 4225 2577 4285 quae
2608 4207 2861 4286 quidem
2914 4206 2993 4266 ad
3031 4205 3130 4266 sui
3157 4206 3433 4266 valorem
3480 4211 3543 4267 et
3575 4208 3988 4270 infallibilita-

2434 4302 2563 4360 tem
2591 4317 2716 4358 non
2747 4298 2980 4376 pendet
3005 4298 3087 4358 ab
3118 4299 3568 4376 acceptatione,
3600 4300 3713 4360 sed
3743 4302 3989 4382 obligat

2437 4409 2655 4452 omnes
2675 4391 2892 4451 fideles
2912 4394 2975 4451 et
3000 4390 3168 4469 ipsos
3198 4391 3386 4451 etiam
3416 4410 3697 4453 summos
3728 4396 3986 4456 Pontifi-

2435 4502 2538 4545 ces
2579 4502 2994 4558 successoreS,
3034 4484 3385 4560 praesertim
3413 4503 3555 4545 cum
3604 4485 3743 4547 haec
3772 4488 3987 4549 decla·

2431 4577 2592 4638 ratio
2621 4577 2833 4637 statim
2872 4576 3059 4638 fuerit
3099 4595 3216 4636 usu
3260 4581 3516 4654 recepta
3561 4577 3626 4636 in
3676 4582 3982 4642 exercitio

2432 4669 2650 4729 talium
2675 4668 3005 4729 montium.

2513 4762 2802 4822 Secundo
2831 4760 3167 4839 respondet
3186 4762 3373 4822 Sotus
3401 4780 3477 4822 ex
3504 4760 3839 4841 Cajetauo,
3873 4784 3983 4843 ap-

2431 4852 2765 4930 probatum
2799 4852 3001 4912 solum
3048 4852 3236 4912 fuisse
3265 4863 3546 4914 montem
3568 4899 3585 4929 ,
3636 4856 3753 4932 qui
3784 4858 3981 4917 conti·

2432 4950 2609 5006 neret
2636 4945 2909 5023 capitula
2956 4962 3079 5004 non
3127 4946 3473 5023 pugnantia
3516 4945 3640 5024 juri
3677 4950 3976 5024 naturali,

2430 5038 2530 5097 vel
2556 5037 2895 5113 canonico,
2930 5037 3112 5116 quale
3160 5056 3285 5098 non
3334 5041 3428 5098 est
3472 5038 3624 5099 illud
3680 5041 3980 5120 exigendi

2431 5129 2667 5209 aliquid
2693 5130 2859 5190 ultra
2889 5135 3142 5205 sortem,
3184 5131 3356 5208 quod
3395 5130 3527 5210 juri
3573 5135 3855 5194 naturali
3882 5155 3981 5195 re-

2429 5226 2688 5301 pugnat.
2744 5222 2944 5295 Quam
2986 5222 3358 5283 solutionem
3388 5224 3727 5285 confirmat
3763 5228 3972 5300 SotuS,

2425 5315 2572 5394 quia
2606 5313 2799 5394 Cajet.
2836 5314 2944 5393 qui
2972 5313 3059 5373 illi
3089 5314 3352 5374 concilio
3383 5314 3707 5393 interfuit,
3743 5323 3807 5380 et
3835 5319 3973 5399 ejus

2420 5412 2697 5469 mentem
2724 5407 2920 5481 novit,
2959 5406 3078 5468 hac
3105 5406 3620 5486 interpretatione
3669 5429 3825 5472 usus
3853 5419 3968 5487 est,

801 4119 917 4176 art.
967 4130 1054 4176 vl.
1114 4118 1176 4173 et
1216 4113 1513 4174 Silvester
1540 4111 1715 4172 verb.
1749 4129 1928 4169 usura
1951 4157 1966 4186 ,
2000 4112 2076 4172 V.
2113 4115 2334 4189 quaest.

798 4225 885 4270 lv.
930 4207 1052 4269 Alii
1080 4205 1319 4267 licitum
1348 4205 1732 4279 asserebant,
1766 4203 2053 4277 Medina,
2106 4205 2340 4263 Navar-

795 4320 925 4378 rus‚
977 4299 1298 4375 SaloniuS‚
1350 4299 1631 4374 BanneS,
1677 4296 1999 4372 Valentia,
2058 4295 2332 4373 ToletuS,

794 4397 998 4474 Lopez
1027 4397 1090 4454 et
1118 4392 1256 4468 alii,
1309 4409 1465 4469 quos
1496 4391 1803 4464 afferunt,
1856 4395 1920 4448 et
1962 4393 2331 4467 sequuntur,

792 4487 1023 4549 Molina
1052 4486 1211 4562 disp.
1235 4487 1373 4544 325.
1402 4483 1578 4544 Salas
1605 4482 1676 4542 de
1701 4482 1914 4558 usur-223,
1933 4482 2082 4542 dub.
2108 4499 2330 4543 xxxm.

789 4582 961 4641 Less‚
996 4579 1145 4638 dub.
1180 4593 1358 4637 xxm.
1395 4581 1456 4637 et
1486 4575 1590 4634 alii
1621 4593 1859 4650 omnes,
1895 4574 2124 4653 quibus
2156 4593 2334 4635 acce-

792 4673 885 4735 dit
930 4669 1267 4732 auctoritas
1313 4687 1703 4729 summorum
1751 4669 2120 4728 Pontificum
2167 4668 2334 4728 hunc

787 4770 1068 4827 montem
1100 4762 1621 4841 approbantium,
1678 4761 1853 4820 Pauli
1901 4762 1975 4820 11.
2030 4760 2178 4821 Sisti
2224 4762 2327 4821 lv,

787 4856 1130 4921 Innocentii
1162 4857 1319 4917 VIII.
1356 4854 1656 4915 Alexand.
1680 4855 1783 4914 VI.
1813 4855 1845 4914 J
1855 4853 1960 4912 ulii
1991 4854 2065 4913 11.
2101 4856 2164 4913 et
2183 4871 2334 4930 prae-

787 4953 971 5032 cipue
997 4951 1223 5012 Leonis
1269 4951 1345 5009 X.
1398 4947 1503 5027 qui
1533 4947 1593 5005 in
1629 4946 1897 5006 concilio
1928 4946 2332 5006 Lateranensi

784 5065 937 5107 sess,
971 5061 1032 5105 x.
1058 5060 1234 5104 sacro
1263 5040 1653 5119 approbante
1684 5038 1970 5113 concilio,
1995 5037 2206 5098 relatis
2222 5057 2336 5098 va·-

781 5139 890 5200 riis
918 5135 1261 5211 sententiiS,
1313 5138 1375 5194 et
1402 5152 1469 5193 re
1501 5136 1745 5192 mature
1774 5130 2150 5206 examinata,
2196 5149 2331 5190 rem

781 5232 953 5292 illam
981 5229 1216 5290 licitam
1264 5231 1326 5288 et
1355 5227 1523 5305 piam
1572 5243 1709 5284 esse
1758 5222 2068 5298 definivit,
2120 5227 2183 5284 et
2228 5242 2328 5283 ex-

783 5321 1272 5386 communicavit
1292 5338 1399 5380 eos
1429 5318 1537 5400 qui
1567 5315 1950 5377 contrarium
1971 5315 2321 5378 docuerint:

784 5421 847 5477 et
876 5414 1184 5477 concessit
1227 5411 1647 5492 indulgentias
1689 5408 2157 5489 porrigentibus
2186 5426 2323 5469 ma-
