4263 6376
506 4783 623 4843 140

443 4907 509 4951 An
526 4908 659 4963 quoad

445 4974 659 5006 excessum

421 5015 475 5057 sit
499 5016 703 5062 liberalis.

801 239 880 299 32

802 412 1078 494 quinque
1108 408 1279 490 quod
1308 411 1521 468 tamen
1557 402 1968 487 improbabile
1998 400 2150 460 dicit
2188 400 2339 460 San·

800 506 954 566 chez
984 521 1127 565 cum
1156 501 1295 562 aliis
1325 518 1497 559 num.
1520 502 1579 559 8.
1614 496 1733 557 Alii
1756 496 1991 569 dicunt,
2025 511 2208 571 posse
2240 510 2339 550 ex·

800 598 1027 660 cedere
1055 597 1119 657 in
1151 597 1374 674 quarta
1403 596 1581 670 parte
1606 637 1620 665 ,
1673 593 1744 649 ιιι
1781 588 1830 647 si
1863 585 2159 665 accepisti
2187 584 2338 644 duo-

800 690 1006 752 decim
1036 693 1099 748 et
1119 686 1347 746 reddas
1365 682 1723 744 buindecim
1750 680 1850 740 vel
1881 678 2219 752 sexdecim,
2253 676 2342 736 ita

799 787 1113 846 Navarrus
1140 778 1210 839 de
1235 776 1405 838 redit.
1441 779 1662 856 quaest.
1698 791 1740 834 1.
1777 792 1837 833 n.
1870 776 1967 833 91.
2003 770 2147 831 etin
2170 774 2338 847 Apo-

799 876 968 956 logia
998 876 1060 935 in
1091 875 1139 934 1.
1175 871 1446 933 editione
1479 888 1583 946 qu.
1620 883 1662 927 1.
1697 864 1900 925 monii.
1934 867 2033 926 82.
2070 881 2242 922 num.
2274 864 2334 921 6.

798 970 1086 1031 Barboas
1118 966 1179 1025 in
1209 966 1331 1042 leg.
1375 961 1515 1036 Qnoe
1541 958 1694 1019 datis
1717 1004 1732 1034 ,
1784 973 1995 1017 xxxiv.
2030 972 2202 1014 num.
2235 956 2334 1027 60,

797 1063 861 1123 ff.
892 1060 1086 1125 soluto
1113 1053 1486 1117 matrimonio
1505 1097 1520 1112 .
1569 1052 1988 1127 Hieronymus
2019 1094 2034 1125 ,
2085 1045 2336 1109 Cenedo

798 1155 868 1216 de
890 1158 1239 1235 paupertate
1280 1146 1556 1225 reliqz'osa
1606 1143 1754 1203 dub.
1808 1158 1963 1202 xv11.
2009 1157 2182 1200 num.
2235 1140 2330 1199 13.

796 1267 955 1329 quos
985 1243 1267 1324 sequitur
1293 1240 1495 1300 Diana
1522 1236 1626 1297 ubi
1675 1254 1866 1314 supra
1892 1252 2086 1313 agens
2115 1231 2193 1291 de
2225 1231 2335 1290 do-

798 1339 1180 1410 nationibuS,
1209 1351 1365 1413 quas
1394 1328 1668 1408 religiosi
1697 1330 1957 1405 possunt
1983 1325 2174 1386 etiam
2197 1327 2339 1402 post

796 1435 1124 1494 decretum
1152 1424 1488 1489 Clementis
1517 1422 1676 1483 VIII.
1724 1424 1786 1480 et
1815 1417 2139 1497 probabile
2163 1414 2334 1496 judi-

795 1531 900 1589 cat
926 1521 1158 1587 Sanch.
1195 1537 1367 1579 num.
1400 1520 1460 1578 9.
1488 1514 1595 1596 qui
1622 1518 1833 1574 tamen
1860 1530 2032 1571 num.
2060 1512 2156 1570 10.
2191 1526 2335 1569 con-

795 1618 1027 1692 cludit,
1076 1619 1278 1675 totum
1329 1610 1449 1670 hoc
1493 1604 1819 1686 prudentis
1866 1602 2125 1663 arbitrio
2153 1600 2336 1661 relin-

796 1710 1154 1792 quendum,
1202 1707 1438 1765 attenta
1475 1701 1664 1762 etiam
1695 1697 1985 1758 donantis
2008 1694 2330 1775 qualitate,

792 1803 1138 1877 nobilitate,
1192 1797 1444 1871 divitiis,
1498 1798 1615 1855 etc.
1649 1790 1952 1870 majorem
1984 1788 2215 1868 quippe
2243 1805 2357 1875 re·-

789 1887 960 1959 ferre'
983 1895 1185 1955 solent
1213 1889 1477 1970 gratiam
1502 1886 1747 1959 diviteS,
1781 1887 1844 1943 et
1871 1881 2108 1943 nobiles
2139 1898 2329 1959 quam

788 2005 1099 2071 pauperes
1126 1988 1193 2046 et
1222 1980 1471 2061 plebeii.
1901 1996 1904 1999 ¹

871 2085 1045 2142 Hanc
1074 2077 1360 2139 ultimam
1385 2071 1668 2151 regulam
1698 2086 1913 2128 veram
1961 2084 2095 2126 esse
2124 2068 2274 2144 puto
2310 2083 2323 2125 :

789 2194 937 2238 nam
984 2172 1155 2251 prior
1204 2169 1311 2228 illa
1358 2167 1436 2225 de
1484 2182 1739 2223 excessu
1784 2160 1991 2240 quoad
2039 2163 2328 2237 quartam

785 2272 1034 2348 partem
1084 2280 1209 2323 non
1241 2261 1444 2338 potest
1490 2257 1553 2315 in
1582 2255 1943 2316 universum
1971 2269 2122 2311 vera
2151 2270 2319 2323 esse;

787 2361 937 2440 quia
986 2354 1392 2418 donationem
1433 2367 1567 2409 esse
1613 2344 2177 2406 remuneratoriam
2197 2388 2212 2419 ,
2262 2347 2325 2403 et

786 2472 914 2515 non
942 2446 1311 2527 simpliciter
1338 2440 1698 2521 gratuitam,
1733 2437 1931 2499 oritur
1959 2441 2028 2496 ut
2056 2435 2326 2496 diximus

784 2565 860 2608 ex
890 2564 963 2606 eo
995 2540 1165 2621 quod
1194 2535 1513 2617 praecedat
1552 2531 1836 2600 debitum
1876 2529 2097 2589 saltem
2138 2527 2323 2606 grati-

783 2636 1015 2701 tudinis
1068 2655 1081 2695 :
1134 2627 1451 2710 gratitudo
1499 2629 1709 2685 autem
1739 2641 1863 2683 non
1893 2620 2086 2699 exigit
2114 2639 2325 2699 aequa-

779 2732 904 2792 lem
934 2723 1504 2789 remunerationem
1529 2714 1936 2778 abomnibuS.
1972 2715 2127 2774 Cum
2156 2712 2322 2772 enim

779 2804 1390 2884 in'remuneratione
1433 2807 1816 2871 attendenda
1845 2807 1924 2867 sit
1952 2805 2229 2866 conditio
2261 2808 2322 2865 et

781 2914 1051 2996 qualitas
1078 2904 1560 2978 remunerantiS,
1583 2905 1647 2962 et
1678 2900 1812 2960 haec
1842 2899 1922 2959 sit
1949 2899 2318 2977 plerumque

781 3009 1051 3081 diversa,
1086 3008 1148 3064 et
1178 2997 1537 3078 inaequalis,
1586 3011 1710 3054 non
1755 2995 1962 3071 potest
2001 2992 2317 3070 gratitudo

778 3100 1086 3181 aequalem
1115 3108 1438 3155 excessum
1467 3084 1893 3148 retributionis
1920 3083 1999 3143 ab
2028 3084 2318 3144 omnibus

776 3196 1051 3273 exigere.
1089 3191 1294 3262 Quare
1322 3183 1482 3244 sicut
1511 3180 1686 3240 dives
1726 3181 1788 3239 et
1837 3177 2094 3254 nobilis,
2146 3177 2252 3257 qui
2279 3196 2318 3237 a

774 3303 1053 3368 paupere
1075 3330 1090 3359 ,
1125 3286 1188 3342 et
1217 3278 1430 3338 infimo
1463 3271 1796 3334 duodecim
1826 3270 2088 3349 accepit,
2126 3269 2315 3331 debet

774 3399 850 3441 ex
878 3373 1259 3458 gratitudine
1289 3369 1427 3448 plus
1455 3364 1718 3426 reddere
1740 3369 1997 3442 propter
2023 3381 2314 3423 remune-

770 3473 967 3534 rantis
997 3466 1363 3549 qualitatem
1387 3507 1402 3538 ,
1453 3460 1540 3520 ita
1568 3458 1620 3519 si
1651 3476 1684 3517 e
1721 3460 1937 3517 contra
1982 3474 2223 3534 pauper
2251 3461 2311 3517 et

769 3567 1023 3632 infimus
1052 3580 1088 3622 a
1127 3558 1319 3620 divite
1351 3553 1545 3614 nobili
1574 3554 1828 3612 centum
1856 3548 2131 3628 accepit,
2187 3568 2309 3609 non

770 3659 964 3738 exigit
993 3650 1312 3736 gratitudo
1342 3644 1511 3726 quod
1549 3644 1729 3723 plura
1753 3689 1768 3719 ,
1819 3642 1944 3701 imo
1995 3660 2110 3702 nec
2141 3643 2310 3721 quod

765 3749 1160 3816 tantumdem
1188 3742 1432 3816 reddat,
1462 3737 1574 3799 sed
1606 3735 1784 3815 juxta
1811 3735 2133 3813 propriam
2160 3753 2309 3796 con-

767 3846 1091 3907 ditionem.
1127 3836 1307 3901 Unde
1335 3833 1387 3894 si
1419 3829 1748 3908 religiosus
1777 3845 2017 3906 pauper
2048 3845 2082 3886 a
2110 3844 2309 3887 saecu-

768 3938 889 3999 lari
917 3934 1109 3996 divite
1159 3935 1222 3991 et
1266 3924 1459 3988 nobili
1487 3922 1656 3984 mille
1685 3938 1907 3981 aureos
1937 3920 2101 3981 dono
2134 3938 2306 3980 acce-

763 4031 875 4111 pit,
910 4044 1037 4088 non
1065 4039 1314 4102 semper
1341 4016 1597 4078 debebit
1625 4034 1699 4075 ex
1728 4012 2113 4093 gratitudine
2139 4059 2154 4088 ,
2190 4031 2305 4074 nec

765 4122 1021 4204 quidem
1049 4114 1280 4197 poterit
1308 4110 1485 4173 titulo
1516 4105 2036 4168 remunerationis
2065 4104 2302 4165 donum

762 4215 931 4276 mille
962 4224 1295 4272 aureorum
1321 4201 1585 4264 reddere
1620 4219 1633 4260 ε
1666 4199 1874 4258 minor
1901 4198 2066 4257 enim
2095 4216 2301 4258 remu-

762 4305 1003 4368 neratio
1034 4303 1114 4364 ab
1143 4319 1215 4361 eo
1248 4295 1536 4375 exigitur.
1570 4291 1757 4353 Aliud
1786 4296 1951 4351 esset
1977 4290 2029 4350 si
2051 4290 2299 4368 religio-

761 4418 866 4461 sus
894 4398 975 4459 ab
1005 4396 1126 4456 alio
1159 4388 1416 4472 aequalis
1460 4383 1837 4446 conditionis
1867 4382 2156 4460 religioso
2187 4383 2299 4443 do-

763 4511 916 4554 num
945 4487 1188 4567 accepit
1220 4504 1234 4545 :
1285 4489 1435 4545 tunc
1466 4479 1633 4541 enim
1662 4479 1873 4557 posset
1900 4475 2140 4554 aequale
2163 4523 2178 4553 ,
2238 4479 2301 4537 et

758 4585 964 4665 majus
993 4580 1256 4642 reddere
1283 4596 1296 4637 :
1329 4591 1577 4651 semper
1608 4588 1757 4649 ergo
1785 4568 2059 4629 conditio
2092 4569 2296 4629 dantis

757 4684 820 4742 et
848 4672 1208 4755 accipientis
1235 4663 1706 4730 considerandae
1736 4665 1901 4723 sunt.

836 4773 1017 4833 Dices
1037 4815 1052 4845 ,
1102 4767 1154 4826 si
1184 4760 1441 4841 aequalis
1470 4758 1549 4818 ab
1580 4756 1804 4835 aequali
1834 4753 2166 4815 duodecim
2197 4771 2295 4813 ac-
2342 4799 2347 4808 ,

757 4864 943 4944 cepit,
980 4866 1043 4923 et
1070 4857 1299 4920 reddat
1324 4851 1680 4934 quindecim
1728 4847 1983 4909 donatio
2013 4846 2292 4919 secunda

758 4957 965 5040 quoad
996 4954 1118 5017 tria
1150 4947 1425 5011 liberalis
1454 4944 1605 5021 erit,
1659 4942 1804 5022 quia
1834 4940 2040 5021 quoad
2071 4958 2287 4999 exces-

756 5069 895 5115 sum
924 5050 1100 5110 illum
1128 5061 1253 5105 non
1281 5037 1567 5121 procedit
1582 5055 1655 5097 ex
1669 5035 1902 5111 debito,
1924 5033 2035 5093 sed
2048 5032 2291 5093 exlibe-

753 5145 1000 5208 ralitate
1031 5155 1227 5209 nova3
1256 5135 1383 5194 imo
1415 5131 1580 5191 enim
1612 5129 1817 5189 adhoc
1846 5126 2027 5206 plura
2053 5124 2284 5202 reddit,

752 5241 822 5300 ut
866 5233 1240 5297 liberalitate
1289 5244 1403 5287 sua
1445 5224 1655 5284 vincat
1699 5220 2138 5282 liberalitatem
2182 5217 2290 5278 do-

751 5330 979 5406 nantis,
1014 5324 1183 5406 quod
1215 5326 1309 5383 est
1338 5316 1662 5398 proprium
1690 5314 1995 5375 motivum
2025 5311 2288 5391 gratitu-

1918 269 1927 281 .
1981 225 2084 285 DE
2124 222 2482 286 JUSTlTlA
2524 222 2624 283 ΕΤ
2666 225 2866 286 JURE

2439 397 2744 479 theologi3
2773 421 2921 482 ergo
2951 403 3206 466 donatio
3227 405 3436 484 quoad
3456 405 3635 467 illum
3665 426 3982 470 excessum

2440 494 2789 570 reputanda
2818 500 2912 556 est
2938 495 3231 572 liberaliS,
3265 502 3455 577 atque
3477 500 3734 562 omnino
3754 504 3990 580 gratui-

2440 588 2504 644 ta
2539 605 2551 645 :
2603 585 2744 646 ideo
2776 589 2942 646 enim
2973 589 3243 649 diximus
3284 610 3475 669 supra
3497 637 3513 668 ,
3577 592 3982 657 donationem

2439 682 3003 773 remuneratoriam
3051 701 3176 742 non
3226 700 3360 743 esse
3391 686 3649 763 proprie
3680 692 3745 747 et
3771 689 3982 751 stricte

2442 770 2878 845 donationem;
2928 774 3078 853 quia
3128 793 3253 835 non
3302 778 3597 838 convenit
3643 779 3699 838 ei
3733 782 3981 860 proprie

2441 863 2716 925 delinitio
2748 865 3102 927 donationis
3122 868 3353 928 tradita
3372 868 3436 933 in
3455 869 3579 949 leg.
3606 888 3650 932 1.
3687 874 3750 933 ff.
3785 872 3859 934 de
3884 874 3985 935 do-

2438 956 2786 1034 nationibus,
2822 978 3047 1037 nempe
3076 979 3252 1040 quam
3275 970 3524 1041 propter
3549 963 3775 1026 nullam
3804 967 3981 1029 aliam

2440 1067 2672 1109 causam
2699 1051 2828 1131 quis
2855 1061 3101 1128 exercet,
3153 1072 3330 1133 quam
3359 1063 3421 1114 ut
3463 1054 3878 1119 liberalitatem
3929 1070 3984 1122 et

2440 1141 2894 1224 munificentiam
2905 1155 3203 1206 exerceat:
3225 1165 3374 1225 ergo
3392 1148 3646 1211 donatio
3667 1152 3771 1211 illa
3791 1171 3980 1231 quam

2441 1241 2688 1297 exercet
2732 1236 2811 1296 ad
2851 1237 3019 1298 hunc
3045 1240 3235 1298 finem
3266 1243 3335 1300 ut
3360 1239 3636 1302 liberalis
3667 1249 3729 1305 et
3758 1246 3981 1307 libera-

2435 1327 2554 1388 lior
2581 1328 2679 1405 sit,
2705 1333 2768 1389 et
2785 1348 2895 1389 sua
2916 1330 3288 1392 liberalitate
3311 1333 3522 1395 vincat
3536 1334 3980 1400 liberalitatem

2437 1420 2662 1498 prioris
2691 1422 3032 1499 donatoriS,
3058 1423 3178 1484 erit
3202 1425 3456 1503 proprie
3473 1425 3729 1490 donatio
3761 1435 3827 1492 et
3856 1450 3979 1494 non

2436 1513 2953 1576 remuneratoria.

2518 1607 2886 1685 Respondeo
2909 1653 2925 1683 ,
2972 1626 3300 1669 excessum
3336 1610 3527 1672 etiam
3556 1614 3734 1675 illum
3760 1664 3777 1693 ‚
3834 1619 3979 1683 licet

2435 1702 2705 1777 ponatur
2735 1704 2804 1760 ιιι
2829 1700 3171 1762 liberalitas
3202 1703 3376 1781 prior
3407 1723 3569 1766 nova
3597 1707 3976 1774 liberalitate

2434 1791 2741 1868 vincatur,
2775 1796 2962 1871 atque
2991 1793 3132 1855 ideo
3164 1796 3606 1874 alioquomodo
3638 1819 3713 1861 ex
3744 1803 3977 1865 libera-

2435 1888 2560 1945 tate
2590 1885 2836 1963 prodat,
2870 1886 3079 1946 adhuc
3107 1906 3231 1948 non
3251 1891 3707 1968 comprehendi
3733 1895 3845 1956 illa
3875 1898 3967 1958 de·

2433 1977 2748 2050 finitione;
2800 1978 3054 2057 ponitur
3107 1980 3275 2040 enim
3319 1981 3399 2042 ob
3442 1983 3629 2044 aliam
3686 2006 3972 2063 causam,

2431 2087 2621 2148 quam
2650 2074 2720 2131 ut
2743 2069 3084 2132 liberalitas
3114 2080 3499 2150 exerceatur,
3522 2096 3750 2158 nempe
3780 2088 3856 2143 ut
3881 2102 3975 2143 sa-

2429 2161 2698 2223 tisfaciat
2724 2161 2932 2223 debito
2960 2164 3391 2241 gratitudinis:
3423 2167 3473 2226 si
3506 2170 3672 2230 enim
3702 2176 3974 2251 gratitu-

2428 2256 2509 2315 do
2540 2254 2777 2332 obligat
2816 2255 2896 2314 ad
2939 2256 3078 2333 plus
3121 2257 3512 2321 reddendum
3558 2281 3750 2341 quam
3797 2286 3972 2330 acoe-

2429 2348 2614 2426 peris,
2665 2353 2977 2425 repugnat
3002 2350 3138 2409 fieri
3167 2369 3243 2409 ex
3271 2352 3402 2413 solo
3432 2354 3666 2417 motivo
3696 2357 3973 2422 liberali·

2425 2440 2593 2515 tatis,
2628 2440 2877 2518 quando
2908 2440 3248 2503 liberalitas
3275 2444 3411 2522 ipsa
3440 2446 3656 2526 aliquo
3679 2451 3806 2512 alio
3826 2454 3969 2515 titu-

2423 2533 2482 2592 lo
2514 2531 2809 2606 debetur,
2841 2532 3079 2594 scilicet
3106 2535 3527 2612 gratitudinis.
3589 2541 3967 2607 Liberalitas

2427 2624 2593 2683 enim
2638 2642 2797 2702 pura
2835 2624 3150 2703 significat
3175 2627 3619 2692 liberalitatem
3647 2636 3965 2699 omnimo-

2423 2716 2591 2791 dam,
2624 2721 2694 2776 ut
2720 2734 2795 2775 ex
2829 2716 2962 2795 ipso
2994 2719 3301 2781 vocabulo
3333 2727 3579 2784 constat
3634 2745 3647 2786 z
3708 2727 3759 2787 si
3811 2749 3964 2809 ergo

2423 2809 2704 2869 debitum
2747 2810 3048 2887 praecedit
3074 2829 3149 2870 ex
3177 2813 3559 2889 gratitudine
3583 2863 3599 2892 ,
3646 2837 3773 2879 non
3805 2841 3966 2900 prae-

2420 2901 2585 2962 cedit
2598 2902 2851 2961 libertas
2868 2903 3099 2962 omnim
3109 2904 3369 2980 oda,sed
3386 2907 3659 2986 ligamen
3673 2913 3960 2994 aliquod,

2419 3013 2562 3054 cum
2593 2996 2775 3053 omne
2805 2993 3085 3055 debitum
3136 2998 3356 3060 afferat
3391 3018 3605 3061 secum
3634 3003 3964 3069 vinculum

2418 3086 2671 3165 aliquod
2702 3090 2764 3146 et
2788 3087 3060 3163 ligamen
3080 3108 3095 3160 ;
3118 3088 3344 3150 dicitur
3372 3095 3581 3153 tamen
3613 3096 3961 3161 liberalitas

2415 3179 2622 3240 minus
2650 3180 2938 3259 proprie,
3001 3184 3308 3260 quatenus
3353 3185 3629 3249 excludit
3669 3190 3960 3255 debitum

2408 3271 2688 3351 justitiae,
2706 3272 2930 3333 dicitur
2946 3273 3133 3333 etiam
3149 3273 3273 3352 maj
3282 3293 3353 3335 or
3371 3277 3735 3359 liberalitas,
3762 3303 3956 3364 quam

2411 3365 2530 3426 fuit
2554 3363 2617 3423 in
2649 3364 2850 3442 prima
2878 3364 3235 3442 donatione,
3269 3386 3390 3428 non
3424 3371 3679 3449 quidem
3707 3393 3785 3435 ex
3816 3396 3960 3455 par-

2412 3463 2473 3519 te
2503 3457 2750 3532 motivi,
2801 3475 2876 3516 ex
2918 3457 3037 3518 hoc
3072 3459 3243 3543 enim
3271 3462 3473 3540 capite
3501 3467 3706 3544 magis
3737 3468 3861 3531 fuit
3888 3472 3957 3532 li-

2410 3549 2672 3621 beralis;
2726 3549 2830 3627 qui
2860 3550 3034 3627 prior
3081 3551 3254 3613 dedit
3302 3554 3521 3615 decem
3551 3557 3794 3639 absque
3823 3564 3954 3626 ullo

2412 3641 2622 3702 debito
2639 3641 3051 3719 praecedente,
3079 3662 3266 3722 quam
3290 3646 3393 3724 qui
3415 3648 3623 3710 reddit
3643 3653 3954 3717 tredecim

2410 3753 2484 3794 ex
2513 3732 2894 3812 gratitudine
2918 3780 2934 3809 ,
2967 3735 3077 3794 sed
3108 3735 3336 3799 dicitur
3362 3739 3569 3817 maior
3596 3749 3947 3827 extensive,

2406 3845 2516 3886 seu
2546 3844 2621 3885 ex
2648 3829 2824 3905 parte
2853 3825 2943 3885 rei
2975 3826 3244 3905 donatae,
3279 3832 3424 3909 quia
3452 3833 3634 3911 plura
3663 3837 3903 3903 dantur
3932 3862 3947 3904 ε

2406 3937 2478 3979 eo
2509 3923 2720 3979 tamen
2769 3918 2902 3997 ipso
2951 3921 3119 3998 quod
3162 3921 3395 3983 dantur
3433 3926 3514 3985 ad
3567 3929 3951 3995 solvendum

2405 4011 2658 4091 aliquod
2688 4012 2968 4072 debitum
2996 4014 3412 4091 gratitudiniS,
3439 4023 3535 4080 est
3559 4022 3768 4085 minor
3794 4026 3953 4089 libe-

2401 4104 2614 4165 ralitas
2638 4149 2654 4179 ,
2710 4122 2854 4163 cum
2882 4104 2945 4164 id
2976 4106 3143 4183 quod
3174 4107 3393 4186 datur,
3429 4130 3555 4172 non
3584 4118 3715 4175 tam
3744 4117 3951 4181 done-

2400 4201 2523 4272 tur,
2560 4214 2747 4280 quam
2770 4198 3046 4258 solvatur
3066 4198 3121 4258 ei
3152 4200 3249 4260 cui
3263 4201 3397 4280 jam
3413 4204 3820 4285 aliquomodo
3840 4213 3948 4274 de-

2400 4289 2685 4350 bebatur.

2483 4382 2637 4442 Hinc
2665 4386 2875 4442 autem
2904 4382 3105 4444 obiter
3123 4384 3343 4464 infero,
3363 4406 3548 4467 posse
3579 4392 3768 4454 etiam
3797 4415 3941 4458 esse

2400 4473 2803 4535 donationem
2833 4478 3392 4540 remuneratoriam
3419 4528 3433 4557 ,
3482 4486 3733 4561 quando
3777 4490 3953 4550 nibil.
4002 4544 4095 4596 Quid
4141 4544 4211 4584 ,Μ

4124 4557 4151 4585 ss

4082 4421 4164 4480 141

2400 4567 2511 4627 das
2542 4568 2597 4626 ei
2627 4586 2664 4626 a
2690 4585 2813 4645 quo
2843 4567 3218 4629 beneficium
3248 4574 3547 4651 accepisti
3573 4622 3588 4652 ,
3639 4579 3747 4638 sed
3796 4581 3942 4662 ejus
3990 4577 4221 4652 anubem

2394 4660 2621 4720 intuitu
2651 4659 2763 4720 das
2792 4659 2927 4720 aliis
2958 4660 3060 4739 qui
3089 4661 3169 4721 ad
3200 4663 3375 4725 illum
3404 4668 3736 4747 pertinent,
3771 4691 3833 4734 v.
3868 4694 3935 4755 g.

2394 4753 2446 4813 si
2473 4772 2511 4835 a
2540 4754 2721 4813 Petro
2751 4753 2920 4813 mille
2955 4754 3271 4833 accepisti,
3306 4761 3368 4817 et
3395 4776 3468 4819 eo
3497 4760 3790 4826 defuncto
3820 4767 3940 4829 des

2394 4850 2646 4906 centum
2671 4845 2839 4906 Petri
2866 4845 3045 4922 filiis,
3079 4846 3332 4910 donatio
3365 4849 3500 4912 haec
3530 4853 3720 4918 debet
3745 4861 3937 4921 meri-

2392 4943 2454 4999 to
2487 4941 2554 4998 ut
2580 4939 3083 4999 remuneratoria
3112 4941 3401 5002 sustineri
3436 4963 3450 5004 ε
3486 4944 3643 5018 Quia
3673 4948 3818 5013 licet
3849 4954 3935 5015 ab

2391 5030 2466 5091 iis
2494 5030 2647 5090 nihil
2677 5031 3022 5109 acceperis;
3056 5051 3181 5093 non
3210 5038 3420 5096 tamen
3449 5036 3562 5100 das
3591 5059 3666 5100 ex
3693 5044 3826 5104 solo
3860 5045 3933 5106 li-

2389 5124 2733 5186 beralitatis
2760 5125 3016 5201 motiv0,
3051 5126 3161 5186 sed
3191 5145 3266 5186 ex
3292 5130 3710 5208 gratitudine3
3772 5135 3934 5199 fuis-

2390 5235 2488 5278 ses
2520 5218 2686 5278 enim
2715 5218 2933 5295 procul
2960 5218 3149 5279 dubio
3179 5219 3460 5299 ingratus
3490 5226 3674 5288 Petro
3700 5274 3715 5304 ,
3767 5229 3820 5290 si
3853 5231 3931 5291 fi-

2389 5309 2485 5369 liis
2513 5307 2782 5369 maxime
2813 5311 3169 5387 petentibus
3197 5313 3295 5379 vel
3320 5314 3748 5394 indigentibus
3777 5339 3927 5383 cen·

750 5422 943 5498 dinis,
973 5425 1043 5481 ut
1068 5434 1212 5479 cum
1244 5415 1306 5476 S.
1341 5411 1584 5472 Thoma
1613 5409 1842 5470 docent
1869 5404 2286 5482 communiter
2384 5406 2518 5466 tum
2548 5420 2864 5481 negasses,
2924 5404 3290 5467 Benefactor
3330 5408 3498 5469 enim
3522 5412 3796 5489 acquirit
3822 5414 3925 5494 jus
