4263 6376
1189 305 1656 366 DISPUTATIO
1700 305 1971 379 XXVIII,
2022 304 2295 365 SECTIO
2341 306 2444 364 1v.

237 484 421 561 digna
448 487 567 558 est,
604 482 951 562 praesertim
980 481 1030 540 si
1052 479 1427 543 interveniat
1454 480 1643 542 etiam
1672 498 1768 540 as·

237 575 538 636 secui-atio
590 574 871 653 pecuniae
902 573 1299 633 deferendae:
1334 591 1482 651 ergo
1540 576 1604 634 et
1645 576 1769 632 tra-

236 668 411 748 jectio
468 667 759 728 virtualis
839 684 983 725 cum
1042 666 1507 726 assecuratione
1577 664 1767 742 digna

238 760 417 820 etiam
446 760 570 820 erit
596 760 817 839 pretio,
851 757 1139 837 quamvis
1200 776 1322 818 non
1378 763 1574 834 tanto,
1608 757 1769 818 sicut

238 851 312 914 ad
342 852 478 912 loca
507 855 689 911 extra
721 853 1027 927 Regnum,
1064 855 1323 929 propter
1351 850 1622 930 majores
1653 850 1768 909 dif-

236 945 558 1018 ficultates,
584 943 883 1022 pericula,
909 947 972 1003 et
990 962 1183 1004 onera
1197 943 1607 1021 gabellarum,
1625 960 1766 1021 quae

237 1041 377 1097 tunc
406 1035 617 1096 solent
648 1035 1047 1097 intervenire.
1081 1037 1157 1095 Et
1185 1035 1304 1096 hoc
1331 1036 1538 1096 forsan
1569 1035 1767 1095 voluit

240 1130 435 1203 Sotue,
465 1128 575 1207 qui
607 1127 727 1188 hoc
759 1128 1154 1188 corollarium
1184 1146 1443 1206 negasse
1481 1128 1766 1206 aliquan-

241 1222 315 1281 do
343 1221 594 1281 videt-ur
621 1238 704 1282 w.
765 1220 835 1281 de
863 1221 1018 1301 just.
1069 1241 1175 1300 qu.
1209 1237 1269 1282 x.
1331 1224 1445 1282 art.
1485 1237 1526 1281 1.
1562 1225 1624 1281 et
1652 1238 1756 1299 qu.

238 1330 366 1374 1111.
410 1317 527 1373 art.
566 1316 626 1374 1.
660 1332 849 1392 quem
879 1314 983 1373 alii
1012 1312 1184 1391 sequi
1243 1313 1554 1389 videntur,
1606 1330 1763 1391 quos

241 1408 408 1466 affert
447 1406 623 1465 idem
656 1406 833 1467 Salas
864 1426 926 1467 n.
954 1402 1150 1486 l.⁸qui
1181 1423 1324 1466 cum
1372 1405 1624 1466 Rebello
1655 1405 1763 1465 ad-

238 1498 431 1569 vertit,
455 1499 680 1560 Sotum
710 1498 876 1559 dicta
906 1517 1011 1578 qu.
1044 1515 1180 1559 xm.
1218 1503 1334 1559 art.
1358 1502 1413 1558 1.
1448 1498 1508 1557 in
1541 1516 1763 1558 secun-

240 1591 314 1651 da
333 1590 603 1650 editione
621 1610 800 1651 snam
830 1592 1206 1653 sententiam
1226 1592 1426 1669 magis
1458 1591 1761 1669 explicas-

240 1701 319 1743 se.
355 1682 509 1759 Dixi,
543 1681 830 1763 loquendo
859 1682 1086 1763 dejure
1108 1692 1357 1759 naturoe,
1393 1682 1539 1762 quia
1570 1682 1763 1742 alicu-

241 1775 294 1834 bi
323 1774 396 1834 ad
425 1775 752 1837 vitandum
785 1775 1131 1854 periculum
1153 1794 1359 1837 usnrae
1380 1775 1494 1836 boc
1514 1776 1759 1835 lucrum

242 1868 454 1929 cambii
478 1868 702 1928 localis
750 1868 916 1929 intra
941 1868 1110 1928 idem
1137 1887 1405 1947 regnum
1435 1867 1760 1947 prohiberi

241 1961 403 2035 solet,
436 1966 625 2039 prout
653 1961 715 2020 in
738 1980 932 2040 regno
963 1962 1246 2024 Cast-ellae
1259 1960 1644 2041 prohibitum
1669 1980 1761 2021 es-

243 2071 302 2112 se
347 2051 468 2131 leg.
502 2055 667 2115 VIII.
702 2054 794 2114 tit.
828 2070 1008 2115 xv111.
1073 2054 1182 2115 lib.
1214 2072 1273 2115 v.
1323 2072 1501 2114 novae
1544 2053 1763 2114 collec-

243 2145 431 2222 tioniS,
461 2147 1041 2223 testanturMolina,
1069 2152 1131 2208 et
1152 2148 1326 2210 Salas
1346 2147 1497 2208 locis
1527 2146 1754 2219 citatis;

245 2238 339 2317 qui
365 2242 571 2298 tamen
603 2256 750 2298 cum
774 2239 910 2299 aliis
939 2244 1179 2316 notant,
1212 2240 1296 2301 ibi
1320 2259 1444 2300 non
1476 2258 1760 2318 compre-

244 2330 421 2389 hendi
446 2331 694 2391 lucrum
738 2351 811 2391 ex
867 2331 1136 2408 cambio,
1173 2333 1422 2412 quando
1471 2351 1762 2412 campsor

245 2423 400 2501 prior
421 2423 672 2501 accipit,
706 2425 853 2503 quia
881 2425 967 2485 ibi
998 2426 1236 2486 nullum
1286 2429 1381 2486 est
1409 2426 1758 2504 periculum

247 2535 452 2577 usurae.
486 2518 668 2592 Item,
702 2536 907 2597 neque
935 2518 998 2577 id
1032 2517 1201 2597 quod
1251 2523 1470 2579 contra
1526 2518 1760 2579 dictam

244 2608 429 2686 legem
454 2608 609 2669 lucri
645 2615 973 2688 acceptum
991 2611 1228 2686 fuisset,
1254 2612 1492 2672 restitui
1526 2612 1757 2671 dobere

247 2700 300 2759 in
318 2700 443 2761 foro
473 2702 875 2762 conscientiae
901 2721 916 2775 3
951 2702 1099 2781 quia
1126 2702 1225 2761 lex
1252 2703 1357 2762 illa
1388 2722 1511 2763 non
1560 2703 1762 2764 irritat

249 2797 642 2869 contractum,
672 2793 772 2853 vel
792 2795 1287 2872 acceptationem
1315 2795 1492 2870 lucri,
1526 2796 1635 2856 sed
1667 2801 1761 2856 est

247 2886 509 2963 poenaliS,
537 2887 825 2965 obligans
856 2887 935 2947 ad
965 2888 1420 2949 restitutionem
1448 2889 1605 2948 lucri
1646 2908 1760 2968 per

247 2979 483 3038 modum
501 2998 709 3058 poenae
735 2999 964 3059 :quare
994 2984 1138 3041 ante
1165 2981 1758 3042 condemnationem

250 3089 357 3130 non
385 3072 568 3133 debet
595 3073 859 3134 restitui.

318 3164 511 3225 lnfero
567 3165 780 3241 tertie,
841 3165 1079 3228 licitum
1151 3185 1285 3228 esse
1349 3166 1467 3228 hoc
1517 3168 1760 3229 lucrum

251 3257 717 3335 cambiilocaIiS,
743 3260 930 3320 etiam
963 3261 1213 3338 quando
1248 3262 1299 3322 is
1342 3262 1447 3340 qui
1471 3261 1756 3334 lucravit,

250 3349 547 3428 indigebat
572 3370 726 3411 vere
757 3354 1023 3430 pecunia
1051 3354 1113 3413 in
1145 3372 1218 3414 eo
1248 3355 1408 3431 loc0,
1442 3355 1505 3414 in
1536 3373 1657 3434 quo
1703 3355 1760 3414 ei

251 3441 527 3504 solvenda
541 3448 660 3520 est,
695 3449 756 3505 et
784 3446 860 3505 ad
893 3445 1061 3507 hunc
1090 3446 1281 3507 finem
1309 3447 1562 3509 volebat
1588 3466 1761 3527 qua}-

250 3551 391 3609 rere,
420 3536 513 3595 vel
536 3536 675 3615 jam
707 3538 1031 3616 quaerebat
1053 3557 1472 3619 campsorem,
1509 3541 1610 3618 qui
1647 3559 1757 3618 pro

249 3625 400 3687 lucro
429 3647 565 3688 eam
617 3629 700 3689 ibi
731 3630 1000 3692 solveret
1026 3652 1041 3704 ;
1091 3632 1323 3710 poterit
1357 3633 1522 3692 enim
1552 3633 1759 3694 adhuc

247 3718 467 3780 lucrum
496 3722 774 3801 exigere,
796 3723 1047 3785 invento
1092 3725 1214 3785 alio
1239 3726 1346 3805 qui
1374 3727 1641 3803 pecunia
1668 3727 1757 3786 in-

249 3813 437 3891 digeat
462 3833 494 3875 e
523 3821 743 3877 contra
772 3816 830 3875 in
882 3817 1001 3878 hoc
1027 3818 1189 3895 loce,
1222 3824 1293 3881 ιιι
1319 3819 1594 3881 fatentur
1630 3821 1758 3881 Μο-

247 3903 358 3965 lina
390 3906 550 3969 dicta
611 3909 770 3987 disp.
827 3913 967 3971 405.
1030 3930 1135 3972 nu.
1178 3915 1236 3972 2.
1287 3913 1535 3973 Lessius
1590 3912 1756 3972 dicto

251 3996 379 4060 dub.
420 4016 501 4061 lv.
537 4002 748 4077 Sotus,
782 4002 1089 4079 Valentia,
1124 4004 1319 4082 Vega,
1355 4007 1418 4066 et
1471 4003 1574 4065 alii
1626 4004 1757 4082 plu-

250 4107 353 4165 res,
388 4110 535 4170 quos
578 4095 762 4155 affert
799 4099 862 4156 et
915 4095 1198 4175 sequitur
1252 4097 1429 4158 Salas
1481 4096 1630 4157 dub.
1664 4113 1749 4157 xl.

252 4183 517 4251 Quamvis
545 4187 931 4247 contrarium
961 4188 1244 4250 docuerit
1270 4189 1522 4249 Medina
1546 4208 1653 4268 qu.
1688 4209 1748 4250 v.

250 4271 309 4332 de
324 4276 566 4354 cambiis,
606 4283 667 4339 et
698 4279 989 4340 Rebellus
1018 4281 1126 4343 lib.
1162 4297 1249 4342 xx.
1286 4286 1504 4360 quaest.
1538 4286 1597 4343 7.
1632 4282 1756 4342 sal-

251 4369 360 4425 tem
387 4371 632 4448 quando
668 4371 807 4451 quis
854 4373 1160 4450 praevenit
1187 4378 1250 4435 et
1278 4378 1478 4453 rogat,
1513 4393 1754 4454 praeve-

251 4458 405 4521 niens
431 4464 597 4523 enim
628 4469 690 4526 et
718 4483 945 4543 rogans
975 4484 1099 4527 non
1141 4466 1389 4528 videtur
1435 4485 1617 4545 posse
1661 4468 1753 4528 lu-

254 4553 414 4629 erari,
447 4574 590 4616 cum
621 4557 682 4616 in
738 4558 874 4636 ejus
927 4559 1196 4637 gratiam
1249 4559 1566 4619 cambium
1613 4560 1742 4622 fiat.

253 4643 359 4704 Sed
377 4665 585 4709 revera
612 4653 956 4730 praeventio
986 4670 1109 4712 non
1140 4651 1362 4714 adimit
1382 4652 1487 4731 jus
1503 4653 1750 4713 lucran-

253 4735 332 4797 di:
355 4758 487 4801 uam
512 4761 872 4823 campsores
903 4744 1136 4822 publici
1152 4745 1544 4823 praeveniunt
1560 4746 1750 4806 etiam

253 4833 305 4889 et
343 4831 595 4896 invitant
625 4856 840 4898 omnes
867 4837 948 4898 ad
980 4838 1317 4913 cambium,
1352 4842 1413 4898 et
1440 4842 1753 4900 mercato-

3287 306 3404 366 409

1868 498 2000 559 geS,
2063 498 2204 560 quae
2233 480 2519 560 trajectio
2565 480 2912 542 secundum
2962 499 3028 541 se
3074 484 3170 541 est
3211 480 3405 559 digna

1866 577 1996 634 toto
2054 573 2160 633 illo
2199 575 2421 651 preti0.
2472 574 2790 650 Similiter,
2823 574 2876 633 si
2904 592 3021 652 ego
3051 573 3401 635 conductu-

1865 685 1974 726 rus
1999 684 2178 726 eram
2209 684 2441 745 equum
2498 671 2567 728 ιιι
2612 668 2769 727 irem
2823 665 3172 745 Neapolim,
3226 670 3288 727 et
3332 671 3401 728 tu

1867 757 2103 818 habeas
2146 777 2376 838 equum
2414 760 2579 820 ‘illuc
2632 759 3108 834 remittendum,
3142 777 3398 838 possum

1867 868 1967 911 me
1992 852 2216 910 offerre
2246 852 2328 911 ad
2358 851 2788 912 reducendum
2819 869 3051 931 equum
3102 851 3304 926 illum,
3339 854 3401 911 et

1866 947 2081 1022 petere
2110 962 2147 1002 a
2193 947 2255 1004 te
2311 945 2584 1022 pretium
2630 962 2744 1023 pro
2803 943 3191 1018 reductione,
3229 942 3397 1022 quod

1864 1035 2108 1097 lucrum
2140 1054 2296 1097 meae
2344 1036 2609 1098 fortunas
2649 1037 2963 1108 tribuitur,
3026 1054 3165 1115 quae
3221 1053 3398 1096 occa-

1862 1128 2100 1189 sionem
2130 1130 2306 1191 dedit
2333 1130 2621 1190 lucrandi
2643 1133 2706 1191 et
2732 1128 3050 1190 vendendi
3078 1128 3393 1190 reductio-

1863 1240 2007 1282 nem
2037 1223 2205 1301 equi,
2242 1241 2432 1301 quam
2454 1240 2569 1301 ego
2601 1221 2876 1301 alioquin
2896 1224 3220 1300 empturus
3248 1220 3394 1281 fuis-

1863 1333 2017 1375 sem.
2053 1314 2233 1377 Unde
2264 1334 2299 1373 a
2328 1315 2593 1391 fortiori,
2626 1314 2679 1375 si
2711 1318 2973 1393 uterque
3002 1312 3258 1374 alterius
3295 1313 3391 1372 in-

1863 1406 2205 1485 digentiam
2237 1408 2832 1487 moverit,poterunt
2858 1405 2979 1466 sibi
3006 1405 3284 1466 invicem
3303 1405 3394 1466 lu·

1863 1518 2040 1560 crum
2096 1499 2438 1575 remittere,
2489 1504 2552 1561 et
2596 1516 3005 1578 compensare
3061 1497 3393 1576 pecuniam

1859 1590 2289 1672 pro‘pecunia,
2325 1610 2468 1652 cum
2506 1591 2792 1672 trajectio
2824 1591 2933 1651 illa
2959 1595 3181 1651 mutua
3233 1590 3393 1651 utri-

1863 1703 1984 1763 que
2041 1702 2219 1763 aeque
2253 1684 2417 1746 utilis
2446 1686 2524 1746 sit
2565 1688 2627 1746 et
2656 1684 2716 1744 in
2767 1684 3095 1762 utriusque
3123 1683 3392 1762 gratiam

1861 1778 1989 1838 fiat.

1942 1870 2145 1930 Infero
2177 1875 2426 1949 quarto,
2464 1869 2986 1949 quidssdicendum
3016 1868 3097 1929 sit
3122 1886 3196 1928 eo
3218 1886 3388 1944 casu,
3537 1876 3617 1936 58

1862 1964 1940 2023 de
1971 1980 2093 2042 quo
2124 1964 2257 2040 agit
2285 1963 2462 2024 Salas
2505 1962 2655 2023 duh.
2689 1979 2862 2024 xxxl.
2893 1965 2985 2024 Tu
3014 1960 3258 2040 indiges
3278 1979 3389 2039 pe·
3494 1998 3615 2053 Qum·
3649 2000 3686 2043 ,ι

1861 2056 2046 2116 cunia
2065 2055 2325 2133 Neapoli
2365 2073 2555 2135 quarn
2584 2057 2799 2115 Romae
2831 2056 3017 2115 offers
3046 2053 3383 2132 campsori,
3467 2066 3556 2149 αἳ
3580 2066 3716 2150 amu·

1861 2154 1931 2210 ut
1977 2167 2115 2208 eam
2168 2147 2281 2209 tibi
2327 2148 2586 2227 Neapoli
2634 2148 2858 2224 solvat,
2919 2148 3126 2209 oblato
3170 2147 3386 2218 lucr03
3456 2160 3719 2224 nonunquam.

1861 2259 2154 2320 campsor
2179 2258 2327 2301 vero
2350 2239 2522 2316 dicit,
2558 2258 2682 2300 non
2712 2257 2894 2319 posse
2916 2257 2982 2299 se
3011 2257 3151 2300 eam
3180 2237 3390 2299 statim
3440 2213 3736 2311 ’Ἵξὲιᾷζξῖη

1860 2334 2115 2412 Neapoli
2168 2333 2458 2409 reddere,
2495 2333 2600 2393 sed
2651 2338 2796 2412 post
2847 2336 2973 2394 tres
3003 2350 3287 2405 menses;
3321 2333 3390 2392 ιιι

1863 2427 2140 2487 admittis
2170 2426 2536 2487 dilationem
2565 2425 2913 2502 solutionis,
2947 2426 3034 2487 ita
3078 2430 3284 2487 tamen
3324 2429 3395 2485 ιιι

1862 2538 2156 2598 campsor
2203 2518 2443 2579 nullum
2482 2520 2671 2580 etiam
2700 2520 2942 2579 lucrum
2987 2537 3098 2597 pro
3145 2517 3390 2579 cambio

1862 2613 2090 2690 exigat.
2126 2612 2304 2684 Quod
2336 2612 2502 2673 licite
2529 2631 2565 2671 a
2594 2616 2654 2673 te
2683 2612 2818 2671 fieri
2851 2616 3040 2691 negat
3071 2611 3249 2673 Salas
3275 2610 3386 2687 ibi,

1861 2709 1924 2766 et
1952 2707 2133 2765 affert
2146 2706 2430 2765 Emman.
2466 2704 3110 2783 Rodriquez,AngleS,
3143 2703 3384 2764 Ludov.

1859 2801 2084 2877 Lopez,
2119 2801 2182 2858 et
2209 2799 2484 2875 Vegam:
2523 2797 2668 2876 quia
2690 2797 2824 2876 jam
2854 2802 3115 2876 propter
3142 2795 3394 2856 dilatio-

1862 2909 2006 2950 nem
2036 2889 2335 2967 temporis
2391 2889 2673 2967 exigeres
2702 2889 2939 2969 aliquid
2982 2889 3182 2968 pretio
3230 2888 3392 2948 aesti-

1860 2982 2112 3058 mabile‚
2149 3000 2377 3059 nempe
2424 2981 2859 3041 remissionem
2905 2981 3085 3057 lueri,
3135 2998 3245 3041 seu
3287 2979 3391 3039 sti-

1862 3074 2077 3155 pendii
2124 3091 2161 3132 a
2223 3091 2584 3152 campsore,
2644 3077 2904 3152 propter
2955 3072 3391 3153 trajectionem

1862 3168 2193 3229 virtualem
2225 3166 2535 3246 exigendi,
2571 3166 2690 3227 nisi
2739 3167 2902 3228 forte
2931 3184 3225 3243 campsor
3251 3182 3392 3244 gra-

1862 3262 1939 3323 tis
1971 3266 2032 3322 et
2051 3260 2388 3321 liberaliter
2419 3261 2850 3321 remissionem
2879 3260 3050 3319 illam
3080 3257 3387 3320 concede·

1860 3360 1957 3416 ret
1998 3354 2078 3415 ob
2134 3353 2510 3413 beneficium
2563 3356 2933 3431 acceptum3
2991 3370 3132 3433 quae
3178 3357 3389 3413 tamen

1860 3447 2133 3527 gratuita
2161 3445 2536 3507 condonatio
2568 3464 2692 3506 non
2718 3446 3118 3525 praesumitur
3145 3445 3209 3504 in
3240 3462 3388 3505 con-

1859 3540 2183 3616 tractibus,
2217 3539 2280 3599 in
2311 3539 2537 3617 quibus
2593 3543 2847 3617 pactum
2879 3537 3229 3613 intercedit,
3260 3537 3388 3598 imo

1859 3638 2115 3712 propter
2168 3631 2606 3693 necessitatem
2661 3630 3063 3709 praesumitur
3103 3629 3261 3690 fieri.
3312 3630 3392 3689 Et

1859 3725 2217 3787 confirmari
2247 3727 2472 3803 potest,
2508 3723 2655 3802 quia
2682 3727 2835 3783 tunc
2880 3722 3035 3782 emis
3090 3740 3127 3781 a
3181 3738 3390 3798 camp-

1858 3836 1996 3878 sore
2043 3816 2479 3896 trajectionem
2534 3815 2865 3876 virtualem
2925 3817 3049 3874 tuae
3105 3811 3386 3892 pecuniae

1857 3910 2211 3972 faciendam
2258 3914 2400 3987 post
2436 3913 2563 3969 tres
2597 3926 2885 3979 menses;
2920 3907 3096 3986 atqui
3131 3908 3389 3986 propter

1857 4001 2262 4080 anticipatam
2306 4001 2678 4061 solutionem
2707 4000 3009 4060 nonlicet
3061 4000 3139 4059 de
3185 3997 3385 4078 pretio

1854 4094 2164 4169 minuere,
2222 4093 2456 4153 nedum
2501 4095 2704 4154 totum
2783 4092 3053 4171 pretium
3095 4092 3381 4163 auferre;

1854 4207 2006 4266 ergo
2047 4191 2301 4265 pactum
2340 4186 2490 4246 illud
2530 4203 2653 4247 non
2702 4190 2909 4266 potest
2936 4186 3015 4246 ab
3045 4203 3237 4246 usura
3264 4183 3382 4244 im-

1852 4281 2067 4360 plicita
2098 4279 2406 4341 excusari.

1935 4374 2058 4435 Sed
2089 4378 2300 4434 tamen
2330 4372 2571 4447 Garcia,
2606 4390 2794 4451 quem
2827 4374 3009 4433 affert
3050 4372 3227 4433 Salas
3272 4370 3378 4446 ibi,

1853 4484 2152 4528 excusare
2181 4465 2506 4527 contendit
2547 4484 2623 4525 ex
2649 4469 2830 4545 parte
2890 4468 3282 4527 contractum
3311 4465 3386 4524 il-

1849 4559 1981 4620 lum
2009 4578 2048 4619 a
2074 4562 2357 4638 peccato,
2391 4560 2468 4620 Et
2487 4576 2605 4636 ego
2636 4557 2891 4639 quidem
2917 4561 3159 4620 mutata
3188 4558 3385 4619 inten-

1849 4652 2020 4713 tione
2067 4652 2233 4713 licite
2273 4651 2410 4711 fieri
2448 4669 2631 4729 posse
2686 4651 3032 4712 crederem.
3088 4650 3267 4724 Quod
3310 4668 3384 4710 ex

1849 4745 2133 4823 proxime
2175 4743 2356 4809 dictis
2413 4743 2746 4823 dupliciter
2800 4744 3098 4821 explicari
3152 4745 3381 4822 potest.

1850 4838 2081 4913 Primo,
2142 4837 2191 4896 si
2239 4838 2492 4916 cognita
2532 4837 2875 4915 indigentia
2918 4836 3282 4915 campsoriS,
3314 4840 3382 4897 tu

3530 4376 3610 4437 59

251 4938 334 4981 res
358 4929 739 5002 praeveniunt
766 4930 1087 4990 offerendo
1109 4948 1352 4990 merces
1367 4930 1745 5006 vendibileS‚
1843 4930 1975 5009 jam
1998 4948 2068 4989 ex
2103 4931 2456 5008 campsario
2492 4929 2628 4989 lieri
2657 4929 2811 4989 velis
2840 4948 3153 5006 campsor,
3188 4934 3251 4990 et
3291 4928 3385 4988 of-

254 5029 430 5093 neque
473 5019 610 5081 ideo
670 5021 876 5082 minus
931 5027 1197 5100 possunt
1250 5024 1499 5101 exigere
1547 5027 1750 5084 totum

253 5108 490 5180 pretium
521 5112 759 5191 justum
783 5114 1016 5174 cambii
1047 5119 1157 5176 aut
1185 5115 1581 5176 venditionis·
1608 5119 1749 5177 Pos-

254 5211 373 5257 sum
409 5221 547 5282 ergo
605 5207 973 5284 praevenire‚
1036 5226 1160 5268 non
1214 5212 1424 5269 tamen
1480 5208 1748 5271 valendo

256 5306 437 5353 emere
491 5297 918 5378 trajectionem
954 5300 1014 5359 in
1043 5318 1251 5361 meam
1279 5301 1570 5379 gratiam,
1606 5301 1752 5364 licet

254 5397 441 5445 revera
492 5389 590 5450 illa
621 5391 960 5470 indigeam,
995 5393 1106 5453 sed
1145 5394 1415 5454 volendo
1472 5395 1746 5455 vendere

254 5474 650 5552 trajectionem
679 5484 738 5543 in
772 5488 943 5545 tuam
1002 5486 1295 5564 gratiam,
1331 5505 1455 5567 qua
1484 5490 1552 5547 tu
1583 5487 1745 5547 indi-

1849 5025 2013 5084 feras
2043 5022 2128 5082 illi
2160 5021 2596 5102 trajectionem
2643 5040 2771 5081 suae
2801 5021 3082 5100 pecuniae
3117 5039 3192 5079 ex
3221 5022 3384 5080 Nea-

1850 5115 1973 5195 poli
2026 5118 2312 5191 Romam,
2346 5133 2490 5175 cum
2528 5112 3012 5189 assecuratione,
3047 5117 3116 5174 ut
3143 5113 3382 5173 dictum

1849 5214 1965 5285 est,
2001 5208 2404 5287 anticipando
2443 5209 2632 5269 etiam
2692 5207 3068 5267 solutionem
3099 5225 3212 5285 per
3255 5211 3382 5266 tres

1847 5320 2117 5377 menseS,
2170 5305 2311 5380 post
2339 5320 2496 5381 quos
2527 5300 2794 5379 pecunia
2822 5299 2945 5359 alia
2980 5299 3239 5376 Neapoli
3267 5299 3378 5360 tihi

1847 5395 2149 5468 solvenda
2179 5399 2310 5458 est:
2341 5413 2465 5474 quo
2495 5412 2645 5455 casu
2692 5391 3067 5454 beneficium
3124 5392 3179 5452 ei
3227 5409 3376 5451 con-

1846 5489 1992 5566 ferS,
2052 5487 2425 5568 trajiciendo
2477 5487 2531 5548 ei
2578 5486 2773 5566 gratis
2819 5503 2998 5546 suam
3049 5483 3378 5563 pecuniam
