4263 6376
104 2287 145 2423 ΜΞ,

1151 389 1618 451 DISPUTATIO
1662 389 1850 463 XXV,
1901 388 2174 449 SECTIO
2221 391 2321 450 vl.
3184 397 3299 456 209

173 576 228 630 et
250 587 429 647 opera
452 614 467 644 ,
520 568 770 647 quando
819 567 953 628 haec
994 568 1178 627 vellet
1224 566 1421 645 pretio
1463 566 1673 644 aliquo
1774 583 1913 624 mus
1943 565 2021 626 de
2042 567 2212 626 omni
2233 586 2421 646 poena
2445 568 2928 645 conventionali,
2963 570 3121 648 disp.
3146 587 3297 630 xxn.

173 662 477 722 redimere.
504 662 567 722 Si
589 680 736 721 vero
759 660 1229 738 praeelectwioilla
1254 678 1375 719 non
1405 659 1505 734 sit,
1531 658 1675 736 quia
1774 657 1844 716 dc
1872 668 2155 719 contr-act.
2200 659 2258 718 in
2288 678 2418 739 qen.
2472 663 2622 720 sect.
2654 677 2758 721 xv.
2812 680 2924 738 per
2953 665 3149 722 totam
3198 662 3305 722 ubi

173 756 295 833 plus
320 754 522 813 valeat
547 754 791 813 lucrum
814 752 980 833 quod
1013 772 1049 811 a
1070 751 1444 812 mutuatario
1468 752 1672 825 datur,
1776 750 2065 825 diximu5‚
2102 752 2165 810 iu
2194 757 2412 813 mutuo
2446 753 2633 812 ctiam
2663 752 2898 814 licitum
2930 773 3093 828 csse,
3129 755 3306 814 dum·

175 866 340 926 quam
378 847 541 924 quod
573 866 647 905 ex
680 847 1011 923 negatione
1043 845 1358 924 sperabat,
1393 844 1501 904 sed
1531 843 1679 922 quia
1775 843 1962 904 modo
1996 862 2118 903 non
2150 850 2505 923 apponatur
2534 846 2595 904 in
2618 846 2903 905 fraudem
2937 866 3301 920 usurarum;

176 939 377 998 modus
417 939 516 997 ille
548 938 836 998 lucrandi
884 938 962 998 sit
989 938 1192 1016 magis
1215 937 1395 1015 juxta
1423 936 1678 1014 genium
1780 953 1971 1013 quare
2029 954 2152 996 non
2211 943 2455 1015 oportet
2510 937 2856 999 doctrinam
2913 939 3082 1000 illam
3127 959 3308 1018 repe-

176 1036 231 1091 et
256 1031 511 1090 indolem
552 1050 733 1091 suam
769 1078 783 1106 ,
844 1037 906 1092 et
961 1032 1115 1091 vitat
1161 1030 1432 1108 aliquam
1478 1029 1676 1089 mole·
1779 1033 1946 1104 tere,
2008 1028 2115 1088 sed
2174 1030 2487 1109 applicare
2545 1031 2625 1090 ad
2680 1036 3054 1110 praescntem
3110 1039 3309 1094 mate-

177 1125 338 1184 stiam
384 1142 569 1201 quam
627 1128 838 1183 tamen
897 1141 1020 1183 non
1075 1123 1413 1183 redimeret
1455 1122 1674 1199 pretiO,
1779 1121 1960 1181 riam.

178 1216 272 1275 sed
295 1216 470 1276 vellet
497 1217 705 1295 potius
758 1234 900 1276 cum
948 1217 1052 1276 illa
1080 1215 1366 1275 molestia
1410 1215 1549 1293 plus
1586 1214 1682 1273 lu·
1863 1214 2075 1274 Solum
2108 1220 2321 1291 restat,
2356 1216 2414 1274 in
2450 1217 2809 1293 particulari
2838 1218 3019 1291 scire,
3055 1219 3307 1297 quando
3461 1237 3574 1295 ΗΟ

180 1308 321 1369 erari
348 1326 532 1386 quam
565 1308 775 1368 minus
804 1309 935 1369 sine
966 1308 1108 1379 illa;
1142 1313 1292 1368 tunc
1312 1324 1523 1366 veram
1547 1323 1680 1365 esse
1782 1306 2027 1367 dicatur
2080 1327 2268 1386 poena
2315 1309 2375 1367 in
2419 1309 2704 1369 fraudem
2751 1329 3082 1370 usurarum
3122 1329 3311 1391 appo·
3361 1362 3548 1405 Poenain
3569 1375 3659 1405 mu-

179 1406 309 1480 puto
337 1401 675 1460 secundam
696 1401 1090 1461 sententiam.
1127 1400 1229 1460 Sic
1251 1400 1415 1458 enim
1438 1399 1678 1473 artifex,
1782 1399 1931 1459 sila..
1957 1399 2164 1479 Aliqui
2197 1401 2363 1459 enim
2394 1400 2631 1477 dicunt,
2665 1401 2723 1460 id
2757 1421 2891 1462 esse
2913 1403 3156 1481 quoties
3187 1423 3311 1463 non
3387 1416 3639 1480 donnanae

181 1494 274 1572 qui
299 1492 480 1553 nollet
509 1493 713 1570 pretio
744 1493 952 1572 aliquo
983 1511 1191 1552 emere
1224 1492 1419 1552 otium
1451 1510 1487 1549 a
1514 1490 1684 1551 labo·
1783 1490 2123 1569 imponitur
2164 1493 2405 1553 ratione
2444 1494 2598 1554 lucri
2629 1495 2932 1555 cessantis
2975 1496 3071 1556 vel
3102 1496 3316 1556 damni
3384 1471 3641 1565 Σὲᾎῖᾇζζῖ

179 1606 257 1661 re,
302 1585 404 1645 sed
437 1589 638 1645 totum
669 1604 853 1646 suum
892 1586 1135 1644 lucrum
1183 1584 1494 1663 integrum
1541 1601 1685 1643 cum
1786 1585 2185 1662 emergentis.
2222 1585 2397 1658 Quod
2421 1586 2696 1664 quidem,
2730 1587 3044 1666 loquendo
3066 1588 3143 1648 de
3166 1608 3320 1667 prae·
3460 1589 3565 1619 ⁰¹⁰¹·

182 1679 372 1739 labore
399 1678 605 1757 potius
633 1680 821 1739 vellet
841 1696 1029 1757 quam
1049 1677 1253 1737 minus
1284 1677 1415 1736 sine
1435 1675 1680 1736 labore:
1789 1677 2141 1754 sumptione
2172 1678 2232 1736 in
2266 1677 2397 1737 foro
2430 1684 2686 1740 externo
2713 1726 2729 1756 ,
2782 1699 3002 1740 verum
3058 1682 3317 1742 sortasse

184 1776 366 1850 potest
393 1776 592 1831 totum
621 1771 870 1831 lucrum
897 1771 1129 1831 laboris
1158 1769 1408 1848 exigere
1440 1769 1517 1829 ab
1548 1787 1620 1828 eo
1651 1786 1689 1827 a
1789 1773 1884 1828 cst
1909 1815 1924 1844 ,
1959 1788 2084 1828 non
2111 1773 2325 1831 tamen
2356 1771 2417 1829 in
2446 1772 2580 1832 foro
2614 1773 2858 1833 interno
2880 1820 2895 1849 ,
2930 1774 3182 1853 quando
3213 1792 3318 1833 ve-

183 1882 291 1943 quo
322 1864 616 1924 invitatur
643 1865 724 1923 ad
754 1864 1239 1935 recreationem,
1295 1861 1440 1922 licet
1470 1879 1692 1921 revera
1790 1861 1940 1921 ritas
1969 1862 2220 1921 aliunde
2250 1868 2531 1939 constat,
2595 1869 2662 1925 ut
2703 1870 2876 1926 notat
2906 1866 3083 1926 Salas
3115 1866 3314 1926 dubit.

185 1957 338 2017 malit
366 1962 559 2017 totum
591 1956 745 2016 illud
768 1956 1010 2016 lucrum
1041 1955 1171 2014 sinc
1195 1954 1431 2029 labore,
1467 1958 1690 2015 etcum
1791 1969 1916 2012 xx1.
1959 1954 2014 2032 ἓ.
2049 1954 2259 2014 Prima
2303 1954 2573 2017 conditzb.
2621 1958 2743 2017 Alii
2778 1958 3024 2033 dicunt,
3080 1976 3214 2017 esse
3257 1958 3320 2016 in

185 2050 543 2109 recreatione
574 2049 811 2109 habere
842 2067 1032 2128 quam
1060 2066 1200 2109 cum
1230 2047 1470 2107 labore.
1793 2046 2080 2106 fraudem
2111 2066 2441 2108 usurarum
2461 2094 2476 2124 ,
2524 2050 2777 2127 quaudo
2808 2050 3083 2111 creditor
3109 2051 3325 2110 mallet

251 2143 449 2202 Tertio
480 2141 758 2203 dubitari
788 2146 1027 2220 potest,
1075 2160 1156 2201 an
1197 2159 1319 2199 non
1351 2140 1550 2198 solum
1582 2156 1692 2216 pro
1794 2138 2214 2199 incursionem
2246 2158 2472 2217 poenae,
2504 2160 2693 2219 quam
2729 2142 3100 2203 solutionem
3131 2143 3322 2203 debiti

183 2234 337 2294 lucro
367 2234 704 2295 intrinseco
726 2280 741 2310 ,
792 2234 902 2294 sed
950 2235 1136 2294 etiam
1183 2252 1295 2311 pro
1347 2232 1694 2292 extrinseco
1794 2231 2061 2291 termino
2111 2232 2390 2309 praefixo.
2445 2235 2577 2293 Hoc
2613 2238 2822 2294 tamen
2871 2235 2934 2293 in
2961 2236 3324 2296 universum

186 2327 327 2404 exigi
355 2332 565 2406 posset
592 2346 633 2386 a
661 2325 1036 2387 mutuatario
1057 2326 1086 2386 ἶ)
1111 2328 1382 2385 Lucrum
1412 2324 1694 2384 intrinse-
1796 2342 1920 2384 non
1953 2330 2046 2384 est
2073 2342 2291 2384 verum
2320 2344 2334 2397 ;
2384 2325 2532 2404 quia
2561 2345 2746 2403 poena
2778 2346 2897 2387 non
2932 2328 3159 2388 desinit
3188 2347 3324 2388 esse

186 2437 311 2479 cum
339 2419 728 2498 appellatur,
776 2418 1026 2498 quando
1057 2438 1156 2478 res
1184 2422 1469 2478 mutuata
1499 2417 1697 2494 majo·
1795 2434 2005 2494 poena,
2048 2417 2298 2496 quando
2330 2417 2579 2477 aliunde
2609 2419 2834 2480 delicto
2858 2422 3323 2498 proportionata

187 2530 302 2572 rem
349 2512 627 2574 valorem
673 2512 993 2572 habuisset
1035 2516 1314 2589 tempore
1360 2509 1643 2588 sequenti
1677 2528 1690 2568 ε
1798 2513 1911 2583 est,
1944 2509 2091 2569 licet
2112 2508 2308 2586 judex
2336 2510 2549 2571 mallet
2578 2512 2898 2572 subditum
2936 2513 3321 2593 delinquere,

187 2605 580 2666 extrinsecum
611 2623 764 2664 vero
790 2650 803 2679 ‚
840 2604 1090 2683 quando
1121 2622 1195 2662 ea
1225 2602 1548 2662 occasione
1579 2618 1695 2678 ego
1799 2605 1866 2660 ut
1896 2619 2151 2677 poenam
2183 2601 2261 2660 ab
2294 2620 2365 2661 eo
2398 2602 2633 2680 exigat,
2687 2622 2876 2681 quam
2907 2605 3110 2682 legem
3142 2605 3221 2665 ab
3254 2624 3326 2666 eo

188 2699 452 2757 emissem
499 2704 725 2776 postea
754 2701 993 2757 retenta
1037 2695 1144 2757 tali
1176 2696 1439 2773 pecunia
1477 2711 1696 2772 agrum
1800 2693 2119 2753 observari
2147 2713 2160 2752 :
2197 2713 2389 2772 quare
2419 2694 2565 2756 licet
2593 2696 2891 2756 indicium
2914 2716 3037 2757 non
3085 2699 3221 2758 leve
3251 2699 3332 2758 sit

189 2790 350 2849 valde
381 2791 591 2851 utilem
617 2837 633 2866 ‚
691 2794 807 2852 etc.
862 2789 1068 2868 Aliqui
1114 2806 1262 2866 ergo
1306 2788 1577 2847 limitant
1618 2785 1697 2844 ad
1801 2805 2003 2845 usura:
2032 2786 2361 2846 mentalis:
2398 2806 2518 2847 non
2552 2792 2757 2848 tamen
2808 2789 3038 2850 sufficit
3084 2808 3331 2868 semper

190 2884 407 2943 lucrum
438 2884 846 2944 intrinsecum
870 2930 884 2954 ,
933 2888 1001 2942 ut
1031 2882 1295 2943 Graffius
1323 2880 1492 2959 apud
1523 2879 1698 2940 Salas
1801 2878 1880 2937 ad
1903 2896 2188 2954 usuram,
2225 2886 2292 2940 ut
2312 2884 2760 2941 notaruntcum
2783 2882 2916 2941 aliis
2937 2884 3081 2943 Mol.
3109 2883 3169 2943 d.
3188 2885 3324 2944 317.

190 2995 340 3036 num.
374 2980 468 3037 12.
503 2982 568 3037 et
600 2977 823 3053 Angel.
858 2995 1055 3050 usura,
1090 2977 1136 3036 1.
1169 2976 1224 3053 ἓ.
1258 2990 1424 3033 xxlx.
1461 2973 1694 3044 dicenS,
1800 2972 1968 3030 Less,
2005 2970 2154 3030 duh.
2180 2987 2281 3031 xv.
2318 2991 2380 3031 n.
2420 2975 2554 3034 130.
2616 2978 2679 3034 et
2706 2974 2883 3035 Solas
2911 2975 3047 3035 loco
3077 2976 3179 3036 cit.
3216 2976 3332 3048 Qui

192 3069 244 3127 id
270 3069 479 3130 saltem
508 3087 733 3129 verum
764 3087 918 3144 esse,
956 3067 1207 3147 quando
1230 3066 1529 3126 damnum
1563 3084 1700 3124 eve-
1800 3063 2053 3122 tandem
2086 3064 2441 3139 concludit,
2493 3069 2642 3125 tunc
2694 3066 2934 3143 imponi
2981 3086 3236 3146 poenam
3268 3067 3331 3127 in

192 3162 271 3222 nit
317 3163 512 3224 solum
565 3162 812 3223 ratione
868 3160 1239 3222 omissionis.
1302 3162 1448 3221 Haec
1488 3164 1701 3220 tamen
1805 3155 2089 3215 fraudem
2121 3175 2492 3234 usurarum,
2544 3159 2794 3237 quando
2844 3159 3183 3239 imponitur
3212 3160 3335 3221 sol-

191 3256 451 3317 limitatio
467 3261 563 3316 est
579 3261 801 3316 contra
817 3258 1090 3316 mentem
1112 3254 1373 3313 aliorum
1396 3253 1696 3313 omnium.
1804 3248 2043 3323 venda,
2104 3249 2278 3309 nulla
2331 3250 2757 3311 intercedente
2813 3252 3102 3330 culpabili
3159 3272 3333 3314 mora

195 3349 303 3407 Nec.
330 3349 531 3409 obstat
559 3353 768 3408 textus
792 3394 807 3422 ,
862 3365 1049 3426 quem
1079 3365 1191 3424 pro
1240 3364 1304 3404 se
1348 3347 1617 3404 afferunt
1640 3344 1702 3402 in
1805 3341 2192 3416 mutuatarii,
2229 3359 2415 3419 quem
2447 3342 2689 3403 sciebas
2721 3362 2844 3404 non
2872 3344 3003 3405 fore
3034 3351 3103 3405 ut
3129 3351 3337 3425 posset

198 3456 233 3500 ι.
263 3441 508 3514 steriles,
531 3443 588 3521 ξ.
618 3440 768 3501 Cum
783 3459 891 3521 per
911 3438 1282 3500 venditorem.
1311 3440 1370 3499 ff.
1397 3437 1467 3498 de
1485 3437 1698 3497 action.
1807 3433 2073 3494 termino
2105 3436 2360 3511 praefixo
2392 3435 2654 3495 solvere.
2692 3437 2814 3497 Sed
2846 3456 3050 3517 neque
3081 3439 3216 3500 haec
3245 3459 3342 3500 rc-

196 3534 370 3614 empti,
403 3535 580 3613 quia,
617 3540 690 3595 ut
716 3551 881 3612 saepe
912 3533 1214 3609 diximus,
1259 3532 1322 3591 id
1351 3531 1706 3610 specialiter
1806 3527 1956 3603 gula
1984 3530 2076 3586 est
2109 3525 2275 3586 utilis
2310 3544 2324 3590 :
2373 3527 2520 3605 quia
2568 3527 2714 3589 licet
2754 3548 2827 3589 eo
2871 3548 3020 3590 casu
3051 3531 3336 3591 usuraria

197 3631 471 3687 statutum
502 3633 599 3687 est
645 3627 707 3685 in
738 3631 1057 3687 contractu
1104 3625 1436 3703 emptionis
1466 3627 1528 3684 et
1555 3643 1707 3683 ven-
1809 3619 1888 3679 sit
1913 3637 2121 3696 poena,
2160 3637 2281 3678 non
2309 3624 2519 3678 tamen
2551 3639 2624 3680 eo
2656 3621 2785 3681 solo
2818 3640 2988 3699 casu,
3023 3642 3226 3704 neque
3257 3623 3334 3682 ad

199 3717 447 3796 ditionis,
482 3724 550 3780 ut
569 3723 832 3798 propter
851 3736 1092 3778 moram
1123 3717 1419 3794 emptoris
1442 3717 1538 3774 vel
1561 3735 1707 3775 ven·
1808 3729 1952 3771 eum
1984 3712 2185 3770 solum
2216 3711 2279 3770 id
2311 3712 2614 3788 obligavit
2640 3714 2869 3773 Molina
2895 3762 2908 3790 ,
2965 3735 3151 3795 quem
3193 3734 3336 3776 cum

200 3811 421 3886 clitoris,
472 3831 547 3871 ex
577 3812 638 3871 vi
691 3815 1045 3871 contractus
1077 3828 1199 3868 non
1229 3814 1563 3869 teneantur
1592 3806 1705 3866 nisi
1809 3803 1945 3864 aliis
1977 3803 2155 3863 Salas
2178 3822 2291 3881 pro
2320 3805 2424 3863 illa
2446 3806 2751 3865 sententia
2781 3808 2994 3867 affert:
3032 3826 3174 3866 nam
3196 3808 3341 3868 licet

203 3903 268 3961 ad
297 3904 583 3964 interesse
614 3903 1020 3963 intrinsecum
1051 3923 1062 3963 :
1099 3919 1261 3960 nunc
1283 3907 1491 3961 autem
1514 3900 1708 3978 loqui·
1810 3896 1970 3955 scias
2025 3896 2472 3956 mutuatarium
2530 3915 2710 3973 posse
2768 3899 3007 3958 solvere
3058 3906 3338 3979 tempore

202 4013 323 4055 mus
350 4015 418 4055 ex
448 3998 509 4055 vi
541 3998 733 4074 pacti,
768 4000 829 4055 et
856 3996 917 4053 in
935 3998 1258 4054 contractu
1281 3994 1504 4054 mutui.
1540 3993 1709 4053 Alias
1812 3988 2086 4067 proefixO,
2121 3988 2231 4045 sed
2264 3993 2468 4047 tamen
2496 3989 2548 4047 si
2581 3996 2750 4049 certo
2781 3991 2899 4050 scis
2930 4010 3073 4051 eum
3107 4011 3227 4052 non
3251 4012 3343 4053 so-

204 4090 566 4149 conditiones
597 4089 805 4147 minus
837 4087 1217 4147 necessarias
1243 4086 1458 4145 videre
1480 4084 1740 4164 poteris‘
1809 4081 2085 4140 luturum
2108 4126 2122 4154 ,
2175 4085 2236 4139 et
2284 4099 2356 4139 co
2400 4081 2606 4140 animo
2652 4100 2906 4159 poenam
2935 4085 3200 4162 apponis
3225 4133 3239 4160 ,
3277 4091 3346 4146 ut

205 4181 350 4258 apud
380 4183 552 4243 Salas
583 4181 753 4240 dicto
785 4180 931 4240 dub.
958 4197 1058 4242 xx.
1095 4180 1198 4258 qui
1222 4179 1380 4238 bene
1412 4197 1553 4238 cum
1576 4178 1711 4237 aliis
1807 4173 2036 4234 lucrari
2065 4172 2265 4250 possis
2288 4192 2359 4231 ex
2388 4181 2605 4234 mutuo
2628 4194 2903 4253 poenam,
2937 4177 3187 4238 w‘detur
3214 4180 3343 4238 ani-

207 4290 297 4332 eas
322 4274 536 4349 rejicit,
1812 4283 1952 4325 mus
1980 4264 2164 4342 plane
2197 4265 2538 4329 usurarius,

1894 4361 2095 4427 Quare
2125 4356 2345 4415 melior
2371 4356 2618 4418 videtur
2647 4360 2861 4438 regula
2890 4360 3015 4436 illa,
3038 4380 3224 4440 quam
3253 4363 3349 4422 in-
3498 4389 3605 4450 111

253 4429 276 4454 ⁹
1816 4450 2103 4508 dicarunt
2131 4449 2363 4508 Molina
2393 4455 2454 4510 et
2481 4451 2726 4511 Lessius
2751 4453 2901 4512 locis
2931 4454 3033 4513 cit.
3068 4461 3215 4515 tunc
3243 4475 3348 4535 ap·
3489 4516 3500 4527 ,

1817 4542 1964 4620 poni
2009 4559 2262 4619 poenam
2294 4541 2355 4600 in
2385 4542 2670 4602 fraudem
2700 4564 3029 4605 usurarum
3051 4593 3066 4621 ,
3099 4549 3350 4626 quando
3404 4517 3697 4614 ulghgrffl-

868 4649 923 4728 ἓ,
959 4652 1016 4707 2,
1820 4640 2078 4711 propter
2131 4651 2386 4711 poenam
2433 4635 2798 4696 lucrandam
2850 4657 2988 4716 quae
3043 4646 3349 4718 speratur,

1820 4730 2109 4785 mutuum
2156 4726 2372 4799 datur;
2428 4729 2595 4805 quod
2643 4748 2758 4807 ego
2800 4730 2885 4790 ita
2926 4731 3237 4810 intelligo,
3289 4737 3359 4793 ut

1825 4817 1972 4895 quia
2010 4817 2185 4877 vides
2227 4824 2287 4879 te
2333 4837 2452 4878 non
2500 4839 2679 4897 posse
2736 4840 2811 4880 ex
2854 4830 3069 4883 mutuo
3117 4825 3360 4884 lucrum

222 4914 414 4974 Utrum
445 4912 626 4976 licita
673 4910 755 4975 sit
784 4909 853 4974 in
880 4918 1103 4974 mutuo
1124 4927 1317 4992 poena
1349 4905 1721 4970 conuentio-
1825 4910 2096 4986 exigere,
2131 4910 2327 4969 uteris
2374 4910 2476 4970 illo
2507 4930 2711 4990 poenae
2761 4920 3098 4992 praetextu‚
3155 4921 3221 4975 ut
3255 4916 3360 4975 ha-

291 5019 682 5103 nalis‚quam
703 5015 1138 5079 mutuatarius
1155 5016 1390 5078 soluere
1415 5021 1720 5088 teneatur,
1825 5001 1976 5060 beas
2004 5003 2191 5107 fissflfffl
2224 5021 2411 5108 quqss}
2441 5003 2731 5080 intendis,
2770 5007 3011 5066 lucrum
3043 5027 3115 5066 ΒΧ
3145 5014 3361 5068 Πὶὓῖῦθ

291 5123 340 5186 si
369 5122 543 5186 intra
583 5123 774 5186 talem
805 5121 1149 5186 terminum
1191 5140 1325 5184 non
1353 5117 1722 5183 restitue-rit.
1827 5094 2141 5172 capta⁰d¹’
2165 5113 2348 5198 ‚quam
2390 5115 2451 5154 ¹¹¹
2482 5115 2734 5174 poenam
2763 5099 2963 5159 ‘numi
2994 5119 3118 5158 ⁰⁰¹¹
3153 5101 3359 5177 3⁰¹⁰&

1823 5204 1891 5246 re
1921 5192 2130 5247 tamen
2163 5205 2296 5265 ipsa
2326 5191 2393 5247 ut
2420 5189 2664 5248 lucrum
2692 5190 2924 5249 habeas
2950 5237 2964 5266 ,
3002 5192 3171 5270 quod
3206 5193 3366 5253 dire-

1827 5283 1923 5339 cte
1947 5298 2020 5338 ex
2052 5284 2268 5339 mutuo
2300 5280 2548 5357 exigere
2579 5300 2701 5341 non
2724 5288 3005 5360 poteras:
3040 5286 3364 5345 tuncenim

296 5378 376 5436 De
405 5377 521 5437 hoc
560 5379 760 5454 agunt
798 5374 1078 5454 plerique
1108 5373 1227 5433 hoc
1256 5373 1431 5444 loco;
1478 5371 1587 5431 sed
1619 5388 1731 5431 nos
1828 5371 2078 5450 proprie
2109 5370 2339 5431 dicitur
2368 5390 2554 5449 poena
2596 5374 2659 5432 in
2708 5373 2993 5433 fraudem
3033 5395 3365 5437 usurarum

229 5470 616 5545 quaestionem
662 5468 824 5527 hanc
878 5467 940 5526 in
1002 5466 1364 5526 universum
1410 5464 1733 5543 proposui·
1831 5464 2060 5541 apponi
2092 5468 2155 5524 et
2186 5464 2371 5542 exigi,
2420 5466 2655 5525 utendo
2685 5484 2888 5544 poenae
2919 5467 3096 5530 titulo
3128 5469 3206 5529 ad
3234 5472 3369 5550 pal-

519 5564 677 5622 Tou.
725 5561 857 5622 vll.
2977 5563 3051 5620 u
