4263 6376
653 2735 768 2796 133

552 2859 851 2915 Fideiussoran

565 2913 700 2960 008811
718 2927 768 2969 pn

552 2978 702 3020 cogere
729 2968 754 3010 d

598 3025 729 3062 torem
757 3022 808 3063 ad

552 3072 833 3116 redimendum

608 3139 794 3172 censum.

769 2927 793 2956 c
809 2928 836 2956 o

757 2967 852 3009 ebi-

909 319 1026 386 382

903 517 1049 560 nem
1077 498 1140 556 in
1171 514 1321 557 casu
1347 494 1671 557 evictionis
1693 495 1782 556 rei
1812 495 2087 571 censitae,
2109 495 2217 556 sed
2241 495 2441 557 solum

904 588 1348 653 conventiones
1399 589 1636 650 directe
1682 592 1794 651 aut
1830 588 2138 651 indirecte
2164 589 2444 665 obligan-

901 687 998 745 tes
1027 683 1106 744 ad
1135 701 1318 744 casus
1347 683 1659 758 fortuitoS‚
1680 686 1789 743 aut
1809 682 1890 743 811
1917 681 2288 743 solvendam
2317 700 2447 760 poe-

902 795 1073 853 nam,
1102 775 1204 835 vel
1231 774 1352 835 alia
1383 792 1575 836 onera
1606 794 1746 855 quae
1775 775 1930 836 alias
1960 793 2033 834 ex
2062 774 2126 837 vi
2157 778 2445 836 contrac-

900 873 1001 931 tus
1030 887 1155 929 non
1186 867 1567 929 deberentur
1590 915 1606 945 ,
1659 872 1722 929 et
1761 868 2053 947 quaedam
2103 867 2229 927 alia
2258 870 2445 946 pacta

897 962 986 1022 ibi
1014 965 1402 1023 enumerata.
1438 963 1666 1037 Quare,
1702 961 1863 1022 sicut
1890 960 2161 1021 diximus
2190 963 2437 1023 sect.1v.

899 1074 1025 1118 non
1054 1074 1189 1117 esse
1220 1059 1439 1117 contra
1467 1054 1726 1130 bullam,
1749 1054 1918 1132 quod
1939 1053 2210 1113 addatur
2239 1053 2439 1132 hypo-

899 1149 1081 1210 theca
1109 1147 1425 1227 generalis
1454 1147 1733 1208 omnium
1754 1146 2086 1222 bonorum,
2106 1164 2232 1206 non
2261 1146 2348 1208 ita
2377 1149 2447 1207 ut

898 1242 1111 1304 omnia
1137 1242 1306 1302 bona
1336 1241 1460 1302 sint
1489 1239 1775 1320 subjecta
1803 1240 2041 1315 censui,
2077 1238 2190 1299 sed
2222 1244 2292 1299 ut
2317 1238 2445 1300 sint

897 1334 1178 1414 obligata
1204 1334 1285 1394 ad
1316 1333 1690 1394 solutionem
1721 1332 2117 1410 pensionum,
2140 1330 2442 1409 quamdiu

893 1447 995 1489 res
1024 1427 1262 1490 censita
1288 1426 1612 1487 fructifera
1639 1429 2000 1505 perseveret
2027 1425 2198 1505 apud
2229 1423 2443 1486 vendi-

894 1526 1136 1593 torem3
1167 1521 1254 1581 sic
1282 1519 1512 1598 poterit
1538 1518 1622 1579 ad
1650 1518 1943 1578 eumdem
1982 1519 2274 1578 effectum
2304 1517 2443 1577 dari

896 1612 1232 1693 fidejussor
1266 1633 1278 1674 :
1315 1630 1461 1672 nam
1489 1612 1595 1672 illa
1622 1611 1932 1690 generalis
1964 1610 2322 1689 hypotheca
2351 1609 2442 1670 ni-

897 1706 984 1767 hil
1013 1704 1182 1767 aliud
1210 1709 1305 1767 est
1334 1723 1525 1784 quam
1553 1705 1847 1784 quaedam
1876 1704 2056 1782 quasi
2084 1703 2430 1781 fidejussi0‚

898 1818 1024 1879 qua
1048 1799 1218 1859 bona
1260 1801 1488 1859 caetera
1519 1797 1878 1874 obligantur
1909 1796 1988 1856 ad
2019 1796 2436 1857 assecuratio-

896 1912 1042 1953 nem
1071 1891 1389 1971 pensionis
1413 1935 1430 1967 ,
1482 1890 1787 1968 quamdiu
1813 1889 2065 1949 aliunde
2096 1908 2173 1949 ex
2200 1907 2266 1949 rc
2300 1906 2440 1948 cen-

896 1985 1016 2047 sita
1055 1983 1319 2045 debetur
1351 2002 1367 2043 1
1417 2000 1529 2061 per
1557 1985 1847 2042 neutram
1877 1985 2093 2042 autem
2125 1980 2441 2057 obligatur

897 2077 1186 2139 venditor
1214 2076 1295 2136 ad
1323 2076 1483 2153 plue,
1503 2075 1615 2135 sed
1644 2074 1887 2136 meliori
1914 2073 2102 2135 modo
2129 2073 2443 2150 obligatur

897 2172 978 2232 811
1007 2170 1373 2249 pensionem
1406 2184 1420 2231 ε
1455 2169 1624 2248 quod
1654 2187 1778 2230 non
1809 2171 1903 2228 est
1930 2172 2151 2228 contra
2177 2165 2436 2242 bullam,

840 2264 843 2265 ⁷
897 2263 1279 2341 sicutneqne
1310 2264 1476 2323 esset
1503 2264 1722 2321 contra
1751 2260 1921 2322 illam
1943 2260 2193 2337 exigere
2228 2278 2268 2319 a
2293 2278 2441 2321 ven-

899 2357 1104 2419 ditore
1141 2355 1575 2435 juramentum
1634 2353 1713 2414 de
1761 2352 2066 2415 solvenda
2111 2352 2435 2431 pensione,

901 2449 1048 2530 quia
1076 2467 1190 2528 per
1209 2447 1641 2526 juramentum
1662 2446 1933 2509 strictius
1950 2446 2205 2526 quidem
2226 2449 2288 2505 et
2310 2463 2439 2506 ma-

896 2543 994 2622 gis
1022 2541 1335 2620 obligatur
1359 2586 1375 2616 ,
1422 2540 1534 2601 sed
1581 2558 1705 2601 non
1748 2538 1830 2600 ad
1878 2539 2018 2617 plus
2049 2556 2242 2617 quam
2269 2557 2346 2598 ex
2376 2538 2439 2598 vi

898 2638 1257 2697 contractus
1277 2633 1556 2695 deberet.

979 2731 1111 2791 Hoc
1140 2732 1351 2789 tamen
1401 2724 1665 2804 intelligi
1712 2725 1921 2801 debet,
1973 2724 2126 2785 dum
2171 2742 2297 2785 non
2326 2723 2438 2784 fiat

899 2821 965 2882 in
991 2821 1279 2882 fraudem
1324 2819 1540 2899 petitio
1586 2818 2009 2897 fidejussoriS,
2062 2822 2250 2897 prout
2295 2835 2437 2877 con-

899 2915 1140 2993 tingere
1170 2917 1402 2993 posset,
1454 2912 1507 2973 si
1534 2910 1615 2971 ad
1644 2910 1765 2972 hoc
1792 2910 2050 2972 daretur
2076 2909 2433 2988 fidejussor,

902 3011 971 3069 ut
993 3010 1211 3086 postea
1239 3009 1485 3083 emptor
1525 3004 1848 3066 liberando
1891 3002 2327 3082 fidejussorem
2357 3001 2436 3062 ab

902 3098 1303 3177 obligatione,
1338 3096 1610 3175 pretium
1649 3096 1728 3156 ab
1767 3114 1840 3156 eo
1869 3095 2184 3174 acciperet
2227 3113 2338 3172 pro
2368 3094 2437 3155 li-

898 3192 1243 3268 beratione,
1278 3194 1340 3251 et
1367 3190 1694 3251 retinendo
1724 3208 1981 3250 censum
2003 3190 2317 3266 integrum
2348 3188 2438 3248 lu-

898 3289 1181 3348 craretur
1235 3283 1491 3361 insuper
1545 3283 1816 3362 pretium
1870 3281 2044 3342 illud.
2103 3281 2167 3342 Si
2225 3286 2437 3344 tamen

894 3378 1063 3441 bona
1090 3378 1214 3439 fide
1242 3379 1561 3456 peteretur
1590 3374 1940 3453 fidejussor,
1974 3379 2038 3436 et
2057 3377 2277 3454 postea
2303 3375 2437 3453 ipse

897 3470 1135 3550 aliquid
1155 3471 1334 3531 daret
1361 3467 1677 3544 creditori,
1711 3472 1780 3529 ut
1802 3486 1946 3528 eum
1975 3486 2013 3528 a
2033 3467 2436 3546 fidejussione

895 3565 1214 3641 liberaret,
1249 3581 1375 3624 non
1405 3561 1706 3624 auderem
1735 3560 1799 3620 id
1830 3560 2152 3637 damnare,
2188 3579 2332 3620 cum
2361 3559 2436 3618 li-

894 3657 1139 3719 beratio
1168 3657 1275 3717 illa
1320 3656 1514 3735 digna
1543 3654 1624 3715 sit
1651 3654 1873 3733 pretio,
1924 3654 2149 3714 saltem
2179 3652 2432 3732 quando

894 3750 1246 3831 fidejussori
1324 3748 1675 3829 periculum
1737 3746 2020 3808 solvendi
2074 3747 2364 3807 imminet
2414 3764 2428 3804 :

896 3863 1021 3924 quo
1069 3863 1217 3905 casu
1247 3842 1306 3903 id
1339 3842 1528 3903 licere
1580 3839 1871 3901 concedit
1897 3839 2074 3902 Salas
2104 3840 2212 3900 ubi
2243 3858 2434 3917 supra

896 3956 959 4000 n.
994 3941 1054 3998 5.
1088 3955 1233 3998 cum
1263 3932 1669 4011 Covarruvia,
1705 3933 1982 4010 Salonio,
2016 3936 2079 3995 et
2108 3932 2245 3992 aliis
2275 3950 2432 4011 quos

898 4032 1104 4095 affert.

975 4125 1107 4185 Hac
1134 4127 1346 4185 tamen
1375 4119 1704 4182 occasione
1735 4119 1929 4200 quaeri
1961 4121 2185 4198 potest,
2223 4121 2433 4180 utrum

894 4215 1229 4295 fidejussor
1269 4214 1465 4293 possit
1508 4232 1654 4276 cum
1700 4213 2028 4274 venditore
2073 4231 2300 4272 census
2328 4230 2435 4290 pa-

896 4307 1067 4387 cisci,
1120 4311 1189 4369 ut
1214 4325 1472 4368 censum
1498 4307 1665 4368 intra
1710 4310 1950 4366 certum
1993 4307 2242 4383 tempus
2269 4303 2433 4364 redi-

895 4407 1049 4479 mat,
1081 4400 1414 4482 ipsumque
1431 4399 1550 4461 hoc
1570 4398 1758 4460 modo
1787 4417 1823 4457 a
1841 4397 2264 4477 fidejussionis
2285 4396 2434 4457 obli-

895 4494 1150 4576 gatione
1196 4493 1440 4554 liberet.
1503 4492 1682 4553 Ratio
1730 4489 2060 4552 dubitandi
2108 4494 2223 4566 est,
2286 4488 2433 4568 quia

897 4588 1177 4652 Pontifex
1235 4584 1557 4665 prohibuit
1608 4589 1813 4662 pacta,
1876 4583 2102 4662 quibus
2143 4581 2434 4644 venditor

894 4681 1210 4761 obligatur
1239 4680 1317 4739 ad
1346 4676 1786 4738 redimendum
1817 4694 2075 4737 censum
2109 4695 2122 4736 :
2165 4675 2289 4736 tale
2318 4693 2432 4735 811-

892 4780 1021 4840 18111
1040 4774 1290 4837 videtur
1312 4790 1445 4832 esse
1462 4774 1715 4848 pactum
1744 4768 1919 4845 illud,
1956 4787 2079 4847 quo
2101 4766 2434 4846 fidejussor

893 4886 1039 4931 eum
1083 4866 1322 4943 obligat
1363 4864 1443 4923 ad
1486 4861 1926 4922 redimendum
1968 4879 2225 4921 censum
2268 4860 2434 4920 intra

893 4966 1137 5024 certum
1156 4963 1427 5037 tempuS.
1461 4955 1587 5016 Sed
1608 4959 1842 5031 tamen,
1876 4954 1929 5015 si
1957 4953 2124 5015 bona
2143 4953 2267 5013 fide
2290 4971 2431 5032 pro-

894 5055 1175 5129 cedatur,
1226 5047 1585 5130 hujusmodi
1617 5052 1872 5126 pactum
1912 5047 2120 5107 valere
2154 5049 2215 5106 et
2241 5046 2432 5105 licere

893 5147 1119 5209 merito
1164 5145 1393 5206 docent
1419 5141 1811 5216 Emmanuel,
1869 5139 2182 5214 Rebellus,
2234 5141 2283 5200 V
2290 5157 2428 5216 ega,

894 5246 957 5303 ct
999 5239 1103 5301 alii
1148 5239 1362 5318 plures
1410 5254 1568 5314 quos
1614 5235 1796 5294 affert
1840 5237 1902 5293 et
1946 5232 2229 5310 sequitur
2258 5232 2433 5291 Salas

893 5333 1044 5394 dub.
1078 5347 1346 5394 xxxvm.
1382 5349 1443 5389 n.
1479 5329 1533 5386 1.
1582 5325 1760 5387 Ratio
1791 5329 2002 5387 autem
2032 5328 2146 5400 est,
2181 5323 2330 5403 quia
2360 5341 2434 5383 ea

896 5425 1195 5506 obligatio
1256 5441 1383 5485 non
1434 5419 1781 5499 imponitur
1843 5418 1925 5482 ab
1981 5419 2264 5496 emptore
2321 5434 2436 5496 per

2059 314 2164 379 DE
2205 314 2562 382 JUSTITIA
2607 317 2708 380 ET
2750 318 2950 383 JURE

2546 500 2936 558 contractum
2964 496 3342 572 censualem,
3375 494 3486 556 sed
3508 495 3587 555 ab
3609 495 3724 556 alio
3749 496 3914 556 tertio
3928 515 4003 575 per

2544 591 2735 650 alium
2766 594 3154 652 contractum
3184 590 3526 665 diversum,
3561 588 3721 668 quod
3745 607 3866 648 non
3884 590 4004 649 vide·

2542 685 2647 743 tur
2680 702 2715 742 a
2741 683 3039 744 Pontifioe
3071 681 3477 761 prohibitum.
3529 684 3659 741 Imo
3687 681 3769 742 ita
3801 680 3857 740 in
3883 683 4002 759 praxi

2545 775 2836 836 observat
2862 794 3042 837 sacra
3070 778 3297 854 Congr.
3331 778 3569 852 Romae,
3604 777 3670 835 ut
3698 774 4005 853 1188811018-

2545 868 2837 930 cultatem
2859 869 3148 930 concedit
3168 868 3503 930 conventui
3523 867 3890 945 regularium
3904 886 4007 927 ven·

2545 961 2735 1021 dendi
2764 980 3019 1023 censum
3049 962 3129 1021 ad
3151 962 3591 1022 necessitatem
3620 959 3880 1039 aliquam
3903 980 4008 1040 pre·

2543 1059 2785 1116 sentem
2807 1100 2823 1132 ,
2889 1054 3124 1134 obliget
3185 1054 3369 1115 simul
3434 1054 3612 1114 illum
3671 1053 3754 1113 ad
3814 1072 4006 1115 censum

2544 1148 2982 1209 redimendum
3009 1147 3171 1211 intra
3201 1151 3439 1211 certum
3458 1150 3706 1225 tempus
3738 1166 3752 1207 ε
3785 1165 4008 1227 1111088111

2543 1241 2833 1304 venditor
2859 1241 3171 1320 obligatus
3199 1246 3413 1303 manet
3436 1240 3519 1302 ad
3546 1240 4004 1319 redemptionem,

2543 1353 2670 1396 non
2694 1339 2908 1396 tamen
2938 1334 3253 1414 obligatur
3280 1333 3568 1412 emptori,
3617 1332 3731 1394 sed
3759 1339 4004 1412 praeoepto

2544 1427 3069 1506 congregationiS,
3129 1445 3271 1507 quae
3316 1426 3615 1505 obligatio
3670 1425 3832 1487 nullo
3869 1426 4005 1485 11101111

2544 1525 2834 1583 censetur
2861 1538 2996 1582 esse
3024 1524 3245 1581 contra
3272 1520 3517 1581 Bullam
3545 1518 3637 1579 Pii
3666 1520 3742 1580 V.
3775 1520 3882 1580 Cur
3900 1536 4005 1595 ergo

2542 1612 2828 1674 similiter
2881 1632 3005 1674 non
3050 1613 3284 1693 poterit
3333 1611 3601 1691 obligari
3656 1609 3918 1672 venditor
3955 1629 4005 1670 ex

2542 1710 2724 1785 pacto
2773 1724 2919 1769 cum
2961 1705 3330 1785 fidejussore
3376 1706 3553 1782 inito,
3605 1705 3768 1766 sicut
3808 1704 4006 1782 obligan'

2541 1803 2747 1878 potest
2773 1803 3086 1879 praecepto
3115 1798 3454 1878 superioris
3472 1798 3502 1859 ¹?

2621 1893 2758 1954 Dixi
2786 1897 3021 1968 tamen,
3052 1891 3108 1952 si
3132 1892 3279 1953 bona
3305 1891 3424 1972 fide
3438 1890 3817 1972 procedatur,
3846 1891 4005 1970 quiesi

2542 1985 2661 2046 hoc
2705 1986 2884 2046 fieret
2913 2004 2988 2044 ex
3033 1985 3372 2046 collusione
3419 1985 3585 2046 inter
3613 1984 4002 2064 fidejussorem,
4034 2028 4096 2067 Q

2543 2081 2605 2138 et
2650 2082 2997 2156 emptorem
3043 2078 3151 2156 qui
3206 2077 3640 2156 fidejussorem
3696 2077 3911 2137 induxit
3949 2076 4004 2136 ad
4039 2062 4100 2120 ’Β

2542 2190 2665 2233 8011
2696 2171 2877 2232 811181·
2902 2170 3398 2249 fidejubendum,
3447 2176 3518 2231 ut
3545 2170 3668 2230 1108
3712 2175 3876 2248 pacto
3913 2170 4004 2247 ipse
4033 2141 4116 2197 μ’

2542 2269 2788 2343 emptor
2814 2269 3028 2344 posset
3054 2267 3194 2342 post
3222 2269 3462 2324 certum
3511 2269 3757 2342 tempus
3798 2262 4005 2342 pretium

2538 2356 2842 2436 recipere,
2877 2376 3002 2418 non
3024 2357 3399 2435 computatis
3421 2357 3816 2436 pensionibus
3840 2356 3890 2415 in
3911 2374 4006 2414 sor—

2539 2456 2690 2527 tem,
2751 2451 2815 2510 id
2859 2454 3062 2513 totum
3106 2456 3269 2513 esset
3311 2451 3378 2511 in
3423 2451 3712 2512 fraudem
3737 2450 3918 2524 bullae,
3961 2454 4008 2508 111

2540 2544 2830 2605 venditor
2895 2545 3085 2605 etiam
3133 2545 3364 2606 invitus
3429 2546 3513 2606 ad
3578 2543 4006 2622 redemptionem

2541 2637 2945 2715 obligaretur.
3004 2637 3183 2699 Unde
3213 2638 3359 2698 licet
3405 2637 3487 2698 ab
3511 2637 3688 2698 initio
3733 2637 3883 2697 bona
3919 2634 4006 2694 fide

2539 2735 2603 2791 et
2645 2730 2882 2810 absque
2938 2730 3276 2792 collusione
3331 2734 3587 2811 pactum
3634 2730 3779 2791 illud
3828 2731 4004 2790 factum

2537 2823 2775 2900 fuisset,
2828 2823 2877 2883 si
2907 2827 3118 2884 tamen
3149 2828 3368 2902 postea
3415 2822 3747 2901 fidejussor
3772 2821 4006 2883 succede-

2537 2920 2633 2976 ret
2661 2915 2977 2992 creditori,
3033 2921 3096 2977 et
3134 2917 3335 2977 factus
3381 2920 3547 2977 esset
3595 2916 3868 2976 dominus
3900 2933 4007 2974 cen-

2537 3028 2664 3086 sue,
2717 3028 2841 3070 non
2870 3012 3083 3088 posset
3107 3010 3379 3087 amplius
3410 3009 3761 3072 debitorem
3786 3008 4003 3087 obligare

2539 3102 2619 3162 ad
2637 3101 3031 3163 reddendum
3051 3103 3321 3181 pretium
3341 3102 3405 3162 vi
3425 3103 3594 3181 pacti
3619 3100 4004 3180 praecedentis:

2535 3200 2691 3272 tum,
2747 3196 3052 3276 quiajam
3095 3197 3388 3262 venditor
3434 3201 3719 3258 maneret
3757 3196 4006 3274 obligatus

2537 3289 2790 3350 domino
2821 3307 3044 3350 census
3074 3289 3154 3349 ad
3185 3289 3362 3351 illum
3388 3289 3843 3363 redimendum,
3881 3286 4006 3366 1111011

2535 3385 2700 3444 esset
2727 3387 2946 3444 contra
2990 3382 3224 3444 bullam
3281 3402 3294 3445 :
3348 3387 3481 3444 tum
3510 3384 3721 3460 etiam,
3767 3381 3898 3463 quia
3927 3397 4008 3458 per

2534 3475 2996 3536 successionem
3023 3476 3086 3537 in
3109 3476 3363 3537 domino
3396 3495 3625 3539 census
3645 3478 3892 3539 extincta
3909 3474 4006 3553 jam

2533 3568 2751 3629 fuisset
2793 3568 3138 3648 fidejussio,
3191 3588 3335 3631 cum
3364 3589 3552 3632 nemo
3601 3571 3789 3649 possit
3814 3567 4009 3629 sibimet

2533 3661 2649 3738 ipsi
2681 3661 2994 3741 obligatus
3023 3681 3302 3739 manere,
3348 3668 3541 3743 atque
3570 3663 3724 3725 adeo
3747 3663 3869 3743 jam
3889 3659 4004 3720 fide·

2525 3754 2738 3834 jussor
2791 3754 2951 3815 liber
3014 3760 3177 3818 esset
3229 3756 3310 3816 ab
3366 3774 3560 3818 onere
3618 3752 4003 3835 fidejussionis;

2533 3867 2729 3927 quare
2749 3853 3024 3910 cessaret
3041 3849 3339 3928 obligatio
3360 3849 3703 3911 venditoris
3719 3844 4008 3910 redimendi

2532 3959 2812 4016 censum,
2846 3946 2916 4003 ut
2943 3941 3374 4020 fidejussorem
3404 3944 3486 4004 ab
3516 3943 3877 4022 obligatione
3900 3956 4008 4000 808-

2531 4037 2734 4095 tracta
2762 4035 3079 4096 liberaret.
3114 4035 3254 4096 Alia
3282 4055 3457 4112 vem,
3492 4056 3635 4115 quae
3662 4036 3738 4098 ad
3765 4036 3912 4096 hunc
3930 4050 4009 4091 ca-

2532 4147 2672 4190 sum
2691 4132 2996 4206 spectant,
3023 4128 3219 4190 videri
3243 4135 3507 4208 possunt
3524 4130 3693 4209 apud
3711 4132 3845 4191 Ant.
3867 4129 4003 4188 Gom.

2532 4219 2602 4281 de
2628 4220 2837 4283 censib.
2871 4222 3070 4283 concl.
3106 4239 3164 4284 v.
3201 4243 3306 4283 nu.
3337 4226 3439 4284 21.
3491 4227 3558 4286 et
3601 4241 3768 4301 seqq.
3801 4227 3856 4282 et
3878 4216 4008 4297 apud

2535 4313 2713 4376 Salas
2742 4314 2804 4376 d.
2840 4314 2989 4376 dub.
3028 4332 3289 4379 xxxvm.
3325 4316 3433 4395 qui
3463 4316 3619 4379 alios
3647 4317 3843 4377 refert.
